3982 6360
84 248 221 309 ελθι
1293 234 1660 297 MORALIUM
1693 234 1761 293 IN
1798 234 2094 296 GENESIN
2121 236 2250 296 LIB.
2292 218 2387 296 1x.
3139 264 3143 272 -
3316 253 3422 323 252

91 362 289 418 Solet
322 360 635 419 humanitus
656 364 776 415 acta
794 355 955 426 ratio,
982 353 1136 428 quasi
1159 355 1461 413 daemonum
1485 364 1539 411 et
1555 355 1735 410 carnis
1765 362 1810 416 A
1840 356 2191 428 telligibiliter
2220 358 2477 430 loquitur,
2520 367 2571 416 et
2590 357 2810 420 lenitate
2833 363 3057 435 Spiritus
3078 366 3163 433 vel
3187 384 3389 428 concen
3405 404 3423 414 -

18 441 23 447 ’
90 457 427 523 vrolentia,
458 471 651 527 sponte
674 463 829 511 actas
873 453 1145 523 nequitias
1192 452 1472 507 excusare.
1524 450 1723 519 Ioseph
1849 459 1953 515 tus,
1988 468 2084 507 nos
2114 455 2359 511 stimulos
2396 456 2775 524 titillationum,
2804 460 2894 515 sed
2920 468 3264 519 serenitatem
3296 484 3409 522 om-

95 549 184 603 ab
224 550 330 605 IIIS
364 559 445 604 cst
476 551 786 612 devoratus,
815 546 940 616 quia
970 547 1039 600 ab
1077 546 1160 600 bis
1179 553 1531 613 consumptus
1552 543 1729 598 credi-
1841 542 2115 597 ninaodam
2155 557 2442 614 aperatur;
2494 550 2600 603 tilia
2649 561 2825 605 autem
2870 563 2972 619 est,
3019 554 3141 624 quia
3176 557 3298 626 ipsi,
3329 560 3417 628 qui

102 648 217 694 tur
257 642 433 696 totius
462 639 679 709 pietatis
732 646 787 693 et
840 636 1165 707 proficiendi
1214 638 1501 706 appetitus.
1541 636 1727 705 (Vens.
1832 653 2039 693 summa
2068 640 2205 694 ratio
2232 652 2334 707 est,
2366 644 2558 699 similis
2591 654 2693 700 est.
2727 645 2873 703 Hanc
2900 650 3003 704 sibi
3035 652 3185 706 videt
3227 653 3412 722 Iudas,

96 735 244 806 54.)
307 734 610 807 Scissisque
661 733 907 797 vestibus,
953 731 1170 786 indutus
1227 740 1301 784 est
1328 729 1520 794 cilicio,
1553 728 1733 798 lugens
1833 736 1956 803 quia
1987 748 2104 787 eam
2155 735 2325 788 solum
2357 737 2457 789 sibi
2484 738 2666 793 utilem
2701 741 2765 795 ad
2799 743 3130 813 sequendum
3184 748 3417 802 restituat

100 827 313 896 ﬁlium
347 827 512 883 multo
545 839 795 895 tempore.
830 824 1024 880 Vestes
1077 824 1297 889 scindit,
1354 840 1476 878 cum
1528 823 1734 876 unitate
1832 841 1973 881 vera:
1995 826 2352 882 confessionis
2394 829 2686 885 humilitas.
2740 833 2972 889 Uxorem
3008 836 3112 891 sibi
3174 840 3412 909 copulat,

102 917 465 979 intentionis
495 919 696 973 amissa
731 932 866 985 opus
896 918 1198 987 preprium,
1229 931 1337 986 quo
1361 917 1600 970 membra
1638 930 1733 970 sua
1835 921 1958 991 quia
1992 920 2129 974 hanc
2168 935 2263 989 per
2295 928 2660 991 contemptum
2683 925 2861 978 sreculi
2883 928 3086 994 peccati
3111 931 3417 998 cognitione

106 1024 308 1080 super
341 1020 543 1065 terram
586 1020 878 1077 contegere
925 1008 1106 1073 debet,
1141 1023 1237 1079 per
1270 1008 1467 1073 inania,
1508 1006 1731 1076 disjieit.
1835 1011 1899 1063 ad
1931 1013 2200 1079 operanda
2228 1013 2365 1067 bona
2389 1012 2659 1067 fecundat.
2697 1015 2880 1083 (Vens.
2908 1018 2984 1085 '5.)
3017 1018 3143 1084 ριιω
3187 1024 3415 1093 concepit

108 1100 332 1157 Cilicio
358 1103 625 1165 induitur,
649 1115 771 1155 cum
802 1099 1137 1169 voluptatum
1170 1099 1405 1153 stimulis
1430 1099 1737 1153 circumda-
1834 1100 2024 1168 ﬁlium,
2054 1104 2349 1172 vocavitque
2380 1120 2561 1157 nomen
2598 1104 2710 1173 ejus
2744 1104 2873 1169 Iler,
2901 1109 2989 1175 qui
3025 1110 3416 1180 interpretatur

113 1202 244 1247 tur.
281 1193 460 1261 Luget
486 1193 655 1255 ﬁlium
698 1192 861 1247 multo
895 1203 1149 1260 tempore,
1179 1207 1303 1246 cum
1335 1191 1481 1247 luctu
1512 1193 1735 1261 dignum
1837 1194 2145 1247 resurrectio
2176 1194 2252 1247 vel
2284 1195 2501 1264 vigilite,
2532 1197 2612 1251 vel
2658 1198 2914 1267 pellicias.
2970 1201 3103 1254 Cum
3159 1206 3300 1259 enim
3351 1209 3418 1262 ad

110 1299 300 1341 suum
331 1284 836 1341 ostenditall‘ectum
859 1285 1093 1339 assidue.
1113 1283 1296 1356 (Vsus.
1317 1284 1739 1356 55.)(Jongrega-
1837 1288 2239 1343 rationabiliter
2261 1290 2549 1344 vivendum
2600 1292 2933 1358 accedimus,
2982 1293 3133 1363 prius
3191 1310 3416 1353 necesse

114 1378 195 1432 tis
214 1377 617 1433 antemctmctis
638 1376 813 1430 liberis
841 1378 1037 1446 ejus,ut
1060 1378 1268 1431 [inirent
1294 1379 1523 1431 dolorem
1546 1380 1731 1447 patris,
1837 1388 1919 1432 est
1948 1394 2317 1449 resurgamus,
2349 1380 2673 1450 demumque
2724 1382 2774 1434 in
2811 1384 2981 1435 nostri
3015 1385 3253 1437 custodia
3288 1386 3419 1455 vigi-

116 1465 310 1520 noluit
335 1466 740 1524 consolationem
769 1467 991 1536 recipere
1012 1476 1058 1520 et
1082 1468 1152 1520 ait
1179 1480 1197 1518 :
1234 1467 1552 1522 Descendunt
1582 1468 1650 1521 ad
1672 1468 1738 1536 Ιί-
1838 1469 2035 1534 Iemus,
2066 1470 2189 1538 quia
2225 1480 2348 1539 post
2400 1474 2846 1537 conversionem,
2901 1489 3039 1543 sa‘pe
3084 1484 3420 1530 mortuorum

122 1557 275 1612 lium
300 1558 483 1628 lugens
508 1558 562 1611 in
582 1558 1626 1629 infernum.Libericongregantur,cum
1650 1569 1738 1612 ra-
1838 1575 2060 1628 operum
2102 1562 2382 1625 memoria,
2414 1564 2555 1630 quod
2586 1563 2738 1631 pellis
2783 1562 3050 1633 significat
3092 1563 3417 1619 labor:mus.

127 1649 315 1705 tionis
333 1650 628 1720 vires,qua:
648 1651 712 1705 de
734 1650 938 1718 peccati
962 1650 1182 1705 servitio
1203 1651 1589 1706 adlibertatem
1610 1651 1736 1705 vitae
1910 1653 2074 1707 Vens.
2109 1652 2162 1705 4.
2187 1683 2257 1693 -
2280 1652 2480 1706 Rursus
2504 1664 2744 1723 concepto
2774 1655 2880 1723 fetu
2923 1664 3103 1708 natum
3134 1656 3301 1723 filiam
3332 1676 3421 1710 no-

124 1758 242 1799 uos
278 1754 560 1810 revocant,
588 1745 683 1799 Dei
714 1744 909 1799 timore
946 1745 1012 1797 ad
1058 1754 1269 1815 tempus
1318 1754 1729 1817 coaggerantur.
1766 1734 1808 1787 Β
1837 1747 2049 1799 minavit
2072 1745 2276 1811 Onam;
2303 1747 2393 1817 qtti
2426 1747 2624 1802 dicitur
2644 1764 2832 1801 mceror
2857 1764 3057 1808 eorum.
3088 1749 3228 1818 quod
3256 1750 3424 1803 refer-

120 1833 365 1891 Liniunt
388 1846 441 1890 et
464 1836 733 1892 consolari
765 1837 957 1893 volunt
977 1837 1206 1891 dolerent
1236 1841 1422 1907 patris,
1454 1855 1576 1893 cum
1606 1854 1733 1908 pec-

123 1927 249 1981 cati
282 1927 559 1982 miseriam
588 1943 685 1997 per
705 1930 1078 1984 conversionis
1101 1938 1155 1982 et
1187 1930 1522 1999 paenitentia:
1555 1946 1732 1985 reme-

125 2020 291 2075 dium
322 2032 625 2090 temperare
642 2022 907 2075 nituntur.
931 2023 1036 2076 Sed
1059 2038 1155 2090 per
1179 2024 1428 2077 ell'ectum
1453 2039 1732 2090 recusans,

127 2121 193 2168 et.
218 2114 484 2168 sentienti
511 2129 634 2169 cum
663 2116 771 2169 Deo
806 2115 999 2183 Spiritu
1050 2130 1155 2169 non
1205 2117 1451 2181 credens,
1508 2116 1737 2170 dolendo

129 2209 315 2263 exitio
374 2210 583 2264 devolvi
638 2224 697 2263 se
752 2210 960 2279 patitur
1014 2211 1068 2265 in
1120 2212 1516 2280 desperationis
1572 2212 1737 2266 bara-

134 2302 355 2367 thrum,
403 2311 525 2371 post
573 2319 753 2372 pravae
812 2303 1191 2359 delectationis
1235 2304 1507 2371 allectum,
1570 2306 1620 2359 id
1657 2312 1740 2360 est

130 2395 336 2451 ﬁlium.

211 2490 386 2545 Vsus.
420 2491 510 2547 56.
533 2521 604 2534 -—
642 2490 710 2546 Et
740 2491 834 2546 illo
871 2503 1234 2562 perseverante
1264 2495 1316 2546 in
1344 2495 1491 2562 fletu,
1521 2492 1737 2548 Modia-

132 2582 265 2637 nita:
298 2584 637 2640 vendiderunt
674 2583 869 2654 Joseplt
893 2585 945 2639 in
967 2583 1198 2654 zEgypto
1220 2583 1476 2653 l’ntipnar
1500 2586 1736 2637 eunucho

134 2674 468 2745 Pharaonis,
500 2680 752 2750 magistro
782 2677 1006 2737 milititr.
1059 2677 1266 2746 Spiritu
1294 2686 1482 2732 nostro
1503 2675 1633 2730 ﬂetu
1657 2677 1740 2731 di-

135 2785 247 2841 gna
285 2786 450 2841 opera
478 2780 893 2841 perschranter
920 2778 1137 2840 agente.
1158 2768 1380 2839 Joseph,
1408 2769 1602 2835 bonus,
1626 2767 1735 2823 sci-

136 2861 269 2923 licet
294 2875 478 2919 noster
517 2865 791 2934 appetitus
820 2862 1070 2932 exemplo
1096 2877 1286 2917 eorum
1317 2861 1408 2930 qui
1441 2861 1506 2916 de
1529 2860 1737 2931 judicio

141 2965 292 3023 sunt,
314 2990 315 2997 η
341 2965 397 3011 et
431 2958 496 3013 ad
527 2958 829 3027 puniendos
861 2956 1155 3025 pertinent,
1190 2953 1459 3023 [Egyptim
1501 2950 1736 3007 etecitati

1840 1844 1928 1889 tur
1955 1836 2018 1889 ad
2055 1835 2353 1891 fastidium.
2398 1837 2545 1892 Solet
2586 1853 2776 1906 nempe
2817 1854 2881 1891 ex
2921 1837 3234 1892 difﬁcultate
3274 1839 3423 1894 evin-

1838 1929 2133 1982 cendarum
2176 1932 2509 1999 passionum,
2561 1946 2678 1999 qute
2715 1948 2780 1984 cx
2833 1930 3206 1986 recordatione
3242 1933 3423 1988 smeuli

1837 2020 2175 2089 voluptatum
2237 2022 2518 2093 contingit,
2575 2023 2869 2075 maximum
2922 2033 3099 2097 empto
3148 2026 3423 2097 proposito

1841 2113 2087 2184 generari
2130 2112 2429 2166 fastidium.
2464 2114 2615 2167 Unde
2653 2113 2915 2178 Psalmus,
2957 2093 3197 2181 omnem,
3230 2093 3421 2187 inquit,

1839 2221 2011 2259 escam
2041 2204 2339 2258 abominata
2357 2216 2431 2258 est
2454 2206 2630 2259 anima
2646 2222 2823 2260 eorum
2853 2204 3022 2277 (Psal.
3053 2223 3158 2273 cvt,
3185 2211 3294 2281 18),
3316 2221 3421 2265 etc.

1841 2296 2017 2367 Usque
2055 2299 2123 2350 ad
2155 2307 2335 2367 portas
2364 2300 2507 2353 enim
2551 2301 2755 2363 mortis,
2790 2300 2842 2354 id
2882 2310 2963 2354 est
2994 2315 3164 2370 usque
3200 2303 3265 2355 ad
3303 2303 3429 2358 reli-

1840 2390 2014 2460 gionis
2042 2392 2400 2447 desertionem
2445 2401 2765 2462 torquentur
2803 2394 2975 2447 sancti
3013 2394 3237 2448 aestibus
3271 2396 3424 2467 cogi-

1843 2484 2080 2538 tationis.
2132 2484 2319 2553 (Vsus.
2364 2484 2441 2554 5.)
2477 2484 2708 2538 Tertium
2747 2502 2948 2555 quoque
2999 2486 3225 2555 peperit,
3276 2504 3425 2558 quem

1838 2577 2115 2648 appellavit
2146 2576 2299 2642 Sela,
2339 2578 2430 2646 qui
2473 2579 2656 2630 umbra
2689 2578 2802 2647 ejus
2840 2579 3248 2648 interpretatur,
3283 2578 3426 2650 quod

1841 2672 1907 2725 ad
1927 2671 2102 2725 sancti
2133 2672 2356 2740 spiritus
2397 2671 2784 2739 protectiouem
2817 2670 3069 2725 refertur.
3100 2670 3252 2726 Facit
3280 2673 3424 2726 enim

1841 2767 1958 2835 ipse
1999 2774 2344 2834 proventum,
2392 2773 2450 2817 ιιι
2494 2764 2683 2817 tentati
2726 2764 2990 2817 sustinere
3033 2764 3323 2833 possimus.
3367 2762 3425 2818 ltt

1840 2858 2048 2913 duobus
2089 2857 2389 2927 praemissis
2417 2856 2714 2911 clamamus
2748 2857 3145 2926 parturientes,
3180 2858 3232 2911 in
3268 2858 3427 2913 tertio

1841 2948 2121 3005 masculus
2158 2948 2434 3010 nascitur,
2469 2948 2558 3016 qui
2607 2948 2672 3001 ad
2726 2948 2978 3000 thronum
3024 2947 3147 3011 Dei,
3185 2954 3243 3000 ιιι
3280 2953 3430 3016 regat

144 3056 573 3112 contradicitur;
601 3050 862 3118 Putipbar
884 3049 1273 3117 interpretatur
1302 3064 1358 3102 os
1383 3046 1644 3101 inclinans
1666 3046 1735 3099 ad
1763 3085 1808 3144 Ο
1843 3041 1994 3110 Virga
2028 3040 2204 3094 ferrea
2244 3037 2417 3109 (Psal.
2450 3055 2510 3103 ll,
2550 3039 2605 3105 9)
2649 3053 2818 3107 genus
2850 3053 2970 3091 cum
3013 3038 3245 3107 quadam
3282 3052 3429 3093 emc-

147 3139 542 3205 dissecandum.
576 3141 650 3198 Os
704 3142 1000 3211 appetitum
1035 3156 1266 3210 nequam
1303 3139 1595 3208 significat,
1643 3139 1735 3206 qui

150 3247 369 3303 semper
395 3251 599 3306 pronus
621 3235 792 3291 estad
820 3234 1263 3303 disperdendum.
1300 3233 1593 3287 Eunuchus
1632 3239 1734 3295 est,

153 3330 210 3375 et
239 3325 496 3392 magister
522 3325 747 3389 militiae,
781 3323 904 3391 quia
928 3324 996 3377 ab
1035 3323 1181 3379 omni
1216 3324 1359 3378 bono
1387 3321 1587 3376 srerilis
1634 3330 1736 3384 est,

156 3420 212 3466 et
278 3413 444 3467 totius
509 3413 763 3467 vitiorum
832 3412 1105 3467 exercitus
1157 3413 1425 3480 princeps.
1476 3410 1524 3464 ls
1566 3410 1741 3479 pretio

156 3504 538 3575 temporalium
576 3505 908 3574 voluptatum
962 3503 1066 3559 sibi
1114 3502 1372 3558 distrahit
1422 3499 1740 3571 proficiendi

153 3595 431 3653 allectum.

670 3689 895 3747 CAPUT
937 3688 1224 3746 XXXVIII.

226 3784 390 3841 Vens.
421 3784 473 3840 l.
503 3814 574 3825 —-—
599 3782 680 3838 Eo
712 3793 965 3854 tempore,
995 3783 1170 3837 Judas
1202 3781 1520 3836 descendens
1559 3799 1591 3836 a
1618 3783 1735 3853 frao

154 3877 555 3946 tribus,divertit
580 3877 647 3932 ad
679 3878 844 3930 virum
869 3876 1263 3940 Odollamitem,
1297 3874 1502 3929 nomine
1526 3874 1734 3929 Hiram.

156 3966 338 4033 Judas,
392 3967 681 4037 confessio;
724 3964 902 4031 Hiras,
953 3965 1135 4034 fratris
1178 3966 1277 4018 mei
1327 3965 1454 4018 visio
1517 3964 1734 4018 dicitur.

158 4056 287 4119 Cum
330 4059 543 4113 animus
589 4058 661 4112 ita
701 4073 731 4111 a
782 4072 841 4112 se
884 4055 1181 4122 dividitur,
1228 4056 1486 4111 memoria
1539 4065 1736 4111 sancta

161 4148 534 4215 confessionis,
562 4165 682 4219 qua:
712 4164 875 4220 supra
903 4164 1071 4219 puero
1121 4157 1332 4213 tenero,
1363 4148 1575 4203 scilicet
1612 4163 1736 4219 pro-

162 4243 353 4311 posito,
382 4243 533 4312 parci
566 4243 796 4309 monuit,
831 4258 860 4296 a
892 4242 1143 4312 superbia
1176 4241 1437 4308 fratrum,
1471 4257 1733 4311 corpora-

162 4334 287 4388 lium
317 4335 566 4393 videlicet
593 4334 1007 4397 desideriorum,
1032 4348 1152 4388 sese
1185 4334 1495 4398 dcmittens,
1519 4332 1736 4387 divertit

1842 3131 1963 3187 ritte
2008 3130 2464 3200 impassibilitatis
2508 3128 2703 3198 palma,
2755 3130 3089 3199 provehitur.
3136 3129 3251 3195 Quo
3305 3141 3427 3183 nato

1840 3240 2025 3295 parere
2064 3223 2206 3276 ultra
2242 3224 2489 3285 cessavit,
2528 3223 2651 3291 quia
2688 3231 2974 3291 postquam
3018 3223 3082 3274 ad
3130 3220 3428 3290 perfectam

1842 3314 2166 3369 charitatem
2201 3328 2355 3367 mens
2381 3314 2708 3381 pervenerit,
2732 3310 2844 3377 jam
2876 3326 2981 3365 non
3008 3312 3058 3364 in
3084 3311 3268 3364 dolore
3293 3311 3429 3365 tilios

1842 3407 1996 3476 parit,
2034 3407 2161 3474 quia
2189 3405 2452 3473 quidquid
2479 3404 2587 3483 agit
2608 3403 2718 3471 jam
2750 3404 2903 3473 quasi
2933 3418 3000 3457 ex
3038 3402 3269 3457 naturali
3299 3402 3430 3457 faci-

1843 3497 1999 3553 litate
2037 3497 2339 3565 consurgit.

1913 3589 2077 3645 Vsus.
2106 3587 2158 3641 6.
2183 3617 2249 3627 —
2283 3587 2435 3640 Dedit
2456 3597 2628 3641 autem
2650 3586 2821 3641 ludas
2843 3601 3059 3641 uxorem
3085 3588 3426 3659 primogenita

1841 3698 1935 3737 suo
1985 3680 2114 3748 ller,
2164 3681 2372 3734 nomine
2414 3679 2662 3746 Thamar,
2704 3680 2834 3747 Quae
2871 3682 3171 3735 amaritudo
3208 3682 3423 3738 dicitur.

1840 3772 2171 3840 Disciplina;
2203 3786 2437 3840 namque
2464 3772 2878 3827 amaritudinem
2918 3773 3272 3826 tentationum
3308 3774 3425 3827 illc-

1841 3866 2017 3921 ccbris
2050 3880 2320 3934 apponere
2354 3866 2630 3929 debemus,
2668 3880 2787 3934 quae
2825 3866 3039 3933 quidem
3087 3867 3137 3919 in
3172 3868 3425 3936 praesenti

1841 3958 2223 4011 amaritudinis
2256 3965 2357 4020 cst,
2389 3958 2483 4010 sed
2524 3956 2761 4011 fraetum
2798 3957 3203 4028 pacatissimam
3238 3960 3427 4013 reddet

1840 4051 2158 4104 exercitatis
2187 4051 2237 4102 in
2267 4065 2329 4103 ea
2367 4049 2554 4120 (llebr.
2589 4064 2689 4115 xu,
2721 4049 2829 4118 ll).

1913 4143 2078 4198 Vsus.
2112 4143 2165 4195 7.
2190 4172 2261 4183 -—-
2288 4139 2416 4195 lt'uit
2457 4159 2660 4212 quoque
2700 4141 2811 4195 Iler
2836 4141 3210 4210 primogenitns
3244 4139 3421 4208 Jndw,

1841 4254 2061 4308 nequam
2116 4237 2172 4289 in
2218 4247 2493 4305 conspectu
2537 4236 2771 4298 Domini,
2802 4242 2849 4287 et
2887 4233 2949 4285 ab
2984 4249 3043 4285 eo
3093 4235 3291 4285 occisus
3327 4244 3419 4286 est.

1842 4332 2054 4388 Occidit
2101 4332 2240 4385 Deus
2291 4331 2401 4384 ller
2444 4331 2495 4384 in
2534 4337 2819 4399 conspectu
2862 4342 2959 4381 suo
3003 4342 3267 4393 nequam,
3297 4326 3422 4379 dum

164 4443 195 4482 a
233 4428 470 4483 Steculari
502 4429 729 4498 strepitu
786 4428 852 4482 ad
906 4430 1055 4498 ejus,
1085 4428 1174 4495 qui
1224 4441 1348 4482 vero
1393 4428 1585 4482 unicus
1635 4427 1738 4481 fra-
1768 4438 1816 4496 ι)
1845 4423 2120 4476 incentiva
2168 4420 2449 4475 libidintttn
2493 4428 2601 4472 tam
2643 4418 3002 4487 spiritualium
3034 4430 3193 4483 quam
3233 4430 3423 4483 corpo.

169 4526 247 4573 ter
271 4527 370 4583 est,
400 4517 525 4573 Jesu
559 4519 760 4574 Christi
805 4519 1089 4573 visionem.
1135 4517 1236 4584 Qui
1263 4518 1385 4571 ideo
1408 4518 1489 4571 vir
1514 4517 1733 4582 dicitur,

170 4612 289 4681 quia
318 4612 371 4666 in
394 4627 459 4667 eo
487 4612 561 4666 nil
583 4613 687 4667 nisi
713 4613 929 4667 virtutis
974 4628 1183 4667 summa
1235 4612 1465 4665 videtur.
1517 4611 1734 4666 Odolla-

172 4703 340 4769 mites,
362 4704 709 4758 testimonium
736 4705 790 4757 in
821 4721 957 4775 aqua
1016 4712 1188 4759 sonat.
1248 4703 1306 4757 In
1351 4719 1490 4771 aqua
1556 4712 1735 4771 autem

170 4798 499 4867 baptismatis
530 4798 805 4853 Christum
828 4799 1000 4867 ipsum
1038 4798 1312 4852 induimus
1340 4795 1480 4868 (Gal.
1518 4811 1599 4859 nt,
1620 4794 1735 4864 27),

175 4890 250 4943 cui
284 4890 406 4944 dum
434 4889 577 4946 facto
602 4892 1045 4955 eontradicimus,
1071 4892 1123 4945 in
1152 4892 1255 4946 hac
1305 4905 1443 4960 aqua
1492 4889 1738 4944 testimo-

173 4984 305 5038 nium
335 4995 522 5049 coutra
552 5002 651 5042 nos
677 4986 959 5051 ferentem,
992 4986 1119 5039 dum
1152 4985 1201 5039 ei
1228 4983 1457 5039 videndo
1481 4992 1734 5052 tanquam

174 5075 311 5129 fratri
342 5078 696 5144 intendimus,
731 5078 1052 5133 invenimus.

240 5166 391 5222 Vsus.
420 5168 549 5221 2.-
585 5168 827 5239 Viditque
854 5169 951 5222 sibi
979 5168 1143 5238 ﬁliam
1170 5169 1395 5223 hominis
1426 5168 1730 5231 Cltanantci,

176 5258 604 5329 vocabttlo_3ue,et
630 5277 792 5316 uxore
818 5261 1313 5331 accepta,ingressus
1339 5271 1410 5317 est
1436 5262 1503 5315 ad
1527 5276 1661 5314 eam.
1679 5259 1736 5313 Si

179 5347 320 5403 homo
345 5348 596 5405 Christus
617 5359 720 5417 est,
740 5351 1080 5406 Cbananatus
1104 5350 1364 5421 profecto,
1390 5351 1530 5409 sicut
1553 5358 1609 5405 et
1639 5350 1738 5403 Sa-

180 5443 489 5510 maritanus,
519 5445 640 5500 ideo
665 5447 842 5502 dictus
889 5455 989 5512 est,
1024 5446 1150 5515 quia
1182 5447 1295 5516 ipse
1341 5460 1467 5502 vera
1515 5459 1735 5500 suorum

181 5537 386 5591 mutatio
411 5547 512 5592 est.
538 5539 875 5594 Chananteus
903 5542 1067 5606 enim,
1098 5551 1155 5595 ut
1201 5556 1341 5610 sccpe
1389 5540 1589 5593 dictum
1621 5546 1733 5603 est,

180 5634 388 5680 mutatus
422 5629 635 5684 dicitur.
689 5631 737 5685 Is
795 5630 955 5686 habet
988 5630 1177 5696 tiliam,
1216 5632 1476 5685 rationem
1532 5628 1739 5682 scilicet

183 5716 330 5785 ipsam
371 5737 487 5791 quae
537 5724 697 5796 139
747 5725 874 5791 Sue,
930 5726 1069 5780 idest
1098 5725 1329 5797 loquens,
1358 5725 1439 5781 vel
1472 5722 1735 5779 cantilena

186 5811 383 5885 dicitur,
410 5817 533 5887 quia
564 5819 679 5890 ipsa
709 5818 821 5877 sola
851 5818 1031 5888 nobis,
1060 5818 1180 5875 aliis
1204 5818 1622 5882 oblatrantibus,
1657 5816 1739 5871 itt-

1841 4515 2061 4576 ratium,
2095 4528 2214 4581 qum
2244 4513 2381 4565 Deus
2412 4527 2508 4579 per
2535 4511 2768 4563 maxime
2808 4508 3092 4577 improbat,
3125 4506 3181 4562 in
3221 4506 3419 4572 anima,

1839 4621 1959 4674 qua:
2004 4604 2114 4657 sola
2167 4603 2267 4655 sibi
2315 4601 2605 4668 conspicua
2653 4606 2774 4660 est,
2823 4598 3019 4651 virtute
3069 4598 3422 4653 constabilitte

1839 4696 2067 4750 rationis
2089 4692 2366 4746 interimit.
2394 4691 2577 4761 (Vsus.
2605 4689 2944 4761 8.)Di:citque
2966 4688 3137 4744 ludas
3158 4689 3225 4744 ad
3250 4688 3421 4744 Onam

1838 4786 2004 4856 ﬁlium
2025 4803 2176 4839 suum
2193 4799 2210 4836 :
2225 4784 2505 4856 Ingredere
2528 4785 2596 4838 ad
2615 4801 2825 4839 uxorem
2842 4784 3023 4853 fratris
3041 4786 3135 4850 tui,
3158 4798 3202 4838 et
3222 4788 3421 4839 sociare

1839 4882 1940 4947 illi,
1963 4892 2019 4935 ut
2048 4882 2263 4935 suscites
2300 4897 2471 4935 semen
2503 4880 2662 4949 fratri
2705 4892 2815 4933 tuo.
2855 4879 3117 4949 Loquitur
3150 4879 3322 4932 Judas
3352 4877 3420 4930 ad

1840 4973 2034 5039 Onam,
2057 4989 2179 5027 cum
2212 4972 2489 5027 humilitas
2519 4972 2876 5027 confessionis
2905 4983 2957 5025 et
2979 4970 3310 5040 poenitentia:
3335 4969 3417 5020 iu—

1836 5066 2034 5121 format
2064 5068 2262 5122 acediae
2300 5068 2631 5121 intestinam.
2665 5068 2831 5121 Filius
2859 5075 3036 5120 autem
3065 5054 3166 5128 est,
3199 5063 3319 5129 quia
3352 5074 3415 5113 ex

1838 5159 2127 5212 occasione
2152 5173 2264 5214 suae
2284 5159 2515 5213 actionis
2544 5169 2703 5212 natus
2735 5160 2848 5226 ipse
2874 5156 3117 5209 defectus
3146 5160 3249 5205 est.
3286 5150 3419 5205 Cou-

1840 5254 2081 5318 sociare,
2132 5254 2331 5322 inquit,
2385 5254 2486 5324 pia:
2531 5249 2914 5311 amaritudiui,
2963 5256 3017 5325 ct
3065 5244 3419 5313 iutelligenter

1840 5349 1993 5419 quasi
2045 5348 2397 5417 ingrediendo
2434 5356 2679 5418 penetra,
2719 5354 2773 5399 et
2810 5344 2991 5397 insere
3040 5349 3090 5394 te
3138 5338 3417 5408 prmsentis

1841 5444 2021 5500 saeculi
2052 5441 2410 5505 tribulationi,
2439 5437 2595 5506 quasi
2628 5434 2832 5489 fructus
2870 5440 3103 5486 aeternos
3141 5427 3232 5481 tibi
3274 5426 3418 5495 pari-

1843 5546 1975 5592 tur-.e
2002 5534 2240 5605 coniugi.
2269 5544 2324 5587 ut
2364 5532 2518 5601 fratri
2543 5540 2653 5591 tuo,
2687 5527 2858 5581 motui
2893 5525 3099 5580 scilicet
3130 5519 3416 5590 corporali,

1842 5630 2059 5685 suscites
2088 5644 2289 5689 semen,
2323 5625 2374 5677 id
2412 5630 2497 5675 est
2524 5623 2899 5691 posteritatem
2931 5617 3147 5687 superni
3194 5614 3420 5685 prtcmii.

1842 5721 2041 5790 Corpus
2090 5718 2233 5773 enim
2274 5724 2534 5768 mortuum
2578 5723 2651 5767 est
2688 5723 2898 5783 propter
2946 5719 3210 5780 peccatum
3242 5703 3416 5776 (liam.

1845 5826 1964 5880 vnt,
1994 5808 2105 5879 10),
2135 5808 2336 5866 suscita
2357 5821 2487 5878 ergo
2512 5806 2642 5865 illud
2670 5821 2765 5878 per
2790 5803 3015 5876 iustitia:
3042 5807 3241 5856 actum.
