3978 6332
423 387 428 390 ν
505 322 608 381 265

1275 315 1340 369 γ.
1381 311 1707 370 GUlBlSl'l-Tl
1747 309 2036 365 ABBATIS
2075 309 2130 365 S.
2176 310 2420 365 hlARl/E
2473 310 2559 366 DE
2598 309 2996 368 NOVlGENTO

3657 319 3772 376 261

578 436 740 492 VEBS.
771 432 826 488 9.
849 461 922 476 —
948 430 1050 486 Ille
1083 437 1254 484 autem
1279 429 1443 481 sciens
1483 442 1585 478 non
1614 423 1714 478 sibi
1748 424 1888 477 nasci
1923 423 2080 492 ﬁlios.
2114 426 2159 481 A
2190 424 2434 478 ascendit
2470 424 2536 478 ad
2579 425 2875 479 tondeudas
2901 439 3060 491 oves,
3090 438 3211 480 cum
3241 426 3422 484 fervor
3445 436 3501 483 et
3527 429 3780 485 studium

413 533 424 592 ᾖ
504 531 752 583 in:roiens
789 527 859 580 ad
901 541 1114 580 uxorem
1159 523 1339 592 fratris
1376 524 1479 583 sui,
1519 535 1692 573 semen
1734 519 1983 588 fundebat
2029 521 2083 575 in

421 597 434 631 ⁵
503 631 716 681 terram,
749 635 810 673 ne
837 619 986 671 liberi
1017 617 1198 686 fratris
1244 616 1452 669 nomine
1492 623 1850 669 nascerentur.
1895 615 2084 670 Introit

504 714 573 766 ad
617 726 865 774 uxorem,
905 709 1032 762 dum
1069 708 1464 763 considerando
1507 710 1750 778 pervidet
1791 708 2086 778 disciplina:

501 803 915 872 gravitudiuem.
963 799 1080 856 Scit
1119 801 1218 856 sibi
1261 819 1363 856 non
1395 803 1539 855 nasci
1566 801 1736 870 ﬁlios,
1766 801 1890 872 quia
1936 799 2086 856 novit

501 897 667 950 animi
718 895 972 949 inertiam
1012 896 1078 948 ad
1121 895 1474 965 proferendos
1512 897 1845 967 ptenitentiae
1879 894 2087 951 fructus

501 983 714 1053 dignos.
749 984 943 1039 Semen
978 984 1154 1041 fundit
1186 988 1240 1040 in
1277 997 1506 1054 terram,
1536 1003 1660 1043 cum
1707 988 1904 1042 bonum
1943 985 2087 1055 quod

2186 525 2389 569 sancta:
2421 515 2870 581 conversationis,
2906 531 3027 585 qua:
3053 517 3268 586 quidem
3298 518 3474 586 primo
3501 534 3697 573 amara
3726 531 3783 574 et

2187 617 2411 677 angusta
2443 617 2556 670 est,
2588 609 2680 661 sed
2727 616 2849 676 post
2885 607 3006 662 laeto
3051 607 3266 676 latoque
3303 609 3464 664 corde
3505 610 3781 674 curritur,

2188 702 2377 754 mmtio
2405 701 2567 755 divini
2598 701 2745 754 verbi
2777 703 2858 755 vel
2884 700 3119 770 Spiritus
3146 703 3312 757 sancli
3346 704 3608 772 tangitur,
3645 713 3702 758 et
3725 713 3786 759 ut

2185 807 2376 847 verum
2421 793 2787 849 confessorem
2836 796 3075 848 animum
3115 795 3461 851 abscitlendis
3488 795 3789 866 cogitatio-

2191 903 2318 940 num
2353 886 2815 956 superlluitatibus
2859 886 3224 942 intendentem
3265 889 3660 958 subsequatur,
3695 902 3786 942 ac-

2188 979 2457 1033 cenditur.
2509 978 2590 1050 (S.
2641 976 2845 1030 Besso.
2900 977 3102 1048 prolog.
3151 978 3367 1049 regulw,
3420 983 3514 1035 sub
3568 982 3786 1052 finem.)

499 1077 610 1146 agit
641 1077 805 1132 vertit
830 1078 882 1132 in
908 1087 1180 1134 terrenam
1207 1081 1458 1149 gloriam.
1497 1080 1684 1148 (Vens.
1719 1080 1828 1145 10.)
1853 1078 2091 1133 Perculit

501 1182 626 1222 eum
661 1167 802 1222 Deus
832 1170 977 1239 quod
1008 1171 1400 1227 detestabiliter
1426 1171 1620 1235 faciat,
1662 1170 1786 1239 quia
1821 1179 1915 1224 aut
1943 1169 2091 1238 judi-

501 1260 716 1314 cialiter
744 1263 927 1331 punit,
961 1265 1043 1319 vel
1087 1279 1302 1334 quoquo
1331 1275 1491 1335 pacto
1525 1267 1800 1336 arguendo
1838 1263 2087 1334 corrigit,

502 1351 630 1405 dum
657 1367 769 1408 suae
789 1353 889 1408 sibi
915 1357 1170 1424 nequitia:
1195 1357 1474 1411 horrorem
1499 1359 1753 1411 ostendit.
1777 1352 2092 1428 (Vsas.1l.)

505 1440 678 1507 Quam
717 1445 780 1498 ob
825 1460 928 1498 rem
961 1445 1094 1500 dixit
1124 1447 1296 1502 Judas
1328 1447 1560 1502 Thamar
1586 1449 1742 1501 nurui
1781 1465 1890 1502 sua:
1911 1461 1930 1500 :
1964 1447 2092 1502 Esto

507 1534 663 1587 vidua
697 1537 750 1588 in
789 1536 944 1590 domo
983 1538 1152 1606 patris
1199 1539 1300 1606 tui,
1347 1539 1511 1594 donec
1551 1549 1747 1592 crescat
1789 1538 1914 1593 Sela
1951 1539 2094 1607 ﬁlius

502 1643 682 1692 meus;
703 1628 914 1682 timebat
942 1631 1079 1684 enim
1108 1648 1170 1685 ne
1192 1643 1238 1686 et
1263 1633 1372 1699 ipse
1401 1643 1712 1698 moreretur,
1741 1633 1873 1686 sicut
1900 1631 2094 1701 fratres

502 1716 606 1769 sui.
643 1716 775 1782 Quae
799 1718 922 1771 abiit
952 1728 1000 1772 et
1018 1719 1270 1774 habitauit
1292 1721 1344 1774 in
1367 1722 1522 1774 domo
1551 1722 1715 1789 patris
1739 1722 1844 1774 sui.
1872 1720 2096 1776 Confes-

2191 1069 2420 1138 Deponit
2443 1069 2721 1122 viduitatis
2743 1079 3080 1134 vestes,cum
3106 1071 3354 1125 humiliat
3379 1087 3566 1128 amore
3595 1076 3786 1144 sponsi

2191 1175 2290 1230 pro
2319 1174 2378 1213 se
2406 1159 2604 1213 nmrtui
2638 1161 2887 1213 virtutes.
2924 1159 3223 1214 Teristrtnn
3257 1163 3400 1230 quod
3438 1171 3550 1224 est,
3589 1177 3791 1217 secun-

2194 1249 2320 1303 dum
2349 1250 2578 1318 aliquos,
2604 1250 2688 1304 vel
2721 1250 2894 1304 aestivi
2927 1252 3270 1320 operimenti,
3306 1251 3387 1306 vel
3418 1252 3557 1322 pepli
3591 1267 3787 1324 genus,

2195 1340 2460 1406 assumit,
2503 1355 2625 1394 cum
2664 1341 2974 1410 puritatem,
3011 1341 3092 1395 vel
3138 1343 3542 1410 simplicitatem
3595 1343 3788 1407 animi,

2194 1433 2286 1503 qui
2316 1441 2480 1502 caput
2513 1433 2742 1496 dicitur,
2780 1433 2861 1486 vel
2892 1449 3116 1502 cperunt
3149 1435 3380 1489 nitorem
3418 1435 3644 1506 accipit.
3682 1435 3790 1490 lla-

2197 1524 2370 1578 bitum
2406 1534 2610 1586 mutat,
2639 1541 2760 1578 cum
2801 1533 3000 1578 statum
3030 1526 3228 1579 mentis
3263 1526 3507 1581 innovat.
3546 1526 3621 1580 In
3661 1527 3793 1583 bivio

2196 1614 2433 1682 itineris,
2461 1617 2597 1684 quod
2627 1616 2770 1669 ducit
2813 1615 3105 1670 Thamnaut
3148 1619 3319 1685 sedet,
3353 1634 3458 1672 non
3495 1619 3594 1674 illo
3637 1633 3790 1684 sane,

2196 1723 2302 1777 quo
2367 1709 2601 1764 dicitur:
2647 1708 2735 1763 Va’
2786 1710 3096 1778 ingredienti
3159 1721 3354 1764 terram
3434 1711 3652 1766 duabus
3702 1713 3793 1766 uiis

503 1806 676 1862 sionis
699 1808 978 1864 humilitas
1008 1812 1072 1864 ad
1097 1809 1355 1878 Thamar,
1389 1811 1441 1867 id
1467 1821 1548 1866 est
1575 1812 1870 1881 disciplina:
1901 1823 2086 1868 custo-

2202 1797 2380 1870 ilict-ti.
2414 1817 2476 1866 ιι,
2513 1800 2634 1864 14),
2675 1801 2770 1855 sed
2813 1801 2931 1868 illo,
2962 1817 3069 1870 quo
3104 1803 3170 1856 ad
3213 1803 3376 1856 Deum
3419 1818 3516 1872 per
3544 1817 3792 1858 amorem

509 1899 653 1955 diam
705 1915 764 1956 se
819 1913 1172 1969 convertens,
1230 1919 1528 1975 cognosce,
1582 1904 1781 1974 inquit,
1833 1919 2089 1974 sponsum

508 2000 697 2058 tuum,
725 2009 823 2063 pro
862 2003 913 2050 te
957 1995 1230 2051 Christum
1277 2007 1579 2060 mortuutn,
1617 1997 1930 2066 praestolare
1964 2012 2092 2069 ergo

505 2083 651 2139 intra
692 2088 1104 2154 conscientiam,
1145 2104 1266 2158 qua:
1302 2091 1492 2145 domus
1529 2091 1623 2146 Dei
1661 2091 1838 2147 Patris
1873 2093 1946 2146 tui
1985 2100 2090 2158 est,

507 2186 856 2245 augmentum
902 2179 1124 2248 gratia),
1172 2196 1292 2249 qute
1334 2180 1430 2235 tibi
1484 2183 1806 2247 obumbret,
1859 2182 2094 2252 Spiritus

505 2269 706 2333 Sancti,
737 2285 858 2340 quae
897 2273 1234 2341 paracletum
1269 2274 1470 2329 habeas
1500 2275 1618 2330 vice
1656 2276 1837 2345 sponsi
1866 2276 1941 2330 tui
1965 2318 1980 2344 ,
2006 2275 2094 2332 cui

503 2365 762 2429 tanquam
805 2362 916 2418 lilio
954 2364 1122 2419 divini
1163 2365 1364 2436 eloquii
1398 2367 1749 2422 nutrimentis
1785 2368 1978 2424 alendo
2011 2369 2096 2423 in-

503 2449 689 2514 sistas,
723 2469 884 2523 quem
919 2464 1099 2512 tamen
1133 2467 1190 2512 tu
1225 2459 1542 2529 conceperis
1573 2475 1640 2514 ex
1673 2460 1922 2516 libertate
1950 2461 2096 2516 arbi-

504 2541 621 2596 trii.
645 2541 822 2600 Timet
840 2546 986 2601 enim
1005 2547 1130 2602 dum
1149 2550 1228 2603 sic
1244 2565 1302 2604 se
1319 2551 1666 2608 monimentis
1681 2567 1835 2608 mens
1853 2554 2094 2623 innovat,

509 2647 581 2686 ne
606 2635 892 2704 tentando,
919 2645 977 2692 ut
996 2638 1204 2709 pridem
1231 2640 1587 2711 periclitetur,
1612 2651 1668 2698 et
1693 2642 1920 2699 decidat.
1945 2645 2099 2702 Facit

507 2739 639 2795 ergo
670 2724 764 2780 ita.

581 2835 747 2894 Vens.
779 2839 865 2894 12.
888 2872 960 2882 —
987 2841 1222 2900 Euolutis
1247 2855 1422 2900 autem
1447 2846 1628 2901 multis
1653 2844 1852 2911 diebus,
1886 2859 2095 2905 mortua

506 2935 584 2982 est
634 2926 774 2992 Sne,
820 2947 955 2984 uxor
986 2931 1166 2988 Judte.
1211 2933 1314 2999 Qui
1347 2945 1461 3004 post
1503 2934 1701 2990 luctum
1745 2938 2099 2994 consolatione

507 3030 772 3090 suscepta,
803 3023 1114 3077 ascendebat
1145 3025 1215 3078 ad
1243 3038 1476 3081 tonsores
1508 3028 1680 3082 ovium
1713 3046 1958 3093 suarum,
1989 3030 2099 3101 ipse

508 3119 559 3164 et
589 3109 755 3166 Hiras
781 3113 940 3182 opilio
965 3118 1138 3185 gregis
1162 3116 1508 3173 Odollamites
1539 3122 1593 3174 in
1625 3120 1908 3176 Thaumas.
1940 3122 2098 3178 Evol-

501 3211 705 3257 vuntur
726 3205 862 3276 dies,
886 3222 1008 3261 cum
1035 3209 1236 3264 sensim
1263 3225 1360 3280 per
1385 3220 1622 3281 teporem
1647 3214 1810 3267 animi
1837 3214 2096 3271 deficiunt

503 3295 757 3352 virtutes.
792 3296 901 3352 Sue
933 3296 1080 3353 Uxor
1111 3299 1269 3355 Judte
1309 3303 1569 3365 moritur,
1600 3319 1722 3357 cum
1763 3303 1932 3370 ratio,
1975 3320 2095 3375 quas

507 3387 666 3444 nobis
711 3389 964 3456 spiritum
1008 3390 1247 3447 lenitatis
1298 3393 1569 3458 incentat,
1614 3403 1669 3448 et
1713 3412 1874 3464 quam
1925 3397 2098 3465 pietas

513 3481 874 3540 confessionis
904 3486 1255 3556 imprzegnat,
1289 3488 1630 3556 destituitur;
1669 3507 1788 3559 qute
1818 3508 1942 3546 cum
1979 3502 2095 3562 post

511 3571 711 3628 luctum
738 3577 946 3644 peccati
976 3578 1402 3633 consolationem
1435 3581 1606 3634 veniae
1637 3592 1994 3650 suscepisset,
2030 3598 2098 3637 ne

511 3664 858 3734 postmodum
913 3666 967 3720 in
1019 3668 1200 3738 aliqua
1260 3671 1453 3725 anima:
1502 3670 1838 3726 relaberetur
1889 3671 2092 3738 exitia,

511 3759 762 3812 ascendit
800 3773 1090 3830 progressu
1132 3763 1330 3818 mentis
1362 3762 1429 3818 ad
1468 3778 1656 3817 eorum
1695 3763 1939 3831 exempla
1974 3779 2099 3818 san-

509 3856 744 3910 ctorum,
781 3865 880 3920 per
919 3867 1055 3921 quos
1097 3853 1508 3910 absciderentur
1549 3871 1578 3908 a
1621 3854 1954 3925 simplicibus
1986 3857 2100 3910 suis

509 3943 838 4012 cogitatibus
883 3961 1027 4000 cura:
1067 3946 1343 4002 smcularis
1376 3947 1667 4018 superﬂua.
1705 3948 1983 4014 Ascendit,
2017 3948 2100 4002 in-

509 4047 693 4102 quam,
742 4035 796 4088 in
840 4034 1120 4092 Thaumas.
1173 4038 1430 4095 Thamnte
1489 4041 1915 4111 interpretantur
1959 4041 2097 4110 deﬁ-

509 4123 732 4190 cientes,
765 4125 848 4180 vel
877 4130 1105 4194 numeri,
1138 4131 1221 4184 vel
1255 4131 1456 4199 ﬁdeles.
1486 4131 1840 4187 Promovelur
1875 4147 2006 4202 ergo
2029 4133 2098 4188 ad

511 4213 617 4269 hoc
649 4225 705 4281 ut
735 4218 966 4287 primum
1001 4220 1050 4273 in
1089 4235 1148 4276 se
1177 4221 1415 4288 deficiat,
1448 4231 1502 4275 et
1538 4223 1591 4276 in
1627 4223 1736 4277 Deo
1765 4223 2012 4293 proficiat
2039 4231 2101 4279 ut

511 4307 594 4362 sic
621 4309 688 4363 ad
728 4325 1012 4366 numerum
1053 4313 1294 4368 fidelium
1342 4313 1635 4384 pertingat.
1673 4313 1796 4381 Ipse
1831 4315 2011 4385 itaque
2048 4324 2098 4369 et

512 4399 716 4470 Hiras,
765 4419 925 4473 quem
976 4405 1252 4461 Christum
1305 4406 1542 4461 diximus
1588 4407 1864 4476 ﬁgurare,
1897 4407 2100 4469 pariter

2195 1893 2453 1959 tenditur,
2484 1905 2540 1948 et
2567 1894 2620 1949 in
2657 1894 2888 1964 proximi
2923 1895 3244 1951 cbarilatem
3269 1895 3532 1962 ﬂectitur;
3567 1913 3686 1967 quo
3714 1914 3795 1954 ree

2196 1999 2326 2040 vera
2350 1987 2545 2042 itinere
2573 1987 2638 2042 ad
2661 1989 3218 2042 communerationem
3243 2003 3370 2042 vere
3394 1988 3641 2043 fidelium
3669 1988 3790 2046 itur.

2197 2077 2404 2133 Sedere
2437 2092 2615 2134 autem
2657 2095 3010 2137 perseverare
3049 2091 3152 2135 est.
3184 2081 3296 2136 Hoc
3331 2082 3452 2137 ideo
3481 2082 3645 2147 facit,
3674 2083 3794 2152 quia

2199 2169 2349 2237 Sela,
2374 2173 2426 2227 id
2449 2183 2532 2228 est
2555 2173 2851 2244 spiritualis
2872 2174 2963 2243 qui
2989 2189 3086 2229 nos
3107 2176 3398 2230 obrumhat
3418 2191 3578 2230 amor
3598 2177 3796 2231 crescit

2198 2267 2418 2336 quidem
2451 2267 2706 2332 interius,
2736 2268 2829 2322 sed
2861 2283 2966 2322 non
3001 2267 3072 2322 ila
3105 2269 3249 2338 jugis
3271 2279 3332 2324 et
3361 2269 3707 2335 individuus,
3739 2279 3796 2324 ut

2197 2371 2414 2426 semper
2448 2357 2722 2412 adhzereat
2753 2357 2907 2426 quasi
2937 2358 3188 2413 maritus.

2269 2469 2434 2525 Vens.
2473 2471 2559 2525 15.
2587 2500 2659 2511 —
2689 2470 2862 2537 Quam
2898 2487 3015 2526 cum
3046 2472 3258 2528 vidisset
3288 2470 3459 2526 ludas
3492 2474 3792 2541 suspicatus

2199 2573 2276 2618 est
2318 2580 2427 2618 esse
2471 2571 2829 2630 meretricem;
2877 2573 3153 2630 operuerat
3189 2565 3327 2619 enim
3370 2565 3572 2619 uultum
3621 2581 3788 2628 suum,

2203 2672 2267 2710 ne
2285 2666 2704 2727 cognosceretur.
2733 2653 2901 2710 ludas
2923 2657 3267 2713 meretricem
3300 2659 3644 2728 suspicatur,
3673 2674 3788 2713 cum

2201 2765 2322 2805 eam
2361 2751 2634 2815 intuetur,
2662 2749 2786 2819 quia
2813 2750 3012 2820 sa‘pius
3041 2751 3386 2806 considerato
3415 2767 3527 2806 sua:
3558 2751 3793 2808 actionis

2203 2842 2390 2907 initio,
2418 2843 2807 2912 ptenitentialis
2832 2842 3107 2898 humilitas
3141 2859 3248 2898 non
3279 2859 3378 2912 pro
3416 2853 3626 2900 κίοι-ιω
3657 2859 3792 2900 mer-

2204 2934 2358 3001 cede,
2382 2936 2523 3005 quod
2549 2935 2691 2990 Deus
2713 2943 2816 2999 est,
2852 2935 2945 2990 sed
2977 2951 3078 3006 pro
3113 2936 3258 2990 inani
3297 2936 3478 3005 aliquo
3506 2938 3790 2993 commodo

2202 3035 2424 3081 veretur
2447 3028 2513 3081 ad
2538 3027 2674 3082 bene
2700 3029 2964 3098 agendum
2991 3042 3050 3082 se
3075 3026 3310 3093 incitari,
3333 3028 3457 3082 dum
3482 3029 3556 3083 ita
3585 3028 3789 3084 nebulis

2205 3119 2594 3189 cogitationum
2634 3119 2949 3173 intentionis
2985 3118 3254 3186 voluntas,
3298 3120 3441 3188 quod
3473 3130 3559 3175 est
3590 3121 3786 3187 vultus,

2203 3212 2502 3282 obtegitur,
2543 3220 2603 3265 ut
2654 3211 2887 3266 discerni
2939 3211 3028 3265 vix
3072 3211 3242 3280 possit
3287 3227 3390 3281 qua
3437 3212 3568 3283 quid
3619 3222 3789 3268 mente

2203 3316 2440 3377 geratur.
2492 3307 2679 3377 (Vens.
2730 3307 2841 3371 16.)
2879 3306 3289 3378 Ingrediensque
3337 3309 3406 3361 ad
3456 3324 3610 3374 eam,
3663 3310 3788 3363 ait:

2201 3395 2419 3450 Dimitte
2462 3412 2544 3450 me
2582 3406 2639 3451 ut
2675 3412 2852 3450 coeam
2895 3407 3062 3450 tecum
3099 3409 3120 3448 .'
3159 3396 3436 3452 Nesciebat
3473 3399 3614 3452 enim
3658 3399 3789 3470 quod

2203 3503 2370 3541 nurus
2409 3505 2506 3542 sua
2545 3498 2696 3541 esset.
2739 3488 2821 3543 Ad
2863 3503 2979 3542 eam
3025 3488 3325 3556 ingreditur
3365 3505 3487 3544 cum
3535 3489 3787 3544 interiora

2203 3579 2463 3648 propOsiti
2482 3579 2563 3632 sui
2585 3579 2953 3633 ratiocinando
2975 3589 3271 3634 scrutatur.
3295 3581 3571 3644 Permitte,
3593 3580 3785 3652 inquit,

2204 3675 2266 3722 ut
2295 3667 2655 3722 confessionis
2683 3677 2884 3723 sancta:
2918 3683 3072 3723 amor
3111 3669 3205 3724 tibi
3242 3670 3646 3736 immisceatur;
3681 3670 3790 3726 tibi-

2203 3778 2309 3834 que
2332 3777 2548 3832 semper
2567 3763 2864 3818 incumbat.
2895 3762 3078 3818 Nescit
3101 3763 3270 3824 enim,
3295 3764 3346 3818 id
3366 3772 3468 3827 est,
3489 3777 3596 3818 non
3619 3763 3788 3817 adhuc

2202 3853 2483 3922 experitur
2524 3853 2667 3922 quod
2718 3852 2874 3920 Scla,
2924 3853 2976 3908 id
3022 3863 3104 3908 est
3144 3853 3444 3924 spiritualis
3485 3851 3787 3908 dilectionis

2203 3945 2417 4010 umbra,
2442 3954 2497 3998 et
2522 3945 2882 4015 prolectione,
2907 3946 3061 4014 quasi
3093 3946 3275 4001 mariti
3301 3946 3654 4012 auctoritate,
3677 3959 3786 4000 mu-

2201 4037 2406 4091 niatur.
2438 4036 2516 4090 Ac
2537 4037 2582 4091 si
2614 4036 2762 4090 dicat
2788 4055 2800 4089 :
2827 4037 2963 4103 Quia
2996 4035 3261 4092 fervorem
3297 4038 3526 4107 spiritus
3558 4037 3781 4092 necdum

2202 4129 2410 4190 sentio.
2439 4129 2628 4184 saltem
2662 4129 2814 4183 fruar
2841 4129 3172 4198 ptenitentiae
3200 4129 3458 4184 lamento.
3493 4127 3668 4193 Quid,
3704 4127 3783 4181 iu-

2201 4222 2476 4292 quit,miai
2499 4221 2648 4274 dabis
2671 4230 2726 4274 ut
2751 4220 2950 4289 fruaris
2971 4221 3245 4274 concubitu
3277 4236 3388 4274 meo
3406 4221 3432 4274 7
3453 4219 3644 4288 (Vens.
3678 4217 3782 4288 Π.)

2199 4315 2290 4370 Ait
2320 4313 2568 4369 :Mittam
2595 4314 2688 4367 tibi
2714 4315 2923 4366 ha'dum
2953 4314 3018 4367 de
3049 4313 3310 4384 gregibus.
3341 4313 3394 4367 Si
3429 4313 3560 4367 mihi
3593 4324 3782 4366 conso-

2199 4405 2335 4462 ciari
2383 4405 2698 4474 pmuitentis
2743 4413 2796 4457 et
2845 4404 3087 4458 timentis
3124 4419 3274 4458 more
3321 4404 3621 4466 desideras,
3661 4401 3780 4471 qula

507 4509 764 4566 pergunt,
817 4497 978 4570 ιω
1016 4500 1143 4570 quia
1189 4516 1367 4557 mores
1415 4517 1537 4557 eum
1579 4503 1662 4557 sui
1707 4503 1776 4558 ab
1828 4504 1946 4572 ipso
1991 4516 2096 4556 non
2125 4537 2175 4594 ο
2203 4497 2432 4554 necdum
2488 4495 2762 4551 ferventer
2807 4509 2990 4557 amas,
3023 4495 3109 4550 die
3159 4495 3287 4565 quid
3333 4495 3466 4549 mihi
3515 4491 3778 4548 conferas.

507 4587 776 4644 dividunt.
815 4589 990 4659 Opilio
1027 4593 1225 4648 dicitur
1271 4597 1649 4650 mercenarius.
1699 4595 2092 4652 Mercenarium

508 4689 693 4735 autem
724 4679 1000 4738 Christum
1031 4700 1095 4740 eo
1123 4685 1352 4740 dixerim
1387 4689 1568 4753 modo,
1601 4704 1708 4758 quo
1739 4704 1836 4744 nos
1862 4704 2012 4754 oves,
2041 4695 2102 4741 ut

508 4773 629 4844 ipse
667 4775 917 4844 perhibet
951 4777 1132 4848 (Joan.
1165 4796 1218 4843 x,
1255 4780 1368 4850 15),
1403 4796 1528 4834 suas
1560 4795 1589 4834 a
1627 4780 1787 4835 Patre
1818 4781 1917 4836 sibi
1947 4781 2103 4836 datas

509 4881 612 4936 pro
639 4869 912 4936 passione,
946 4886 1107 4938 quam
1150 4872 1390 4941 pertulit,
1422 4873 1542 4926 loco
1571 4874 1839 4927 mercedis
1871 4875 2102 4941 accepit.

509 4956 643 5013 Cum
685 4960 910 5024 dederit,
944 4962 1140 5031 tuquit,
1174 4963 1378 5016 dilectis
1408 4963 1516 5017 suis
1543 4980 1781 5016 somnum
1804 5002 1818 5027 ,
1851 4979 1965 5016 ecce
1998 4962 2104 5015 Do-

506 5050 638 5104 mini
687 5051 994 5114 ha’reditas,
1041 5050 1140 5119 ﬁlii
1191 5068 1408 5117 merces,
1455 5053 1656 5120 fructus
1696 5052 1888 5105 ventris
1927 5049 2100 5120 (Psal.

501 5153 686 5201 cxxvr.
717 5141 800 5208 2).
828 5141 888 5194 Et
917 5159 930 5194 :
960 5139 1182 5195 Postula
1212 5160 1242 5196 a
1278 5158 1360 5196 me
1394 5152 1441 5196 et
1465 5143 1600 5196 dabo
1631 5142 1722 5196 tibi
1753 5151 1956 5212 gentes,
1994 5151 2100 5200 etc.

503 5227 679 5300 (Psal.
711 5249 772 5298 tt,
807 5235 884 5304 8).

577 5344 742 5401 Vens.
780 5347 870 5410 15,
917 5345 1002 5399 14.
1033 5376 1103 5386 —
1135 5345 1553 5417 Nuntiatnmque
1590 5359 1662 5404 est
1697 5349 1930 5403 Thamar
1960 5350 2100 5420 quod

459 5419 464 5425 ’
499 5453 650 5490 socer
669 5436 816 5490 illius
841 5436 1138 5488 ascenderet
1173 5437 1227 5488 in
1254 5436 1518 5492 Thaumas
1549 5441 1616 5494 ad
1640 5442 1930 5495 tondendas
1960 5419 2096 5497 oves.

2207 4591 2456 4652 Ilwdum,
2491 4592 2587 4654 ait,
2615 4590 2679 4644 de
2702 4590 2944 4660 gregibus
2976 4590 3178 4644 mittam
3205 4589 3318 4654 tibi,
3349 4587 3552 4658 peccati
3581 4587 3784 4642 scilicet

2203 4681 2300 4748 tui,
2342 4696 2450 4750 quo
2482 4681 2620 4748 apud
2664 4680 2831 4733 Deum
2878 4683 3010 4734 feles
3043 4678 3441 4747 cognitionem,
3480 4685 3779 4746 exetuptam

2203 4772 2268 4826 de
2300 4772 2687 4842 cogitationum
2721 4770 2895 4823 turbis
2923 4785 2987 4823 ac
3016 4769 3400 4834 divisionibus;
3435 4767 3518 4822 vel
3546 4776 3782 4836 ereptam

2204 4863 2270 4918 de
2289 4864 2568 4933 gregibus,
2587 4863 2636 4914 id
2660 4871 2744 4916 est
2764 4863 3067 4916 daunonum
3094 4861 3466 4924 concursibus,
3489 4861 3580 4930 qui
3605 4871 3786 4931 greges

2210 4955 2466 5011 dicuntur
2492 4996 2506 5021 ,
2548 4955 2617 5009 oh
2654 4955 2954 5010 studiorum
2993 4954 3356 5022 diversitates,
3392 4965 3447 5010 et.
3492 4956 3618 5024 quia
3665 4957 3787 5006 sunt

2212 5047 2435 5102 unitatis
2457 5057 2726 5103 extorres.

2285 5159 2452 5215 Vens.
2483 5159 2571 5215 18.
2604 5190 2675 5201 —
2698 5159 2908 5226 Patiar,
2938 5161 3033 5226 ait,
3063 5161 3202 5231 quod
3241 5161 3337 5226 uis,
3376 5161 3421 5215 si
3442 5160 3646 5216 dederis
3666 5156 3784 5212 mihi

2209 5252 2578 5312 arrhabonem.
2609 5253 2770 5307 donec
2793 5253 2968 5306 mittas
2999 5254 3137 5322 quod
3162 5252 3444 5322 polliceris.
3473 5253 3556 5304 Ait
3581 5249 3782 5305 ludas:

2213 5344 2353 5412 Quid
2375 5345 2449 5398 vis
2485 5346 2577 5397 tibi
2607 5362 2700 5415 pro
2732 5346 3024 5399 arrhabone
3049 5345 3170 5398 dari
3197 5346 3221 5399 .9
3258 5344 3539 5414 Respondit
3571 5361 3590 5399 :
3611 5343 3834 5412 Anna-1.

2198 5439 2307 5491 lum
2351 5447 2397 5490 et
2429 5437 2718 5500 armillam,
2755 5446 2802 5489 et
2840 5435 3106 5500 baculum,
3147 5453 3296 5507 queat
3339 5453 3499 5489 manu
3535 5446 3690 5490 tenes.
3730 5421 3834 5507 Si

505 5527 667 5592 Quce,
718 5524 967 5594 depositis
1014 5524 1284 5580 uiduitatis
1333 5530 1592 5594 vestibus,
1640 5534 1920 5601 assumpsit
1975 5534 2102 5586 teri-
2203 5532 2405 5602 digitus
2440 5533 2492 5585 in
2541 5531 2838 5601 Scripturis
2873 5531 3165 5600 aliquando
3202 5532 3557 5586 intentionem
3596 5495 3842 5605 signat,

503 5625 697 5676 stram,
730 5624 778 5666 et
809 5623 1010 5665 mutato
1037 5612 1240 5680 habitu,
1270 5617 1400 5669 sedit
1446 5621 1498 5672 in
1545 5622 1678 5676 bivio
1703 5599 1928 5688 itineris,
1964 5621 2104 5694 quod
2197 5599 2356 5696 juitta
2389 5625 2541 5688 illud,
2573 5599 2717 5694 quod
2749 5625 2948 5696 digitos
2964 5599 3196 5678 nostros
3225 5625 3379 5679 docet
3410 5623 3553 5678 Deus
3585 5621 3649 5675 ad
3678 5599 3844 5701 ιιθι-ξξ

510 5703 1212 5773 δ⁰⁶ί⁸Τ¹⁸ί¹η²η⁰²¹²νθθίῖαοά
1234 5711 2107 5785 στ’θυίδθθῑδείαιεεηοηιιοεεμὶεεει
2205 5718 2315 5772 lum
2369 5715 2540 5787 (Psnl.
2579 5731 2775 5779 cxmn,
2823 5715 2919 5784 l):
2967 5715 3197 5768 armulus
3239 5715 3292 5768 in
3339 5713 3534 5782 digito,
3574 5707 3841 5766 claritas

503 5811 623 5856 eum
666 5793 939 5849 maritum.
986 5793 1229 5858 Thamar
1271 5802 1574 5861 nuntiatum
1625 5817 1710 5862 est
1757 5807 1902 5880 quod
1945 5821 2102 5866 socer
2209 5809 2520 5866 sanctitatis
2550 5816 2663 5876 est,
2715 5807 2767 5860 in
2812 5805 3131 5862 intentionis
3165 5815 3310 5862 voto.
3349 5801 3574 5862 Armilla
3613 5807 3782 5856 autem
