3982 6360
112 368 258 427 265

1229 350 1598 416 MORALIUM
1636 352 1705 408 IN
1746 347 2045 408 GENESIN
2084 348 2214 405 LIB.
2248 348 2341 405 IX.

3349 354 3457 414 266

121 482 198 538 in
231 480 493 547 brachio,
533 472 880 534 continentia:
910 470 1107 533 virtus,
1143 466 1359 527 scilicet
1399 486 1428 524 a
1458 467 1759 532 favoribus,
1790 466 1842 526 Α
1868 470 2016 516 ctum
2054 462 2307 530 promisit
2335 460 2724 531 paenitentibus
2760 461 2813 517 in
2848 459 3079 531 iustitia.
3119 463 3305 532 (Vens.
3336 466 3456 541 24.)

127 584 242 631 est
276 575 337 630 in
361 572 490 629 boni
515 570 696 641 operis
721 562 1007 623 exercitio.
1034 559 1273 619 Baculus
1292 577 1422 618 vero
1444 557 1760 631 spiritualis,

132 682 271 739 qua
335 672 706 722 sustentamur
759 657 949 729 gratiae
991 663 1075 710 est
1116 654 1263 711 inter
1295 655 1397 710 ista
1439 652 1760 709 εοηεοὶςιω.

130 756 292 814 Hac
316 772 417 829 pro
441 753 751 812 arrhabone
774 750 933 807 nobis
953 748 1179 811 dantur,
1205 750 1376 806 donec
1400 746 1579 801 mittat
1599 743 1765 798 Judas

132 847 403 915 haedum,
460 861 621 917 quem
679 843 989 916 pollicetur,
1019 839 1175 909 quia,
1227 848 1517 911 antequam
1565 845 1766 893 nostrae

137 946 458 1019 originalis
489 941 832 1011 actualisque
866 936 1103 994 miseriae
1128 947 1376 1010 putorem
1394 977 1408 1003 ,
1433 933 1764 1006 poenitentiae

138 1048 212 1096 et
255 1036 620 1095 confessionis
668 1032 956 1097 instantia,
988 1029 1150 1100 plene
1185 1030 1423 1102 aperiat,
1452 1028 1636 1083 labore
1665 1041 1765 1083 suo

137 1132 319 1203 prius
358 1143 581 1185 necesse
604 1134 719 1193 est,
754 1126 855 1180 tria
896 1125 1000 1180 ista
1036 1122 1338 1196 disciplinae
1372 1130 1570 1178 nostra:
1609 1121 1766 1176 attri-

139 1225 330 1291 buat,
377 1223 495 1278 sine
539 1236 769 1293 quorum
812 1220 933 1274 luce
970 1220 1214 1292 perfecte
1253 1232 1415 1275 nemo
1453 1233 1511 1274 se
1552 1225 1763 1273 noscat.

141 1316 248 1371 Ad
285 1331 451 1371 unum
491 1316 655 1386 igitur
687 1316 881 1369 coitum
920 1315 1389 1388 concepitmulier.
1426 1314 1615 1385 (Vens.
1647 1312 1763 1384 t9.)

145 1408 235 1463 Et
270 1425 490 1480 surgens
526 1409 688 1475 abiit;
726 1407 1063 1482 depositoque
1105 1411 1321 1476 habitu,
1358 1424 1511 1480 quem
1551 1422 1760 1461 assum-

145 1510 371 1570 pserat,
403 1501 589 1555 induta
618 1511 693 1555 est
730 1500 1010 1558 viduitatis
1048 1502 1295 1558 vestibus.
1336 1500 1417 1555 Ad
1458 1497 1760 1569 simplicem

151 1590 365 1645 divinae
417 1589 709 1645 infusionis
759 1589 1034 1663 illapsum,
1084 1592 1224 1647 bona
1280 1590 1533 1661 proponit
1576 1603 1758 1659 agere,

148 1680 304 1736 adeo
321 1681 489 1736 animi
510 1681 753 1740 emollita
777 1685 1103 1750 fecunditas,
1122 1692 1178 1739 et
1201 1683 1252 1737 in
1276 1698 1369 1753 spe
1388 1682 1560 1738 venite
1583 1695 1762 1737 assur-

149 1787 324 1842 gens,
349 1773 416 1828 ad
434 1770 723 1845 interiora,
751 1778 960 1834 scilicet
981 1777 1245 1842 coelestia,
1272 1776 1545 1830 inhianter
1567 1775 1759 1830 tendit.

1825 606 1835 616 _
1868 551 2006 606 Ecce
2032 564 2208 605 autem
2238 562 2351 619 post
2392 564 2495 607 tres
2531 571 2730 610 menses
2764 557 3129 610 nuntiaverunt
3160 557 3339 627 Judce,
3366 562 3454 617 di-

1868 654 2038 700 centes
2080 658 2099 697 :
2132 642 2422 700 Fornicata
2459 658 2533 701 est
2568 648 2799 703 Thamar
2826 665 2990 703 nurus
3035 660 3147 716 tua,
3177 663 3221 706 et
3253 640 3455 710 videtur

1867 749 2045 794 uterus
2071 739 2215 793 illius
2239 740 2604 794 intumescere.
2630 740 2767 797 Tres
2794 757 3006 798 menses
3041 743 3173 798 mihi
3204 746 3455 803 videntur

1868 830 1974 886 dici
2007 829 2171 884 trium
2203 829 2570 900 plcnitudines
2605 832 2904 898 actionum,
2945 836 3316 893 conversionis
3341 841 3452 895 sci-

1868 920 2017 986 licet,
2056 919 2353 990 profectus,
2380 934 2446 974 ac
2472 918 2824 990 perfectionis
2850 923 2994 980 illius
3025 926 3169 993 dico,
3201 944 3321 999 quae
3349 941 3452 995 est,

1868 1011 2154 1083 integritas
2201 1009 2515 1077 charitatis;
2554 1018 2675 1079 post
2728 1026 2848 1081 quae
2893 1014 2993 1068 tria
3033 1016 3221 1072 humili
3254 1028 3456 1075 nostra:

1869 1103 2223 1170 confessioni,
2277 1119 2307 1159 a
2352 1120 2459 1175 qua
2508 1104 2652 1160 nulla
2697 1106 2957 1164 virtutum
3013 1111 3191 1167 dirimi
3244 1129 3456 1169 summa

1869 1200 2148 1265 debemus,
2181 1215 2280 1271 pro
2307 1200 2615 1257 titillatione
2642 1202 2912 1272 superbiae
2935 1204 3159 1274 spiritus
3182 1208 3455 1275 querimo-

1868 1296 1973 1348 n‘ac
1998 1293 2285 1360 accedunt,
2315 1302 2371 1349 et
2395 1296 2460 1349 de
2490 1295 2653 1359 uteri,
2686 1294 2741 1349 id
2764 1303 2848 1351 est
2870 1296 3216 1353 conscientiae
3244 1308 3456 1356 tumore

1868 1399 1969 1442 nos
1995 1396 2258 1456 arguunt;
2288 1394 2341 1439 et
2367 1401 2396 1439 a
2426 1385 2571 1452 Sela,
2604 1386 2658 1441 id
2691 1396 2774 1441 est
2798 1388 2971 1442 sancti
3005 1386 3241 1457 Spiritus
3271 1390 3459 1458 conju«

1868 1475 1956 1546 gio
1972 1490 2066 1544 per
2085 1474 2335 1531 elationis
2356 1475 2776 1533 fornicationem
2800 1477 3070 1533 excidisse
3092 1478 3456 1536 conclamant.

1870 1566 1977 1623 Sed
2007 1583 2134 1621 vera
2166 1568 2457 1636 confessio,
2510 1584 2631 1640 quae
2680 1585 2896 1641 semper
2940 1572 3090 1627 venit
3141 1571 3207 1625 ad
3255 1571 3455 1637 lucem,

1865 1658 2091 1731 produci
2121 1644 2303 1729 jubet;
2342 1660 2474 1727 Qum
2514 1662 2658 1717 enim
2699 1672 3015 1732 arguuntur,
3042 1662 3198 1731 juxta
3230 1664 3461 1732 Aposto-

1867 1751 1980 1807 lum
2018 1769 2052 1806 a
2093 1752 2289 1808 lumine
2318 1753 2728 1823 manifestantur
2754 1754 2975 1824 (Ephes.
3009 1771 3061 1821 v,
3096 1754 3218 1826 l5);
3271 1767 3328 1811 et
3358 1757 3463 1812 hoc

150 1863 569 1935 Deponensquc
586 1883 687 1941 per
708 1870 1031 1925 humilitatis
1054 1870 1284 1941 gratiam
1314 1868 1514 1923 interni
1546 1870 1765 1924 habitus
1794 1854 1842 1915 Β
1869 1845 1937 1941 a_d
1984 1845 2436 1941 c°_mb"'e"_d"mr
2463 1847 2635 1941 ξίνίηί
2661 1846 2934 1941 Αγὲιίειὶςθι
2971 1848 3111 1918 ignis
3162 1849 3463 1941 09nﬂagm'

156 1954 431 2025 gloriam,
464 1963 788 2017 recordatur
817 1977 946 2030 erga
986 1976 1046 2016 se
1078 1962 1184 2015 viri
1222 1961 1304 2015 sui
1338 1976 1436 2031 pro
1474 1974 1534 2015 se
1563 1960 1765 2015 mortui

157 2042 301 2100 Jesu
328 2045 798 2116 misericordiam;
834 2052 1022 2120 sicque
1052 2058 1205 2105 tanto
1230 2050 1412 2105 debito
1440 2064 1497 2104 se
1521 2065 1688 2121 penes
1708 2066 1770 2107 se

164 2131 439 2201 deprimit
473 2138 711 2193 viduam.

243 2220 419 2281 Vnus.
456 2226 551 2292 20,
592 2228 682 2283 2i.
722 2259 794 2270 —-
829 2229 975 2284 Misit
1015 2239 1191 2285 autem
1228 2229 1398 2285 ludas
1437 2233 1646 2287 turdum
1678 2249 1772 2303 per

162 2328 440 2388 pastorem
461 2337 616 2375 suum
646 2322 1043 2389 Odollamitem,
1068 2335 1122 2377 ut
1148 2327 1393 2394 reciperet
1413 2327 1603 2396 pignus
1631 2326 1769 2396 quod

172 2405 401 2462 dederat
435 2409 665 2464 mulieri.
709 2411 814 2476 Qui
840 2429 958 2466 cum
998 2428 1101 2467 non
1131 2414 1406 2468 invenisset
1434 2432 1572 2481 eam,
1609 2417 1772 2470 inter-

170 2498 380 2566 rogavit
420 2500 655 2554 homines
686 2500 788 2555 loci
816 2500 961 2556 illius
992 2517 1011 2553 :
1045 2500 1146 2556 Ubi
1172 2514 1247 2557 est
1272 2503 1463 2558 mulier
1483 2521 1603 2571 qum
1626 2507 1770 2560 sede-

173 2584 264 2641 bat
296 2588 350 2641 in
385 2588 518 2643 bivio
544 2591 569 2643 ?
597 2590 701 2644 Per
730 2590 1032 2659 Christum,
1061 2593 1153 2663 qui
1190 2594 1442 2662 specialis
1470 2602 1658 2651 noster
1685 2604 1769 2652 est

172 2685 385 2745 pastor,
413 2680 503 2748 qui
535 2696 634 2737 nos
659 2682 726 2735 ad
756 2682 893 2739 bene
924 2685 1190 2755 agendum
1222 2686 1465 2755 quotidie
1493 2696 1768 2744 contesta-

173 2775 303 2835 tur,
333 2773 501 2826 nostri
537 2773 778 2842 ipsorum
816 2777 1180 2847 cognitionem
1226 2778 1583 2836 confessionis
1612 2781 1769 2838 nobis

174 2862 345 2918 mittit
380 2864 690 2934 humilitas,
718 2870 847 2939 quia
885 2881 1089 2939 quanto
1125 2870 1326 2931 Christi
1366 2884 1766 2943 unguentorum

174 2964 453 3012 sectamur
487 2959 707 3015 odorem
745 2960 924 3032 (Cant.
962 2978 1002 3027 ι,
1047 2961 1125 3034 5),
1169 2972 1318 3019 tanto
1352 2966 1526 3036 magis
1566 2976 1767 3022 nostra:

174 3042 391 3117 fragilis
423 3051 1142 3123 conditionis.intelligimus
1172 3054 1422 3111 fetorem.
1456 3056 1607 3114 Iuda:
1638 3074 1767 3129 ergo

178 3138 373 3207 recipit
399 3141 590 3211 pignus
619 3145 762 3214 quod
790 3146 1021 3201 dederat
1044 3146 1277 3213 mulieri,
1305 3151 1429 3218 quia
1460 3166 1569 3219 quo
1596 3151 1767 3222 magis

177 3247 280 3287 nos
302 3234 685 3301 discernimus,
711 3246 863 3294 tanto
887 3239 1119 3308 amplius
1143 3240 1189 3293 si
1215 3241 1344 3309 quid
1372 3242 1592 3297 virtutis
1612 3243 1770 3299 nobis

180 3337 248 3378 ex
280 3333 403 3379 actu
433 3328 771 3395 paenitentiae
812 3332 1087 3400 ingestum
1121 3340 1201 3386 est
1225 3372 1239 3396 ,
1273 3333 1339 3385 ad
1379 3334 1554 3402 ipsum
1598 3335 1773 3389 Domi-

180 3412 321 3468 nicse
366 3416 692 3474 humilitatis
732 3420 887 3491 141
922 3430 1253 3491 praeceptum
1290 3438 1396 3477 non
1446 3425 1514 3478 ad
1557 3434 1773 3482 nostras

180 3503 330 3559 vires
361 3505 668 3562 referimus.
695 3508 973 3565 Mulierem
998 3512 1227 3568 dicimus
1258 3524 1447 3584 emptae
1476 3514 1773 3585 disciplinae

176 3597 539 3667 propositum,
564 3600 633 3656 ob
660 3602 1023 3672 affectionem,
1061 3612 1115 3659 et
1140 3605 1526 3662 fecunditatem
1556 3609 1771 3677 piorum

177 3702 429 3759 cperum.
478 3690 585 3746 Sed
631 3694 677 3749 is
716 3708 879 3749 verus
910 3705 1097 3765 pastor
1143 3712 1249 3751 non
1302 3699 1506 3754 invenit
1548 3715 1669 3755 eam
1714 3703 1770 3757 in

174 3779 364 3836 habitu
410 3783 754 3851 meretricio,
789 3786 916 3841 dum
950 3787 1049 3841 soli
1089 3788 1306 3857 placere
1343 3790 1453 3846 Deo
1488 3792 1590 3847 sibi
1629 3794 1770 3850 inest

177 3871 431 3927 intentio.
475 3872 659 3931 Potest
699 3878 866 3932 etiam
909 3878 1103 3933 mulier
1133 3879 1237 3935 dici
1277 3882 1471 3937 sedere
1512 3884 1567 3939 in
1595 3886 1764 3954 bivio,

178 3977 298 4031 quae
327 3972 554 4034 putatur
588 3966 768 4037 aliqua
812 3970 950 4024 bona
1002 3984 1164 4039 agere
1211 3986 1309 4040 pro
1356 3973 1489 4042 Deo,
1537 3991 1661 4031 cum
1701 3992 1766 4033 ea

180 4064 433 4108 exerceat
457 4070 556 4125 pro
578 4058 797 4113 saeculo.
824 4060 1013 4130 (Vens.
1038 4059 1155 4129 22.)
1189 4061 1450 4119 Homines
1483 4065 1589 4120 loci
1620 4067 1765 4123 illius

180 4145 470 4201 rationales
506 4157 633 4203 sunt
670 4157 878 4217 motus,
907 4165 1044 4220 quos
1070 4163 1259 4221 pastor
1293 4153 1646 4212 Odollamites
1673 4158 1766 4213 do-

182 4238 330 4292 navit
357 4238 565 4294 honore
595 4250 788 4298 status.
816 4241 1027 4314 Negant
1053 4244 1128 4298 illi
1159 4245 1357 4300 ibidem
1389 4246 1594 4304 sedisse
1615 4264 1765 4304 scor-

184 4334 335 4397 tum,
396 4331 606 4388 scilicet
665 4349 1050 4405 perseverasse
1114 4336 1414 4408 cujuspiam
1468 4340 1763 4409 spiritualis

184 4418 431 4477 adulterii
469 4423 695 4479 malum.
740 4425 928 4482 Sessio
958 4430 1026 4482 ad
1064 4444 1222 4482 usum
1263 4430 1470 4498 peccati
1502 4432 1758 4500 pertinet,

1872 1934 2018 1990 tione
2043 1935 2406 1991 lustrandum.
2439 1937 2626 2008 (Vsus.
2654 1937 2770 2007 25.)
2821 1937 2953 2001 Qua:
3000 1955 3119 1993 cum
3150 1940 3463 1995 educeretur

1872 2043 1969 2097 per
1997 2028 2393 2084 confessionem
2426 2031 2495 2083 ad
2524 2032 2855 2101 pmnitentiae
2903 2048 3130 2102 poenam,
3186 2035 3352 2091 mittit
3389 2036 3461 2090 ad

1871 2137 2111 2175 socerum
2155 2140 2332 2188 suum,
2382 2124 2449 2178 ad
2504 2124 2657 2179 initia
2713 2125 2921 2181 scilicet
2962 2128 3196 2183 recurrit
3225 2130 3463 2200 antiquae

1873 2209 2235 2266 confessionis
2276 2227 2340 2267 ac
2375 2213 2748 2282 paenitudinis,
2778 2230 2898 2285 quae
2928 2217 3031 2271 sibi
3058 2232 3125 2272 ex
3154 2220 3463 2278 humilitate

1873 2300 2122 2370 spiritum
2163 2302 2418 2358 maritum
2458 2306 2614 2374 quasi
2664 2304 2867 2373 Selam,
2900 2306 2991 2375 qui
3021 2307 3221 2362 dicitur
3252 2311 3462 2381 umbra,

1873 2402 2163 2462 genuerat;
2219 2404 2275 2448 et
2315 2410 2373 2448 se
2402 2410 2508 2450 non
2556 2397 2621 2451 de
2659 2398 2954 2467 cupiditate
2995 2400 3242 2455 saeculari
3287 2403 3463 2474 hypo-

1873 2482 2055 2537 crisim
2098 2485 2440 2556 concepisse,
2489 2487 2585 2542 sed
2615 2488 2681 2542 de
2731 2490 2953 2546 humilis
2985 2490 3342 2549 c0nfessionis
3372 2496 3461 2549 in-

1872 2573 2092 2640 stinctu,
2117 2591 2237 2646 quae
2262 2578 2551 2649 mysticum
2579 2580 2864 2650 annulum,
2918 2584 3185 2639 armillam
3213 2597 3266 2642 et
3294 2587 3462 2644 bacu-

1872 2662 2007 2729 lum,
2037 2667 2136 2721 sihi
2169 2669 2445 2737 attribuit,
2476 2674 2672 2729 asserit
2708 2679 3110 2745 perseverantis
3155 2680 3462 2741 devotionis

1874 2757 2149 2815 affectum.
2174 2762 2363 2833 (Vens.
2385 2763 2502 2837 26.)
2524 2768 2730 2839 Agnitis
2756 2772 3081 2839 muneribus,
3110 2776 3182 2830 ait
3208 2792 3226 2830 :
3253 2776 3463 2833 Justior

1870 2867 1953 2904 me
1987 2861 2085 2918 est,
2107 2855 2232 2923 quia
2260 2873 2362 2911 non
2389 2860 2589 2914 tradidi
2608 2878 2723 2916 eam
2749 2861 2870 2918 Sela
2896 2864 3008 2932 ﬁlio
3038 2882 3175 2921 meo.
3203 2868 3465 2939 Agnoscit

1873 2950 2251 3017 munera,quia
2269 2959 2486 3007 etsuaea
2500 2953 2609 3010 Deo
2622 2955 2722 3010 sibi
2740 2956 2916 3013 inesse
2927 2958 3463 3021 novitconversionis

1871 3035 2188 3104 primordia,
2202 3048 2257 3095 et
2270 3045 2669 3109 promotionum
2687 3046 3039 3105 incrementa.
3052 3052 3258 3107 Iustior
3271 3066 3461 3124 meest,

1872 3124 2068 3196 inquit;
2097 3145 2160 3184 ac
2181 3132 2382 3188 sidicat
2401 3153 2414 3189 :
2434 3135 2841 3195 Perseverantia
2857 3156 2953 3196 sua
2974 3141 3042 3197 ad
3056 3142 3340 3212 justiorem
3363 3148 3466 3202 du-

1876 3219 1953 3273 xit
1982 3236 2067 3275 me
2090 3232 2377 3291 statum,et
2392 3230 2788 3298 quodammodo
2810 3248 2897 3289 me
2920 3237 3033 3304 ipsa
3057 3235 3343 3305 justiorem
3375 3253 3464 3294 me

1876 3312 2129 3377 reddidit,
2151 3323 2205 3368 et
2228 3318 2355 3386 quia
2381 3322 2549 3375 sancti
2583 3320 2820 3392 Spiritus
2847 3325 3176 3382 obumbrare
3200 3344 3324 3383 mox
3346 3330 3463 3399 ejus

1877 3398 2032 3453 initia
2065 3402 2332 3460 charitate
2358 3421 2465 3461 non
2495 3412 2665 3477 potui,
2696 3413 2796 3467 sub
2826 3414 3020 3471 timore
3043 3398 3398 3487 poenitentiae,
3427 3436 3460 3475 a

1877 3507 1966 3545 me
1988 3494 2237 3549 videlicet
2275 3498 2633 3557 confessionis
2659 3506 2837 3576 gratia
2872 3509 2941 3563 ad
2974 3510 3145 3567 bonos
3184 3513 3463 3581 proferen-

1877 3584 2005 3639 dum
2035 3584 2268 3654 fructus,
2310 3589 2658 3663 impraegnari
2695 3597 2786 3666 pio
2813 3598 3086 3657 desiderio
3121 3603 3331 3660 maluit.
3364 3606 3461 3662 At-

1874 3684 2048 3765 tamen
2102 3679 2243 3736 ultra
2279 3699 2384 3738 non
2423 3689 2658 3756 cognovit
2685 3706 2835 3759 eam;
2886 3693 2940 3749 id
2987 3704 3071 3751 est
3109 3699 3200 3767 qui
3247 3700 3460 3770 pridem

1871 3754 2094 3826 humilis
2124 3788 2237 3830 sua:
2282 3775 2645 3836 confessionis
2676 3782 2878 3840 oblitus
2917 3786 3145 3842 nimium
3182 3805 3278 3846 sua
3315 3773 3461 3848 bona

1871 3863 2200 3919 attendeudo
2247 3866 2570 3925 intumuisse
2627 3872 2949 3943 videbatur,
2991 3876 3105 3946 jam
3156 3881 3462 3939 dissimulat

1869 3953 2129 4022 propositi
2182 3956 2264 4011 sui
2308 3960 2650 4030 perpendere
2699 3963 3045 4034 instantiam,
3105 3984 3177 4026 ne
3222 3972 3461 4030 inaniter

1868 4045 2145 4101 efferatur.

1941 4138 2104 4192 Vens.
2136 4138 2226 4193 27.
2267 4171 2338 4182 ——
2373 4141 2616 4203 Instante
2647 4158 2823 4206 autem
2867 4164 3045 4223 partu,
3097 4168 3459 4228 apparuerunt

1865 4230 2057 4300 gemini
2098 4232 2153 4285 in
2182 4242 2352 4301 utero,
2409 4248 2563 4310 atque
2608 4241 2664 4295 in
2705 4244 2821 4313 ipsa
2861 4244 3117 4314 effusione
3164 4247 3457 4319 infantum,

1866 4337 2002 4377 unus
2030 4325 2248 4393 protulit
2275 4344 2512 4396 manum,
2565 4334 2622 4387 in
2648 4350 2751 4405 qua
2789 4335 3042 4392 obstetrix
3071 4340 3249 4407 ligavit
3286 4344 3458 4396 cocci-

1866 4427 2012 4468 num.
2065 4414 2260 4473 Partus
2307 4418 2497 4488 instat,
2543 4439 2667 4478 eum
2713 4426 3010 4481 destinatio
3058 4429 3322 4498 propositi
3363 4431 3456 4501 pio

182 4518 242 4565 ut
268 4520 349 4566 est
374 4527 388 4567 :
424 4513 494 4568 In
521 4516 771 4571 cathedra
796 4519 1103 4588 pestilentia:
1126 4536 1228 4575 non
1251 4522 1383 4575 sedit
1416 4520 1587 4591 (Psal.
1609 4542 1651 4593 ι,
1685 4525 1759 4595 l).

1868 4504 2081 4562 affectui
2123 4512 2540 4582 appropinquat.
2596 4515 2873 4585 Apparent
2915 4533 2970 4571 m
3021 4527 3169 4573 utero
3217 4521 3453 4591 gemini,

182 4598 379 4656 Eorum
411 4612 593 4658 autem
621 4615 705 4662 est
730 4622 931 4678 negare
952 4651 966 4676 ,
995 4608 1189 4664 effectu
1232 4625 1333 4666 suo
1373 4627 1477 4668 non
1502 4614 1593 4669 .ita
1622 4617 1761 4686 apud

183 4703 239 4745 se
263 4691 377 4760 geri
406 4692 687 4751 evidenter
716 4699 1025 4754 ostendere.

250 4783 411 4840 Vens.
442 4785 530 4842 25.
556 4818 627 4830 --
666 4791 754 4845 Ait
783 4791 956 4846 ludas
987 4810 1006 4848 :
1042 4792 1247 4850 Habeat
1276 4796 1395 4864 sibi,
1429 4806 1566 4855 certe
1607 4815 1757 4854 men-

183 4875 312 4930 dacii
340 4894 434 4934 nos
463 4896 682 4951 arguere
710 4900 821 4938 non.
838 4886 1048 4955 poterit.
1078 4886 1193 4957 Ego
1219 4891 1341 4945 misi
1368 4891 1579 4947 luedum
1607 4910 1761 4965 quem

183 4967 536 5035 promiseram,
566 4981 616 5027 et
638 4980 695 5026 tu
723 4990 827 5027 non
849 4976 1090 5031 invenisti
1110 4995 1247 5034 eam.
1289 4981 1424 5051 Ego,
1464 4983 1660 5054 inquit,
1692 5000 1759 5043 ex

184 5055 398 5126 pignore
424 5070 626 5118 sanctae
653 5064 990 5133 intentionis,
1022 5078 1196 5126 cautae
1218 5074 1572 5143 operationis,
1602 5088 1657 5133 et
1678 5079 1763 5134 di-

187 5145 315 5202 vinae
341 5148 488 5207 inter
530 5154 763 5213 adversa
801 5158 1207 5228 consolationis,
1263 5164 1470 5220 lardum
1525 5171 1759 5241 propriae

184 5241 501 5310 cognitionis
531 5246 847 5304 adfuturum
897 5238 1275 5321 promiseram;
1327 5273 1452 5327 ego,
1503 5238 1755 5331 inquam,

186 5333 379 5391 utilitas
396 5338 497 5407 piae
523 5341 884 5400 confessionis
907 5346 1063 5402 intuli
1100 5349 1243 5417 quod
1271 5351 1519 5420 promisi,
1554 5360 1628 5419 tu,
1660 5370 1758 5426 pa-

187 5432 289 5480 stor
317 5437 543 5498 aeterne,
586 5433 641 5488 in
678 5436 825 5493 bivio
873 5437 1028 5495 bonae
1072 5440 1441 5506 exhibitionis,
1472 5452 1526 5498 et
1571 5445 1755 5517 gloriae

187 5516 373 5586 inanis,
428 5540 545 5578 eam
589 5528 887 5598 sedentem,
936 5532 988 5587 id
1034 5540 1119 5589 est
1169 5534 1271 5590 sibi
1318 5516 1755 5606 acquiescentem

186 5622 286 5663 non
328 5611 557 5670 inveniri
614 5616 843 5687 feceris;
886 5621 1086 5679 habeat
1114 5639 1245 5696 ergo
1286 5626 1410 5682 vita:
1448 5636 1646 5686 nostrae
1674 5630 1755 5687 di-

185 5698 405 5768 sciplina
446 5705 639 5776 pignus
692 5711 900 5779 praemii
948 5715 1135 5770 aeterni
1180 5723 1268 5772 tua
1311 5734 1574 5789 munera,
1626 5724 1752 5792 quia

187 5791 436 5848 mendacii
468 5796 620 5866 argui
650 5814 760 5855 non
797 5805 998 5871 poterit
1037 5806 1238 5863 veritas
1284 5817 1389 5878 tua,
1424 5829 1545 5883 qua:
1574 5817 1751 5887 profe-

171 5948 179 5976 ι
454 5911 728 5986 Puncta
773 5916 987 5983 CLVI.

1866 4611 1989 4651 cum
2018 4613 2082 4653 ex
2110 4602 2441 4658 conscientia
2470 4607 2782 4674 prominere
2814 4608 3192 4684 intelliguntur
3220 4615 3449 4674 duarum

1864 4686 2210 4746 aﬂ‘ectionum
2233 4694 2390 4763 quasi
2411 4709 2477 4751 ex
2502 4712 2611 4754 uno
2639 4697 2793 4758 fonte
2815 4703 2935 4758 rivi.
2965 4704 3034 4761 In
3058 4707 3173 4777 ipsa
3192 4710 3452 4781 elusione

1859 4779 2124 4849 infantum
2154 4784 2363 4855 profert
2388 4804 2524 4846 unus
2558 4806 2798 4861 manum,
2828 4811 2952 4853 cum
2982 4800 3049 4856 ad
3078 4779 3259 4871 operis
3289 4806 3452 4862 exhi-

1857 4870 2120 4929 bitionem
2152 4876 2320 4934 animi
2351 4882 2561 4937 ambitu
2600 4885 2915 4954 accedente,
2950 4890 3101 4961 prior
3118 4870 3227 4949 iDei
3262 4895 3447 4951 chari-

1861 4965 1988 5020 tatis
2013 4964 2236 5024 effectus
2275 4985 2372 5040 per
2398 4972 2674 5031 interioris
2703 4979 2943 5039 hominis
2970 4986 3447 5052 compunctioncm

1857 5059 2155 5127 egreditur.
2208 5060 2267 5117 ln
2316 5078 2423 5132 qua
2470 5069 2742 5124 coccinum
2788 5088 2951 5127 manu
2996 5075 3248 5130 obstetrix
3287 5076 3442 5145 ligat,

1857 5147 1985 5204 dum
2014 5153 2175 5220 ratio,
2210 5169 2332 5225 qua:
2361 5159 2573 5216 cunctis
2601 5162 2795 5217 animae
2826 5164 3045 5219 casibus
3072 5164 3271 5229 obstat,
3298 5180 3447 5222 mor-

1858 5241 2212 5301 tificationem
2263 5250 2563 5306 carnalium
2609 5253 3002 5309 desideriorum
3043 5255 3098 5310 in
3139 5272 3239 5311 suo
3279 5273 3444 5328 opere

1859 5335 2142 5409 insigniter
2175 5351 2378 5399 servat.
2402 5344 2590 5416 (Vens.
2617 5347 2730 5418 28.)
2764 5347 2892 5414 Iste,
2929 5349 3127 5420 inquit,
3149 5353 3444 5422 egredietur

1855 5432 2020 5501 prior,
2050 5433 2101 5488 id
2127 5442 2209 5490 est
2228 5449 2379 5491 amor
2400 5439 2497 5493 Dei
2519 5438 2611 5509 qui
2632 5448 2925 5509 conceptus
2946 5451 3050 5508 est,
3080 5445 3242 5500 etiam
3266 5462 3441 5518 usque

1857 5522 1927 5577 ad
1957 5521 2256 5581 efficaciam
2292 5526 2490 5583 divinae
2511 5531 2987 5601 contemplationis
3020 5538 3284 5607 prosiliet.
3333 5538 3439 5595 So-

1858 5615 1933 5673 let
1956 5619 2098 5674 enim
2122 5621 2245 5675 talis
2273 5621 2645 5681 inchoantium
2677 5639 2794 5683 esse
2825 5628 3027 5698 fervor,
3053 5631 3145 5702 qui
3177 5631 3280 5686 sibi
3309 5632 3438 5687 dum

1856 5732 1915 5776 se
1950 5720 2189 5791 ignorat,
2239 5735 2505 5778 summam
2547 5740 2763 5798 quoque
2792 5729 3009 5788 virtutis
3052 5739 3293 5804 arroget,
3337 5732 3436 5787 sed

1856 5814 1970 5885 illo,
2004 5813 2099 5871 Dei
2147 5812 2580 5889 dispensatione,
2631 5835 2730 5893 per
2773 5823 3041 5890 defectum
3087 5824 3437 5898 quantulum-

3076 5951 3114 6001 ξ)
