3978 6332
546 334 650 389 267

1296 322 1355 380 V.
1386 320 1708 380 GUlBERTl
1741 319 2032 377 ABBATIS
2073 320 2130 375 S.
2172 320 2414 379 MARI/E
2450 322 2537 379 DE
2578 322 2974 381 NOVIGENTO

3673 343 3767 404 268

544 465 765 521 cunque
795 446 996 504 amoris
1038 442 1260 498 interna:
1308 436 1457 491 vires
1488 436 1839 491 imminuente
1879 434 2126 500 actionis,
2158 435 2206 491 A
2232 438 2321 508 pio
2349 437 2610 508 profectui
2649 439 2838 493 adesse
2859 438 3137 504 comitem,
3169 440 3291 496 eum
3319 457 3530 504 omnem
3559 450 3671 521 ejus
3695 459 3769 515 di.

546 543 829 615 egreditur
848 540 998 601 alter,
1019 534 1224 591 scilicet
1245 529 1564 600 obsequium
1590 528 1845 584 fraternae
1876 529 2124 583 dilectio-

545 638 668 705 nis;
697 651 816 707 quae
840 631 1051 702 quidem
1106 625 1209 680 etsi
1242 624 1417 679 minor
1447 632 1529 678 est
1558 622 1842 693 dignitate,
1866 621 2122 692 praacedit

549 736 731 783 tamen
774 721 930 779 ofﬁcii
967 717 1307 773 necessitate.
1339 714 1495 769 Prius
1539 716 1681 768 enim
1724 714 1987 769 amandus
2038 720 2121 767 est

546 817 825 890 proximus
853 809 1105 873 visibilis,
1153 816 1212 862 ut
1241 823 1340 878 per
1370 806 1471 861 hoc
1501 807 1802 878 attingatur
1832 803 2117 860 invisibili-

546 917 630 963 tas
672 904 908 960 deitatis.
961 900 1073 956 Hoc
1107 902 1315 957 duobus
1350 900 1523 957 sancti
1560 899 1798 969 Spiritus
1845 897 2117 969 signiﬁca-

544 1006 632 1051 tur
668 993 831 1049 datis.

614 1110 776 1166 Vsus.
810 1110 898 1166 ἓξ).
944 1141 1015 1150 --
1043 1108 1286 1180 Dixitque
1312 1107 1503 1162 mulier
1544 1120 1562 1159 :
1602 1105 1779 1173 Quare
1825 1114 2034 1175 prapter
2071 1113 2118 1158 te

543 1203 711 1257 divisa
741 1211 817 1258 est
846 1202 1118 1256 maceria?
1156 1197 1441 1269 Propterea
1471 1196 1750 1267 appellavit
1784 1213 1969 1250 nomen
2003 1196 2118 1266 ejus

541 1290 765 1349 Phares.
819 1292 1010 1348 Mulier
1035 1292 1111 1361 ab
1150 1292 1313 1345 animi
1358 1289 1581 1345 mollitie
1628 1289 1799 1357 dicta,
1851 1290 2117 1343 rationem

542 1400 611 1441 ex
651 1384 831 1456 aliqua
875 1384 1051 1439 adhuc
1091 1391 1243 1451 parte
1286 1382 1524 1435 humana
1567 1380 1867 1450 sapientem
1915 1382 2114 1451 signat.

543 1475 699 1533 Unde
758 1484 812 1530 et
854 1475 968 1544 ipsa
1016 1473 1177 1528 verba
1225 1472 1539 1526 humanitus
1602 1486 1797 1525 sonare
1844 1471 2116 1525 videntur.

543 1570 740 1638 Quare,
765 1568 941 1638 inquit
965 1566 1075 1635 illa,
1108 1564 1492 1637 cogitationum
1530 1563 1686 1634 quasi
1716 1563 1951 1634 lapidum
1989 1563 2118 1618 uuio

541 1662 597 1716 in
627 1660 825 1715 multas
870 1673 1121 1716 curarum
1149 1656 1551 1712 vicissitudines
1594 1654 1767 1710 divisa
1814 1655 1936 1709 est?
1970 1653 2119 1709 Mens

542 1754 688 1808 enim
734 1763 919 1807 nostra
954 1751 1122 1805 divini
1161 1758 1425 1805 caemento
1476 1748 1676 1804 amoris
1733 1748 2018 1803 cohibetur
2052 1747 2120 1801 ad

542 1830 733 1908 unum,
763 1859 883 1914 quae
932 1851 1058 1898 tunc
1105 1841 1382 1907 dividitur,
1434 1857 1553 1896 cum
1587 1856 1684 1910 pro
1713 1841 1848 1896 bene
1876 1839 2120 1895 faciendo

544 1934 825 2004 proximis,
847 1934 997 2002 juxta
1020 1930 1389 2003 Evangelium,
1422 1947 1546 2001 erga
1574 1930 1807 2000 plurima
1834 1930 2121 1987 sollicitata

550 2027 795 2079 turbatur
823 2024 973 2095 (Luc.
999 2040 1054 2090 x,
1083 2024 1195 2093 41).
1227 2022 1432 2077 Phares
1477 2037 1605 2093 ergo
1634 2030 1876 2088 vocatur,
1908 2022 2011 2076 hoc
2038 2030 2123 2075 est

543 2115 749 2179 divisio,
769 2113 891 2183 quia
914 2127 978 2167 ex
998 2112 1308 2183 provisione
1328 2110 1589 2174 fraterna,
1615 2110 1791 2165 divina
1816 2110 2042 2165 interius
2055 2107 2122 2163 ad

539 2206 726 2261 horam
740 2206 1030 2276 dissipatur
1041 2203 1439 2274 contemplatio.
1451 2203 1795 2276 152(Vsas.
1811 2202 1921 2275 50.)
1934 2201 2121 2257 Postea

539 2304 773 2365 egressus
796 2305 868 2348 est
893 2295 1059 2363 frater
1086 2296 1222 2365 ejus,
1250 2296 1307 2348 in
1328 2294 1483 2364 cujus
1510 2310 1670 2348 manu
1692 2302 1803 2347 erat
1820 2294 2120 2359 coccinum;

539 2403 689 2457 quem
732 2385 1009 2457 appellavit
1060 2383 1225 2440 Zara.
1278 2384 1500 2447 Coccus,
1551 2385 1691 2439 unde
1720 2385 2021 2450 coccinum,
2053 2399 2121 2438 ex

540 2473 726 2529 Grzeca
754 2472 1079 2545 etymologia
1111 2474 1178 2527 ab
1209 2474 1331 2542 igne
1362 2472 1580 2537 dicitur,
1615 2479 1669 2527 et
1702 2473 1866 2527 etiam
1905 2471 2123 2543 sangui-

543 2565 625 2619 nis
655 2566 905 2619 ruborem
933 2562 1171 2634 praefert.
1213 2563 1356 2619 Deus
1388 2574 1589 2629 autem,
1631 2563 1721 2633 qui
1768 2564 1902 2633 ignis
1931 2579 2122 2616 consu-

542 2675 684 2713 mens
714 2668 939 2714 vocatur
967 2656 1156 2729 (Hebr.
1189 2673 1285 2721 xu,
1312 2657 1426 2729 29),
1451 2657 1728 2725 passiones
1746 2664 2118 2727 peccatorum,

542 2766 662 2821 quae
714 2766 780 2805 ex
832 2764 997 2805 carne
1042 2759 1096 2804 et
1145 2750 1405 2821 sanguine
1441 2750 1719 2816 oriuntur,
1770 2748 1993 2804 necesse
2038 2755 2123 2803 est

542 2841 693 2910 prius
739 2855 837 2895 suo
887 2839 1106 2895 fervore
1151 2848 1437 2909 excoquat,
1469 2848 1529 2894 ut
1558 2839 1843 2908 puriticato
1875 2837 2120 2893 interiori

541 2936 910 3006 exteriorique
968 2949 1156 3005 opere,
1206 2934 1273 2988 ad
1310 2934 1599 2989 videndum
1651 2933 1928 2987 Orientem
1986 2931 2121 2986 lucis

540 3036 758 3082 aeternae
796 3042 891 3096 per
936 3026 1154 3085 stibium
1188 3025 1467 3083 cbaritatis
1516 3025 1680 3083 facies
1720 3024 1949 3099 placeat.
1982 3021 2118 3080 Zara

542 3128 720 3178 autem
762 3120 1150 3194 interpretatur
1184 3123 1377 3187 oriens,
1410 3119 1617 3175 scilicet
1646 3120 1759 3190 ipsa
1808 3119 1901 3173 Dei
1955 3116 2117 3172 dilec-
2144 3155 2188 3214 C

542 3213 636 3278 tio,
682 3229 802 3285 quae
833 3214 992 3269 totius
1030 3212 1166 3285 legis
1214 3212 1367 3283 quasi
1400 3210 1722 3267 universalis
1766 3208 1986 3264 luminis
2032 3216 2115 3264 est

539 3304 813 3375 plenitudo
856 3304 1029 3376 (Rom.
1075 3320 1197 3376 xui,
1234 3304 1346 3376 10),
1376 3302 1526 3359 locus
1559 3319 1623 3360 ac
1663 3304 1813 3375 origo
1839 3343 1854 3369 ,
1904 3302 1958 3357 in
2008 3317 2113 3372 qua

538 3400 879 3469 potissimum
911 3398 1111 3455 dicitur
1142 3412 1263 3454 esse
1292 3397 1388 3453 Dei
1421 3396 1582 3454 visio.
1857 3397 1863 3403 '

1075 3547 1303 3604 CAPUT
1339 3546 1583 3603 XXXIX.

614 3662 773 3718 Vsus.
808 3664 859 3719 1.
883 3691 956 3703 --
977 3661 1153 3733 Igitur
1175 3661 1367 3732 Ioseph
1397 3665 1585 3716 ductus
1617 3669 1692 3717 est
1716 3661 1771 3714 in
1802 3659 2108 3731 Egi/ptum,

538 3756 760 3825 emitque
793 3769 912 3808 eum
944 3752 1209 3822 Putiphar
1245 3752 1509 3805 eunuchus
1533 3749 1850 3816 Pharaonis,
1875 3740 2112 3819 princeps

539 3847 819 3910 exercitus,
864 3845 942 3898 vir
966 3843 1272 3913 Egi/ptius,
1312 3843 1375 3897 de
1408 3858 1569 3896 manu
1612 3840 2027 3906 lsmaelitarum,
2080 3856 2112 3893 a

539 3936 727 4007 quibus
763 3936 1042 4005 perductus
1079 3947 1212 3988 erat.
1264 3935 1374 3988 Hoc
1420 3947 1581 4002 supra
1650 3932 1952 4000 expositum
2007 3939 2106 3996 est,

541 4030 795 4099 pigetque
826 4035 1092 4097 repetere.
1135 4026 1239 4080 Sed
1266 4026 1558 4079 notandum
1587 4023 1857 4092 quomodo
1897 4023 1996 4077 sub
2033 4030 2112 4077 tot

540 4119 697 4174 malis
730 4119 909 4190 posito
938 4128 1060 4174 cum
1090 4133 1155 4174 eo
1190 4118 1328 4174 Deus
1356 4117 1545 4181 fuerit,
1588 4123 1642 4169 et
1680 4115 1731 4169 in
1756 4115 1965 4169 cunctis
1991 4130 2112 4183 pro-

532 4224 695 4283 spere
723 4213 916 4281 egerit.
953 4209 1149 4265 Multos
1188 4217 1391 4264 certum
1424 4216 1508 4262 est
1535 4206 1713 4261 sinere
1764 4204 1869 4260 labi
1920 4206 2110 4271 Deum,

526 4319 646 4361 non
676 4314 737 4359 ut
771 4305 823 4358 in
858 4303 1019 4359 ﬁnem
1059 4303 1296 4371 deserat,
1340 4301 1434 4355 sed
1466 4308 1524 4354 ut
1576 4314 1642 4355 ex
1673 4314 1798 4354 casu
1854 4299 2107 4368 corrigat.

534 4396 765 4453 Videtur
794 4411 916 4452 cum
949 4396 1033 4450 bis
1074 4407 1177 4448 non
1205 4408 1344 4459 esse,
1375 4393 1500 4448 dum
1531 4403 1785 4462 peccant;
1819 4402 1902 4445 est
1932 4400 2111 4445 tamen

532 4500 597 4545 ut
622 4505 689 4546 ex
717 4497 941 4559 peccato
978 4487 1283 4556 proﬁciant,
1312 4485 1455 4555 quod
1481 4492 1536 4539 et
1582 4485 1633 4538 in
1674 4483 1800 4539 ﬁliis
1829 4483 2018 4549 Israel,
2059 4491 2115 4537 et
2138 4510 2193 4572 Β

536 4583 592 4636 in
637 4581 799 4635 Petro
828 4580 1072 4649 apostolo
1120 4580 1252 4633 satis
1278 4578 1558 4649 probatur,
1592 4578 1683 4647 qui
1727 4578 1780 4631 in
1828 4578 1959 4647 ipsis
2002 4576 2112 4632 suis

536 4674 753 4730 casibus
779 4689 808 4728 a
840 4673 952 4728 Deo
980 4672 1290 4728 revisuntur
1316 4672 1494 4741 potius
1537 4684 1699 4741 quam
1737 4670 2110 4740 reprobautur.

537 4766 616 4820 Ex
645 4780 711 4819 eo
739 4778 869 4834 ergo
913 4764 1057 4834 quod
1090 4764 1159 4818 ab
1184 4764 1305 4833 ipso
1338 4762 1501 4817 etiam
1552 4763 1695 4815 inter
1733 4762 1960 4815 crimina
2008 4776 2115 4815 non

530 4854 882 4920 deseruntur,
925 4862 1117 4909 cuncta
1152 4854 1253 4908 sibi
1292 4854 1500 4923 peccati
1554 4853 1857 4906 adversitas
1898 4852 1951 4905 in
1988 4867 2115 4920 pro-

536 4948 852 5016 speritatem
887 4934 1137 4999 vertitur.
1170 4942 1355 5012 (Vsus.
1395 4942 1472 5011 2.)
1522 4941 1661 5006 Quia
1702 4941 1800 5008 fuit
1860 4939 2115 4993 Dominus

534 5056 655 5093 cum
705 5055 785 5104 eo,
839 5035 1131 5106 insignilur
1166 5034 1278 5101 jam
1307 5035 1430 5097 viri,
1464 5034 1515 5087 id
1549 5041 1634 5087 est
1674 5031 1900 5086 viriliter
1927 5041 2114 5086 contra

532 5133 669 5186 vitia
702 5132 910 5203 agentis
933 5128 1215 5183 vocabulo.
1250 5125 1635 5197 Habitabatque
1662 5127 1718 5179 in
1736 5126 1891 5178 domo
1917 5126 2116 5179 domini

535 5228 618 5278 sui
663 5226 849 5295 (Vsus.
879 5224 934 5294 3)
958 5224 1047 5293 qui
1091 5222 1281 5289 optime
1308 5230 1520 5274 noverat
1548 5220 1828 5274 Dominum
1861 5237 1971 5274 esse
1999 5237 2116 5274 cum

438 5378 443 5383 ζ
536 5335 616 5384 eo,
655 5328 702 5372 et
730 5319 906 5372 omnia
930 5329 1047 5383 qua:
1075 5322 1270 5380 gereret
1297 5312 1361 5365 ab
1387 5329 1447 5365 eo
1477 5312 1637 5381 dirigi
1678 5312 1732 5364 in
1760 5328 1919 5365 manu
1946 5310 2112 5368 illius.

533 5409 796 5465 Habitare
826 5409 894 5461 ab
937 5418 1004 5458 eo
1033 5402 1175 5472 quod
1207 5411 1311 5471 est,
1358 5405 1567 5471 habere,
1617 5404 2012 5473 frequentative
2062 5405 2115 5459 in

531 5502 733 5557 ﬂexum
760 5514 860 5569 pro
893 5511 958 5551 eo
987 5493 1130 5564 quod
1156 5503 1256 5560 est,
1285 5497 1567 5562 dominari,
1598 5498 1836 5567 ponitur.
1870 5498 1927 5551 in
1959 5499 2117 5553 domo

530 5593 736 5661 itaque,
779 5590 833 5642 id
875 5595 959 5641 est
986 5584 1336 5653 conscientia,
1372 5603 1478 5657 qua
1533 5603 1766 5659 nequam
1812 5590 2116 5645 dominatus

529 5677 716 5734 Inerat
764 5675 1082 5746 appetitus,
1129 5676 1443 5743 proﬁciendi
1492 5680 1546 5733 in
1599 5680 1766 5735 Deum
1813 5681 2118 5735 dominatur

530 5766 791 5831 electus,
845 5773 902 5821 et
945 5764 1320 5831 experimento
1358 5768 1589 5827 addiscit
1621 5773 1890 5841 cupiditas
1944 5775 2113 5829 Deum

2226 532 2363 602 rigat
2388 530 2439 583 in
2468 532 2826 599 exsequendis
2855 531 3105 600 operibus
3132 541 3471 601 potestatem.

2296 620 2461 675 Vens.
2485 621 2539 675 4.
2572 652 2645 663 —
2676 622 2983 692 Inven'itque
3006 624 3199 691 Ioseph
3225 629 3450 695 gratiam
3489 648 3659 692 coram
3691 642 3775 698 do.

2222 714 2363 767 mino
2386 730 2502 782 suo,
2534 723 2583 767 et
2622 714 2951 767 ministrabat
2975 715 3053 779 ei;
3094 732 3126 768 a
3168 732 3269 785 quo
3299 724 3597 789 pra’positus
3623 734 3775 786 omni.

2224 803 2340 871 bus,
2385 804 2705 874 gubernabat
2745 804 2996 859 creditam
3031 805 3130 859 sibi
3178 806 3424 876 domum,
3467 822 3516 865 et
3556 818 3775 879 universa

2222 913 2340 967 quin
2366 898 2564 951 tradita
2593 896 2824 966 fuerant.
2872 895 3068 967 Ioseph
3111 915 3287 953 coram
3312 902 3524 957 domino
3550 922 3643 962 suo
3669 927 3777 980 gra.

2222 993 2350 1045 tiam
2397 994 2620 1058 invenit,
2674 1007 2795 1047 cum
2846 993 2986 1048 sacri
3038 996 3307 1065 appetitus
3365 1004 3660 1069 augmenti,
3698 1009 3774 1065 cui

2221 1097 2453 1151 nequam
2480 1083 2688 1151 pridem
2718 1084 3104 1140 dominabatur
3132 1085 3379 1153 allectus,
3410 1091 3477 1144 ad
3503 1091 3775 1152 illationem

2222 1175 2457 1230 carnalis
2498 1175 2788 1242 illecebrae,
2825 1192 2888 1232 ac
2932 1178 2978 1233 si
3020 1193 3203 1233 coram
3238 1180 3407 1249 ipsius
3435 1183 3681 1241 instantia
3706 1190 3776 1245 di.

2218 1269 2358 1324 vinae
2388 1270 2779 1339 protectionem
2805 1271 2991 1341 gratiae
3017 1274 3237 1342 reperit.
3263 1274 3324 1328 Ei
3348 1290 3476 1330 vero
3499 1278 3773 1349 ministrat,

2222 1376 2341 1416 cum
2387 1362 2455 1417 ab
2491 1361 2605 1431 ejus
2640 1378 2698 1417 se
2744 1362 3058 1419 {editatibus
3104 1366 3398 1421 avertendo
3444 1372 3777 1441 suggestioni-

2219 1451 2339 1518 bus,
2381 1451 2497 1522 ejus
2540 1454 2709 1508 totius
2737 1454 3038 1510 honestatis
3072 1455 3246 1510 ollicia
3277 1458 3497 1527 apponit
3523 1468 3576 1514 et
3604 1478 3776 1532 suppe-

2221 1545 2373 1599 ditat.
2424 1546 2507 1600 Ab
2546 1561 2612 1601 eo
2646 1548 2974 1616 praeponitur
3010 1549 3267 1614 omnibus,
3303 1551 3428 1620 quia
3473 1566 3539 1605 ex
3572 1555 3775 1609 materia

2220 1633 2492 1690 interioris
2520 1652 2714 1706 pugna:
2740 1638 3031 1707 superandi
3056 1640 3395 1694 occasionem
3427 1642 3685 1709 praebens,
3730 1645 3773 1699 id

2221 1735 2305 1781 est
2332 1726 2556 1783 allectus
2589 1743 2687 1784 nos
2722 1732 2924 1784 nostris
2953 1732 3189 1788 motibus
3219 1732 3462 1803 praefert,
3494 1735 3617 1789 dum
3643 1736 3774 1791 subi-

2223 1832 2350 1888 gere
2383 1819 2594 1873 nititur.
2637 1819 2863 1874 Domum
2895 1822 3182 1888 creditam,
3213 1821 3267 1879 et
3295 1824 3477 1878 omnia
3508 1826 3658 1881 nobis
3686 1836 3779 1882 tra-

2223 1911 2334 1965 dita
2365 1912 2755 1981 gubernamus,
2788 1913 2916 1968 dum
2949 1916 3293 1972 commissam
3324 1932 3356 1971 a
3384 1919 3496 1973 Deo
3518 1921 3776 1977 conscien-

2221 2004 2354 2058 tiam
2381 2012 2437 2059 et
2460 2014 2655 2060 castera
2686 2006 2880 2063 animae
2909 2008 3048 2063 bona
3079 2012 3354 2081 sagaciter
3378 2012 3632 2083 regimus.

2295 2096 2453 2152 Vens.
2468 2096 2522 2162 5,
2542 2096 2667 2153 ϐρ-
2685 2097 3059 2173 Benedixitque
3080 2102 3335 2159 Dominus
3356 2105 3541 2159 domui
3561 2104 3779 2176 £ggptii

2221 2200 2432 2260 propter
2467 2191 2684 2263 Ioseph,
2717 2202 2764 2247 et
2787 2194 3169 2265 multiplicauit,
3201 2207 3309 2251 tam
3342 2199 3400 2251 in
3423 2199 3618 2253 aedibus
3640 2216 3779 2270 quam

2223 2284 2280 2338 in
2322 2287 2489 2355 agris,
2530 2298 2773 2342 cunctam
2821 2289 2937 2359 ejus
2974 2291 3363 2359 substantiam;
3402 2309 3495 2347 nec
3518 2294 3779 2364 quidquam

2224 2374 2372 2428 aliud
2418 2388 2658 2443 noverat,
2695 2381 2796 2433 nisi
2848 2396 3036 2450 panem
3080 2398 3182 2452 quo
3239 2385 3559 2438 uescebatur.
3601 2385 3782 2440 Domus

2224 2466 2464 2539 Egyptii
2500 2479 2725 2541 prepter
2756 2471 2956 2544 Ioseph
2991 2475 3352 2541 benedicitur,
3379 2492 3501 2531 cum
3528 2477 3783 2532 conscien-

2225 2559 2297 2612 tia
2331 2560 2565 2617 tenebris
2600 2563 2859 2619 cteeitatis
2886 2573 2940 2619 et
2987 2565 3308 2635 ignorantia:
3354 2566 3566 2635 pridem
3595 2581 3779 2636 pressa,

2222 2667 2321 2722 per
2349 2656 2646 2723 appetitum
2696 2657 2833 2712 bene
2876 2657 3194 2727 proﬁciendi
3245 2659 3447 2714 divinis
3493 2661 3784 2715 muneribus

2222 2744 2491 2810 evehitur,
2534 2755 2620 2810 et,
2671 2756 2780 2801 tam
2829 2749 2884 2801 in
2936 2750 3253 2804 interiorum
3290 2752 3555 2806 virtutum
3601 2753 3784 2807 adibus

2224 2849 2385 2904 quam
2441 2839 2492 2892 in
2550 2841 2715 2909 agris,
2767 2842 3047 2898 exercitiis
3092 2844 3350 2900 videlicet
3403 2847 3782 2916 corporalibus,

2224 2936 2417 2982 cuncta
2451 2930 2829 2986 rationalitatis
2855 2931 2972 3001 ejus
2996 2936 3322 3001 substantia,
3355 2953 3479 3007 quas
3514 2938 3780 2993 structuris

2221 3034 2445 3089 cperum
2488 3023 2659 3078 instar
2686 3022 2844 3079 fortis
2889 3024 3226 3093 fundamenti
3280 3030 3518 3096 substat,
3561 3038 3786 3100 augetur,

2220 3125 2276 3171 et
2330 3124 2537 3173 remoto
2586 3125 2829 3174 veterum
2872 3118 3254 3192 indignitatum
3302 3138 3436 3189 usu,
3487 3124 3631 3178 solus
3680 3124 3790 3176 vitae

2221 3215 2438 3264 aeterna
2486 3211 2639 3279 panis
2686 3211 3019 3281 agnoscitur.
3054 3213 3186 3268 Erat
3230 3223 3418 3270 autem
3467 3214 3655 3283 Ioseph
3692 3213 3795 3283 pul-

2220 3298 2346 3351 chra
2360 3296 2594 3365 facie,~et
2614 3298 2832 3351 decorus
2856 3310 3084 3367 aspectu.
3112 3299 3202 3354 Illa
3225 3300 3491 3357 videlicet
3513 3302 3663 3366 facie,
3690 3311 3793 3370 qua

2220 3401 2253 3441 a
2294 3386 2525 3441 Domino
2564 3386 2733 3441 lavari
2759 3388 3003 3457 iubetur,
3051 3390 3205 3460 cujus
3245 3390 3521 3460 singulari
3556 3401 3677 3446 tunc
3713 3390 3792 3443 de-

2221 3494 2353 3535 core
2385 3478 2529 3534 Deus
2555 3480 2834 3549 aSpicitur.

2293 3571 2457 3626 Vens.
2483 3572 2537 3624 7.
2565 3599 2637 3610 —
2661 3569 2793 3625 Post
2820 3572 3014 3627 multos
3038 3575 3215 3643 itaque
3243 3574 3352 3628 dies
3387 3574 3567 3645 injecit
3598 3572 3793 3627 domina

2220 3660 2400 3716 oculos
2427 3677 2549 3715 suos
2597 3665 2650 3715 in
2691 3660 2908 3733 Ioseph,
2939 3674 2987 3716 et
3021 3666 3095 3717 ait
3118 3664 3345 3720 :Dormi
3396 3684 3619 3722 mecum.
3681 3665 3792 3719 Post

2221 3751 2419 3806 multas
2451 3752 2714 3807 virtutum
2751 3752 3120 3819 claritudines,
3163 3757 3632 3827 concupiscentia,
3662 3762 3792 3826 post-

2222 3859 2383 3913 quam
2412 3845 2480 3900 ad
2515 3854 2723 3913 tempus
2749 3846 2915 3911 siluit,
2950 3848 3187 3901 rediviva
3220 3851 3428 3904 veteris
3461 3849 3680 3905 dominii
3716 3860 3791 3901 re-

2222 3934 2447 3989 cordata
2476 3936 2772 4004 consurgit,
2817 3945 3016 4004 etquae
3045 3938 3330 3992 videbatur
3351 3954 3574 4002 aversa,
3607 3936 3790 4000 oculos,

2221 4026 2275 4080 id
2311 4036 2395 4081 est
2450 4020 2685 4081 tentandi
2729 4028 3057 4084 intentiones
3104 4030 3159 4083 in
3214 4031 3418 4086 bonam
3470 4032 3786 4088 voluntatem

2219 4119 2483 4186 congerit.
2522 4118 2733 4184 Dormi,
2785 4122 2980 4191 inquit,
3015 4138 3235 4189 mecum,
3282 4125 3333 4177 id
3384 4134 3472 4180 est
3521 4119 3793 4192 volupta‘is

2219 4208 2417 4264 oblatae
2444 4210 2728 4279 acquiesce
2762 4213 3041 4281 suscipere
3086 4228 3356 4270 somnum.
3394 4218 3590 4289 (Vens.
3632 4215 3685 4279 8,
3721 4212 3791 4282 9.)

2221 4299 2330 4356 Sed
2349 4303 2493 4370 operi
2515 4302 2717 4371 nefario
2740 4319 3067 4373 nequaquam
3083 4307 3441 4376 acquiescens,
3464 4309 3540 4361 ait
3560 4308 3629 4360 ad
3651 4320 3755 4359 eam
3776 4316 3792 4355 :

2221 4396 2359 4451 Ecce
2390 4400 2654 4462 dominus,
2696 4400 2936 4453 omnibus
2972 4401 3097 4453 mihi
3137 4402 3368 4468 traditis,
3424 4406 3635 4473 ignorat
3679 4396 3794 4469 quid

2220 4486 2406 4540 habeat
2435 4489 2489 4541 in
2518 4488 2671 4542 domo
2708 4505 2844 4554 sua;
2876 4507 2967 4543 nec
3005 4493 3291 4561 quidquam
3322 4503 3397 4547 est
3434 4493 3583 4563 quod
3618 4507 3718 4546 non
3744 4490 3795 4540 in

2217 4593 2334 4631 mea
2362 4580 2430 4631 sit
2465 4588 2737 4647 potestate,
2774 4580 2848 4634 uel
2884 4597 2987 4633 non
3018 4582 3292 4635 tradiderit
3327 4584 3484 4646 mihi,
3517 4591 3708 4652 prteter
3731 4589 3793 4640 te,

2218 4686 2334 4740 qua:
2355 4686 2490 4724 uxor
2519 4676 2633 4740 ejus
2665 4689 2736 4725 es.
2779 4672 2935 4737 Quia,
2967 4672 3164 4742 inquit,
3194 4674 3240 4728 is
3265 4675 3355 4743 qui
3392 4674 3530 4727 mihi
3564 4672 3797 4728 domina-

2219 4762 2381 4815 batur
2413 4762 2693 4816 universas
2729 4762 2961 4831 ineptias
2988 4778 3117 4817 suas
3148 4778 3267 4818 meo
3299 4766 3524 4833 subegit
3555 4761 3794 4831 imperio,

2219 4864 2273 4908 et
2312 4853 2366 4907 in
2402 4853 2562 4907 domo
2587 4854 2858 4922 quondam
2889 4870 3004 4917 sua,
3035 4855 3243 4910 scilicet
3269 4856 3610 4910 conscientia
3655 4855 3797 4924 igno-

2219 4951 2307 4998 rat
2337 4944 2594 5009 quidnam
2641 4959 2797 4998 suum
2826 4954 3015 4999 notare
3040 4956 3224 5014 queat,
3268 4946 3361 5000 sed
3390 4947 3583 5000 omnia
3616 4947 3798 5014 parent

2218 5033 2450 5089 rationis
2492 5031 2731 5100 judicio,
2779 5044 2968 5104 praeter
3014 5046 3100 5099 te,
3150 5036 3640 5106 concupiscentia,
3687 5043 3797 5105 qua:

2218 5130 2372 5199 pravi
2406 5128 2629 5184 allectus
2655 5129 2794 5185 male
2838 5128 2945 5183 feta
2992 5145 3127 5183 uxor
3161 5147 3215 5184 es
3242 5170 3257 5196 ,
3313 5146 3437 5199 quae
3481 5132 3797 5199 inquantum

2219 5236 2509 5291 suggerere
2535 5221 2674 5276 mala
2702 5237 2809 5276 non
2842 5222 3066 5286 desinis,
3102 5223 3275 5293 subigi
3311 5224 3542 5277 omnino
3573 5235 3682 5274 non
3709 5231 3799 5287 pec

2220 5324 2320 5369 tes.
2351 5316 2621 5380 Quomodo
2650 5332 2771 5385 ergo
2799 5331 3011 5385 possum
3040 5317 3238 5370 malum
3269 5318 3363 5372 hoc
3382 5316 3592 5385 facere,
3621 5328 3667 5368 et
3689 5326 3799 5382 pet:-

2219 5428 2340 5465 care
2368 5412 2422 5465 iu
2450 5411 2617 5464 Deum
2644 5412 2851 5464 meum?
2876 5411 3027 5477 Quod
3057 5420 3141 5465 est
3183 5411 3398 5464 dicere:
3424 5408 3568 5464 Cum
3596 5403 3799 5476 appeti.

2224 5513 2310 5559 tus
2347 5520 2498 5558 meus
2533 5503 2820 5573 aliquanio
2850 5504 3107 5557 Dominus
3138 5520 3196 5557 se
3229 5504 3356 5557 mihi
3397 5500 3710 5562 tradiderit,
3753 5492 3800 5547 id

2220 5601 2305 5647 est
2330 5590 2771 5659 irrelragabiliter
2790 5604 2848 5643 se
2878 5604 2999 5643 meo
3013 5587 3119 5657 juri
3148 5589 3284 5642 tradi
3310 5586 3653 5657 permiserit,
3674 5595 3801 5652 quo-

2221 5685 2380 5739 modo
2408 5682 2964 5750 concupiscentiarum
2988 5692 3200 5738 tuarum
3225 5679 3443 5738 ellectui
3471 5673 3801 5735 continentia

2222 5790 2340 5831 mea
2367 5773 2656 5828 convenire
2693 5772 2926 5839 poterit?
