3978 6332
556 373 659 432 271

1326 361 1390 417 ν.
1427 359 1751 419 GUIBEBTI
1771 356 2062 416 ABBATIS
2118 354 2176 411 S.
2214 352 2450 409 MARl/E
2489 353 2576 410 DE
2614 356 3007 417 NOVIGENTO

3679 373 3772 434 27!

559 490 805 546 diuntnr.
859 482 1129 555 Quidquid
1180 479 1258 543 ﬁt,
1305 475 1400 529 sub
1431 475 1542 545 ipso
1564 482 1670 539 est,
1715 473 1843 542 quia
1873 471 2132 542 quidquid
2158 474 2360 543 Aquia
2405 473 2576 528 solum
2626 473 2848 529 meliora
2900 471 3118 543 gerendi
3164 472 3505 545 desiderium,
3554 480 3769 548 defectus

559 583 904 639 extrinsecus
929 572 1359 632 administratur,
1388 567 1487 621 sub
1527 566 1755 621 rationis
1792 565 2129 636 providentia

494 674 503 683 “
558 682 664 731 est.
694 673 910 728 Etcum
939 664 1118 720 omnia
1156 658 1443 715 contradat
1482 660 1669 714 intima
1723 675 1818 715 sua
1859 660 1926 714 ad
1956 658 2131 729 prole-

558 772 679 822 ctus
708 760 963 819 studium,
993 768 1095 807 non
1127 751 1274 805 novit
1307 750 1552 822 profecto
1578 752 1777 822 aliquid
1799 762 1997 821 praeter
2023 752 2132 807 vir-

500 856 503 865 “
556 855 692 914 tutis
731 853 1098 921 augmentum.
1157 845 1414 899 Dominus
1460 846 1599 899 enim
1648 853 1733 900 est
1770 862 1887 899 cum
1930 844 2042 910 illo,
2075 845 2131 900 in

555 943 870 1006 inﬁrmitate
914 939 1173 994 virtutem
1236 938 1509 1006 faciendo,
1559 948 1613 994 et
1650 953 1748 1009 per
1802 940 2132 995 tentationes

551 1050 739 1108 opera,
799 1047 864 1089 ac
912 1032 960 1089 si
1017 1032 1161 1089 inter
1209 1032 1406 1088 hiemis
1442 1040 1688 1102 torpores
1739 1033 1948 1090 semina
2000 1013 2133 1089 diri-

549 1128 745 1204 gendo.
1564 1164 1571 1169 ο

1139 1215 1367 1273 CAPUT
1415 1215 1529 1271 XL.

626 1309 790 1367 Vsus.
824 1309 877 1375 l,
902 1308 959 1364 2.
988 1337 1059 1351 —
1087 1306 1188 1362 His
1217 1308 1319 1363 ista
1346 1315 1520 1378 gestis,
1557 1307 1746 1362 accidit
1778 1318 1832 1362 ut
1861 1316 2132 1378 peccarent

550 1404 656 1460 duo
718 1402 976 1468 eunuchi,
1034 1401 1285 1470 pincerna
1346 1402 1481 1471 regis
1541 1400 1799 1471 Egypti,
1846 1410 1895 1455 et
1941 1402 2130 1471 pistor,

550 1498 762 1553 domino
795 1512 910 1550 suo.
946 1493 1228 1564 [ratusque
1262 1493 1475 1548 Pharao
1500 1505 1681 1548 contra
1712 1511 1798 1549 eos
1820 1494 1977 1563 (nam
2000 1492 2134 1548 alter

548 1588 812 1660 pincernis
831 1594 1080 1657 pra'erat,
1111 1584 1246 1639 alter
1263 1584 1564 1657 pistoribus)
1595 1586 1736 1638 misit
1760 1601 1847 1639 eos
1877 1588 1931 1639 in
1958 1601 2135 1639 carce-

548 1696 661 1736 rem
679 1680 927 1750 principis
957 1677 1203 1742 militum,
1240 1679 1295 1732 in
1330 1694 1431 1747 quo
1462 1685 1574 1731 erat
1604 1677 1806 1731 vinctus
1840 1685 1889 1730 et
1911 1664 2130 1746 Ioseph.

549 1769 843 1840 Postquam
883 1769 1024 1824 inter
1076 1769 1402 1823 tentationes
1454 1769 1527 1822 ita
1589 1769 1805 1823 animus
1844 1768 2130 1835 solidatur,

2233 580 2418 621 eorum
2448 565 2641 631 reﬁcit,
2674 575 2729 621 et
2750 566 2990 621 innovat.

2306 658 2470 714 Vsus.
2507 658 2560 713 5.
2591 688 2662 700 —-
2698 660 3039 729 Aliquantum
3076 661 3321 730 temporis
3367 665 3608 733 ﬂuxerat,
3636 674 3769 730 etilli

2230 748 2287 803 in
2312 749 2547 804 custodia
2604 750 2929 805 tenebantur.
2966 748 3319 824 Videruntque
3358 758 3507 811 ambo
3541 775 3772 821 somnium

2234 852 2380 896 nocte
2431 858 2557 908 una,
2597 841 2758 912 juxta
2804 843 3283 912 interpretationem
3346 862 3617 916 congruam
3665 855 3773 912 sibi,

2235 931 2500 1003 Temporis
2525 932 2643 989 ﬁuit
2676 933 3026 1005 aliquantum,
3075 951 3195 990 cum
3235 950 3300 990 ex
3333 950 3481 1007 parte
3514 940 3577 995 ab
3618 945 3775 1001 animo

2234 1022 2544 1079 destituitur
2569 1024 2801 1079 aviditas
2824 1024 3217 1094 temporalium.
3241 1023 3442 1081 Partim
3470 1043 3591 1084 vero
3614 1045 3775 1088 custo-

2233 1123 2323 1179 dia
2362 1125 2495 1180 tenti
2541 1126 2801 1180 somnium
2850 1133 2998 1180 nocte
3022 1141 3128 1179 una
3162 1122 3363 1190 vident,
3402 1126 3522 1195 quia
3564 1130 3774 1185 nondum

2232 1216 2528 1287 corporalis
2554 1225 2802 1285 expertes
2822 1216 3101 1279 molestiae,
3127 1224 3185 1269 ut
3228 1218 3294 1270 ad
3326 1216 3669 1273 conﬁtendum
3693 1236 3775 1277 no-

2233 1308 2363 1362 mini
2398 1308 2488 1363 Dei
2521 1308 2586 1363 de
2606 1308 2847 1363 custodia
2879 1308 3159 1377 prodeant,
3190 1306 3256 1361 ad
3288 1308 3473 1362 horam
3501 1322 3531 1362 a
3574 1310 3776 1381 negotiis

2233 1403 2553 1459 extrinsecis
2605 1404 2901 1474 sopiuntur
2956 1411 3013 1457 et
3079 1402 3242 1457 corde
3295 1401 3542 1471 vigilant,
3581 1402 3633 1457 in
3686 1419 3776 1473 quo

2232 1497 2351 1553 luce
2390 1497 2606 1552 clariori
2652 1510 2843 1554 somno
2874 1496 3075 1551 mentis
3113 1496 3308 1550 intuitu
3360 1494 3530 1560 utilia,
3572 1495 3776 1565 vittaque

2232 1603 2470 1659 congrua
2500 1604 2610 1645 suae
2633 1596 2889 1645 tractant.
2913 1588 3107 1658 (Vens.
3134 1586 3187 1652 6,
3224 1586 3299 1656 7.)
3328 1586 3407 1638 Ad
3433 1602 3556 1655 quos
3582 1602 3687 1640 cum
3717 1588 3779 1642 in-

2233 1680 2433 1735 troisset
2458 1679 2652 1751 Joseph
2680 1697 2855 1746 mane,
2875 1689 2922 1735 et
2954 1679 3161 1733 vidisset
3187 1693 3273 1732 eos
3296 1679 3486 1744 tristes,
3512 1677 3775 1734 sciscitatus

2232 1781 2327 1837 est,
2378 1773 2583 1827 dicens:
2615 1771 2725 1826 Cur
2747 1772 2951 1826 tristior
2972 1784 3043 1826 est
3073 1770 3225 1825 hodie
3246 1768 3398 1825 solito
3419 1768 3575 1838 {acies
3595 1772 3779 1825 vestra!

554 1869 685 1915 tunc
708 1861 936 1913 duorum
970 1858 1180 1913 illormn
1210 1859 1304 1929 qui
1340 1875 1397 1914 se
1426 1874 1523 1928 pro
1550 1859 1646 1913 Dei
1687 1874 1853 1930 regno
1886 1869 2131 1916 castraut
2164 1854 2207 1908 Β
2231 1863 2313 1918 Ad
2365 1865 2463 1920 hos
2489 1863 2682 1935 Joseph
2733 1880 2886 1919 mane
2932 1863 3249 1934 ingreditur,
3292 1876 3415 1916 cum
3461 1861 3643 1914 divinae
3677 1861 3778 1916 illu-

553 1951 923 2008 eunuchorum
954 1960 1139 2007 reatus
1178 1953 1510 2024 agnoscitur.
1542 1950 1647 2005 Per
1680 1953 1939 2021 pistorem
1964 1954 2134 2009 ratio-

554 2043 642 2099 nis
690 2044 772 2098 vis
826 2044 1109 2114 accipitur,
1175 2060 1295 2115 quae
1341 2060 1504 2098 manu
1575 2045 1918 2099 discretionis
1972 2047 2133 2101 dubia

552 2134 807 2206 quaelibet
836 2138 985 2189 novit
1010 2135 1265 2204 pinsere;
1298 2149 1397 2205 per
1423 2136 1740 2206 pincernam
1774 2137 1914 2191 bona
1945 2136 2135 2191 volun-

551 2232 657 2292 tas,
687 2241 808 2296 quae
860 2224 1162 2295 spiritualis
1214 2226 1460 2294 poculum
1510 2227 1818 2284 dilectionis
1856 2231 2137 2285 consuevit

550 2317 824 2385 excipere.
848 2314 1142 2384 Postquam
1172 2324 1357 2387 Itaque
1386 2319 1558 2389 gratia
1584 2319 1636 2373 in
1667 2329 1964 2391 conspectu
1986 2322 2137 2390 prin-

550 2403 690 2473 cipis
714 2405 953 2459 carceris
988 2404 1280 2468 invenitur,
1312 2404 1523 2460 fructus
1551 2406 1791 2476 ejusdem
1818 2407 2007 2478 gratiae
2037 2421 2135 2477 per

551 2496 961 2568 intelligentiam
992 2496 1183 2567 culpae,
1216 2500 1444 2552 rationis
1476 2498 1684 2553 scilicet
1716 2514 1781 2555 ac
1820 2498 2133 2563 voluntatis,

496 2616 497 2619 η
552 2587 810 2657 aperitur.
864 2587 1104 2659 Utraque
1145 2598 1326 2643 autem
1354 2589 1497 2660 regis
1537 2589 1757 2661 Egypti
1788 2604 1908 2646 esse
1938 2588 2134 2643 dicun-

552 2688 660 2743 tur,
684 2678 810 2749 quia
843 2688 899 2733 et
943 2680 1084 2735 ratio
1125 2696 1189 2735 ac
1210 2682 1462 2737 voluntas
1491 2690 1698 2748 nostra,
1744 2688 1869 2735 ante
1908 2696 2139 2736 conver-

549 2769 782 2835 sionem,
812 2768 1025 2825 diabolo
1052 2771 1238 2825 mundi
1270 2772 1501 2842 principi
1535 2772 1774 2827 servisse
1815 2781 2134 2827 noscuntur.

548 2861 724 2918 Porro
760 2872 1006 2933 peccant,
1046 2878 1168 2918 cum
1210 2879 1306 2919 sua
1356 2874 1581 2936 peccata
1617 2881 1723 2922 non
1768 2866 2135 2921 dissimulant.

551 2952 707 3011 Unde
762 2963 819 3010 et
859 2954 991 3026 justi
1048 2955 1317 3020 dicuntur,
1369 2958 1462 3026 qui
1520 2973 1581 3013 se
1629 2957 1765 3014 falso
1808 2957 2133 3029 justiﬁcant.

553 3044 678 3099 Non
706 3045 835 3109 veni,
877 3045 1070 3115 inquit,
1097 3061 1281 3100 vocare
1301 3047 1476 3116 justas
1516 3046 1736 3118 (Matth.
1769 3065 1844 3114 ts,
1877 3051 1989 3116 1'5).
2029 3049 2138 3103 Sed

508 3192 513 3203 _
550 3144 781 3205 peccant
825 3151 925 3191 suo
955 3135 1205 3201 Domino,
1237 3136 1362 3206 quia
1400 3144 1542 3207 quod
1582 3153 1640 3193 se
1670 3154 1931 3209 peccasse
1959 3138 2137 3209 paeni-

551 3227 715 3284 tendo
768 3228 1007 3284 fatentur
1064 3238 1234 3284 totum
1283 3230 1343 3284 ﬁt
1403 3230 1666 3287 irritando
1723 3232 2138 3303 adjiciendaque

553 3323 790 3381 diabolo.
826 3324 959 3379 Cum
1015 3333 1197 3379 autem
1252 3322 1435 3380 multae
1486 3326 1745 3393 rationes,
1796 3326 1977 3382 multa:
2042 3342 2139 3397 pro

551 3416 734 3472 causis
762 3416 1066 3472 voluntates
1108 3415 1237 3483 sint,
1293 3431 1399 3470 una
1450 3424 1628 3471 tamen
1674 3417 1930 3472 divinitus
1969 3418 2138 3487 inSpi-

553 3519 674 3563 rata
724 3508 977 3562 voluntas
1029 3522 1094 3561 ac
1125 3507 1284 3568 ratio,
1329 3508 1485 3577 quasi
1543 3508 1802 3578 pincerna
1855 3509 2138 3579 pistorque

552 3602 888 3673 praeminet.
925 3600 988 3654 lli
1017 3600 1303 3655 mittuntur
1331 3602 1386 3655 in
1436 3617 1695 3657 carcerem
1720 3603 1968 3672 principis
1994 3602 2138 3656 mili-

508 3728 515 3737 -
551 3705 664 3750 tum
708 3709 739 3748 a
771 3694 1051 3750 Pharaone
1093 3692 1254 3758 irato,
1283 3708 1406 3749 cum
1454 3695 1553 3750 sub
1582 3692 1704 3763 jura
1734 3695 1983 3760 rationis,
2018 3712 2139 3766 qutn

552 3787 783 3844 internae
840 3785 1045 3840 militiae
1115 3793 1313 3841 nostra
1379 3786 1583 3857 primas
1648 3794 1764 3852 est,
1824 3787 2143 3859 rediguntur

551 3888 781 3950 urgente
808 3876 1020 3932 diabolo
1037 3876 1198 3931 etiam
1224 3877 1339 3947 ipsa
1365 3892 1487 3933 cum
1516 3877 1798 3933 voluntate
1822 3880 1979 3935 ratio.
2019 3879 2141 3950 lpsa

552 3973 699 4027 enim
727 3970 867 4025 ratio
897 3969 997 4024 sibi
1028 3968 1335 4038 subjicitur,
1364 3986 1485 4026 cum
1515 3972 1752 4025 humana
1779 3972 1980 4040 aliquid
2012 3974 2142 4029 sub-

552 4060 750 4117 tilitate
786 4068 1062 4131 appetens,
1113 4060 1292 4115 divina
1325 4061 1697 4115 moderatione
1731 4061 2025 4116 reducitur.
2072 4062 2142 4118 Et

553 4154 804 4210 voluntas
832 4154 876 4208 si
907 4153 1046 4209 bona
1075 4162 1177 4220 est,
1206 4152 1453 4216 nilaliud
1485 4169 1643 4223 quam
1670 4154 1809 4207 ratio
1843 4164 1943 4209 est.
1981 4156 2139 4210 Atta-

553 4261 679 4303 men
714 4260 821 4301 non
849 4244 968 4301 sine
995 4244 1235 4299 maximo
1276 4243 1624 4300 discretionis
1654 4243 1886 4310 intuitu;
1936 4246 2015 4301 sic
2044 4260 2139 4316 per

553 4339 798 4405 nomina,
828 4347 883 4394 et
916 4338 1082 4393 etiam
1119 4351 1208 4392 res
1243 4336 1613 4406 distinguitur.
1647 4334 1799 4391 Unde
1824 4347 1880 4392 et
1914 4339 1965 4392 in
1993 4340 2140 4409 Apo-

551 4434 756 4506 calypsi
790 4432 993 4499 throni,
1038 4430 1315 4497 animalia,
1345 4428 1541 4499 angeli,
1592 4429 1837 4485 seniores
1886 4431 2139 4487 dicuntur

552 4524 738 4595 (Apoc.
770 4538 823 4587 v,
853 4521 930 4594 6),
982 4520 1124 4576 idem
1177 4519 1394 4590 quidem
1442 4519 1822 4590 signiﬁcantia,
1853 4530 1907 4576 et
1954 4532 2131 4577 tamen

552 4612 662 4667 alio
702 4612 861 4667 modo
906 4610 1140 4667 diversa.
1198 4611 1276 4666 De
1310 4613 1411 4666 hac
1434 4611 1683 4681 captione
1711 4610 1763 4665 in
1812 4610 2133 4683 Apocalypsi

551 4703 790 4759 dicitur:
845 4703 979 4759 Ecce
1034 4706 1292 4758 missurus
1348 4714 1423 4758 est
1471 4722 1536 4759 ea:
1586 4706 1728 4760 vobis
1768 4706 2008 4761 diabolus
2082 4709 2137 4761 in

552 4809 812 4848 carcerem
858 4805 904 4849 et
956 4795 1209 4849 habebitis
1262 4795 1652 4851 tribulationem
1719 4798 1898 4852 diebus
1960 4800 2137 4854 decem

555 4883 738 4953 (Apoc.
766 4901 826 4949 ιι,
850 4886 961 4955 10).
988 4885 1044 4940 ln
1070 4885 1173 4940 hoc
1194 4900 1414 4941 carcere
1437 4888 1648 4941 vinctus
1671 4886 1867 4957 Joseph
1901 4897 2136 4956 tenetur,

550 4992 675 5031 cum
698 4978 793 5045 ipsi
819 4977 1015 5031 interni
1040 4979 1310 5049 appetitus
1329 4978 1602 5048 augmenti
1618 4988 1938 5047 tempestate
1954 4979 2141 5036 diabo-

553 5070 654 5127 lica
685 5072 1033 5142 praepeditum
1069 5070 1256 5140 (Vens.
1288 5072 1369 5139 4.),
1394 5071 1500 5126 Sed
1532 5073 1703 5142 pistor
1728 5082 1781 5126 et
1821 5073 2074 5143 pincerna
2105 5092 2137 5131 a

553 5166 779 5217 custode
824 5163 1060 5218 carceris
1107 5161 1307 5233 Ioseph
1373 5163 1681 5227 traduntur,
1727 5179 1848 5217 cum
1900 5165 2039 5220 ratio
2083 5174 2139 5222 et

553 5254 804 5310 voluntas
835 5270 865 5307 a
914 5253 1097 5307 divino
1146 5254 1238 5323 qui
1264 5253 1365 5307 sibi
1407 5254 1660 5323 prmsidet
1707 5253 2005 5318 intellectu,
2045 5258 2137 5329 qui

552 5344 699 5400 inter
737 5359 1008 5399 :erumnas
1045 5343 1193 5398 solus
1229 5345 1499 5400 custodire
1538 5344 1756 5413 sufﬁcit,
1789 5348 1855 5401 ad
1902 5348 2139 5404 caelestis

552 5434 829 5505 augmenti
869 5432 1196 5486 desiderium
1223 5435 1377 5502 quasi
1401 5435 1668 5506 singulare
1696 5437 1960 5509 refugium
1991 5455 2138 5494 com-

550 5523 842 5594 pelluntur.
873 5519 1029 5573 Aliud
1055 5528 1140 5574 est
1165 5529 1343 5576 autem
1376 5523 1515 5579 bona
1546 5525 1813 5593 voluntas,
1839 5528 1981 5583 aliud
2009 5529 2136 5587 boni

550 5611 826 5683 appetitus
846 5609 1141 5677 augmenti,
1166 5609 1293 5665 licet
1313 5612 1427 5681 ipse
1449 5619 1520 5671 sit
1551 5618 1687 5673 bona
1712 5619 1979 5686 voluntas,
2008 5623 2134 5692 quia

551 5706 704 5761 sunt,
757 5695 847 5763 qui
891 5696 1046 5751 bona:
1093 5697 1161 5753 ad
1200 5701 1474 5769 proximos
1510 5706 1808 5765 aﬂ'ectionis
1852 5720 1998 5778 sunt,
2038 5715 2132 5769 sed

548 5787 865 5863 promoveri
899 5788 966 5845 ad
1006 5788 1199 5847 altiora
1230 5793 1442 5853 nolunt.
1468 5796 1664 5872 Joseph
1702 5802 1785 5859 his
1833 5804 2131 5875 ministrat,

2236 1953 2500 2009 stratione
2560 1953 2889 2007 visitationis
2942 1959 3264 2022 penetrante
3311 1947 3576 2011 allectum.
3626 1949 3777 2004 omnis

2235 2046 2579 2102 conscientiae
2617 2060 2864 2100 recessus
2903 2044 3031 2113 quid
3065 2040 3355 2113 intelligat,
3397 2039 3643 2110 quidquid
3674 2039 3778 2095 velit

2235 2140 2531 2193 secundum
2561 2135 2729 2192 Deum
2762 2136 3071 2198 discutitur,
3097 2143 3152 2187 et
3182 2141 3313 2188 tunc
3350 2134 3517 2185 tristes
3540 2131 3774 2195 videntur,

2236 2230 2362 2301 quia
2404 2237 2555 2283 tanto
2593 2230 2763 2300 magis
2810 2229 3117 2284 intellectus
3143 2243 3206 2282 ac
3244 2226 3492 2282 voluntas
3539 2223 3776 2295 allligitur,

2236 2328 2438 2390 quanto
2467 2318 2533 2373 ad
2558 2318 2817 2373 interiora
2847 2318 3099 2373 subtilius
3135 2330 3232 2387 per
3260 2330 3505 2386 supernae
3528 2314 3656 2368 lucis
3673 2328 3780 2367 exa-

2236 2422 2358 2464 men
2388 2408 2637 2462 intratur.
2669 2405 2772 2473 Qui
2804 2408 2941 2463 enim
2984 2406 3131 2460 addit
3166 2405 3453 2469 scientiam,
3480 2404 3617 2458 addit
3655 2403 3781 2458 dolo-

2238 2516 2346 2554 rem
2384 2497 2584 2570 (Eccle.
2635 2516 2675 2564 t,
2736 2498 2845 2569 18).
2893 2498 3064 2565 Quem
3117 2506 3298 2552 tamen
3348 2496 3559 2567 pietatis
3596 2494 3779 2550 aﬁectio

2238 2590 2478 2645 dolorem
2517 2597 2786 2661 temperat
2824 2598 2878 2644 et
2905 2589 3132 2656 solatur,
3176 2596 3230 2643 et
3262 2587 3453 2642 faciem
3481 2587 3665 2650 cordis,
3693 2599 3780 2654 qua

2237 2682 2381 2737 Deus
2402 2682 2667 2737 videndus
2696 2691 2797 2744 est,
2832 2681 2887 2735 in
2917 2683 3103 2737 eodem
3139 2681 3258 2751 ipso
3289 2680 3380 2749 qui
3430 2678 3580 2734 hodie
3606 2676 3782 2731 indele-

2238 2774 2439 2830 ctibilis
2466 2773 2601 2830 lucis
2632 2774 2793 2829 habet
2835 2773 3208 2838 constitutam,
3243 2788 3343 2828 cur
3367 2772 3433 2826 ab
3459 2772 3643 2826 interni
3668 2768 3781 2822 lati-

2240 2866 2312 2921 tia
2338 2866 2557 2921 luminis
2578 2867 2907 2921 aversiorem
2931 2864 3090 2921 solito
3124 2875 3342 2938 gerant,
3373 2872 3633 2921 causatur.
3657 2860 3784 2917 Solet

2238 2959 2383 3013 enim
2412 2958 2560 3014 utilis
2595 2959 2914 3030 plerumque
2958 2960 3203 3026 tristitia,
3233 2960 3346 3017 nisi
3385 2967 3539 3015 caute
3580 2956 3787 3012 modere-

2242 3060 2350 3113 tur.
2389 3053 2443 3107 in
2468 3052 2659 3107 acidiae
2680 3052 2928 3108 morbum
2968 3054 3129 3108 verti.

2284 3144 2477 3198 -Vsns.
2502 3143 2553 3199 8.
2579 3170 2650 3183 -—
2680 3143 2979 3210 Somnium,
3034 3146 3311 3215 inquiunt,
3355 3147 3593 3209 vidimus,
3622 3154 3666 3199 et
3703 3159 3789 3198 non

2163 3207 2209 3269 ε
2240 3237 2430 3305 estqui
2470 3238 2838 3306 interpretetur
2878 3207 3044 3291 nobis.
3096 3207 3352 3307 Dixitque
3403 3207 3626 3308 Ioseph:
3656 3235 3785 3290 Nun-

2242 3326 2367 3396 quid
2405 3342 2507 3380 non
2553 3325 2650 3381 Dei
2682 3336 2771 3380 est'
2800 3328 3158 3396 interpretatio
3182 3329 3207 3380 ἶ)
3250 3327 3466 3398 Referte
3512 3329 3630 3382 mihi
3683 3325 3787 3397 quid

2243 3418 2495 3472 videritis.
2535 3417 2810 3473 Somnium
2854 3420 3102 3484 vidimus,
3134 3421 3230 3474 sed
3283 3435 3393 3474 non
3429 3430 3503 3475 est
3536 3421 3619 3490 qui
3656 3419 3788 3471 inter-

2243 3518 2492 3578 pretetur,
2544 3508 2672 3577 quia
2720 3508 2886 3562 multa
2926 3508 2994 3563 de
3036 3518 3182 3564 statu
3231 3519 3397 3566 rectae
3436 3510 3551 3565 vitae
3578 3516 3786 3563 contem-

2244 3599 2439 3668 plando
2464 3598 2898 3655 intellectualiter
2919 3602 3258 3672 attingimus,
3276 3606 3374 3659 sed
3398 3605 3654 3674 quomodo
3678 3616 3787 3658 con-

2244 3690 2393 3759 gruis
2435 3688 2711 3745 eﬁ'ectibus
2736 3690 3007 3748 intellecta
3040 3693 3197 3767 145
3224 3711 3499 3765 exponere
3532 3698 3784 3766 possimus,

2244 3779 2454 3848 cepiam
2505 3780 2682 3835 adhuc
2734 3796 2841 3836 non
2907 3782 3188 3840 habemus.
3246 3788 3319 3841 At
3371 3788 3586 3859 Joseph,
3636 3787 3682 3841 id
3720 3793 3788 3840 est

2245 3872 2417 3925 sancti
2471 3871 2747 3941 profectus
2801 3873 3057 3942 aviditas,
3099 3891 3221 3947 quae
3266 3880 3433 3935 totius
3476 3879 3608 3934 ttedii
3648 3876 3788 3932 vincit

2245 3963 2577 4028 acredinem,
2633 3964 2731 4018 Dei
2780 3974 2877 4032 est,
2907 3967 3001 4031 ait,
3052 3969 3433 4038 interpretatio,
3470 3972 3589 4041 quia
3624 3970 3671 4024 in
3699 3981 3787 4038 quo

2244 4055 2550 4110 mortalitas
2580 4064 2767 4111 nostra
2818 4059 3149 4126 prtepeditur
3198 4061 3264 4115 ad
3306 4063 3575 4116 destinata
3622 4074 3788 4131 geren-

2244 4147 2391 4211 dum,
2422 4146 2517 4201 Dei
2568 4148 2893 4217 expenditur
2944 4148 3234 4219 adjutorio.
3286 4151 3494 4222 Referte
3517 4153 3635 4223 quid
3671 4150 3789 4205 vide-

2243 4241 2377 4308 ritis;
2420 4242 2488 4297 ad
2536 4242 2706 4297 Deum
2763 4243 2973 4301 scilicet
3028 4257 3372 4316 reportantes
3409 4248 3646 4320 opiﬁcem
3687 4256 3788 4315 quae

2242 4334 2562 4402 proponitis.

2316 4424 2479 4480 Van.
2523 4427 2594 4493 9,
2647 4428 2749 4494 10,
2796 4430 2882 4484 il.
2923 4459 2993 4471 --
3031 4430 3282 4488 Narravit
3332 4434 3477 4504 prior
3511 4428 3787 4503 prtrpositus

2240 4519 2609 4590 pincernarum
2653 4522 2913 4576 somniant
2964 4540 3116 4578 suum
3159 4540 3178 4578 :
3222 4524 3467 4581 Videbam
3522 4540 3685 4579 coram
3722 4535 3788 4574 me

2239 4611 2411 4676 vitem,
2444 4611 2499 4665 in
2543 4628 2646 4682 qua
2695 4622 2844 4666 erant
2884 4624 2987 4668 tres
3028 4618 3359 4687 propagines,
3388 4632 3610 4671 crescere
3628 4611 3788 4684 paula-

2239 4703 2331 4756 tim
2361 4719 2613 4774 gemmas,
2640 4714 2688 4757 et
2714 4712 2829 4773 post
2858 4707 3013 4773 ﬂores
3038 4724 3163 4762 uvas
3185 4719 3547 4774 maturescere,
3575 4706 3789 4761 calicem-

2239 4809 2336 4866 que
2367 4791 2665 4847 Pharaonis
2693 4794 2749 4848 in
2776 4810 2937 4850 manu
2986 4813 3120 4852 mea.
3162 4792 3282 4854 Tuli
3308 4817 3429 4870 ergo
3471 4816 3615 4861 uvas,
3644 4806 3686 4851 et
3710 4808 3789 4848 ex-

2238 4884 2404 4954 pressi
2450 4883 2505 4937 in
2547 4884 2709 4939 calice
2751 4903 2903 4956 quem
2943 4889 3198 4957 tenebam,
3239 4902 3286 4945 et
3332 4893 3529 4945 tradidi
3572 4888 3788 4961 poculum

2242 4972 2533 5029 Pharaoni.
2574 4975 2897 5048 Prwpositus
2932 4983 3299 5051 pincernarum
3328 4985 3486 5039 bonae
3518 4993 3599 5038 est
3627 4980 3791 5036 volnus

2242 5066 2372 5121 tatis
2402 5066 2650 5135 allectus,
2680 5086 2800 5140 qure
2840 5088 2908 5127 ex
2937 5088 3002 5130 eo
3040 5077 3181 5144 quod
3212 5077 3306 5132 Dei
3338 5077 3597 5131 voluntati
3628 5071 3792 5130 inniti-

2243 5165 2351 5224 tur,
2398 5160 2608 5215 cunctis
2660 5163 2783 5218 aliis
2840 5164 3207 5223 voluntatibus
3258 5170 3610 5239 principatur.
3651 5164 3791 5219 Prior

2243 5258 2453 5313 narrat,
2489 5253 2614 5321 quia
2654 5254 2768 5325 ipsa
2803 5256 2903 5310 nisi
2934 5268 3156 5327 prmeat,
3200 5261 3337 5317 ratio
3367 5261 3599 5315 inaniter
3623 5270 3791 5329 specu-

2242 5339 2383 5394 latur
2402 5349 2456 5395 et
2482 5344 2703 5413 cogitat.
2728 5344 2896 5400 Vitem
2917 5348 3062 5403 videt
3090 5365 3274 5406 coram
3299 5366 3380 5416 se,
3405 5367 3526 5407 cum
3555 5351 3790 5420 seipsam,

2245 5436 2442 5492 bonam
2476 5438 2682 5494 scilicet
2724 5441 3079 5511 voluntatem,
3128 5445 3238 5500 vini
3282 5446 3595 5517 spiritualis,
3632 5445 3681 5499 id
3720 5446 3791 5496 est

2245 5527 2531 5585 charitatis
2567 5532 2831 5603 originem
2861 5535 2962 5590 sibi
3012 5539 3266 5608 pr0pouit
3309 5539 3614 5593 amandum.
3657 5529 3791 5602 Quod

2245 5621 2390 5675 enim
2443 5638 2708 5690 amamus,
2740 5641 2851 5694 pra":
2885 5629 3055 5684 oculis
3086 5631 3287 5687 habere
3333 5632 3596 5701 cupimus.
3643 5627 3696 5681 ln
3736 5636 3790 5678 ea

2245 5723 2347 5767 tres
2374 5720 2681 5784 propagines
2708 5727 2852 5783 sunt,
2888 5722 3012 5791 quia
3051 5723 3152 5777 tria
3184 5723 3498 5793 principalia
3530 5716 3790 5777 cbarilatis

2248 5810 2488 5867 membra
2522 5820 2663 5867 sunt.
2696 5812 2934 5874 Primum
2980 5818 3196 5887 quidem
3227 5819 3336 5875 Deo
3379 5817 3684 5881 intendens;
3713 5823 3791 5873 se”
