3978 6332
0 660 44 711 t1);

0 768 35 802 a

0 840 35 891 vi.

0 946 22 985 ὑ

0 2517 21 2549 f3

0 2608 27 2641 ἃ

0 2704 29 2735 F-

22 3370 47 3390 Is-

0 3638 45 3659 ι.-

0 3664 13 3671 -

0 3732 39 3767 Ξ.

0 3818 25 3845 ἱ

418 326 532 391 273

1553 330 1915 394 MORALIUM
1950 333 2021 393 IN
2058 334 2351 395 GENESIN
2391 337 2515 395 LIB.
2555 337 2647 397 IX.
3608 334 3711 402 επ

432 461 684 508 cundum
731 454 808 512 ad
846 450 1084 528 seipsiim
1137 450 1440 527 pertinens;
1490 454 1711 510 tertium
1750 467 1965 525 quoque
2004 466 2035 508 a
2063 461 2110 515 Α
2141 452 2226 507 vel
2252 453 2466 509 vincula
2495 454 2706 522 solvat;
2734 455 2863 527 quia
2891 453 3222 514 clandestina
3252 454 3596 529 suggestione
3643 459 3710 514 de

439 541 523 596 sui
563 544 743 614 ipsius
781 548 1036 618 exemplo
1075 547 1141 601 ad
1189 545 1423 617 proximi
1472 543 1816 599 dilectionem
1867 541 2036 613 respi-

447 637 617 692 ciens.
648 639 732 692 lta
765 642 915 697 enim
940 650 1095 695 sonat
1120 656 1182 695 ac
1209 640 1253 694 si
1281 640 1493 694 dicatur
1518 656 1531 690 :
1556 636 1755 706 Diliges
1785 635 2036 705 teipsum,

451 739 503 785 et
531 733 844 800 proximum
879 744 1024 789 tuum
1070 735 1201 788 sicut
1251 733 1475 803 teipsum
1509 729 1725 792 (Matth.
1752 746 1890 796 .xtx,
1924 728 2033 793 19).

453 821 695 878 Gemmas
745 825 1007 895 paulatim
1046 834 1332 891 crescunt,
1385 839 1507 879 cum
1559 822 1731 878 certa'
1762 820 2039 892 pr0posita

454 913 765 970 sanctitatis
788 916 895 985 piae
924 916 1151 971 interius
1177 912 1523 986 cogitationis
1545 912 1691 967 succi
1722 911 2036 981 exculpunt.

454 1002 521 1058 Et
542 1004 669 1074 jure
702 1006 989 1073 paulatim,
1012 1007 1139 1077 quia
1172 1006 1364 1075 grandi
1400 1003 1713 1061 difﬁcultate
1740 1004 1853 1058 haec
1885 1003 2037 1058 ﬁunt.

452 1091 585 1149 Post
627 1096 787 1164 ﬂores
823 1112 941 1151 uvae
982 1103 1389 1162 maturescunt,
1422 1111 1544 1151 cum
1581 1103 1705 1165 post
1753 1093 2040 1149 exhibitio-

453 1200 580 1241 nem
603 1201 857 1255 operum,
881 1203 1000 1257 qua:
1032 1198 1342 1243 sanctarum
1372 1187 1699 1257 fragrantias
1726 1185 2040 1255 opinionum

454 1276 818 1346 undecunque
857 1275 1185 1343 diffundunt,
1218 1278 1564 1333 conscientia:
1603 1275 1886 1331 dulcedine
1918 1290 2041 1328 san-

454 1368 526 1422 cti
563 1370 770 1424 amoris
819 1370 1009 1425 vivida:
1038 1371 1103 1425 ad
1131 1370 1344 1441 plenum
1377 1368 1685 1440 proﬁciunt.
1713 1367 1867 1423 Calix
1895 1366 2038 1422 Pha—

454 1461 644 1516 raonis
679 1462 732 1516 in
783 1479 948 1517 manu
995 1472 1104 1528 est,
1138 1479 1260 1517 cum
1293 1462 1546 1533 quaelibet
1584 1462 1733 1532 pravi
1786 1459 2040 1516 desiderii

455 1555 640 1624 passio
673 1570 702 1608 a
748 1554 964 1610 diabolo
998 1556 1262 1620 immissa,
1307 1555 1408 1610 sub
1444 1554 1724 1610 rationalis
1752 1552 2042 1608 voluntatis

454 1658 727 1719 potestate
756 1651 1005 1707 abstcnta
1035 1661 1139 1708 est.
1167 1652 1332 1708 Tollit
1363 1670 1483 1724 ergo
1519 1670 1670 1720 uvas,
1699 1660 1759 1708 ut
1788 1651 2043 1721 exprimit

456 1742 511 1795 in
539 1741 704 1796 calice
728 1747 1097 1812 quem‘tenet,
1134 1760 1258 1800 cum
1300 1745 1536 1801 divinam
1572 1761 1693 1816 quae
1740 1746 1879 1801 intra
1911 1744 2042 1799 latet

458 1832 822 1901 dulcedinem,
853 1837 1196 1905 passionibus
1233 1854 1369 1908 quas
1421 1854 1563 1910 aegre
1595 1839 1792 1910 saepius
1822 1838 2040 1905 tolerat,

461 1926 750 1990 admiscet;
776 1929 1131 1997 exprimimus
1156 1932 1322 1997 enim,
1356 1947 1477 1986 cum
1508 1947 1667 1986 manu
1696 1930 2040 1988 discretionis

466 2018 785 2075 discutimus
813 2020 1046 2076 futuram
1080 2022 1327 2091 gloriam,
1356 2038 1474 2092 qua:
1502 2022 1829 2079 revelabitur
1855 2023 1910 2077 in
1943 2037 2039 2078 no-

467 2109 553 2165 bis
596 2109 761 2180 (Rom.
805 2130 929 2179 vm,
988 2114 1099 2183 18),
1150 2124 1209 2170 ut
1266 2116 1654 2173 amaritudines
1692 2117 1851 2188 hujus
1898 2125 2071 2173 tem-~

475 2201 621 2270 poris
652 2203 979 2260 condiamus.
1009 2206 1205 2261 Culicis
1236 2208 1454 2263 nomine
1473 2209 1776 2279 passionem
1812 2209 2036 2281 signari,

468 2300 599 2346 teste
637 2302 717 2349 cst
760 2295 1150 2365 Evangeliumr
1188 2297 1437 2366 Potestis,
1471 2302 1570 2366 ait,
1612 2301 1783 2357 bibere
1823 2301 2038 2357 calicem

463 2383 673 2447 (Matth.
720 2404 813 2455 xx,
859 2389 961 2455 22;
1009 2390 1157 2445 Marc
1206 2409 1263 2458 x,
1312 2393 1425 2465 '58),
1460 2402 1564 2449 etc.
1603 2393 1730 2449 Inde
1777 2395 2038 2453 tradimus

460 2475 705 2546 poculum
755 2478 1061 2549 Pharaoni,
1109 2483 1235 2538 dum
1285 2485 1334 2539 ci
1391 2484 1740 2541 retribuimus
1798 2487 2036 2542 retribu-

461 2569 657 2624 tionem
718 2586 893 2636 suam,
933 2589 1092 2644 quam
1129 2575 1384 2631 retribuit
1416 2576 1571 2632 nobis
1599 2576 1770 2644 (Psal.
1816 2594 2036 2645 cxxxvt,

458 2664 531 2731 8).
568 2665 633 2719 In
681 2667 891 2735 poculo,
946 2669 1045 2734 ait,
1099 2687 1201 2741 quo
1240 2672 1450 2726 miscuit
1503 2672 1675 2736 vobis,
1705 2674 1913 2727 miscete
1955 2672 2037 2727 illi

460 2754 673 2820 duplum
706 2758 891 2825 (Apoc.
925 2772 1082 2824 xvnt,
1119 2758 1195 2831 6).
1228 2759 1566 2818 Pharaonem
1603 2777 1732 2818 vero
1757 2762 1851 2832 qui
1879 2762 2038 2818 dissi-

456 2852 611 2911 pator
638 2844 860 2911 dicitur,
889 2847 1160 2903 diabolum
1204 2851 1574 2920 intelligimus.

530 2933 691 2989 Vens.
733 2936 815 3002 12,
852 2938 939 2992 15.
963 2970 1031 2979 —
1056 2938 1337 3011 Respondit
1385 2942 1580 3014 Ioseph
1611 2956 1630 2997 :
1667 2944 1798 3000 Hcce
1848 2959 1919 3001 est
1950 2948 2037 3000 in-

460 3030 755 3094 terpretatio
784 3032 976 3085 somnii
1001 3046 1018 3084 :
1046 3031 1170 3088 Tres
1207 3037 1519 3105 propagines
1540 3090 1552 3102 ,
1587 3046 1689 3090 tres
1725 3038 1896 3092 adhuc
1926 3039 2037 3093 dies

458 3128 596 3185 sunt,
624 3132 737 3191 post
775 3139 906 3193 quos
930 3125 1291 3179 recordabitur
1334 3125 1585 3183 Pharaon
1623 3130 1901 3185 ministerii
1936 3131 2033 3195 tui,

460 3221 504 3263 et
534 3215 767 3268 restituet
816 3226 864 3269 te
902 3216 957 3270 in
994 3218 1215 3287 gradum
1244 3220 1549 3288 pristinum,
1581 3222 1833 3293 dabisque
1860 3224 1908 3277 ei
1943 3240 2035 3277 ca-

462 3302 606 3359 licem
642 3304 804 3377 juxta
841 3308 1063 3380 ofﬁcium
1115 3322 1298 3378 tuum,
1345 3315 1478 3368 sicut
1527 3314 1699 3383 facere
1743 3326 1864 3370 ante
1914 3332 2040 3371 con-

461 3414 719 3455 suereras.
774 3402 857 3455 Ad
902 3403 1040 3459 bene
1105 3406 1409 3475 agendum,
1460 3407 1668 3477 inquit,
1738 3415 1929 3463 sancta
1984 3408 2039 3463 in

460 3488 628 3545 Deum
676 3492 992 3563 proﬁciendi
1041 3496 1273 3553 aviditas
1310 3513 1378 3552 ex
1426 3506 1520 3553 tua
1561 3499 1873 3555 conditione
1902 3516 2041 3570 prte-

462 3583 686 3652 pediris,
735 3586 828 3641 sed
873 3591 940 3642 ad
986 3604 1050 3644 ea
1091 3604 1211 3660 qua:
1253 3591 1414 3661 digne
1445 3592 1615 3647 sentis
1658 3593 1862 3662 agenda
1905 3593 2042 3649 solvi

462 3676 687 3745 poteris.
719 3675 837 3733 Tres
863 3683 1193 3752 prapagines.
1215 3694 1317 3736 tres
1340 3683 1450 3739 dies
1484 3693 1627 3752 sunt,
1655 3685 1781 3755 quia
1807 3685 2040 3754 primum

462 3762 556 3821 Dei
604 3782 703 3822 nos
744 3784 897 3825 amor
926 3770 1179 3837 illustrat,
1220 3773 1415 3829 deinde
1446 3790 1540 3829 nos
1567 3774 1739 3829 nostri
1769 3775 1961 3830 notitia
1990 3783 2044 3832 et

459 3873 589 3914 cura
619 3860 904 3929 clariﬁcat,
939 3874 997 3918 ut
1025 3866 1091 3920 ad
1118 3866 1422 3936 proximum
1453 3868 1541 3921 lux
1573 3876 1773 3922 nostra:
1800 3866 2043 3923 dilectio-

460 3954 547 4009 nis
585 3957 1065 4029 exemplorumque
1112 3962 1383 4015 deveniat.
1417 3958 1550 4014 Post
1578 3960 1693 4016 haec
1724 3962 2046 4016 recordatur

458 4043 673 4102 Pharao
719 4049 1008 4104 ministerii
1050 4050 1248 4116 nostri,
1295 4059 1353 4105 et
1384 4050 1438 4104 in
1488 4050 1713 4120 gradum
1753 4052 2044 4122 pristinum

458 4141 726 4208 restituit,
765 4158 888 4198 cum
919 4144 1197 4199 recordari
1223 4160 1322 4199 nos
1349 4142 1481 4199 facit
1513 4145 1797 4214 praeteritae
1822 4155 2042 4212 nostrae,

458 4240 565 4294 qua
601 4229 669 4283 ad
701 4238 950 4285 nostrum
996 4230 1276 4285 interitum
1325 4231 1540 4287 diabolo
1590 4230 2044 4301 inserviebamus,

456 4319 787 4391 voluptatis;
836 4322 910 4378 ita
954 4333 1013 4378 ut
1054 4324 1354 4380 innumeris
1388 4324 1749 4380 tentationum
1790 4325 2048 4396 ingestio-

457 4410 620 4467 nibus
656 4413 725 4467 ad
754 4429 878 4469 eum
908 4430 1015 4485 quo
1048 4415 1338 4471 szeculares
1373 4415 1574 4472 fuimus
1614 4419 1856 4485 modum,
1888 4420 2047 4476 nobis

2137 554 2279 600 terra
2304 544 2671 615 Hebrworum,
2702 549 2754 604 id
2790 559 2873 606 est
2911 550 2979 607 de
3007 550 3279 607 soliditate
3322 550 3711 623 cogitatibnum

2133 634 2245 705 jam
2305 637 2373 693 ab
2428 638 2551 695 imis
2603 641 2671 695 ad
2720 656 2956 712 superna
3017 644 3414 700 transeuntium
3465 643 3711 701 sublatus

2138 740 2282 791 sum,
2330 735 2386 779 et
2428 726 2485 783 in
2528 728 2698 784 lacum
2750 730 3113 792 ﬁuctuationis
3147 745 3331 791 tamen
3365 736 3434 791 ab
3470 736 3711 807 appetitu

2136 817 2396 886 peccandi
2463 818 2713 875 innocens
2776 824 2966 880 missus
3027 842 3168 884 sum.
3233 826 3360 882 llaec
3423 835 3711 898 augmenta

2139 925 2388 980 quaerens
2427 910 2652 969 allectus
2682 913 2751 969 ab
2778 930 2863 983 ea,
2910 933 3032 988 qua:
3073 918 3177 975 sibi
3222 930 3545 991 coeperatur
3572 920 3712 977 bona

2137 1003 2419 1059 voluntate
2445 1005 2773 1077 expostulat.

2210 1091 2372 1149 Vens.
2405 1093 2491 1160 16,
2522 1096 2607 1149 17.
2629 1126 2702 1137 -
2732 1095 2924 1154 Videas
2974 1099 3232 1167 pistorum
3278 1104 3529 1173 magister
3570 1102 3713 1174 quod

2138 1186 2399 1240 somnium
2458 1188 2743 1258 prudenter
2783 1190 3124 1258 dissolvisset,
3171 1195 3247 1247 ait
3288 1209 3308 1247 :
3362 1194 3427 1248 Et
3475 1212 3566 1267 ego
3607 1197 3716 1251 vidi

2140 1276 2421 1342 somnium,
2465 1278 2603 1348 quod
2646 1279 2889 1335 haberem
2931 1283 3036 1337 tria
3066 1283 3296 1338 canistra
3343 1284 3533 1353 [arium
3562 1300 3718 1354 super

2141 1377 2295 1435 caput
2328 1383 2499 1421 meum
2530 1383 2547 1420 .'
2580 1380 2626 1424 et
2652 1370 2707 1425 in
2748 1387 2851 1425 uno
2874 1374 3104 1427 canistro
3132 1373 3272 1443 quod
3302 1383 3412 1427 erat
3441 1373 3716 1442 excelsius,

2140 1466 2351 1525 portare
2381 1475 2461 1513 me
2494 1476 2670 1515 omnes
2699 1462 2838 1518 cibos
2867 1466 2957 1534 qui
2988 1464 3121 1533 ﬁunt
3155 1474 3267 1518 arte
3295 1466 3513 1534 pistoria
3531 1505 3546 1531 ,
3575 1481 3723 1521 aves-

2140 1563 2239 1616 que
2271 1551 2538 1606 comedere
2579 1569 2637 1607 ea
2671 1570 2751 1609 eo.
2800 1555 3055 1628 lntelligit
3099 1556 3414 1626 principalis
3448 1564 3657 1622 nostra,
3687 1571 3720 1612 a

2142 1636 2254 1693 Deo
2284 1640 2494 1698 scilicet
2537 1643 2839 1701 illuminata
2886 1649 3046 1712 ratio,
3088 1649 3235 1704 unde
3263 1660 3319 1704 et
3343 1650 3584 1705 omnium
3617 1650 3723 1705 hu-

2144 1743 2422 1785 manarum
2466 1735 2737 1791 rationum
2788 1740 3045 1807 magistra
3094 1747 3199 1806 est,
3231 1740 3369 1810 quod
3403 1739 3720 1810 proﬁciendi

2068 1819 2115 1880 Β
2144 1831 2413 1900 appetitus
2459 1833 2663 1902 optime
2710 1835 3165 1903 benevolentiam,
3212 1853 3332 1907 quas
3377 1838 3571 1907 praevia
3615 1846 3721 1903 εει.

2143 1921 2207 1976 de
2240 1920 2602 1981 invisibilibus
2634 1927 2935 1994 imbuisset,
2980 1929 3084 1984 hoc
3109 1929 3254 1984 enim
3282 1928 3501 2000 praefert
3523 1944 3722 1985 nomen

2140 2015 2337 2069 somnii
2373 2018 2611 2087 propriis
2655 2018 2961 2087 effectibus,
3009 2031 3064 2076 et
3093 2021 3209 2093 ipsa
3255 2021 3442 2078 infert.
3478 2020 3602 2076 Tria
3641 2022 3727 2091 [αα

2142 2107 2273 2162 rina:
2315 2110 2551 2164 canistra
2598 2126 2659 2167 se
2709 2112 2911 2169 habere
2948 2114 3079 2169 dicit
3123 2129 3286 2185 super
3326 2123 3490 2185 caput
3538 2127 3722 2181 suum,

2142 2199 2269 2255 dum
2321 2204 2424 2257 tria
2465 2204 2787 2275 principalia
2814 2204 2992 2262 ollicia
3042 2206 3389 2278 cogitationis
3426 2221 3487 2263 se
3524 2205 3725 2262 habere

2140 2294 2418 2363 cognoscit
2457 2295 2511 2350 in
2546 2307 2748 2364 mente,
2781 2298 3092 2356 intellectus
3128 2299 3357 2365 scilicet,
3405 2297 3721 2364 voluntatis,

2138 2400 2204 2439 ac
2235 2387 2531 2442 memoria.
2570 2389 2767 2459 Liquet
2796 2400 2950 2459 caput
2980 2391 3035 2445 in
3063 2390 3360 2461 Scripturis
3384 2390 3510 2460 poni
3547 2389 3726 2445 solere

2137 2489 2236 2546 pro
2276 2486 2465 2532 mente.
2508 2476 2714 2534 Farina
2755 2489 2937 2535 autem
2970 2480 3041 2535 ob
3081 2479 3342 2535 minutias
3382 2490 3530 2537 recte
3566 2480 3727 2551 poni-

2141 2576 2230 2624 tur
2274 2587 2370 2641 pro
2414 2574 2749 2643 cogitatione.
2790 2574 2946 2631 Unde
2974 2583 3098 2630 est:
3149 2573 3296 2629 Tolle
3331 2574 3547 2637 molam,
3587 2571 3725 2627 mole

2137 2662 2372 2732 farinam
2402 2662 2537 2735 (Isa.
2569 2665 2662 2731 47,
2690 2666 2771 2738 2).
2806 2665 2980 2722 Unum
3031 2668 3329 2723 canistrum
3359 2666 3502 2738 quod
3546 2664 3725 2721 excel.

2139 2756 2254 2812 sius
2275 2758 2486 2813 caeteris
2509 2768 2614 2827 est,
2646 2760 2762 2831 ipsa
2793 2761 2933 2818 ratio
2959 2770 3064 2828 est,
3087 2776 3206 2832 quae
3230 2760 3494 2817 voluntati
3521 2774 3585 2815 ac
3612 2770 3726 2813 me-

2136 2846 2328 2903 moriae
2351 2863 2576 2918 prorsus
2596 2851 2933 2922 praeeminet.
2952 2851 3027 2907 lbi
3044 2863 3322 2921 portamus
3338 2864 3527 2907 omnes
3548 2848 3723 2914 cibos.

2138 2941 2232 3010 qui
2267 2940 2404 2996 ﬁunt
2431 2954 2550 2998 arte
2578 2944 2827 3013 pistoria,
2859 2945 2985 3015 quia
3017 2945 3091 3000 ibi
3113 2945 3458 3001 continemus
3495 2954 3724 3014 qumque

2138 3030 2347 3098 vitalia,
2376 3048 2492 3102 quae
2518 3033 2791 3091 discutere
2828 3044 3007 3106 potest
3044 3036 3393 3092 discretionis
3419 3034 3719 3107 diligentia.

2145 3122 2306 3195 146
2326 3125 2454 3179 Aves
2493 3135 2674 3181 autem
2715 3128 2839 3184 inde
2863 3122 3173 3193 comedunt,
3204 3144 3325 3184 cum
3351 3144 3450 3199 per
3473 3125 3724 3183 elationis

2143 3216 2333 3271 vitium
2373 3218 2491 3289 ipsa
2516 3218 2656 3274 elata
2703 3220 2966 3276 daemonia
3017 3236 3118 3277 nos
3154 3221 3428 3292 deceptos,
3460 3225 3723 3290 quantum

2143 3308 2211 3361 ad
2264 3307 2405 3363 bona
2453 3319 2663 3381 spectat
2689 3328 2810 3383 quae
2856 3312 3154 3383 prudenter
3199 3312 3544 3382 attingimus,
3591 3322 3726 3367 con.

2141 3410 2384 3455 sumunt.

2214 3487 2380 3548 Vens.
2424 3485 2512 3559 ig,
2569 3495 2749 3550 19.--
2782 3493 2927 3562 Tria,
2983 3495 3157 3566 inquit
3190 3494 3413 3567 Joseph,
3466 3492 3723 3560 canistra:

2143 3597 2248 3646 tres
2270 3591 2445 3645 adhuc
2477 3591 2587 3646 dies
2618 3602 2763 3659 sunt,
2806 3602 2921 3662 post
2948 3609 3080 3664 quos
3106 3592 3309 3663 auferet
3334 3588 3550 3645 Pharao
3568 3596 3726 3659 caput

2142 3692 2314 3751 tuum,
2343 3702 2406 3740 ac
2430 3686 2707 3755 suspendet
2735 3695 2783 3742 te
2801 3686 2858 3739 in
2886 3700 3059 3751 cruce,
3087 3694 3136 3742 et
3160 3685 3462 3740 lacerabunt
3493 3681 3727 3739 volucres

2145 3792 2329 3831 carnes
2361 3786 2501 3831 tuas.
2537 3776 2868 3843 Intellectus,
2902 3779 3162 3833 memoria
3196 3792 3262 3832 ac
3296 3775 3569 3842 voluntas,
3603 3788 3729 3829 cum

2146 3865 2414 3934 quaedam,
2466 3872 2525 3920 ut
2568 3867 2649 3921 sic
2696 3866 2896 3939 dicam,
2931 3865 3138 3921 diurna:
3183 3863 3333 3920 luces
3377 3864 3545 3919 animi
3591 3863 3723 3929 sint,

2147 3958 2382 4013 canistra
2416 3966 2595 4013 tamen
2640 3967 2785 4022 sunt,
2834 3958 2901 4013 ad
2936 3973 3125 4014 canna:
3171 3958 3389 4013 modum
3426 3971 3491 4011 ex
3543 3953 3726 4009 carnis

2146 4048 2456 4104 conditione
2478 4048 2711 4119 fragilia.
2745 4048 2852 4105 Sed
2881 4047 3097 4104 Pharao
3124 4057 3246 4119 post
3274 4050 3375 4104 bos
3409 4047 3526 4102 dies
3566 4051 3725 4114 caput

2147 4141 2342 4210 aufert,
2387 4157 2509 4197 cum
2537 4152 2660 4210 post
2685 4142 3007 4197 interiorum
3034 4157 3291 4198 sensuum
3333 4140 3726 4196 illustrationes

2147 4233 2402 4301 superbia
2432 4232 2706 4300 illabente,
2731 4234 2979 4305 capitalis
3016 4235 3212 4301 virtus,
3240 4248 3361 4304 qua:
3389 4240 3472 4286 est
3503 4229 3724 4286 humili-

2149 4329 2254 4389 tas,
2287 4336 2318 4376 a
2341 4322 2601 4378 virtutum
2633 4324 2894 4379 membris
2926 4332 3171 4395 separata
3201 4324 3461 4393 disparet.
3487 4321 3725 4391 Suspen-

2149 4413 2228 4468 dit
2260 4411 2473 4470 Pharao
2501 4415 2558 4469 in
2593 4431 2768 4480 cruce,
2804 4430 2927 4470 cum
2953 4414 3236 4484 principali
3272 4413 3579 4469 humilitate
3602 4411 3731 4469 sub-

455 4504 529 4558 ab
574 4503 692 4575 ipso
731 4506 1014 4562 videamur
1050 4508 1285 4567 abducti.
1342 4507 1448 4564 Sed
1491 4509 1682 4565 damus
1725 4509 1776 4566 ei
1822 4509 2043 4567 calicem
2075 4536 2122 4593 D
2149 4500 2280 4568 lata.
2314 4519 2344 4557 a
2372 4512 2484 4561 ιοιο
2514 4504 2782 4559 bonorum
2810 4518 3037 4574 operum
3066 4519 3221 4559 mens
3246 4504 3524 4571 damnata,
3552 4504 3729 4575 impos

446 4595 609 4667 juxta
644 4596 882 4655 ofﬁcium
920 4612 1194 4667 nostrum,
1226 4603 1367 4658 sicut
1395 4610 1520 4657 ante
1544 4618 2039 4675 consueveramus,

454 4699 583 4740 cum
614 4685 831 4744 fortiter
858 4691 925 4746 ad
952 4708 1046 4748 cor
1080 4691 1393 4759 redeuntes,
1425 4692 1565 4748 sicut
1600 4692 1848 4764 dignitati
1878 4697 2045 4752 ratio-

452 4777 705 4835 nalitatis
735 4791 937 4838 nostra:
982 4785 1262 4856 competit,
1294 4794 1347 4841 et
1382 4801 1412 4840 a
1460 4793 1706 4855 tempore
1735 4788 2045 4844 conversio-

452 4870 545 4926 nis
567 4875 953 4931 consuevimus
981 4876 1207 4933 calicem
1240 4880 1481 4949 recipere
1511 4882 1957 4955 impugnationis,
1988 4881 2043 4938 in

452 4973 723 5030 quantum
757 4982 1063 5036 possumus,
1098 4970 1355 5026 audacter
1381 4972 1684 5030 inferimus.

534 5050 699 5109 Vens.
732 5055 821 5121 11,
859 5055 947 5112 15.
970 5088 1039 5099 -
1065 5057 1294 5114 Tantum
1323 5074 1578 5116 memento
1617 5064 1740 5129 mei,
1773 5081 1890 5118 cum
1920 5064 2046 5119 bene

452 5143 556 5197 tibi
582 5146 760 5213 fuerit,
791 5157 836 5201 et
866 5149 1027 5218 facies
1062 5166 1262 5203 mecum
1307 5153 1741 5217 misericordiam,
1773 5166 1825 5207 ut
1854 5139 2045 5225 sugge:

454 5254 550 5292 ras
582 5238 851 5295 Pharaoni
884 5251 939 5295 ut
961 5243 1148 5296 educat
1182 5260 1262 5298 me
1284 5243 1349 5296 de
1373 5244 1472 5298 isto
1502 5263 1727 5311 carcere,
1758 5247 1881 5317 quia
1904 5249 2045 5315 furto

452 5329 701 5385 sublatus
728 5350 845 5387 sum
866 5333 931 5388 de
960 5344 1102 5389 terra
1126 5332 1498 5402 Hebraeorum,
1525 5347 1573 5392 et
1602 5338 1686 5392 hic
1714 5340 1961 5393 innocens
1989 5339 2047 5393 in

454 5418 635 5479 lacum
674 5430 866 5483 missus
905 5446 1043 5484 sum.
1076 5428 1325 5500 Tantum,
1374 5431 1568 5500 inquit,
1602 5432 1748 5503 jugis
1787 5432 2048 5488 intentio-

456 5535 586 5575 nem
617 5521 899 5591 profectus
938 5539 1046 5579 non
1078 5534 1395 5595 postponas,
1444 5541 1567 5580 cum
1606 5525 1753 5581 vires
1796 5523 1952 5579 calici
1991 5524 2047 5580 in

457 5608 802 5672 Pharaonem
836 5618 1062 5676 ferendo
1096 5617 1424 5690 susceperis,
1456 5626 1516 5671 ut
1544 5627 1627 5673 tot
1650 5608 1840 5688 ipsum
1872 5618 2046 5672 virtu-

458 5714 579 5762 tum
624 5708 863 5778 jactibus
915 5730 1128 5785 urgeas.
1184 5714 1356 5770 donec
1400 5714 1573 5771 victus
1607 5713 1820 5775 educat,
1871 5711 1923 5766 id
1968 5719 2052 5768 est

461 5798 623 5859 educi
654 5802 840 5861 sinens
868 5803 994 5861 belli
1026 5805 1184 5874 illati,
1220 5806 1352 5864 velit
1382 5805 1539 5874 nolit,
1563 5804 1649 5862 vel
1684 5804 2046 5865 obsidionem.

2147 4604 2205 4652 et
2238 4595 2417 4651 inanis
2462 4594 2653 4651 effecta
2689 4596 3007 4652 destituitur
3048 4611 3307 4668 corpore;
3351 4605 3408 4652 et
3449 4596 3568 4653 haec
3613 4603 3727 4653 tota

2145 4704 2177 4744 a
2207 4685 2420 4743 diabolo
2461 4687 2618 4753 ﬁunt,
2662 4687 2845 4759 typico
2889 4688 3101 4745 scilicet
3134 4689 3441 4746 Pharaone.
3476 4686 3729 4744 Volucres

2146 4796 2330 4835 carnes
2355 4779 2670 4844 comedunt,
2706 4780 2833 4835 dum
2861 4782 3094 4853 superba
3123 4780 3385 4837 daemonia
3416 4780 3727 4836 carnalibus

2141 4875 2257 4947 jam
2289 4890 2410 4946 quae
2449 4884 2756 4947 sequuntur
2782 4874 3038 4946 operibus
3064 4874 3266 4930 nostris
3294 4887 3414 4930 sese
3452 4871 3726 4927 reﬁciunt.

2146 4964 2389 5022 Allectus
2423 4981 2553 5038 ergo
2596 4974 2805 5031 noster,
2843 4965 2896 5020 id
2930 4973 3016 5021 est
3056 4962 3256 5034 Ioseph
3278 4962 3391 5032 jam
3430 4958 3732 5031 Spiritualis

2149 5058 2425 5129 augmenti
2466 5071 2761 5128 appetens,
2805 5072 2904 5127 per
2952 5056 3188 5112 divinam
3240 5051 3582 5124 prudentiam
3622 5049 3732 5104 duo

2148 5150 2251 5205 ista
2296 5149 2556 5220 mysteria
2586 5164 2649 5203 ac
2693 5148 2738 5203 si
2769 5148 2875 5202 duo
2905 5147 3115 5202 somnia
3145 5143 3393 5208 resolvit;
3435 5141 3490 5197 in
3531 5141 3731 5211 quibus

2150 5242 2236 5296 illa
2267 5242 2373 5296 duo
2411 5241 2802 5310 intelliguntur,
2850 5237 3092 5293 charitas
3137 5234 3409 5298 videlicet,
3453 5248 3574 5303 quae
3612 5232 3730 5302 ipsa

2151 5344 2235 5391 est
2262 5332 2659 5399 benevolentia,
2685 5347 2782 5403 per
2807 5328 3106 5400 principem
3136 5327 3519 5397 pincernarum
3547 5324 3731 5395 signa-

2151 5436 2227 5492 ta,
2277 5437 2333 5484 et
2381 5428 2606 5484 scientia
2656 5441 2753 5496 per
2798 5423 3117 5493 magistrum
3162 5421 3426 5494 pistorum
3474 5420 3727 5489 ﬁgurata.

2151 5521 2434 5585 Charitas,
2486 5534 2608 5590 quae
2655 5534 2760 5573 non
2814 5516 3112 5571 tentatione
3156 5514 3451 5586 probatur,
3487 5509 3731 5566 charitas

2153 5630 2260 5670 non
2301 5623 2415 5680 est;
2458 5613 2554 5668 sed
2599 5613 2715 5683 ipsa
2750 5619 2854 5675 est,
2884 5625 3005 5680 quae
3039 5607 3291 5681 poculum
3333 5601 3729 5665 retributionis,

2152 5716 2207 5764 et
2246 5722 2276 5761 a
2305 5706 2585 5761 Pharaone
2631 5704 2846 5760 fortiter
2876 5704 3211 5773 viriliterque
3251 5699 3437 5757 refert.
3486 5693 3730 5763 Simplex

2152 5812 2284 5872 ergo
2310 5796 2557 5857 voluntas
2584 5793 2810 5870 perlatis
2836 5795 3181 5871 passionibus
3205 5790 3440 5866 proﬁcit.
3474 5785 3731 5849 Charitas
