  <div class='ocr_page' id='page_1' title='image "/cluster/home/n/w/nwhite01/storage/ocr_20150623/156/hvd.32044010683712/143.png"; bbox 0 0 3978 6332; ppageno 0'>
   <div class='ocr_carea' id='block_1_1' title="bbox 488 370 615 427">
    <p class='ocr_par' dir='ltr' id='par_1_1' title="bbox 488 370 615 427">
     <span class='ocr_line' id='line_1_1' title="bbox 488 370 615 427; baseline 0.016 -2"><span class='ocrx_word' id='word_1_1' title='bbox 488 410 491 413; x_wconf 93' lang='grc'><strong>-</strong></span> <span class='ocrx_word' id='word_1_2' title='bbox 507 370 615 427; x_wconf 76' lang='grc'><strong>275</strong></span> 
     </span>
    </p>
   </div>
   <div class='ocr_carea' id='block_1_2' title="bbox 1274 358 2925 435">
    <p class='ocr_par' dir='ltr' id='par_1_2' title="bbox 1274 358 2925 435">
     <span class='ocr_line' id='line_1_2' title="bbox 1274 358 2925 435; baseline 0.008 -13"><span class='ocrx_word' id='word_1_3' title='bbox 1274 367 1331 422; x_wconf 80' lang='grc' dir='ltr'><strong>ν.</strong></span> <span class='ocrx_word' id='word_1_4' title='bbox 1366 358 1689 424; x_wconf 78' lang='lat' dir='ltr'><strong>GUIBERTI</strong></span> <span class='ocrx_word' id='word_1_5' title='bbox 1720 366 2013 427; x_wconf 75' lang='lat' dir='ltr'><strong>ABBATIS</strong></span> <span class='ocrx_word' id='word_1_6' title='bbox 2032 369 2089 426; x_wconf 87' lang='lat' dir='ltr'><strong>S.</strong></span> <span class='ocrx_word' id='word_1_7' title='bbox 2129 368 2370 430; x_wconf 63' lang='lat' dir='ltr'><strong>MARLE</strong></span> <span class='ocrx_word' id='word_1_8' title='bbox 2399 373 2488 431; x_wconf 90' lang='lat' dir='ltr'><strong>DE</strong></span> <span class='ocrx_word' id='word_1_9' title='bbox 2527 374 2925 435; x_wconf 83' lang='lat' dir='ltr'><strong>NOVIGENTO</strong></span> 
     </span>
    </p>
   </div>
   <div class='ocr_carea' id='block_1_3' title="bbox 3651 400 3743 460">
    <p class='ocr_par' dir='ltr' id='par_1_3' title="bbox 3651 400 3743 460">
     <span class='ocr_line' id='line_1_3' title="bbox 3651 400 3743 460; baseline 0.043 -4"><span class='ocrx_word' id='word_1_10' title='bbox 3651 400 3743 460; x_wconf 71' lang='lat'><strong>276</strong></span> 
     </span>
    </p>
   </div>
   <div class='ocr_carea' id='block_1_4' title="bbox 509 478 3741 576">
    <p class='ocr_par' dir='ltr' id='par_1_4' title="bbox 509 478 3741 576">
     <span class='ocr_line' id='line_1_4' title="bbox 509 478 3741 576; baseline 0.006 -38"><span class='ocrx_word' id='word_1_11' title='bbox 509 486 656 540; x_wconf 89' lang='lat' dir='ltr'><strong>enim</strong></span> <span class='ocrx_word' id='word_1_12' title='bbox 686 523 702 551; x_wconf 94' lang='lat'><strong>,</strong></span> <span class='ocrx_word' id='word_1_13' title='bbox 769 487 895 555; x_wconf 85' lang='lat' dir='ltr'><strong>quia</strong></span> <span class='ocrx_word' id='word_1_14' title='bbox 956 482 1273 540; x_wconf 76' lang='lat' dir='ltr'><strong>naturaliter</strong></span> <span class='ocrx_word' id='word_1_15' title='bbox 1354 478 1576 537; x_wconf 86' lang='lat' dir='ltr'><strong>humilis</strong></span> <span class='ocrx_word' id='word_1_16' title='bbox 1651 491 1776 551; x_wconf 90' lang='lat' dir='ltr'><strong>est,</strong></span> <span class='ocrx_word' id='word_1_17' title='bbox 1856 485 2499 559; x_wconf 73' lang='lat' dir='ltr'><strong>tediﬁcatAprtepositus</strong></span> <span class='ocrx_word' id='word_1_18' title='bbox 2539 493 2910 561; x_wconf 87' lang='lat' dir='ltr'><strong>pincernarum</strong></span> <span class='ocrx_word' id='word_1_19' title='bbox 2954 496 3245 565; x_wconf 80' lang='lat' dir='ltr'><strong>interpretis</strong></span> <span class='ocrx_word' id='word_1_20' title='bbox 3297 502 3377 554; x_wconf 85' lang='lat' dir='ltr'><strong>sui</strong></span> <span class='ocrx_word' id='word_1_21' title='bbox 3428 500 3741 576; x_wconf 58' lang='grc' dir='ltr'><strong>οωίυεηαατ,</strong></span> 
     </span>
    </p>
   </div>
   <div class='ocr_carea' id='block_1_5' title="bbox 509 573 2091 649">
    <p class='ocr_par' dir='ltr' id='par_1_5' title="bbox 509 573 2091 649">
     <span class='ocr_line' id='line_1_5' title="bbox 509 573 2091 649; baseline 0.001 -19"><span class='ocrx_word' id='word_1_22' title='bbox 509 576 563 646; x_wconf 90' lang='grc' dir='ltr'><strong>(Ι</strong></span> <span class='ocrx_word' id='word_1_23' title='bbox 607 578 728 632; x_wconf 83' lang='lat' dir='ltr'><strong>Cor.</strong></span> <span class='ocrx_word' id='word_1_24' title='bbox 763 584 890 643; x_wconf 83' lang='lat' dir='ltr'><strong>vnt&#39;,</strong></span> <span class='ocrx_word' id='word_1_25' title='bbox 935 577 1010 643; x_wconf 77' lang='grc'><strong>1.).</strong></span> <span class='ocrx_word' id='word_1_26' title='bbox 1055 573 1295 629; x_wconf 89' lang='lat' dir='ltr'><strong>Scientia</strong></span> <span class='ocrx_word' id='word_1_27' title='bbox 1336 589 1487 642; x_wconf 90' lang='lat' dir='ltr'><strong>vero,</strong></span> <span class='ocrx_word' id='word_1_28' title='bbox 1529 576 1655 646; x_wconf 84' lang='lat' dir='ltr'><strong>quia</strong></span> <span class='ocrx_word' id='word_1_29' title='bbox 1696 578 1893 649; x_wconf 70' lang='lat' dir='ltr'><strong>saepius</strong></span> <span class='ocrx_word' id='word_1_30' title='bbox 1938 578 2091 635; x_wconf 88' lang='lat' dir='ltr'><strong>inﬁat</strong></span> 
     </span>
    </p>
   </div>
   <div class='ocr_carea' id='block_1_6' title="bbox 508 664 2093 741">
    <p class='ocr_par' dir='ltr' id='par_1_6' title="bbox 508 664 2093 741">
     <span class='ocr_line' id='line_1_6' title="bbox 508 664 2093 741; baseline 0.003 -20"><span class='ocrx_word' id='word_1_31' title='bbox 508 666 726 738; x_wconf 82' lang='lat' dir='ltr'><strong>(Ibid.),</strong></span> <span class='ocrx_word' id='word_1_32' title='bbox 760 670 1026 723; x_wconf 69' lang='lat' dir='ltr'><strong>daemones</strong></span> <span class='ocrx_word' id='word_1_33' title='bbox 1065 665 1256 734; x_wconf 88' lang='lat' dir='ltr'><strong>pascit.</strong></span> <span class='ocrx_word' id='word_1_34' title='bbox 1287 664 1444 722; x_wconf 86' lang='lat' dir='ltr'><strong>Unde</strong></span> <span class='ocrx_word' id='word_1_35' title='bbox 1480 675 1536 723; x_wconf 90' lang='lat' dir='ltr'><strong>et</strong></span> <span class='ocrx_word' id='word_1_36' title='bbox 1584 670 1688 724; x_wconf 91' lang='lat' dir='ltr'><strong>tria</strong></span> <span class='ocrx_word' id='word_1_37' title='bbox 1738 686 1899 741; x_wconf 83' lang='lat' dir='ltr'><strong>super</strong></span> <span class='ocrx_word' id='word_1_38' title='bbox 1931 680 2093 741; x_wconf 90' lang='lat' dir='ltr'><strong>caput</strong></span> 
     </span>
    </p>
   </div>
   <div class='ocr_carea' id='block_1_7' title="bbox 504 759 2092 834">
    <p class='ocr_par' dir='ltr' id='par_1_7' title="bbox 504 759 2092 834">
     <span class='ocr_line' id='line_1_7' title="bbox 504 759 2092 834; baseline 0.003 -19"><span class='ocrx_word' id='word_1_39' title='bbox 504 760 677 816; x_wconf 89' lang='lat' dir='ltr'><strong>fuisse</strong></span> <span class='ocrx_word' id='word_1_40' title='bbox 706 762 959 815; x_wconf 88' lang='lat' dir='ltr'><strong>dicuntur</strong></span> <span class='ocrx_word' id='word_1_41' title='bbox 985 759 1242 823; x_wconf 90' lang='lat' dir='ltr'><strong>canistra,</strong></span> <span class='ocrx_word' id='word_1_42' title='bbox 1277 761 1406 829; x_wconf 90' lang='lat' dir='ltr'><strong>quia</strong></span> <span class='ocrx_word' id='word_1_43' title='bbox 1446 763 1550 817; x_wconf 88' lang='lat' dir='ltr'><strong>tria</strong></span> <span class='ocrx_word' id='word_1_44' title='bbox 1590 771 1717 818; x_wconf 90' lang='lat' dir='ltr'><strong>sunt</strong></span> <span class='ocrx_word' id='word_1_45' title='bbox 1744 764 1862 819; x_wconf 86' lang='lat' dir='ltr'><strong>sine</strong></span> <span class='ocrx_word' id='word_1_46' title='bbox 1896 766 2092 834; x_wconf 83' lang='lat' dir='ltr'><strong>quibus</strong></span> 
     </span>
    </p>
   </div>
   <div class='ocr_carea' id='block_1_8' title="bbox 503 853 2092 926">
    <p class='ocr_par' dir='ltr' id='par_1_8' title="bbox 503 853 2092 926">
     <span class='ocr_line' id='line_1_8' title="bbox 503 853 2092 926; baseline 0.002 -18"><span class='ocrx_word' id='word_1_47' title='bbox 503 853 715 923; x_wconf 86' lang='lat' dir='ltr'><strong>integra</strong></span> <span class='ocrx_word' id='word_1_48' title='bbox 743 866 852 906; x_wconf 91' lang='lat' dir='ltr'><strong>non</strong></span> <span class='ocrx_word' id='word_1_49' title='bbox 881 860 1063 921; x_wconf 86' lang='lat' dir='ltr'><strong>potest</strong></span> <span class='ocrx_word' id='word_1_50' title='bbox 1086 860 1344 909; x_wconf 79' lang='lat' dir='ltr'><strong>constare</strong></span> <span class='ocrx_word' id='word_1_51' title='bbox 1373 856 1629 923; x_wconf 91' lang='lat' dir='ltr'><strong>scientia,</strong></span> <span class='ocrx_word' id='word_1_52' title='bbox 1670 856 1947 926; x_wconf 87' lang='lat' dir='ltr'><strong>ingenium</strong></span> <span class='ocrx_word' id='word_1_53' title='bbox 1986 855 2092 911; x_wconf 89' lang='lat' dir='ltr'><strong>sci-</strong></span> 
     </span>
    </p>
   </div>
   <div class='ocr_carea' id='block_1_9' title="bbox 500 945 2091 1015">
    <p class='ocr_par' dir='ltr' id='par_1_9' title="bbox 500 945 2091 1015">
     <span class='ocr_line' id='line_1_9' title="bbox 500 945 2091 1015; baseline 0.003 -17"><span class='ocrx_word' id='word_1_54' title='bbox 500 945 645 1008; x_wconf 82' lang='lat' dir='ltr'><strong>licet,</strong></span> <span class='ocrx_word' id='word_1_55' title='bbox 696 959 826 999; x_wconf 87' lang='lat' dir='ltr'><strong>usus</strong></span> <span class='ocrx_word' id='word_1_56' title='bbox 870 959 935 999; x_wconf 90' lang='lat' dir='ltr'><strong>ac</strong></span> <span class='ocrx_word' id='word_1_57' title='bbox 971 946 1256 1003; x_wconf 83' lang='lat' dir='ltr'><strong>memoria.</strong></span> <span class='ocrx_word' id='word_1_58' title='bbox 1288 947 1348 1002; x_wconf 86' lang='lat' dir='ltr'><strong>In</strong></span> <span class='ocrx_word' id='word_1_59' title='bbox 1386 949 1473 1004; x_wconf 86' lang='lat' dir='ltr'><strong>bis</strong></span> <span class='ocrx_word' id='word_1_60' title='bbox 1514 947 1690 1003; x_wconf 88' lang='lat' dir='ltr'><strong>farina</strong></span> <span class='ocrx_word' id='word_1_61' title='bbox 1723 957 1995 1015; x_wconf 83' lang='lat' dir='ltr'><strong>versatur,</strong></span> <span class='ocrx_word' id='word_1_62' title='bbox 2036 947 2091 1003; x_wconf 89' lang='lat' dir='ltr'><strong>id</strong></span> 
     </span>
    </p>
   </div>
   <div class='ocr_carea' id='block_1_10' title="bbox 499 1036 2086 1114">
    <p class='ocr_par' dir='ltr' id='par_1_10' title="bbox 499 1036 2086 1114">
     <span class='ocr_line' id='line_1_10' title="bbox 499 1036 2086 1114; baseline 0.003 -23"><span class='ocrx_word' id='word_1_63' title='bbox 499 1046 582 1091; x_wconf 92' lang='lat' dir='ltr'><strong>est</strong></span> <span class='ocrx_word' id='word_1_64' title='bbox 611 1036 884 1093; x_wconf 82' lang='lat' dir='ltr'><strong>subtilitas</strong></span> <span class='ocrx_word' id='word_1_65' title='bbox 928 1041 1273 1111; x_wconf 75' lang='lat' dir='ltr'><strong>cogitationis</strong></span> <span class='ocrx_word' id='word_1_66' title='bbox 1328 1042 1668 1114; x_wconf 83' lang='lat' dir='ltr'><strong>transigitur.</strong></span> <span class='ocrx_word' id='word_1_67' title='bbox 1716 1041 1821 1097; x_wconf 84' lang='lat' dir='ltr'><strong>Per</strong></span> <span class='ocrx_word' id='word_1_68' title='bbox 1858 1056 2086 1097; x_wconf 89' lang='lat' dir='ltr'><strong>cannam</strong></span> 
     </span>
    </p>
   </div>
   <div class='ocr_carea' id='block_1_11' title="bbox 498 1124 2090 1205">
    <p class='ocr_par' dir='ltr' id='par_1_11' title="bbox 498 1124 2090 1205">
     <span class='ocr_line' id='line_1_11' title="bbox 498 1124 2090 1205; baseline 0.006 -25"><span class='ocrx_word' id='word_1_69' title='bbox 498 1136 703 1193; x_wconf 88' lang='lat' dir='ltr'><strong>autem,</strong></span> <span class='ocrx_word' id='word_1_70' title='bbox 736 1130 882 1184; x_wconf 88' lang='lat' dir='ltr'><strong>unde</strong></span> <span class='ocrx_word' id='word_1_71' title='bbox 927 1130 1169 1189; x_wconf 86' lang='lat' dir='ltr'><strong>canistra</strong></span> <span class='ocrx_word' id='word_1_72' title='bbox 1218 1124 1507 1201; x_wconf 85' lang='lat' dir='ltr'><strong>voeantur,</strong></span> <span class='ocrx_word' id='word_1_73' title='bbox 1540 1135 1952 1205; x_wconf 85' lang='lat' dir='ltr'><strong>supervacuitas</strong></span> <span class='ocrx_word' id='word_1_74' title='bbox 1999 1149 2090 1189; x_wconf 83' lang='lat' dir='ltr'><strong>vo-</strong></span> 
     </span>
    </p>
   </div>
   <div class='ocr_carea' id='block_1_12' title="bbox 495 1218 2090 1298">
    <p class='ocr_par' dir='ltr' id='par_1_12' title="bbox 495 1218 2090 1298">
     <span class='ocr_line' id='line_1_12' title="bbox 495 1218 2090 1298; baseline 0.004 -26"><span class='ocrx_word' id='word_1_75' title='bbox 495 1218 733 1276; x_wconf 87' lang='lat' dir='ltr'><strong>calitatis</strong></span> <span class='ocrx_word' id='word_1_76' title='bbox 754 1230 810 1277; x_wconf 90' lang='lat' dir='ltr'><strong>et</strong></span> <span class='ocrx_word' id='word_1_77' title='bbox 857 1222 1182 1293; x_wconf 65' lang='lat' dir='ltr'><strong>eloquentiae</strong></span> <span class='ocrx_word' id='word_1_78' title='bbox 1213 1227 1495 1298; x_wconf 81' lang='lat' dir='ltr'><strong>signatur;</strong></span> <span class='ocrx_word' id='word_1_79' title='bbox 1525 1242 1752 1296; x_wconf 91' lang='lat' dir='ltr'><strong>quorum</strong></span> <span class='ocrx_word' id='word_1_80' title='bbox 1786 1240 1977 1281; x_wconf 87' lang='lat' dir='ltr'><strong>sensus</strong></span> <span class='ocrx_word' id='word_1_81' title='bbox 2006 1235 2090 1280; x_wconf 82' lang='lat' dir='ltr'><strong>est</strong></span> 
     </span>
    </p>
   </div>
   <div class='ocr_carea' id='block_1_13' title="bbox 496 1310 2089 1389">
    <p class='ocr_par' dir='ltr' id='par_1_13' title="bbox 496 1310 2089 1389">
     <span class='ocr_line' id='line_1_13' title="bbox 496 1310 2089 1389; baseline 0.002 -22"><span class='ocrx_word' id='word_1_82' title='bbox 496 1310 711 1382; x_wconf 88' lang='lat' dir='ltr'><strong>aliquos</strong></span> <span class='ocrx_word' id='word_1_83' title='bbox 740 1330 838 1384; x_wconf 90' lang='lat' dir='ltr'><strong>per</strong></span> <span class='ocrx_word' id='word_1_84' title='bbox 868 1317 1168 1387; x_wconf 87' lang='lat' dir='ltr'><strong>simplicem</strong></span> <span class='ocrx_word' id='word_1_85' title='bbox 1199 1319 1633 1375; x_wconf 84' lang='lat' dir='ltr'><strong>benevolentiam</strong></span> <span class='ocrx_word' id='word_1_86' title='bbox 1667 1320 1873 1389; x_wconf 86' lang='lat' dir='ltr'><strong>absque</strong></span> <span class='ocrx_word' id='word_1_87' title='bbox 1916 1317 2089 1372; x_wconf 89' lang='lat' dir='ltr'><strong>scien-</strong></span> 
     </span>
    </p>
   </div>
   <div class='ocr_carea' id='block_1_14' title="bbox 495 1405 2089 1482">
    <p class='ocr_par' dir='ltr' id='par_1_14' title="bbox 495 1405 2089 1482">
     <span class='ocr_line' id='line_1_14' title="bbox 495 1405 2089 1482; baseline 0.003 -25"><span class='ocrx_word' id='word_1_88' title='bbox 495 1405 595 1470; x_wconf 86' lang='lat' dir='ltr'><strong>tia,</strong></span> <span class='ocrx_word' id='word_1_89' title='bbox 620 1414 676 1461; x_wconf 90' lang='lat' dir='ltr'><strong>et</strong></span> <span class='ocrx_word' id='word_1_90' title='bbox 703 1406 922 1473; x_wconf 90' lang='lat' dir='ltr'><strong>litteris,</strong></span> <span class='ocrx_word' id='word_1_91' title='bbox 946 1424 1044 1479; x_wconf 89' lang='lat' dir='ltr'><strong>per</strong></span> <span class='ocrx_word' id='word_1_92' title='bbox 1072 1411 1391 1480; x_wconf 84' lang='lat' dir='ltr'><strong>patientiam</strong></span> <span class='ocrx_word' id='word_1_93' title='bbox 1419 1411 1719 1482; x_wconf 89' lang='lat' dir='ltr'><strong>proﬁcere;</strong></span> <span class='ocrx_word' id='word_1_94' title='bbox 1752 1412 1961 1480; x_wconf 88' lang='lat' dir='ltr'><strong>aliquos</strong></span> <span class='ocrx_word' id='word_1_95' title='bbox 1992 1425 2089 1478; x_wconf 90' lang='lat' dir='ltr'><strong>per</strong></span> 
     </span>
    </p>
   </div>
   <div class='ocr_carea' id='block_1_15' title="bbox 492 1498 2089 1574">
    <p class='ocr_par' dir='ltr' id='par_1_15' title="bbox 492 1498 2089 1574">
     <span class='ocr_line' id='line_1_15' title="bbox 492 1498 2089 1574; baseline 0.003 -21"><span class='ocrx_word' id='word_1_96' title='bbox 492 1498 782 1555; x_wconf 86' lang='lat' dir='ltr'><strong>elationem</strong></span> <span class='ocrx_word' id='word_1_97' title='bbox 826 1516 894 1555; x_wconf 80' lang='lat' dir='ltr'><strong>ex</strong></span> <span class='ocrx_word' id='word_1_98' title='bbox 927 1502 1071 1557; x_wconf 85' lang='lat' dir='ltr'><strong>fastu</strong></span> <span class='ocrx_word' id='word_1_99' title='bbox 1124 1505 1404 1574; x_wconf 78' lang='lat' dir='ltr'><strong>sapientia:</strong></span> <span class='ocrx_word' id='word_1_100' title='bbox 1447 1513 1705 1571; x_wconf 88' lang='lat' dir='ltr'><strong>tractam,</strong></span> <span class='ocrx_word' id='word_1_101' title='bbox 1754 1502 2089 1559; x_wconf 88' lang='lat' dir='ltr'><strong>daemonibus</strong></span> 
     </span>
    </p>
   </div>
   <div class='ocr_carea' id='block_1_16' title="bbox 493 1591 1362 1657">
    <p class='ocr_par' dir='ltr' id='par_1_16' title="bbox 493 1591 1362 1657">
     <span class='ocr_line' id='line_1_16' title="bbox 493 1591 1362 1657; baseline 0.007 -12"><span class='ocrx_word' id='word_1_102' title='bbox 493 1591 705 1647; x_wconf 81' lang='lat' dir='ltr'><strong>scilicet</strong></span> <span class='ocrx_word' id='word_1_103' title='bbox 730 1596 1063 1651; x_wconf 90' lang='lat' dir='ltr'><strong>nutrimenta</strong></span> <span class='ocrx_word' id='word_1_104' title='bbox 1092 1597 1362 1657; x_wconf 79' lang='lat' dir='ltr'><strong>conferre.</strong></span> 
     </span>
    </p>
   </div>
   <div class='ocr_carea' id='block_1_17' title="bbox 569 1683 2091 1745">
    <p class='ocr_par' dir='ltr' id='par_1_17' title="bbox 569 1683 2091 1745">
     <span class='ocr_line' id='line_1_17' title="bbox 569 1683 2091 1745; baseline 0.003 -8"><span class='ocrx_word' id='word_1_105' title='bbox 569 1683 730 1742; x_wconf 77' lang='lat' dir='ltr'><strong>Vsus.</strong></span> <span class='ocrx_word' id='word_1_106' title='bbox 757 1687 848 1741; x_wconf 88' lang='lat'><strong>20.</strong></span> <span class='ocrx_word' id='word_1_107' title='bbox 874 1718 945 1729; x_wconf 91' lang='grc'><strong>--</strong></span> <span class='ocrx_word' id='word_1_108' title='bbox 981 1689 1190 1743; x_wconf 73' lang='lat' dir='ltr'><strong>Exinde</strong></span> <span class='ocrx_word' id='word_1_109' title='bbox 1232 1692 1341 1745; x_wconf 86' lang='lat' dir='ltr'><strong>dies</strong></span> <span class='ocrx_word' id='word_1_110' title='bbox 1386 1692 1569 1745; x_wconf 86' lang='lat' dir='ltr'><strong>tertius</strong></span> <span class='ocrx_word' id='word_1_111' title='bbox 1622 1690 1895 1745; x_wconf 84' lang='lat' dir='ltr'><strong>natalitius</strong></span> <span class='ocrx_word' id='word_1_112' title='bbox 1942 1686 2091 1742; x_wconf 85' lang='lat' dir='ltr'><strong>Pha-</strong></span> 
     </span>
    </p>
   </div>
   <div class='ocr_carea' id='block_1_18' title="bbox 495 1780 2084 1848">
    <p class='ocr_par' dir='ltr' id='par_1_18' title="bbox 495 1780 2084 1848">
     <span class='ocr_line' id='line_1_18' title="bbox 495 1780 2084 1848; baseline 0.003 -17"><span class='ocrx_word' id='word_1_113' title='bbox 495 1780 673 1833; x_wconf 87' lang='lat' dir='ltr'><strong>raonis</strong></span> <span class='ocrx_word' id='word_1_114' title='bbox 726 1792 859 1836; x_wconf 87' lang='lat' dir='ltr'><strong>erat.</strong></span> <span class='ocrx_word' id='word_1_115' title='bbox 924 1783 1139 1838; x_wconf 84' lang='lat' dir='ltr'><strong>Abhinc</strong></span> <span class='ocrx_word' id='word_1_116' title='bbox 1193 1784 1281 1839; x_wconf 90' lang='lat' dir='ltr'><strong>die</strong></span> <span class='ocrx_word' id='word_1_117' title='bbox 1322 1786 1486 1840; x_wconf 87' lang='lat' dir='ltr'><strong>tertio</strong></span> <span class='ocrx_word' id='word_1_118' title='bbox 1544 1785 1760 1839; x_wconf 86' lang='lat' dir='ltr'><strong>Pharao</strong></span> <span class='ocrx_word' id='word_1_119' title='bbox 1819 1784 2084 1848; x_wconf 88' lang='lat' dir='ltr'><strong>nascitur,</strong></span> 
     </span>
    </p>
   </div>
   <div class='ocr_carea' id='block_1_19' title="bbox 2191 578 3745 669">
    <p class='ocr_par' dir='ltr' id='par_1_19' title="bbox 2191 578 3745 669">
     <span class='ocr_line' id='line_1_19' title="bbox 2191 578 3745 669; baseline 0.016 -37"><span class='ocrx_word' id='word_1_120' title='bbox 2191 578 2327 633; x_wconf 87' lang='lat' dir='ltr'><strong>Nam</strong></span> <span class='ocrx_word' id='word_1_121' title='bbox 2378 581 2504 638; x_wconf 89' lang='lat' dir='ltr'><strong>licet</strong></span> <span class='ocrx_word' id='word_1_122' title='bbox 2549 584 2812 640; x_wconf 75' lang='lat' dir='ltr'><strong>molestia:</strong></span> <span class='ocrx_word' id='word_1_123' title='bbox 2846 587 3133 642; x_wconf 89' lang='lat' dir='ltr'><strong>interiores</strong></span> <span class='ocrx_word' id='word_1_124' title='bbox 3163 605 3283 645; x_wconf 90' lang='lat' dir='ltr'><strong>cum</strong></span> <span class='ocrx_word' id='word_1_125' title='bbox 3318 593 3616 660; x_wconf 83' lang='lat' dir='ltr'><strong>difﬁcultate</strong></span> <span class='ocrx_word' id='word_1_126' title='bbox 3641 611 3745 669; x_wconf 82' lang='lat' dir='ltr'><strong>vin.</strong></span> 
     </span>
    </p>
   </div>
   <div class='ocr_carea' id='block_1_20' title="bbox 2154 681 3746 770">
    <p class='ocr_par' dir='ltr' id='par_1_20' title="bbox 2154 681 3746 770">
     <span class='ocr_line' id='line_1_20' title="bbox 2154 681 3746 770; baseline 0.016 -44"><span class='ocrx_word' id='word_1_127' title='bbox 2154 682 2406 739; x_wconf 77' lang='lat' dir='ltr'><strong>&#39;cantur,</strong></span> <span class='ocrx_word' id='word_1_128' title='bbox 2458 692 2593 746; x_wconf 91' lang='lat' dir='ltr'><strong>pace</strong></span> <span class='ocrx_word' id='word_1_129' title='bbox 2639 687 2822 734; x_wconf 90' lang='lat' dir='ltr'><strong>tamen</strong></span> <span class='ocrx_word' id='word_1_130' title='bbox 2865 681 3336 754; x_wconf 85' lang='lat' dir='ltr'><strong>quantulacunque</strong></span> <span class='ocrx_word' id='word_1_131' title='bbox 3384 704 3560 749; x_wconf 86' lang='lat' dir='ltr'><strong>secuta</strong></span> <span class='ocrx_word' id='word_1_132' title='bbox 3602 704 3746 770; x_wconf 80' lang='lat' dir='ltr'><strong>proﬁ-</strong></span> 
     </span>
    </p>
   </div>
   <div class='ocr_carea' id='block_1_21' title="bbox 2193 766 3480 840">
    <p class='ocr_par' dir='ltr' id='par_1_21' title="bbox 2193 766 3480 840">
     <span class='ocr_line' id='line_1_21' title="bbox 2193 766 3480 840; baseline 0.013 -19"><span class='ocrx_word' id='word_1_133' title='bbox 2193 766 2371 823; x_wconf 90' lang='lat' dir='ltr'><strong>ciendi</strong></span> <span class='ocrx_word' id='word_1_134' title='bbox 2398 771 2671 840; x_wconf 84' lang='lat' dir='ltr'><strong>appetitus</strong></span> <span class='ocrx_word' id='word_1_135' title='bbox 2698 771 2859 829; x_wconf 83' lang='lat' dir='ltr'><strong>facile</strong></span> <span class='ocrx_word' id='word_1_136' title='bbox 2887 773 2953 829; x_wconf 89' lang='lat' dir='ltr'><strong>ab</strong></span> <span class='ocrx_word' id='word_1_137' title='bbox 2983 774 3165 830; x_wconf 87' lang='lat' dir='ltr'><strong>animo</strong></span> <span class='ocrx_word' id='word_1_138' title='bbox 3192 775 3480 837; x_wconf 87' lang='lat' dir='ltr'><strong>diducitur.</strong></span> 
     </span>
    </p>
   </div>
   <div class='ocr_carea' id='block_1_22' title="bbox 2778 910 3184 968">
    <p class='ocr_par' dir='ltr' id='par_1_22' title="bbox 2778 910 3184 968">
     <span class='ocr_line' id='line_1_22' title="bbox 2778 910 3184 968; baseline 0.005 -2"><span class='ocrx_word' id='word_1_139' title='bbox 2778 910 3009 968; x_wconf 80' lang='lat' dir='ltr'><strong>CAPUT</strong></span> <span class='ocrx_word' id='word_1_140' title='bbox 3048 912 3184 968; x_wconf 80' lang='lat' dir='ltr'><strong>XLI.</strong></span> 
     </span>
    </p>
   </div>
   <div class='ocr_carea' id='block_1_23' title="bbox 2269 1037 3747 1115">
    <p class='ocr_par' dir='ltr' id='par_1_23' title="bbox 2269 1037 3747 1115">
     <span class='ocr_line' id='line_1_23' title="bbox 2269 1037 3747 1115; baseline 0.016 -23"><span class='ocrx_word' id='word_1_141' title='bbox 2269 1037 2435 1095; x_wconf 74' lang='lat' dir='ltr'><strong>Vens.</strong></span> <span class='ocrx_word' id='word_1_142' title='bbox 2467 1041 2765 1098; x_wconf 77' lang='lat' dir='ltr'><strong>i.——Post</strong></span> <span class='ocrx_word' id='word_1_143' title='bbox 2819 1044 2951 1099; x_wconf 89' lang='lat' dir='ltr'><strong>duos</strong></span> <span class='ocrx_word' id='word_1_144' title='bbox 3005 1062 3169 1100; x_wconf 82' lang='lat' dir='ltr'><strong>annos</strong></span> <span class='ocrx_word' id='word_1_145' title='bbox 3196 1042 3348 1102; x_wconf 81' lang='lat' dir='ltr'><strong>&#39;vidit</strong></span> <span class='ocrx_word' id='word_1_146' title='bbox 3394 1049 3599 1111; x_wconf 85' lang='lat' dir='ltr'><strong>Pharao</strong></span> <span class='ocrx_word' id='word_1_147' title='bbox 3627 1074 3747 1115; x_wconf 85' lang='lat' dir='ltr'><strong>som-</strong></span> 
     </span>
    </p>
   </div>
   <div class='ocr_carea' id='block_1_24' title="bbox 2192 1130 3747 1212">
    <p class='ocr_par' dir='ltr' id='par_1_24' title="bbox 2192 1130 3747 1212">
     <span class='ocr_line' id='line_1_24' title="bbox 2192 1130 3747 1212; baseline 0.017 -31"><span class='ocrx_word' id='word_1_148' title='bbox 2192 1130 2358 1185; x_wconf 87' lang='lat' dir='ltr'><strong>nium.</strong></span> <span class='ocrx_word' id='word_1_149' title='bbox 2397 1132 2586 1189; x_wconf 84' lang='lat' dir='ltr'><strong>Annus</strong></span> <span class='ocrx_word' id='word_1_150' title='bbox 2624 1136 2833 1204; x_wconf 89' lang='lat' dir='ltr'><strong>primus</strong></span> <span class='ocrx_word' id='word_1_151' title='bbox 2869 1136 2922 1191; x_wconf 92' lang='lat' dir='ltr'><strong>ln</strong></span> <span class='ocrx_word' id='word_1_152' title='bbox 2964 1137 3145 1193; x_wconf 90' lang='lat' dir='ltr'><strong>divina</strong></span> <span class='ocrx_word' id='word_1_153' title='bbox 3179 1139 3537 1212; x_wconf 86' lang='lat' dir='ltr'><strong>cogitatione;</strong></span> <span class='ocrx_word' id='word_1_154' title='bbox 3572 1162 3747 1207; x_wconf 88' lang='lat' dir='ltr'><strong>secun-</strong></span> 
     </span>
    </p>
   </div>
   <div class='ocr_carea' id='block_1_25' title="bbox 2192 1219 3749 1307">
    <p class='ocr_par' dir='ltr' id='par_1_25' title="bbox 2192 1219 3749 1307">
     <span class='ocr_line' id='line_1_25' title="bbox 2192 1219 3749 1307; baseline 0.016 -34"><span class='ocrx_word' id='word_1_155' title='bbox 2192 1219 2293 1276; x_wconf 89' lang='lat' dir='ltr'><strong>dus</strong></span> <span class='ocrx_word' id='word_1_156' title='bbox 2322 1222 2373 1276; x_wconf 95' lang='lat' dir='ltr'><strong>in</strong></span> <span class='ocrx_word' id='word_1_157' title='bbox 2402 1224 2528 1279; x_wconf 90' lang='lat' dir='ltr'><strong>boni</strong></span> <span class='ocrx_word' id='word_1_158' title='bbox 2558 1226 2739 1295; x_wconf 81' lang='lat' dir='ltr'><strong>operis</strong></span> <span class='ocrx_word' id='word_1_159' title='bbox 2766 1227 3033 1297; x_wconf 88' lang='lat' dir='ltr'><strong>accipitur</strong></span> <span class='ocrx_word' id='word_1_160' title='bbox 3069 1231 3439 1287; x_wconf 85' lang='lat' dir='ltr'><strong>exsecutione.</strong></span> <span class='ocrx_word' id='word_1_161' title='bbox 3467 1233 3543 1291; x_wconf 89' lang='lat' dir='ltr'><strong>De</strong></span> <span class='ocrx_word' id='word_1_162' title='bbox 3574 1241 3749 1307; x_wconf 88' lang='lat' dir='ltr'><strong>quibus</strong></span> 
     </span>
    </p>
   </div>
   <div class='ocr_carea' id='block_1_26' title="bbox 2192 1310 3748 1396">
    <p class='ocr_par' dir='ltr' id='par_1_26' title="bbox 2192 1310 3748 1396">
     <span class='ocr_line' id='line_1_26' title="bbox 2192 1310 3748 1396; baseline 0.013 -32"><span class='ocrx_word' id='word_1_163' title='bbox 2192 1310 2246 1365; x_wconf 91' lang='lat' dir='ltr'><strong>in</strong></span> <span class='ocrx_word' id='word_1_164' title='bbox 2304 1314 2514 1383; x_wconf 84' lang='lat' dir='ltr'><strong>psalmo</strong></span> <span class='ocrx_word' id='word_1_165' title='bbox 2568 1316 3050 1373; x_wconf 80' lang='lat' dir='ltr'><strong>est:)ntellectum</strong></span> <span class='ocrx_word' id='word_1_166' title='bbox 3098 1320 3189 1373; x_wconf 87' lang='lat' dir='ltr'><strong>tibi</strong></span> <span class='ocrx_word' id='word_1_167' title='bbox 3254 1321 3422 1389; x_wconf 83' lang='lat' dir='ltr'><strong>dabo,</strong></span> <span class='ocrx_word' id='word_1_168' title='bbox 3472 1325 3659 1396; x_wconf 86' lang='lat' dir='ltr'><strong>inquit,</strong></span> <span class='ocrx_word' id='word_1_169' title='bbox 3708 1343 3748 1384; x_wconf 86' lang='lat' dir='ltr'><strong>et</strong></span> 
     </span>
    </p>
   </div>
   <div class='ocr_carea' id='block_1_27' title="bbox 2190 1402 3743 1487">
    <p class='ocr_par' dir='ltr' id='par_1_27' title="bbox 2190 1402 3743 1487">
     <span class='ocr_line' id='line_1_27' title="bbox 2190 1402 3743 1487; baseline 0.012 -32"><span class='ocrx_word' id='word_1_170' title='bbox 2190 1402 2448 1458; x_wconf 79' lang='lat' dir='ltr'><strong>instruant</strong></span> <span class='ocrx_word' id='word_1_171' title='bbox 2489 1416 2537 1459; x_wconf 87' lang='lat' dir='ltr'><strong>te</strong></span> <span class='ocrx_word' id='word_1_172' title='bbox 2568 1406 2740 1477; x_wconf 86' lang='lat' dir='ltr'><strong>(Psal.</strong></span> <span class='ocrx_word' id='word_1_173' title='bbox 2782 1426 2933 1477; x_wconf 79' lang='lat' dir='ltr'><strong>xxxi,</strong></span> <span class='ocrx_word' id='word_1_174' title='bbox 2971 1410 3048 1479; x_wconf 92' lang='lat'><strong>8),</strong></span> <span class='ocrx_word' id='word_1_175' title='bbox 3088 1420 3148 1465; x_wconf 91' lang='lat' dir='ltr'><strong>ut</strong></span> <span class='ocrx_word' id='word_1_176' title='bbox 3176 1412 3472 1470; x_wconf 90' lang='lat' dir='ltr'><strong>intellectui</strong></span> <span class='ocrx_word' id='word_1_177' title='bbox 3501 1432 3743 1487; x_wconf 86' lang='lat' dir='ltr'><strong>coepere-</strong></span> 
     </span>
    </p>
   </div>
   <div class='ocr_carea' id='block_1_28' title="bbox 2194 1496 3747 1583">
    <p class='ocr_par' dir='ltr' id='par_1_28' title="bbox 2194 1496 3747 1583">
     <span class='ocr_line' id='line_1_28' title="bbox 2194 1496 3747 1583; baseline 0.014 -35"><span class='ocrx_word' id='word_1_178' title='bbox 2194 1496 2270 1549; x_wconf 88' lang='lat' dir='ltr'><strong>ris</strong></span> <span class='ocrx_word' id='word_1_179' title='bbox 2323 1506 2431 1552; x_wconf 91' lang='lat' dir='ltr'><strong>tuo.</strong></span> <span class='ocrx_word' id='word_1_180' title='bbox 2490 1497 2643 1555; x_wconf 87' lang='lat' dir='ltr'><strong>Sicut</strong></span> <span class='ocrx_word' id='word_1_181' title='bbox 2692 1503 2835 1557; x_wconf 92' lang='lat' dir='ltr'><strong>enim</strong></span> <span class='ocrx_word' id='word_1_182' title='bbox 2889 1520 3063 1559; x_wconf 90' lang='lat' dir='ltr'><strong>annus</strong></span> <span class='ocrx_word' id='word_1_183' title='bbox 3098 1504 3307 1571; x_wconf 88' lang='lat' dir='ltr'><strong>diebus,</strong></span> <span class='ocrx_word' id='word_1_184' title='bbox 3362 1507 3436 1561; x_wconf 90' lang='lat' dir='ltr'><strong>ita</strong></span> <span class='ocrx_word' id='word_1_185' title='bbox 3481 1519 3747 1583; x_wconf 89' lang='lat' dir='ltr'><strong>utrumque</strong></span> 
     </span>
    </p>
   </div>
   <div class='ocr_carea' id='block_1_29' title="bbox 2190 1588 3749 1672">
    <p class='ocr_par' dir='ltr' id='par_1_29' title="bbox 2190 1588 3749 1672">
     <span class='ocr_line' id='line_1_29' title="bbox 2190 1588 3749 1672; baseline 0.012 -31"><span class='ocrx_word' id='word_1_186' title='bbox 2190 1588 2297 1658; x_wconf 89' lang='lat' dir='ltr'><strong>piis</strong></span> <span class='ocrx_word' id='word_1_187' title='bbox 2336 1588 2504 1661; x_wconf 78' lang='lat' dir='ltr'><strong>fulget</strong></span> <span class='ocrx_word' id='word_1_188' title='bbox 2532 1595 2668 1649; x_wconf 86' lang='lat' dir='ltr'><strong>actis</strong></span> <span class='ocrx_word' id='word_1_189' title='bbox 2710 1604 2764 1650; x_wconf 91' lang='lat' dir='ltr'><strong>et</strong></span> <span class='ocrx_word' id='word_1_190' title='bbox 2804 1596 3075 1652; x_wconf 85' lang='lat' dir='ltr'><strong>sensibus.</strong></span> <span class='ocrx_word' id='word_1_191' title='bbox 3127 1597 3348 1654; x_wconf 86' lang='lat' dir='ltr'><strong>Tertius</strong></span> <span class='ocrx_word' id='word_1_192' title='bbox 3397 1601 3449 1654; x_wconf 87' lang='lat' dir='ltr'><strong>in</strong></span> <span class='ocrx_word' id='word_1_193' title='bbox 3490 1618 3591 1672; x_wconf 93' lang='lat' dir='ltr'><strong>quo</strong></span> <span class='ocrx_word' id='word_1_194' title='bbox 3630 1623 3749 1659; x_wconf 90' lang='lat' dir='ltr'><strong>som-</strong></span> 
     </span>
    </p>
   </div>
   <div class='ocr_carea' id='block_1_30' title="bbox 2192 1681 3749 1757">
    <p class='ocr_par' dir='ltr' id='par_1_30' title="bbox 2192 1681 3749 1757">
     <span class='ocr_line' id='line_1_30' title="bbox 2192 1681 3749 1757; baseline 0.01 -23"><span class='ocrx_word' id='word_1_195' title='bbox 2192 1681 2339 1736; x_wconf 85' lang='lat' dir='ltr'><strong>nium</strong></span> <span class='ocrx_word' id='word_1_196' title='bbox 2365 1684 2601 1753; x_wconf 85' lang='lat' dir='ltr'><strong>videtur,</strong></span> <span class='ocrx_word' id='word_1_197' title='bbox 2637 1689 3058 1757; x_wconf 77' lang='lat' dir='ltr'><strong>perseverantia:</strong></span> <span class='ocrx_word' id='word_1_198' title='bbox 3094 1689 3325 1744; x_wconf 91' lang='lat' dir='ltr'><strong>intentio</strong></span> <span class='ocrx_word' id='word_1_199' title='bbox 3354 1699 3459 1757; x_wconf 86' lang='lat' dir='ltr'><strong>est,</strong></span> <span class='ocrx_word' id='word_1_200' title='bbox 3495 1695 3628 1749; x_wconf 90' lang='lat' dir='ltr'><strong>unde</strong></span> <span class='ocrx_word' id='word_1_201' title='bbox 3656 1696 3749 1752; x_wconf 90' lang='lat' dir='ltr'><strong>illic</strong></span> 
     </span>
    </p>
   </div>
   <div class='ocr_carea' id='block_1_31' title="bbox 2196 1775 3750 1855">
    <p class='ocr_par' dir='ltr' id='par_1_31' title="bbox 2196 1775 3750 1855">
     <span class='ocr_line' id='line_1_31' title="bbox 2196 1775 3750 1855; baseline 0.01 -28"><span class='ocrx_word' id='word_1_202' title='bbox 2196 1776 2441 1842; x_wconf 76' lang='lat' dir='ltr'><strong>sequitur</strong></span> <span class='ocrx_word' id='word_1_203' title='bbox 2468 1796 2479 1830; x_wconf 94' lang='lat'>:</span> <span class='ocrx_word' id='word_1_204' title='bbox 2509 1775 2759 1834; x_wconf 83' lang='lat' dir='ltr'><strong>Firmabo</strong></span> <span class='ocrx_word' id='word_1_205' title='bbox 2782 1797 2937 1849; x_wconf 84' lang='lat' dir='ltr'><strong>super</strong></span> <span class='ocrx_word' id='word_1_206' title='bbox 2958 1790 3006 1834; x_wconf 91' lang='lat' dir='ltr'><strong>te</strong></span> <span class='ocrx_word' id='word_1_207' title='bbox 3032 1780 3207 1834; x_wconf 86' lang='lat' dir='ltr'><strong>oculos</strong></span> <span class='ocrx_word' id='word_1_208' title='bbox 3232 1799 3370 1836; x_wconf 88' lang='lat' dir='ltr'><strong>meos</strong></span> <span class='ocrx_word' id='word_1_209' title='bbox 3399 1782 3603 1855; x_wconf 87' lang='lat' dir='ltr'><strong>(Ibid.),</strong></span> <span class='ocrx_word' id='word_1_210' title='bbox 3627 1788 3750 1841; x_wconf 85' lang='lat' dir='ltr'><strong>scili-</strong></span> 
     </span>
    </p>
   </div>
   <div class='ocr_carea' id='block_1_32' title="bbox 412 1845 2087 1949">
    <p class='ocr_par' dir='ltr' id='par_1_32' title="bbox 412 1875 2083 1949">
     <span class='ocr_line' id='line_1_32' title="bbox 412 1875 2083 1949; baseline 0.004 -24"><span class='ocrx_word' id='word_1_211' title='bbox 412 1934 421 1949; x_wconf 28' lang='grc' dir='ltr'>ι</span> <span class='ocrx_word' id='word_1_212' title='bbox 496 1885 620 1926; x_wconf 89' lang='lat' dir='ltr'><strong>cum</strong></span> <span class='ocrx_word' id='word_1_213' title='bbox 654 1882 778 1943; x_wconf 87' lang='lat' dir='ltr'><strong>post</strong></span> <span class='ocrx_word' id='word_1_214' title='bbox 825 1875 1065 1946; x_wconf 85' lang='lat' dir='ltr'><strong>ineptam</strong></span> <span class='ocrx_word' id='word_1_215' title='bbox 1113 1893 1232 1946; x_wconf 74' lang='lat' dir='ltr'><strong>quae</strong></span> <span class='ocrx_word' id='word_1_216' title='bbox 1288 1880 1462 1948; x_wconf 90' lang='lat' dir='ltr'><strong>primo</strong></span> <span class='ocrx_word' id='word_1_217' title='bbox 1508 1881 1653 1934; x_wconf 90' lang='lat' dir='ltr'><strong>intus</strong></span> <span class='ocrx_word' id='word_1_218' title='bbox 1700 1880 1876 1934; x_wconf 87' lang='lat' dir='ltr'><strong>oritur</strong></span> <span class='ocrx_word' id='word_1_219' title='bbox 1926 1878 2083 1948; x_wconf 85' lang='lat' dir='ltr'><strong>quasi</strong></span> 
     </span>
    </p>
   </div>
   <div class='ocr_carea' id='block_1_33' title="bbox 2190 1845 3747 1949">
    <p class='ocr_par' dir='ltr' id='par_1_33' title="bbox 2196 1873 3747 1947">
     <span class='ocr_line' id='line_1_33' title="bbox 2196 1873 3747 1947; baseline 0.01 -27"><span class='ocrx_word' id='word_1_220' title='bbox 2196 1880 2283 1921; x_wconf 84' lang='lat' dir='ltr'><strong>cet</strong></span> <span class='ocrx_word' id='word_1_221' title='bbox 2319 1876 2378 1921; x_wconf 92' lang='lat' dir='ltr'><strong>ut</strong></span> <span class='ocrx_word' id='word_1_222' title='bbox 2408 1873 2699 1926; x_wconf 84' lang='lat' dir='ltr'><strong>secundem</strong></span> <span class='ocrx_word' id='word_1_223' title='bbox 2731 1882 3028 1942; x_wconf 84' lang='lat' dir='ltr'><strong>proventus</strong></span> <span class='ocrx_word' id='word_1_224' title='bbox 3073 1881 3217 1929; x_wconf 90' lang='lat' dir='ltr'><strong>tuos.</strong></span> <span class='ocrx_word' id='word_1_225' title='bbox 3254 1873 3381 1929; x_wconf 88' lang='lat' dir='ltr'><strong>Post</strong></span> <span class='ocrx_word' id='word_1_226' title='bbox 3406 1892 3597 1931; x_wconf 90' lang='lat' dir='ltr'><strong>annum</strong></span> <span class='ocrx_word' id='word_1_227' title='bbox 3618 1894 3747 1947; x_wconf 80' lang='lat' dir='ltr'><strong>ergo,</strong></span> 
     </span>
    </p>
   </div>
   <div class='ocr_carea' id='block_1_34' title="bbox 496 1964 2090 2039">
    <p class='ocr_par' dir='ltr' id='par_1_34' title="bbox 496 1964 2090 2039">
     <span class='ocr_line' id='line_1_34' title="bbox 496 1964 2090 2039; baseline 0.006 -24"><span class='ocrx_word' id='word_1_228' title='bbox 496 1964 745 2030; x_wconf 72' lang='lat' dir='ltr'><strong>quaidam</strong></span> <span class='ocrx_word' id='word_1_229' title='bbox 777 1964 868 2020; x_wconf 81' lang='lat' dir='ltr'><strong>lux</strong></span> <span class='ocrx_word' id='word_1_230' title='bbox 898 1966 1166 2034; x_wconf 76' lang='lat' dir='ltr'><strong>laetitiam,</strong></span> <span class='ocrx_word' id='word_1_231' title='bbox 1203 1979 1257 2024; x_wconf 88' lang='lat' dir='ltr'><strong>et</strong></span> <span class='ocrx_word' id='word_1_232' title='bbox 1284 1972 1571 2026; x_wconf 85' lang='lat' dir='ltr'><strong>verborum</strong></span> <span class='ocrx_word' id='word_1_233' title='bbox 1605 1969 2090 2039; x_wconf 75' lang='lat' dir='ltr'><strong>deincepsjactan—</strong></span> 
     </span>
    </p>
   </div>
   <div class='ocr_carea' id='block_1_35' title="bbox 494 2056 2086 2135">
    <p class='ocr_par' dir='ltr' id='par_1_35' title="bbox 494 2056 2086 2135">
     <span class='ocr_line' id='line_1_35' title="bbox 494 2056 2086 2135; baseline 0.008 -27"><span class='ocrx_word' id='word_1_234' title='bbox 494 2056 650 2123; x_wconf 91' lang='lat' dir='ltr'><strong>tiam,</strong></span> <span class='ocrx_word' id='word_1_235' title='bbox 691 2068 743 2111; x_wconf 87' lang='lat' dir='ltr'><strong>et</strong></span> <span class='ocrx_word' id='word_1_236' title='bbox 781 2068 1024 2129; x_wconf 88' lang='lat' dir='ltr'><strong>apertam</strong></span> <span class='ocrx_word' id='word_1_237' title='bbox 1053 2072 1330 2131; x_wconf 89' lang='lat' dir='ltr'><strong>postremo</strong></span> <span class='ocrx_word' id='word_1_238' title='bbox 1370 2065 1505 2135; x_wconf 92' lang='lat' dir='ltr'><strong>jam,</strong></span> <span class='ocrx_word' id='word_1_239' title='bbox 1549 2074 1603 2120; x_wconf 88' lang='lat' dir='ltr'><strong>et</strong></span> <span class='ocrx_word' id='word_1_240' title='bbox 1642 2081 1911 2130; x_wconf 91' lang='lat' dir='ltr'><strong>securam,</strong></span> <span class='ocrx_word' id='word_1_241' title='bbox 1952 2082 2015 2121; x_wconf 89' lang='lat' dir='ltr'><strong>ac</strong></span> <span class='ocrx_word' id='word_1_242' title='bbox 2042 2067 2086 2121; x_wconf 89' lang='lat' dir='ltr'><strong>si</strong></span> 
     </span>
    </p>
   </div>
   <div class='ocr_carea' id='block_1_36' title="bbox 486 2149 2083 2223">
    <p class='ocr_par' dir='ltr' id='par_1_36' title="bbox 486 2149 2083 2223">
     <span class='ocr_line' id='line_1_36' title="bbox 486 2149 2083 2223; baseline 0.006 -21"><span class='ocrx_word' id='word_1_243' title='bbox 486 2149 562 2203; x_wconf 77' lang='lat' dir='ltr'><strong>de</strong></span> <span class='ocrx_word' id='word_1_244' title='bbox 599 2149 900 2208; x_wconf 88' lang='lat' dir='ltr'><strong>clarissima</strong></span> <span class='ocrx_word' id='word_1_245' title='bbox 949 2154 1190 2210; x_wconf 86' lang='lat' dir='ltr'><strong>scientiae</strong></span> <span class='ocrx_word' id='word_1_246' title='bbox 1237 2172 1348 2211; x_wconf 62' lang='lat' dir='ltr'><strong>sua:</strong></span> <span class='ocrx_word' id='word_1_247' title='bbox 1398 2158 1483 2213; x_wconf 90' lang='lat' dir='ltr'><strong>die</strong></span> <span class='ocrx_word' id='word_1_248' title='bbox 1531 2157 1808 2213; x_wconf 91' lang='lat' dir='ltr'><strong>ﬁduciam.</strong></span> <span class='ocrx_word' id='word_1_249' title='bbox 1848 2158 2083 2223; x_wconf 88' lang='lat' dir='ltr'><strong>Pharao,</strong></span> 
     </span>
    </p>
   </div>
   <div class='ocr_carea' id='block_1_37' title="bbox 493 2242 2088 2320">
    <p class='ocr_par' dir='ltr' id='par_1_37' title="bbox 493 2242 2088 2320">
     <span class='ocr_line' id='line_1_37' title="bbox 493 2242 2088 2320; baseline 0.007 -26"><span class='ocrx_word' id='word_1_250' title='bbox 493 2242 547 2295; x_wconf 89' lang='lat' dir='ltr'><strong>id</strong></span> <span class='ocrx_word' id='word_1_251' title='bbox 574 2251 657 2296; x_wconf 89' lang='lat' dir='ltr'><strong>est</strong></span> <span class='ocrx_word' id='word_1_252' title='bbox 684 2242 977 2313; x_wconf 85' lang='lat' dir='ltr'><strong>dissipator</strong></span> <span class='ocrx_word' id='word_1_253' title='bbox 1007 2248 1334 2315; x_wconf 82' lang='lat' dir='ltr'><strong>sanctitatis,</strong></span> <span class='ocrx_word' id='word_1_254' title='bbox 1366 2249 1419 2302; x_wconf 88' lang='lat' dir='ltr'><strong>in</strong></span> <span class='ocrx_word' id='word_1_255' title='bbox 1452 2250 1634 2305; x_wconf 88' lang='lat' dir='ltr'><strong>animo</strong></span> <span class='ocrx_word' id='word_1_256' title='bbox 1662 2266 1894 2320; x_wconf 79' lang='lat' dir='ltr'><strong>nequam</strong></span> <span class='ocrx_word' id='word_1_257' title='bbox 1925 2266 2088 2320; x_wconf 82' lang='lat' dir='ltr'><strong>appe—</strong></span> 
     </span>
    </p>
   </div>
   <div class='ocr_carea' id='block_1_38' title="bbox 488 2332 2087 2401">
    <p class='ocr_par' dir='ltr' id='par_1_38' title="bbox 488 2332 2087 2401">
     <span class='ocr_line' id='line_1_38' title="bbox 488 2332 2087 2401; baseline 0.007 -17"><span class='ocrx_word' id='word_1_258' title='bbox 488 2332 625 2386; x_wconf 83' lang='lat' dir='ltr'><strong>titus</strong></span> <span class='ocrx_word' id='word_1_259' title='bbox 655 2335 922 2401; x_wconf 82' lang='lat' dir='ltr'><strong>exsurgit.</strong></span> <span class='ocrx_word' id='word_1_260' title='bbox 952 2335 1204 2391; x_wconf 82' lang='lat' dir='ltr'><strong>Vicissim</strong></span> <span class='ocrx_word' id='word_1_261' title='bbox 1251 2340 1395 2394; x_wconf 91' lang='lat' dir='ltr'><strong>enim</strong></span> <span class='ocrx_word' id='word_1_262' title='bbox 1436 2342 1519 2396; x_wconf 84' lang='lat' dir='ltr'><strong>hae</strong></span> <span class='ocrx_word' id='word_1_263' title='bbox 1554 2341 1607 2395; x_wconf 90' lang='lat' dir='ltr'><strong>in</strong></span> <span class='ocrx_word' id='word_1_264' title='bbox 1658 2342 1813 2397; x_wconf 86' lang='lat' dir='ltr'><strong>nobis</strong></span> <span class='ocrx_word' id='word_1_265' title='bbox 1858 2342 2087 2397; x_wconf 76' lang='lat' dir='ltr'><strong>funesta:</strong></span> 
     </span>
    </p>
   </div>
   <div class='ocr_carea' id='block_1_39' title="bbox 491 2424 2086 2505">
    <p class='ocr_par' dir='ltr' id='par_1_39' title="bbox 491 2424 2086 2505">
     <span class='ocr_line' id='line_1_39' title="bbox 491 2424 2086 2505; baseline 0.006 -26"><span class='ocrx_word' id='word_1_266' title='bbox 491 2424 850 2482; x_wconf 89' lang='lat' dir='ltr'><strong>claritudines</strong></span> <span class='ocrx_word' id='word_1_267' title='bbox 874 2427 974 2482; x_wconf 87' lang='lat' dir='ltr'><strong>sibi</strong></span> <span class='ocrx_word' id='word_1_268' title='bbox 1001 2434 1294 2485; x_wconf 88' lang='lat' dir='ltr'><strong>succedere</strong></span> <span class='ocrx_word' id='word_1_269' title='bbox 1324 2432 1514 2489; x_wconf 84' lang='lat' dir='ltr'><strong>solent.</strong></span> <span class='ocrx_word' id='word_1_270' title='bbox 1541 2433 1645 2499; x_wconf 82' lang='lat' dir='ltr'><strong>Qui</strong></span> <span class='ocrx_word' id='word_1_271' title='bbox 1669 2436 1866 2505; x_wconf 73' lang='lat' dir='ltr'><strong>faciens</strong></span> <span class='ocrx_word' id='word_1_272' title='bbox 1888 2437 2086 2505; x_wconf 83' lang='lat' dir='ltr'><strong>grande</strong></span> 
     </span>
    </p>
   </div>
   <div class='ocr_carea' id='block_1_40' title="bbox 492 2518 2083 2594">
    <p class='ocr_par' dir='ltr' id='par_1_40' title="bbox 492 2518 2083 2594">
     <span class='ocr_line' id='line_1_40' title="bbox 492 2518 2083 2594; baseline 0.006 -26"><span class='ocrx_word' id='word_1_273' title='bbox 492 2518 783 2571; x_wconf 79' lang='lat' dir='ltr'><strong>convivium</strong></span> <span class='ocrx_word' id='word_1_274' title='bbox 842 2522 1018 2589; x_wconf 89' lang='lat' dir='ltr'><strong>pueris</strong></span> <span class='ocrx_word' id='word_1_275' title='bbox 1065 2524 1175 2577; x_wconf 88' lang='lat' dir='ltr'><strong>suis</strong></span> <span class='ocrx_word' id='word_1_276' title='bbox 1228 2526 1534 2579; x_wconf 83' lang='lat' dir='ltr'><strong>recordatus</strong></span> <span class='ocrx_word' id='word_1_277' title='bbox 1592 2538 1666 2581; x_wconf 88' lang='lat' dir='ltr'><strong>est</strong></span> <span class='ocrx_word' id='word_1_278' title='bbox 1718 2528 1855 2580; x_wconf 85' lang='lat' dir='ltr'><strong>inter</strong></span> <span class='ocrx_word' id='word_1_279' title='bbox 1902 2525 2083 2594; x_wconf 84' lang='lat' dir='ltr'><strong>epulas</strong></span> 
     </span>
    </p>
   </div>
   <div class='ocr_carea' id='block_1_41' title="bbox 489 2607 2085 2684">
    <p class='ocr_par' dir='ltr' id='par_1_41' title="bbox 489 2607 2085 2684">
     <span class='ocr_line' id='line_1_41' title="bbox 489 2607 2085 2684; baseline 0.008 -27"><span class='ocrx_word' id='word_1_280' title='bbox 489 2607 733 2674; x_wconf 84' lang='lat' dir='ltr'><strong>magistri</strong></span> <span class='ocrx_word' id='word_1_281' title='bbox 763 2608 1162 2677; x_wconf 85' lang='lat' dir='ltr'><strong>pincernarum,</strong></span> <span class='ocrx_word' id='word_1_282' title='bbox 1198 2622 1247 2666; x_wconf 85' lang='lat' dir='ltr'><strong>et</strong></span> <span class='ocrx_word' id='word_1_283' title='bbox 1289 2616 1544 2683; x_wconf 75' lang='lat' dir='ltr'><strong>pistorum</strong></span> <span class='ocrx_word' id='word_1_284' title='bbox 1576 2614 1846 2684; x_wconf 79' lang='lat' dir='ltr'><strong>principis.</strong></span> <span class='ocrx_word' id='word_1_285' title='bbox 1893 2612 2085 2684; x_wconf 55' lang='grc' dir='ltr'><strong>(νειμ.</strong></span> 
     </span>
    </p>
   </div>
   <div class='ocr_carea' id='block_1_42' title="bbox 490 2696 2083 2772">
    <p class='ocr_par' dir='ltr' id='par_1_42' title="bbox 490 2696 2083 2772">
     <span class='ocr_line' id='line_1_42' title="bbox 490 2696 2083 2772; baseline 0.004 -21"><span class='ocrx_word' id='word_1_286' title='bbox 490 2696 585 2762; x_wconf 80' lang='grc'><strong>21,</strong></span> <span class='ocrx_word' id='word_1_287' title='bbox 630 2698 745 2769; x_wconf 85' lang='lat'><strong>22.)</strong></span> <span class='ocrx_word' id='word_1_288' title='bbox 802 2700 1148 2772; x_wconf 85' lang='lat' dir='ltr'><strong>Restituitque</strong></span> <span class='ocrx_word' id='word_1_289' title='bbox 1194 2704 1419 2759; x_wconf 88' lang='lat' dir='ltr'><strong>alterum</strong></span> <span class='ocrx_word' id='word_1_290' title='bbox 1465 2706 1521 2759; x_wconf 84' lang='lat' dir='ltr'><strong>in</strong></span> <span class='ocrx_word' id='word_1_291' title='bbox 1568 2706 1739 2759; x_wconf 86' lang='lat' dir='ltr'><strong>locum</strong></span> <span class='ocrx_word' id='word_1_292' title='bbox 1782 2721 1974 2770; x_wconf 79' lang='lat' dir='ltr'><strong>suum,</strong></span> <span class='ocrx_word' id='word_1_293' title='bbox 2028 2715 2083 2757; x_wconf 88' lang='lat' dir='ltr'><strong>ut</strong></span> 
     </span>
    </p>
   </div>
   <div class='ocr_carea' id='block_1_43' title="bbox 489 2791 2083 2863">
    <p class='ocr_par' dir='ltr' id='par_1_43' title="bbox 489 2791 2083 2863">
     <span class='ocr_line' id='line_1_43' title="bbox 489 2791 2083 2863; baseline 0.003 -22"><span class='ocrx_word' id='word_1_294' title='bbox 489 2791 773 2860; x_wconf 76' lang='lat' dir='ltr'><strong>porrigeret</strong></span> <span class='ocrx_word' id='word_1_295' title='bbox 814 2794 920 2862; x_wconf 85' lang='lat' dir='ltr'><strong>regi</strong></span> <span class='ocrx_word' id='word_1_296' title='bbox 964 2793 1230 2863; x_wconf 81' lang='lat' dir='ltr'><strong>poculum,</strong></span> <span class='ocrx_word' id='word_1_297' title='bbox 1264 2794 1487 2850; x_wconf 80' lang='lat' dir='ltr'><strong>alterum</strong></span> <span class='ocrx_word' id='word_1_298' title='bbox 1532 2795 1799 2861; x_wconf 80' lang='lat' dir='ltr'><strong>suspendit</strong></span> <span class='ocrx_word' id='word_1_299' title='bbox 1840 2796 1895 2849; x_wconf 88' lang='lat' dir='ltr'><strong>in</strong></span> <span class='ocrx_word' id='word_1_300' title='bbox 1941 2796 2083 2863; x_wconf 84' lang='lat' dir='ltr'><strong>pati-</strong></span> 
     </span>
    </p>
   </div>
   <div class='ocr_carea' id='block_1_44' title="bbox 493 2878 2083 2955">
    <p class='ocr_par' dir='ltr' id='par_1_44' title="bbox 493 2878 2083 2955">
     <span class='ocr_line' id='line_1_44' title="bbox 493 2878 2083 2955; baseline 0.003 -22"><span class='ocrx_word' id='word_1_301' title='bbox 493 2878 636 2933; x_wconf 86' lang='lat' dir='ltr'><strong>bulo.</strong></span> <span class='ocrx_word' id='word_1_302' title='bbox 671 2880 977 2953; x_wconf 87' lang='lat' dir='ltr'><strong>Conceptus</strong></span> <span class='ocrx_word' id='word_1_303' title='bbox 1013 2886 1175 2940; x_wconf 89' lang='lat' dir='ltr'><strong>corde</strong></span> <span class='ocrx_word' id='word_1_304' title='bbox 1206 2885 1422 2940; x_wconf 88' lang='lat' dir='ltr'><strong>Pharao</strong></span> <span class='ocrx_word' id='word_1_305' title='bbox 1460 2902 1631 2955; x_wconf 89' lang='lat' dir='ltr'><strong>usque</strong></span> <span class='ocrx_word' id='word_1_306' title='bbox 1661 2886 1729 2940; x_wconf 91' lang='lat' dir='ltr'><strong>ab</strong></span> <span class='ocrx_word' id='word_1_307' title='bbox 1761 2886 1925 2940; x_wconf 87' lang='lat' dir='ltr'><strong>robur</strong></span> <span class='ocrx_word' id='word_1_308' title='bbox 1956 2901 2083 2953; x_wconf 87' lang='lat' dir='ltr'><strong>per-</strong></span> 
     </span>
    </p>
   </div>
   <div class='ocr_carea' id='block_1_45' title="bbox 492 2968 2080 3046">
    <p class='ocr_par' dir='ltr' id='par_1_45' title="bbox 492 2968 2080 3046">
     <span class='ocr_line' id='line_1_45' title="bbox 492 2968 2080 3046; baseline 0.004 -24"><span class='ocrx_word' id='word_1_309' title='bbox 492 2968 708 3025; x_wconf 68' lang='lat' dir='ltr'><strong>tinacia:</strong></span> <span class='ocrx_word' id='word_1_310' title='bbox 750 2986 847 3040; x_wconf 89' lang='lat' dir='ltr'><strong>per</strong></span> <span class='ocrx_word' id='word_1_311' title='bbox 897 2974 1157 3040; x_wconf 88' lang='lat' dir='ltr'><strong>triduum,</strong></span> <span class='ocrx_word' id='word_1_312' title='bbox 1194 2978 1338 3045; x_wconf 90' lang='lat' dir='ltr'><strong>quod</strong></span> <span class='ocrx_word' id='word_1_313' title='bbox 1388 2976 1762 3046; x_wconf 60' lang='lat' dir='ltr'><strong>prtediximns,</strong></span> <span class='ocrx_word' id='word_1_314' title='bbox 1812 2976 2080 3042; x_wconf 82' lang='lat' dir='ltr'><strong>evehitur,</strong></span> 
     </span>
    </p>
   </div>
   <div class='ocr_carea' id='block_1_46' title="bbox 491 3064 2085 3138">
    <p class='ocr_par' dir='ltr' id='par_1_46' title="bbox 491 3064 2085 3138">
     <span class='ocr_line' id='line_1_46' title="bbox 491 3064 2085 3138; baseline 0.004 -25"><span class='ocrx_word' id='word_1_315' title='bbox 491 3067 547 3114; x_wconf 90' lang='lat' dir='ltr'><strong>et</strong></span> <span class='ocrx_word' id='word_1_316' title='bbox 589 3068 714 3116; x_wconf 91' lang='lat' dir='ltr'><strong>tunc</strong></span> <span class='ocrx_word' id='word_1_317' title='bbox 763 3064 1127 3131; x_wconf 90' lang='lat' dir='ltr'><strong>pessimarum</strong></span> <span class='ocrx_word' id='word_1_318' title='bbox 1174 3066 1374 3135; x_wconf 86' lang='lat' dir='ltr'><strong>pabulo</strong></span> <span class='ocrx_word' id='word_1_319' title='bbox 1414 3067 1734 3138; x_wconf 80' lang='lat' dir='ltr'><strong>gloriarum,</strong></span> <span class='ocrx_word' id='word_1_320' title='bbox 1768 3066 1999 3136; x_wconf 77' lang='lat' dir='ltr'><strong>pueriles</strong></span> <span class='ocrx_word' id='word_1_321' title='bbox 2031 3077 2085 3121; x_wconf 88' lang='lat' dir='ltr'><strong>et</strong></span> 
     </span>
    </p>
   </div>
   <div class='ocr_carea' id='block_1_47' title="bbox 493 3150 2083 3229">
    <p class='ocr_par' dir='ltr' id='par_1_47' title="bbox 493 3150 2083 3229">
     <span class='ocr_line' id='line_1_47' title="bbox 493 3150 2083 3229; baseline 0.006 -24"><span class='ocrx_word' id='word_1_322' title='bbox 493 3150 844 3207; x_wconf 85' lang='lat' dir='ltr'><strong>circumlatas</strong></span> <span class='ocrx_word' id='word_1_323' title='bbox 891 3155 1043 3208; x_wconf 77' lang='lat' dir='ltr'><strong>enini</strong></span> <span class='ocrx_word' id='word_1_324' title='bbox 1078 3166 1241 3210; x_wconf 87' lang='lat' dir='ltr'><strong>vento</strong></span> <span class='ocrx_word' id='word_1_325' title='bbox 1291 3158 1552 3212; x_wconf 84' lang='lat' dir='ltr'><strong>doctrinae</strong></span> <span class='ocrx_word' id='word_1_326' title='bbox 1587 3159 1945 3229; x_wconf 82' lang='lat' dir='ltr'><strong>cogitationes</strong></span> <span class='ocrx_word' id='word_1_327' title='bbox 1972 3160 2083 3213; x_wconf 87' lang='lat' dir='ltr'><strong>dis-</strong></span> 
     </span>
    </p>
   </div>
   <div class='ocr_carea' id='block_1_48' title="bbox 489 3242 2085 3319">
    <p class='ocr_par' dir='ltr' id='par_1_48' title="bbox 489 3242 2085 3319">
     <span class='ocr_line' id='line_1_48' title="bbox 489 3242 2085 3319; baseline 0.004 -25"><span class='ocrx_word' id='word_1_328' title='bbox 489 3242 682 3297; x_wconf 85' lang='lat' dir='ltr'><strong>tendit.</strong></span> <span class='ocrx_word' id='word_1_329' title='bbox 716 3242 863 3299; x_wconf 83' lang='lat' dir='ltr'><strong>Inter</strong></span> <span class='ocrx_word' id='word_1_330' title='bbox 909 3244 1091 3314; x_wconf 78' lang='lat' dir='ltr'><strong>eputas</strong></span> <span class='ocrx_word' id='word_1_331' title='bbox 1144 3250 1467 3302; x_wconf 87' lang='lat' dir='ltr'><strong>recordatur</strong></span> <span class='ocrx_word' id='word_1_332' title='bbox 1518 3251 1756 3319; x_wconf 79' lang='lat' dir='ltr'><strong>magistri</strong></span> <span class='ocrx_word' id='word_1_333' title='bbox 1807 3252 2085 3318; x_wconf 82' lang='lat' dir='ltr'><strong>pincerna-</strong></span> 
     </span>
    </p>
   </div>
   <div class='ocr_carea' id='block_1_49' title="bbox 490 3338 2083 3411">
    <p class='ocr_par' dir='ltr' id='par_1_49' title="bbox 490 3338 2083 3411">
     <span class='ocr_line' id='line_1_49' title="bbox 490 3338 2083 3411; baseline 0.006 -25"><span class='ocrx_word' id='word_1_334' title='bbox 490 3350 627 3401; x_wconf 84' lang='lat' dir='ltr'><strong>rum,</strong></span> <span class='ocrx_word' id='word_1_335' title='bbox 653 3345 699 3399; x_wconf 86' lang='lat' dir='ltr'><strong>et</strong></span> <span class='ocrx_word' id='word_1_336' title='bbox 720 3338 979 3405; x_wconf 86' lang='lat' dir='ltr'><strong>pistorum</strong></span> <span class='ocrx_word' id='word_1_337' title='bbox 991 3339 1403 3410; x_wconf 82' lang='lat' dir='ltr'><strong>principis,cum</strong></span> <span class='ocrx_word' id='word_1_338' title='bbox 1422 3352 1542 3411; x_wconf 90' lang='lat' dir='ltr'><strong>post</strong></span> <span class='ocrx_word' id='word_1_339' title='bbox 1565 3343 1647 3395; x_wconf 84' lang='lat' dir='ltr'><strong>vel</strong></span> <span class='ocrx_word' id='word_1_340' title='bbox 1678 3343 1820 3396; x_wconf 87' lang='lat' dir='ltr'><strong>inter</strong></span> <span class='ocrx_word' id='word_1_341' title='bbox 1847 3342 2083 3397; x_wconf 82' lang='lat' dir='ltr'><strong>fastuum</strong></span> 
     </span>
    </p>
   </div>
   <div class='ocr_carea' id='block_1_50' title="bbox 491 3427 2086 3505">
    <p class='ocr_par' dir='ltr' id='par_1_50' title="bbox 491 3427 2086 3505">
     <span class='ocr_line' id='line_1_50' title="bbox 491 3427 2086 3505; baseline 0.006 -26"><span class='ocrx_word' id='word_1_342' title='bbox 491 3427 645 3493; x_wconf 89' lang='lat' dir='ltr'><strong>quasi</strong></span> <span class='ocrx_word' id='word_1_343' title='bbox 678 3430 1035 3496; x_wconf 90' lang='lat' dir='ltr'><strong>quarumdam</strong></span> <span class='ocrx_word' id='word_1_344' title='bbox 1084 3433 1302 3501; x_wconf 82' lang='lat' dir='ltr'><strong>dapium</strong></span> <span class='ocrx_word' id='word_1_345' title='bbox 1335 3434 1822 3504; x_wconf 89' lang='lat' dir='ltr'><strong>ingurgitationes,</strong></span> <span class='ocrx_word' id='word_1_346' title='bbox 1869 3451 1932 3489; x_wconf 90' lang='lat' dir='ltr'><strong>ex</strong></span> <span class='ocrx_word' id='word_1_347' title='bbox 1967 3435 2086 3505; x_wconf 88' lang='lat' dir='ltr'><strong>ipso</strong></span> 
     </span>
    </p>
   </div>
   <div class='ocr_carea' id='block_1_51' title="bbox 492 3520 2087 3597">
    <p class='ocr_par' dir='ltr' id='par_1_51' title="bbox 492 3520 2087 3597">
     <span class='ocr_line' id='line_1_51' title="bbox 492 3520 2087 3597; baseline 0.006 -23"><span class='ocrx_word' id='word_1_348' title='bbox 492 3520 873 3587; x_wconf 79' lang='lat' dir='ltr'><strong>superbiarum</strong></span> <span class='ocrx_word' id='word_1_349' title='bbox 907 3524 1147 3589; x_wconf 84' lang='lat' dir='ltr'><strong>pondere</strong></span> <span class='ocrx_word' id='word_1_350' title='bbox 1182 3526 1459 3580; x_wconf 86' lang='lat' dir='ltr'><strong>recordari</strong></span> <span class='ocrx_word' id='word_1_351' title='bbox 1493 3542 1592 3581; x_wconf 91' lang='lat' dir='ltr'><strong>nos</strong></span> <span class='ocrx_word' id='word_1_352' title='bbox 1625 3526 1773 3594; x_wconf 84' lang='lat' dir='ltr'><strong>facit,</strong></span> <span class='ocrx_word' id='word_1_353' title='bbox 1815 3529 1939 3583; x_wconf 85' lang='lat' dir='ltr'><strong>hinc</strong></span> <span class='ocrx_word' id='word_1_354' title='bbox 1967 3530 2087 3597; x_wconf 90' lang='lat' dir='ltr'><strong>qui-</strong></span> 
     </span>
    </p>
   </div>
   <div class='ocr_carea' id='block_1_52' title="bbox 493 3608 2085 3689">
    <p class='ocr_par' dir='ltr' id='par_1_52' title="bbox 493 3608 2085 3689">
     <span class='ocr_line' id='line_1_52' title="bbox 493 3608 2085 3689; baseline 0.008 -26"><span class='ocrx_word' id='word_1_355' title='bbox 493 3608 618 3665; x_wconf 88' lang='lat' dir='ltr'><strong>dem</strong></span> <span class='ocrx_word' id='word_1_356' title='bbox 642 3612 961 3680; x_wconf 89' lang='lat' dir='ltr'><strong>principalis</strong></span> <span class='ocrx_word' id='word_1_357' title='bbox 992 3617 1162 3670; x_wconf 88' lang='lat' dir='ltr'><strong>nostri</strong></span> <span class='ocrx_word' id='word_1_358' title='bbox 1200 3618 1353 3682; x_wconf 86' lang='lat' dir='ltr'><strong>boni,</strong></span> <span class='ocrx_word' id='word_1_359' title='bbox 1384 3620 1529 3688; x_wconf 91' lang='lat' dir='ltr'><strong>quod</strong></span> <span class='ocrx_word' id='word_1_360' title='bbox 1573 3630 1655 3674; x_wconf 90' lang='lat' dir='ltr'><strong>est</strong></span> <span class='ocrx_word' id='word_1_361' title='bbox 1684 3621 1863 3689; x_wconf 89' lang='lat' dir='ltr'><strong>pietas</strong></span> <span class='ocrx_word' id='word_1_362' title='bbox 1902 3622 2085 3675; x_wconf 85' lang='lat' dir='ltr'><strong>volun-</strong></span> 
     </span>
    </p>
   </div>
   <div class='ocr_carea' id='block_1_53' title="bbox 495 3702 2085 3778">
    <p class='ocr_par' dir='ltr' id='par_1_53' title="bbox 495 3702 2085 3778">
     <span class='ocr_line' id='line_1_53' title="bbox 495 3702 2085 3778; baseline 0.008 -23"><span class='ocrx_word' id='word_1_363' title='bbox 495 3702 645 3767; x_wconf 81' lang='lat' dir='ltr'><strong>tatis,</strong></span> <span class='ocrx_word' id='word_1_364' title='bbox 674 3719 795 3773; x_wconf 65' lang='lat' dir='ltr'><strong>qua:</strong></span> <span class='ocrx_word' id='word_1_365' title='bbox 820 3706 1028 3761; x_wconf 85' lang='lat' dir='ltr'><strong>scilicet</strong></span> <span class='ocrx_word' id='word_1_366' title='bbox 1054 3708 1331 3778; x_wconf 87' lang='lat' dir='ltr'><strong>ergastulo</strong></span> <span class='ocrx_word' id='word_1_367' title='bbox 1360 3711 1651 3776; x_wconf 88' lang='lat' dir='ltr'><strong>addicitur,</strong></span> <span class='ocrx_word' id='word_1_368' title='bbox 1678 3713 1827 3766; x_wconf 88' lang='lat' dir='ltr'><strong>illinc</strong></span> <span class='ocrx_word' id='word_1_369' title='bbox 1860 3713 2085 3767; x_wconf 83' lang='lat' dir='ltr'><strong>rationis</strong></span> 
     </span>
    </p>
   </div>
   <div class='ocr_carea' id='block_1_54' title="bbox 493 3794 2087 3874">
    <p class='ocr_par' dir='ltr' id='par_1_54' title="bbox 493 3794 2087 3874">
     <span class='ocr_line' id='line_1_54' title="bbox 493 3794 2087 3874; baseline 0.004 -24"><span class='ocrx_word' id='word_1_370' title='bbox 493 3794 857 3851; x_wconf 77' lang='lat' dir='ltr'><strong>subtilitatum</strong></span> <span class='ocrx_word' id='word_1_371' title='bbox 875 3798 1179 3853; x_wconf 89' lang='lat' dir='ltr'><strong>divinarum</strong></span> <span class='ocrx_word' id='word_1_372' title='bbox 1197 3801 1467 3871; x_wconf 65' lang='lat' dir='ltr'><strong>magistrae</strong></span> <span class='ocrx_word' id='word_1_373' title='bbox 1487 3819 1608 3873; x_wconf 85' lang='lat' dir='ltr'><strong>quae</strong></span> <span class='ocrx_word' id='word_1_374' title='bbox 1626 3803 1810 3859; x_wconf 89' lang='lat' dir='ltr'><strong>itidem</strong></span> <span class='ocrx_word' id='word_1_375' title='bbox 1828 3813 1955 3874; x_wconf 87' lang='lat' dir='ltr'><strong>typo</strong></span> <span class='ocrx_word' id='word_1_376' title='bbox 1971 3803 2087 3857; x_wconf 89' lang='lat' dir='ltr'><strong>alli-</strong></span> 
     </span>
    </p>
   </div>
   <div class='ocr_carea' id='block_1_55' title="bbox 494 3885 2087 3964">
    <p class='ocr_par' dir='ltr' id='par_1_55' title="bbox 494 3885 2087 3964">
     <span class='ocr_line' id='line_1_55' title="bbox 494 3885 2087 3964; baseline 0.004 -23"><span class='ocrx_word' id='word_1_377' title='bbox 494 3885 659 3941; x_wconf 87' lang='lat' dir='ltr'><strong>citur.</strong></span> <span class='ocrx_word' id='word_1_378' title='bbox 687 3887 921 3942; x_wconf 85' lang='lat' dir='ltr'><strong>Alterum</strong></span> <span class='ocrx_word' id='word_1_379' title='bbox 952 3904 1083 3961; x_wconf 88' lang='lat' dir='ltr'><strong>ergo</strong></span> <span class='ocrx_word' id='word_1_380' title='bbox 1106 3894 1162 3944; x_wconf 88' lang='lat' dir='ltr'><strong>in</strong></span> <span class='ocrx_word' id='word_1_381' title='bbox 1187 3891 1360 3945; x_wconf 83' lang='lat' dir='ltr'><strong>locum</strong></span> <span class='ocrx_word' id='word_1_382' title='bbox 1393 3911 1582 3960; x_wconf 89' lang='lat' dir='ltr'><strong>suum,</strong></span> <span class='ocrx_word' id='word_1_383' title='bbox 1606 3904 1663 3947; x_wconf 90' lang='lat' dir='ltr'><strong>ut</strong></span> <span class='ocrx_word' id='word_1_384' title='bbox 1693 3897 1801 3964; x_wconf 83' lang='lat' dir='ltr'><strong>regi</strong></span> <span class='ocrx_word' id='word_1_385' title='bbox 1839 3896 2087 3964; x_wconf 87' lang='lat' dir='ltr'><strong>poculum</strong></span> 
     </span>
    </p>
   </div>
   <div class='ocr_carea' id='block_1_56' title="bbox 493 3978 2091 4055">
    <p class='ocr_par' dir='ltr' id='par_1_56' title="bbox 493 3978 2091 4055">
     <span class='ocr_line' id='line_1_56' title="bbox 493 3978 2091 4055; baseline 0.003 -23"><span class='ocrx_word' id='word_1_386' title='bbox 493 3978 778 4046; x_wconf 85' lang='lat' dir='ltr'><strong>porrigeret</strong></span> <span class='ocrx_word' id='word_1_387' title='bbox 817 3978 1024 4034; x_wconf 79' lang='lat' dir='ltr'><strong>Pharao</strong></span> <span class='ocrx_word' id='word_1_388' title='bbox 1055 3982 1317 4049; x_wconf 77' lang='lat' dir='ltr'><strong>restituit;</strong></span> <span class='ocrx_word' id='word_1_389' title='bbox 1348 3983 1575 4039; x_wconf 82' lang='lat' dir='ltr'><strong>alterum</strong></span> <span class='ocrx_word' id='word_1_390' title='bbox 1609 3984 1842 4055; x_wconf 86' lang='lat' dir='ltr'><strong>patibulo</strong></span> <span class='ocrx_word' id='word_1_391' title='bbox 1872 4001 2091 4053; x_wconf 87' lang='lat' dir='ltr'><strong>suspen-</strong></span> 
     </span>
    </p>
   </div>
   <div class='ocr_carea' id='block_1_57' title="bbox 497 4067 2088 4143">
    <p class='ocr_par' dir='ltr' id='par_1_57' title="bbox 497 4067 2088 4143">
     <span class='ocr_line' id='line_1_57' title="bbox 497 4067 2088 4143; baseline 0.005 -22"><span class='ocrx_word' id='word_1_392' title='bbox 497 4067 599 4133; x_wconf 85' lang='lat' dir='ltr'><strong>dit,</strong></span> <span class='ocrx_word' id='word_1_393' title='bbox 648 4069 775 4137; x_wconf 90' lang='lat' dir='ltr'><strong>quia</strong></span> <span class='ocrx_word' id='word_1_394' title='bbox 818 4071 943 4125; x_wconf 91' lang='lat' dir='ltr'><strong>dum</strong></span> <span class='ocrx_word' id='word_1_395' title='bbox 992 4088 1058 4127; x_wconf 83' lang='lat' dir='ltr'><strong>ex</strong></span> <span class='ocrx_word' id='word_1_396' title='bbox 1107 4074 1351 4129; x_wconf 91' lang='lat' dir='ltr'><strong>contuitu</strong></span> <span class='ocrx_word' id='word_1_397' title='bbox 1400 4075 1698 4141; x_wconf 88' lang='lat' dir='ltr'><strong>fatuitatis,</strong></span> <span class='ocrx_word' id='word_1_398' title='bbox 1739 4084 1793 4128; x_wconf 90' lang='lat' dir='ltr'><strong>et</strong></span> <span class='ocrx_word' id='word_1_399' title='bbox 1823 4074 2088 4143; x_wconf 86' lang='lat' dir='ltr'><strong>superbiae</strong></span> 
     </span>
    </p>
   </div>
   <div class='ocr_carea' id='block_1_58' title="bbox 496 4162 2089 4238">
    <p class='ocr_par' dir='ltr' id='par_1_58' title="bbox 496 4162 2089 4238">
     <span class='ocr_line' id='line_1_58' title="bbox 496 4162 2089 4238; baseline 0.004 -24"><span class='ocrx_word' id='word_1_400' title='bbox 496 4172 700 4216; x_wconf 65' lang='lat' dir='ltr'><strong>nostra:</strong></span> <span class='ocrx_word' id='word_1_401' title='bbox 729 4162 947 4234; x_wconf 81' lang='lat' dir='ltr'><strong>fatigari</strong></span> <span class='ocrx_word' id='word_1_402' title='bbox 987 4166 1300 4235; x_wconf 89' lang='lat' dir='ltr'><strong>incipimus,</strong></span> <span class='ocrx_word' id='word_1_403' title='bbox 1344 4182 1412 4222; x_wconf 80' lang='lat' dir='ltr'><strong>ex</strong></span> <span class='ocrx_word' id='word_1_404' title='bbox 1454 4169 1572 4238; x_wconf 89' lang='lat' dir='ltr'><strong>ipsa</strong></span> <span class='ocrx_word' id='word_1_405' title='bbox 1605 4182 1702 4222; x_wconf 89' lang='lat' dir='ltr'><strong>sua</strong></span> <span class='ocrx_word' id='word_1_406' title='bbox 1740 4168 2089 4237; x_wconf 87' lang='lat' dir='ltr'><strong>instigatione</strong></span> 
     </span>
    </p>
   </div>
   <div class='ocr_carea' id='block_1_59' title="bbox 498 4251 2090 4322">
    <p class='ocr_par' dir='ltr' id='par_1_59' title="bbox 498 4251 2090 4322">
     <span class='ocr_line' id='line_1_59' title="bbox 498 4251 2090 4322; baseline 0.004 -17"><span class='ocrx_word' id='word_1_407' title='bbox 498 4251 845 4309; x_wconf 88' lang='lat' dir='ltr'><strong>occasionem</strong></span> <span class='ocrx_word' id='word_1_408' title='bbox 885 4256 1280 4322; x_wconf 87' lang='lat' dir='ltr'><strong>restitutionis,</strong></span> <span class='ocrx_word' id='word_1_409' title='bbox 1330 4258 1548 4314; x_wconf 90' lang='lat' dir='ltr'><strong>diabolo</strong></span> <span class='ocrx_word' id='word_1_410' title='bbox 1592 4258 1720 4313; x_wconf 91' lang='lat' dir='ltr'><strong>licet</strong></span> <span class='ocrx_word' id='word_1_411' title='bbox 1769 4258 1939 4312; x_wconf 88' lang='lat' dir='ltr'><strong>invito</strong></span> <span class='ocrx_word' id='word_1_412' title='bbox 1989 4258 2090 4311; x_wconf 94' lang='lat' dir='ltr'><strong>mi-</strong></span> 
     </span>
    </p>
   </div>
   <div class='ocr_carea' id='block_1_60' title="bbox 497 4345 2089 4421">
    <p class='ocr_par' dir='ltr' id='par_1_60' title="bbox 497 4345 2089 4421">
     <span class='ocr_line' id='line_1_60' title="bbox 497 4345 2089 4421; baseline 0.002 -22"><span class='ocrx_word' id='word_1_413' title='bbox 497 4345 790 4412; x_wconf 87' lang='lat' dir='ltr'><strong>nistrante,</strong></span> <span class='ocrx_word' id='word_1_414' title='bbox 850 4348 1102 4405; x_wconf 89' lang='lat' dir='ltr'><strong>voluntas</strong></span> <span class='ocrx_word' id='word_1_415' title='bbox 1148 4360 1338 4406; x_wconf 88' lang='lat' dir='ltr'><strong>nostra</strong></span> <span class='ocrx_word' id='word_1_416' title='bbox 1388 4352 1608 4421; x_wconf 85' lang='lat' dir='ltr'><strong>accipit,</strong></span> <span class='ocrx_word' id='word_1_417' title='bbox 1656 4360 1711 4404; x_wconf 91' lang='lat' dir='ltr'><strong>et</strong></span> <span class='ocrx_word' id='word_1_418' title='bbox 1762 4350 1936 4404; x_wconf 90' lang='lat' dir='ltr'><strong>locum</strong></span> <span class='ocrx_word' id='word_1_419' title='bbox 1986 4349 2089 4418; x_wconf 88' lang='lat' dir='ltr'><strong>piae</strong></span> 
     </span>
    </p>
   </div>
   <div class='ocr_carea' id='block_1_61' title="bbox 495 4437 2087 4515">
    <p class='ocr_par' dir='ltr' id='par_1_61' title="bbox 495 4437 2087 4515">
     <span class='ocr_line' id='line_1_61' title="bbox 495 4437 2087 4515; baseline 0.003 -24"><span class='ocrx_word' id='word_1_420' title='bbox 495 4437 837 4508; x_wconf 88' lang='lat' dir='ltr'><strong>intentionis,</strong></span> <span class='ocrx_word' id='word_1_421' title='bbox 876 4444 969 4512; x_wconf 92' lang='lat' dir='ltr'><strong>qui</strong></span> <span class='ocrx_word' id='word_1_422' title='bbox 1001 4445 1221 4515; x_wconf 88' lang='lat' dir='ltr'><strong>preprie</strong></span> <span class='ocrx_word' id='word_1_423' title='bbox 1247 4452 1434 4500; x_wconf 90' lang='lat' dir='ltr'><strong>noster</strong></span> <span class='ocrx_word' id='word_1_424' title='bbox 1469 4454 1573 4510; x_wconf 90' lang='lat' dir='ltr'><strong>est,</strong></span> <span class='ocrx_word' id='word_1_425' title='bbox 1607 4444 1846 4515; x_wconf 89' lang='lat' dir='ltr'><strong>repetiit,</strong></span> <span class='ocrx_word' id='word_1_426' title='bbox 1874 4451 1935 4497; x_wconf 91' lang='lat' dir='ltr'><strong>ut</strong></span> <span class='ocrx_word' id='word_1_427' title='bbox 1962 4441 2087 4496; x_wconf 82' lang='lat' dir='ltr'><strong>ﬁliae</strong></span> 
     </span>
    </p>
   </div>
   <div class='ocr_carea' id='block_1_62' title="bbox 496 4528 2090 4607">
    <p class='ocr_par' dir='ltr' id='par_1_62' title="bbox 496 4528 2090 4607">
     <span class='ocr_line' id='line_1_62' title="bbox 496 4528 2090 4607; baseline 0.004 -24"><span class='ocrx_word' id='word_1_428' title='bbox 496 4528 817 4602; x_wconf 83' lang='lat' dir='ltr'><strong>Babylonis,</strong></span> <span class='ocrx_word' id='word_1_429' title='bbox 866 4536 919 4591; x_wconf 94' lang='lat' dir='ltr'><strong>id</strong></span> <span class='ocrx_word' id='word_1_430' title='bbox 970 4545 1055 4592; x_wconf 90' lang='lat' dir='ltr'><strong>est</strong></span> <span class='ocrx_word' id='word_1_431' title='bbox 1097 4536 1263 4593; x_wconf 82' lang='lat' dir='ltr'><strong>ﬂuxui</strong></span> <span class='ocrx_word' id='word_1_432' title='bbox 1314 4538 1660 4603; x_wconf 88' lang='lat' dir='ltr'><strong>teutationis,</strong></span> <span class='ocrx_word' id='word_1_433' title='bbox 1709 4551 1815 4607; x_wconf 91' lang='lat' dir='ltr'><strong>qua</strong></span> <span class='ocrx_word' id='word_1_434' title='bbox 1862 4532 2090 4591; x_wconf 84' lang='lat' dir='ltr'><strong>confun-</strong></span> 
     </span>
    </p>
   </div>
   <div class='ocr_carea' id='block_1_63' title="bbox 498 4624 2083 4700">
    <p class='ocr_par' dir='ltr' id='par_1_63' title="bbox 498 4624 2083 4700">
     <span class='ocr_line' id='line_1_63' title="bbox 498 4624 2083 4700; baseline 0.007 -23"><span class='ocrx_word' id='word_1_435' title='bbox 498 4624 699 4693; x_wconf 91' lang='lat' dir='ltr'><strong>dimur,</strong></span> <span class='ocrx_word' id='word_1_436' title='bbox 748 4629 1163 4685; x_wconf 86' lang='lat' dir='ltr'><strong>retributionem</strong></span> <span class='ocrx_word' id='word_1_437' title='bbox 1196 4646 1360 4700; x_wconf 90' lang='lat' dir='ltr'><strong>quam</strong></span> <span class='ocrx_word' id='word_1_438' title='bbox 1402 4631 1559 4688; x_wconf 91' lang='lat' dir='ltr'><strong>nobis</strong></span> <span class='ocrx_word' id='word_1_439' title='bbox 1609 4631 1867 4688; x_wconf 90' lang='lat' dir='ltr'><strong>retribuit</strong></span> <span class='ocrx_word' id='word_1_440' title='bbox 1908 4627 2083 4697; x_wconf 83' lang='lat' dir='ltr'><strong>(Psal.</strong></span> 
     </span>
    </p>
   </div>
   <div class='ocr_carea' id='block_1_64' title="bbox 498 4719 2089 4794">
    <p class='ocr_par' dir='ltr' id='par_1_64' title="bbox 498 4719 2089 4794">
     <span class='ocr_line' id='line_1_64' title="bbox 498 4719 2089 4794; baseline 0.003 -21"><span class='ocrx_word' id='word_1_441' title='bbox 498 4733 717 4784; x_wconf 74' lang='lat' dir='ltr'><strong>CXXXVI,</strong></span> <span class='ocrx_word' id='word_1_442' title='bbox 741 4719 818 4791; x_wconf 83' lang='lat'><strong>8),</strong></span> <span class='ocrx_word' id='word_1_443' title='bbox 845 4723 1001 4791; x_wconf 86' lang='lat' dir='ltr'><strong>quasi</strong></span> <span class='ocrx_word' id='word_1_444' title='bbox 1029 4725 1280 4794; x_wconf 90' lang='lat' dir='ltr'><strong>poculum</strong></span> <span class='ocrx_word' id='word_1_445' title='bbox 1307 4724 1582 4780; x_wconf 83' lang='lat' dir='ltr'><strong>Pharaoni</strong></span> <span class='ocrx_word' id='word_1_446' title='bbox 1608 4726 2007 4789; x_wconf 88' lang='lat' dir='ltr'><strong>retribuamus;</strong></span> <span class='ocrx_word' id='word_1_447' title='bbox 2033 4732 2089 4779; x_wconf 90' lang='lat' dir='ltr'><strong>et</strong></span> 
     </span>
    </p>
   </div>
   <div class='ocr_carea' id='block_1_65' title="bbox 498 4808 2089 4886">
    <p class='ocr_par' dir='ltr' id='par_1_65' title="bbox 498 4808 2089 4886">
     <span class='ocr_line' id='line_1_65' title="bbox 498 4808 2089 4886; baseline 0.004 -24"><span class='ocrx_word' id='word_1_448' title='bbox 498 4808 834 4868; x_wconf 87' lang='lat' dir='ltr'><strong>intellectum</strong></span> <span class='ocrx_word' id='word_1_449' title='bbox 870 4830 1209 4886; x_wconf 89' lang='lat' dir='ltr'><strong>quarumque</strong></span> <span class='ocrx_word' id='word_1_450' title='bbox 1244 4816 1600 4872; x_wconf 89' lang='lat' dir='ltr'><strong>scientiarum</strong></span> <span class='ocrx_word' id='word_1_451' title='bbox 1629 4817 1803 4886; x_wconf 63' lang='lat' dir='ltr'><strong>{quasi</strong></span> <span class='ocrx_word' id='word_1_452' title='bbox 1847 4815 2089 4884; x_wconf 61' lang='lat' dir='ltr'><strong>pistoria:</strong></span> 
     </span>
    </p>
   </div>
   <div class='ocr_carea' id='block_1_66' title="bbox 498 4905 2090 4979">
    <p class='ocr_par' dir='ltr' id='par_1_66' title="bbox 498 4905 2090 4979">
     <span class='ocr_line' id='line_1_66' title="bbox 498 4905 2090 4979; baseline 0.001 -21"><span class='ocrx_word' id='word_1_453' title='bbox 498 4905 632 4960; x_wconf 88' lang='lat' dir='ltr'><strong>artis</strong></span> <span class='ocrx_word' id='word_1_454' title='bbox 666 4908 969 4977; x_wconf 88' lang='lat' dir='ltr'><strong>principem</strong></span> <span class='ocrx_word' id='word_1_455' title='bbox 1009 4910 1128 4979; x_wconf 90' lang='lat' dir='ltr'><strong>(per</strong></span> <span class='ocrx_word' id='word_1_456' title='bbox 1159 4909 1264 4963; x_wconf 87' lang='lat' dir='ltr'><strong>hoc</strong></span> <span class='ocrx_word' id='word_1_457' title='bbox 1299 4906 1445 4962; x_wconf 90' lang='lat' dir='ltr'><strong>enim</strong></span> <span class='ocrx_word' id='word_1_458' title='bbox 1488 4910 1718 4976; x_wconf 83' lang='lat' dir='ltr'><strong>quaeque</strong></span> <span class='ocrx_word' id='word_1_459' title='bbox 1760 4921 1826 4960; x_wconf 93' lang='lat' dir='ltr'><strong>ac</strong></span> <span class='ocrx_word' id='word_1_460' title='bbox 1875 4907 1919 4959; x_wconf 89' lang='lat' dir='ltr'><strong>si</strong></span> <span class='ocrx_word' id='word_1_461' title='bbox 1969 4906 2090 4975; x_wconf 91' lang='lat' dir='ltr'><strong>pin-</strong></span> 
     </span>
    </p>
   </div>
   <div class='ocr_carea' id='block_1_67' title="bbox 500 4999 2090 5071">
    <p class='ocr_par' dir='ltr' id='par_1_67' title="bbox 500 4999 2090 5071">
     <span class='ocr_line' id='line_1_67' title="bbox 500 4999 2090 5071; baseline 0.001 -19"><span class='ocrx_word' id='word_1_462' title='bbox 500 5001 669 5054; x_wconf 88' lang='lat' dir='ltr'><strong>sendo</strong></span> <span class='ocrx_word' id='word_1_463' title='bbox 699 5001 1053 5069; x_wconf 88' lang='lat' dir='ltr'><strong>discutimus,</strong></span> <span class='ocrx_word' id='word_1_464' title='bbox 1098 5015 1168 5056; x_wconf 90' lang='lat' dir='ltr'><strong>ne</strong></span> <span class='ocrx_word' id='word_1_465' title='bbox 1205 5004 1259 5057; x_wconf 89' lang='lat' dir='ltr'><strong>in</strong></span> <span class='ocrx_word' id='word_1_466' title='bbox 1310 5000 1620 5071; x_wconf 91' lang='lat' dir='ltr'><strong>superbiam</strong></span> <span class='ocrx_word' id='word_1_467' title='bbox 1665 5000 1977 5071; x_wconf 73' lang='lat' dir='ltr'><strong>efferamur)</strong></span> <span class='ocrx_word' id='word_1_468' title='bbox 2010 4999 2090 5054; x_wconf 80' lang='lat' dir='ltr'><strong>di-</strong></span> 
     </span>
    </p>
   </div>
   <div class='ocr_carea' id='block_1_68' title="bbox 498 5091 2089 5167">
    <p class='ocr_par' dir='ltr' id='par_1_68' title="bbox 498 5091 2089 5167">
     <span class='ocr_line' id='line_1_68' title="bbox 498 5091 2089 5167; baseline 0.001 -21"><span class='ocrx_word' id='word_1_469' title='bbox 498 5093 609 5148; x_wconf 79' lang='lat' dir='ltr'><strong>vini</strong></span> <span class='ocrx_word' id='word_1_470' title='bbox 642 5095 854 5152; x_wconf 90' lang='lat' dir='ltr'><strong>timoris</strong></span> <span class='ocrx_word' id='word_1_471' title='bbox 880 5096 1125 5167; x_wconf 87' lang='lat' dir='ltr'><strong>patibulo</strong></span> <span class='ocrx_word' id='word_1_472' title='bbox 1152 5093 1439 5167; x_wconf 70' lang='lat' dir='ltr'><strong>attigimus,</strong></span> <span class='ocrx_word' id='word_1_473' title='bbox 1469 5095 1577 5147; x_wconf 89' lang='lat' dir='ltr'><strong>imo</strong></span> <span class='ocrx_word' id='word_1_474' title='bbox 1607 5091 1999 5163; x_wconf 55' lang='lat' dir='ltr'><strong>suspendimus,</strong></span> <span class='ocrx_word' id='word_1_475' title='bbox 2030 5094 2089 5148; x_wconf 72' lang='lat' dir='ltr'><strong>id</strong></span> 
     </span>
    </p>
   </div>
   <div class='ocr_carea' id='block_1_69' title="bbox 499 5182 2090 5257">
    <p class='ocr_par' dir='ltr' id='par_1_69' title="bbox 499 5182 2090 5257">
     <span class='ocr_line' id='line_1_69' title="bbox 499 5182 2090 5257; baseline 0.001 -19"><span class='ocrx_word' id='word_1_476' title='bbox 499 5193 584 5239; x_wconf 88' lang='lat' dir='ltr'><strong>est</strong></span> <span class='ocrx_word' id='word_1_477' title='bbox 634 5188 701 5241; x_wconf 91' lang='lat' dir='ltr'><strong>ab</strong></span> <span class='ocrx_word' id='word_1_478' title='bbox 748 5189 988 5257; x_wconf 89' lang='lat' dir='ltr'><strong>appetitu</strong></span> <span class='ocrx_word' id='word_1_479' title='bbox 1040 5187 1227 5242; x_wconf 88' lang='lat' dir='ltr'><strong>inﬁmo</strong></span> <span class='ocrx_word' id='word_1_480' title='bbox 1276 5186 1643 5243; x_wconf 83' lang='lat' dir='ltr'><strong>sublevamus.</strong></span> <span class='ocrx_word' id='word_1_481' title='bbox 1695 5184 1821 5240; x_wconf 82' lang='lat' dir='ltr'><strong>Haec</strong></span> <span class='ocrx_word' id='word_1_482' title='bbox 1872 5182 2090 5240; x_wconf 84' lang='lat' dir='ltr'><strong>Pharao</strong></span> 
     </span>
    </p>
   </div>
   <div class='ocr_carea' id='block_1_70' title="bbox 502 5276 2091 5351">
    <p class='ocr_par' dir='ltr' id='par_1_70' title="bbox 502 5276 2091 5351">
     <span class='ocr_line' id='line_1_70' title="bbox 502 5276 2091 5351; baseline 0.003 -22"><span class='ocrx_word' id='word_1_483' title='bbox 502 5276 635 5347; x_wconf 86' lang='lat' dir='ltr'><strong>agit,</strong></span> <span class='ocrx_word' id='word_1_484' title='bbox 673 5280 824 5347; x_wconf 86' lang='lat' dir='ltr'><strong>quia,</strong></span> <span class='ocrx_word' id='word_1_485' title='bbox 855 5281 981 5334; x_wconf 91' lang='lat' dir='ltr'><strong>dum</strong></span> <span class='ocrx_word' id='word_1_486' title='bbox 1017 5294 1118 5334; x_wconf 90' lang='lat' dir='ltr'><strong>nos</strong></span> <span class='ocrx_word' id='word_1_487' title='bbox 1146 5286 1321 5334; x_wconf 87' lang='lat' dir='ltr'><strong>tentat</strong></span> <span class='ocrx_word' id='word_1_488' title='bbox 1345 5277 1618 5346; x_wconf 90' lang='lat' dir='ltr'><strong>diabolus,</strong></span> <span class='ocrx_word' id='word_1_489' title='bbox 1649 5287 1745 5334; x_wconf 85' lang='lat' dir='ltr'><strong>aut</strong></span> <span class='ocrx_word' id='word_1_490' title='bbox 1771 5295 1970 5351; x_wconf 90' lang='lat' dir='ltr'><strong>pravus</strong></span> <span class='ocrx_word' id='word_1_491' title='bbox 1997 5295 2091 5349; x_wconf 91' lang='lat' dir='ltr'><strong>ap-</strong></span> 
     </span>
    </p>
   </div>
   <div class='ocr_carea' id='block_1_71' title="bbox 499 5371 2089 5443">
    <p class='ocr_par' dir='ltr' id='par_1_71' title="bbox 499 5371 2089 5443">
     <span class='ocr_line' id='line_1_71' title="bbox 499 5371 2089 5443; baseline 0.001 -19"><span class='ocrx_word' id='word_1_492' title='bbox 499 5371 703 5438; x_wconf 86' lang='lat' dir='ltr'><strong>petitus</strong></span> <span class='ocrx_word' id='word_1_493' title='bbox 742 5373 809 5426; x_wconf 88' lang='lat' dir='ltr'><strong>ad</strong></span> <span class='ocrx_word' id='word_1_494' title='bbox 856 5372 961 5425; x_wconf 90' lang='lat' dir='ltr'><strong>ista</strong></span> <span class='ocrx_word' id='word_1_495' title='bbox 991 5371 1319 5427; x_wconf 88' lang='lat' dir='ltr'><strong>necessitate</strong></span> <span class='ocrx_word' id='word_1_496' title='bbox 1349 5383 1449 5426; x_wconf 91' lang='lat' dir='ltr'><strong>nos</strong></span> <span class='ocrx_word' id='word_1_497' title='bbox 1480 5372 1646 5443; x_wconf 81' lang='lat' dir='ltr'><strong>cogit,</strong></span> <span class='ocrx_word' id='word_1_498' title='bbox 1672 5380 1910 5428; x_wconf 90' lang='lat' dir='ltr'><strong>mentem</strong></span> <span class='ocrx_word' id='word_1_499' title='bbox 1941 5372 2089 5428; x_wconf 92' lang='lat' dir='ltr'><strong>enim</strong></span> 
     </span>
    </p>
   </div>
   <div class='ocr_carea' id='block_1_72' title="bbox 502 5462 2091 5537">
    <p class='ocr_par' dir='ltr' id='par_1_72' title="bbox 502 5462 2091 5537">
     <span class='ocr_line' id='line_1_72' title="bbox 502 5462 2091 5537; baseline 0.004 -21"><span class='ocrx_word' id='word_1_500' title='bbox 502 5462 570 5516; x_wconf 90' lang='lat' dir='ltr'><strong>ad</strong></span> <span class='ocrx_word' id='word_1_501' title='bbox 617 5463 785 5516; x_wconf 89' lang='lat' dir='ltr'><strong>Deum</strong></span> <span class='ocrx_word' id='word_1_502' title='bbox 830 5470 885 5515; x_wconf 88' lang='lat' dir='ltr'><strong>et</strong></span> <span class='ocrx_word' id='word_1_503' title='bbox 915 5465 981 5515; x_wconf 91' lang='lat' dir='ltr'><strong>ad</strong></span> <span class='ocrx_word' id='word_1_504' title='bbox 1028 5476 1085 5515; x_wconf 89' lang='lat' dir='ltr'><strong>se</strong></span> <span class='ocrx_word' id='word_1_505' title='bbox 1116 5462 1289 5531; x_wconf 89' lang='lat' dir='ltr'><strong>ipsam</strong></span> <span class='ocrx_word' id='word_1_506' title='bbox 1328 5463 1600 5519; x_wconf 88' lang='lat' dir='ltr'><strong>coadunat</strong></span> <span class='ocrx_word' id='word_1_507' title='bbox 1634 5474 1688 5521; x_wconf 90' lang='lat' dir='ltr'><strong>et</strong></span> <span class='ocrx_word' id='word_1_508' title='bbox 1723 5466 1962 5537; x_wconf 86' lang='lat' dir='ltr'><strong>stringit.</strong></span> <span class='ocrx_word' id='word_1_509' title='bbox 1987 5466 2091 5522; x_wconf 85' lang='lat' dir='ltr'><strong>Ve-</strong></span> 
     </span>
    </p>
   </div>
   <div class='ocr_carea' id='block_1_73' title="bbox 499 5553 2091 5630">
    <p class='ocr_par' dir='ltr' id='par_1_73' title="bbox 499 5553 2091 5630">
     <span class='ocr_line' id='line_1_73' title="bbox 499 5553 2091 5630; baseline 0.004 -21"><span class='ocrx_word' id='word_1_510' title='bbox 499 5555 637 5609; x_wconf 88' lang='lat' dir='ltr'><strong>ritas</strong></span> <span class='ocrx_word' id='word_1_511' title='bbox 682 5553 1010 5619; x_wconf 74' lang='lat' dir='ltr'><strong>coniectoris</strong></span> <span class='ocrx_word' id='word_1_512' title='bbox 1056 5554 1181 5609; x_wconf 89' lang='lat' dir='ltr'><strong>inde</strong></span> <span class='ocrx_word' id='word_1_513' title='bbox 1220 5558 1502 5624; x_wconf 88' lang='lat' dir='ltr'><strong>probatur,</strong></span> <span class='ocrx_word' id='word_1_514' title='bbox 1555 5558 1681 5613; x_wconf 93' lang='lat' dir='ltr'><strong>dum</strong></span> <span class='ocrx_word' id='word_1_515' title='bbox 1742 5560 1917 5615; x_wconf 90' lang='lat' dir='ltr'><strong>sancti</strong></span> <span class='ocrx_word' id='word_1_516' title='bbox 1964 5572 2091 5630; x_wconf 42' lang='lat' dir='ltr'><strong>pro;</strong></span> 
     </span>
    </p>
   </div>
   <div class='ocr_carea' id='block_1_74' title="bbox 502 5643 2089 5718">
    <p class='ocr_par' dir='ltr' id='par_1_74' title="bbox 502 5643 2089 5718">
     <span class='ocr_line' id='line_1_74' title="bbox 502 5643 2089 5718; baseline 0.006 -18"><span class='ocrx_word' id='word_1_517' title='bbox 502 5644 679 5700; x_wconf 85' lang='lat' dir='ltr'><strong>fectus</strong></span> <span class='ocrx_word' id='word_1_518' title='bbox 710 5643 1039 5697; x_wconf 86' lang='lat' dir='ltr'><strong>desiderium</strong></span> <span class='ocrx_word' id='word_1_519' title='bbox 1064 5660 1256 5712; x_wconf 91' lang='lat' dir='ltr'><strong>verax,</strong></span> <span class='ocrx_word' id='word_1_520' title='bbox 1292 5658 1345 5704; x_wconf 90' lang='lat' dir='ltr'><strong>et</strong></span> <span class='ocrx_word' id='word_1_521' title='bbox 1388 5650 1657 5718; x_wconf 86' lang='lat' dir='ltr'><strong>aequitatis</strong></span> <span class='ocrx_word' id='word_1_522' title='bbox 1688 5654 1995 5711; x_wconf 88' lang='lat' dir='ltr'><strong>continens.</strong></span> <span class='ocrx_word' id='word_1_523' title='bbox 2033 5655 2089 5709; x_wconf 91' lang='lat' dir='ltr'><strong>in</strong></span> 
     </span>
    </p>
   </div>
   <div class='ocr_carea' id='block_1_75' title="bbox 500 5738 2091 5813">
    <p class='ocr_par' dir='ltr' id='par_1_75' title="bbox 500 5738 2091 5813">
     <span class='ocr_line' id='line_1_75' title="bbox 500 5738 2091 5813; baseline 0.007 -21"><span class='ocrx_word' id='word_1_524' title='bbox 500 5748 833 5793; x_wconf 66' lang='lat' dir='ltr'><strong>aeternorum</strong></span> <span class='ocrx_word' id='word_1_525' title='bbox 872 5738 1415 5813; x_wconf 87' lang='lat' dir='ltr'><strong>transitoriorumque</strong></span> <span class='ocrx_word' id='word_1_526' title='bbox 1453 5744 1779 5804; x_wconf 88' lang='lat' dir='ltr'><strong>discretione</strong></span> <span class='ocrx_word' id='word_1_527' title='bbox 1802 5764 1867 5803; x_wconf 86' lang='lat' dir='ltr'><strong>ex</strong></span> <span class='ocrx_word' id='word_1_528' title='bbox 1883 5747 2091 5803; x_wconf 60' lang='lat' dir='ltr'><strong>eﬁecti»</strong></span> 
     </span>
    </p>
   </div>
   <div class='ocr_carea' id='block_1_76' title="bbox 498 5825 2087 5911">
    <p class='ocr_par' dir='ltr' id='par_1_76' title="bbox 498 5825 2087 5911">
     <span class='ocr_line' id='line_1_76' title="bbox 498 5825 2087 5911; baseline 0.006 -26"><span class='ocrx_word' id='word_1_529' title='bbox 498 5829 599 5885; x_wconf 84' lang='lat' dir='ltr'><strong>bus</strong></span> <span class='ocrx_word' id='word_1_530' title='bbox 622 5825 923 5897; x_wconf 73' lang='lat' dir='ltr'><strong>iudicatur.</strong></span> <span class='ocrx_word' id='word_1_531' title='bbox 957 5827 1146 5897; x_wconf 73' lang='lat' dir='ltr'><strong>(VERS.</strong></span> <span class='ocrx_word' id='word_1_532' title='bbox 1179 5831 1298 5905; x_wconf 78' lang='lat'><strong>25.)</strong></span> <span class='ocrx_word' id='word_1_533' title='bbox 1352 5832 1761 5897; x_wconf 85' lang='lat' dir='ltr'><strong>Succedentibus</strong></span> <span class='ocrx_word' id='word_1_534' title='bbox 1806 5841 2087 5911; x_wconf 80' lang='lat' dir='ltr'><strong>prosperis,</strong></span> 
     </span>
    </p>
   </div>
   <div class='ocr_carea' id='block_1_77' title="bbox 2196 1958 3751 2040">
    <p class='ocr_par' dir='ltr' id='par_1_77' title="bbox 2196 1958 3751 2040">
     <span class='ocr_line' id='line_1_77' title="bbox 2196 1958 3751 2040; baseline 0.01 -28"><span class='ocrx_word' id='word_1_535' title='bbox 2196 1958 2249 2013; x_wconf 88' lang='lat' dir='ltr'><strong>id</strong></span> <span class='ocrx_word' id='word_1_536' title='bbox 2275 1971 2357 2014; x_wconf 89' lang='lat' dir='ltr'><strong>est</strong></span> <span class='ocrx_word' id='word_1_537' title='bbox 2388 1961 2807 2019; x_wconf 90' lang='lat' dir='ltr'><strong>illustrationcm</strong></span> <span class='ocrx_word' id='word_1_538' title='bbox 2834 1966 3073 2021; x_wconf 67' lang='lat' dir='ltr'><strong>cmlestis</strong></span> <span class='ocrx_word' id='word_1_539' title='bbox 3102 1967 3346 2022; x_wconf 69' lang='lat' dir='ltr'><strong>scientiae</strong></span> <span class='ocrx_word' id='word_1_540' title='bbox 3367 2010 3381 2034; x_wconf 95' lang='lat'><strong>,</strong></span> <span class='ocrx_word' id='word_1_541' title='bbox 3414 1969 3642 2040; x_wconf 89' lang='lat' dir='ltr'><strong>itemque</strong></span> <span class='ocrx_word' id='word_1_542' title='bbox 3670 1989 3751 2027; x_wconf 88' lang='lat' dir='ltr'><strong>an-</strong></span> 
     </span>
    </p>
   </div>
   <div class='ocr_carea' id='block_1_78' title="bbox 2192 2058 3750 2131">
    <p class='ocr_par' dir='ltr' id='par_1_78' title="bbox 2192 2058 3750 2131">
     <span class='ocr_line' id='line_1_78' title="bbox 2192 2058 3750 2131; baseline 0.01 -27"><span class='ocrx_word' id='word_1_543' title='bbox 2192 2067 2324 2106; x_wconf 86' lang='lat' dir='ltr'><strong>num</strong></span> <span class='ocrx_word' id='word_1_544' title='bbox 2372 2058 2727 2124; x_wconf 87' lang='lat' dir='ltr'><strong>operationis,</strong></span> <span class='ocrx_word' id='word_1_545' title='bbox 2777 2058 3029 2113; x_wconf 82' lang='lat' dir='ltr'><strong>videlicet</strong></span> <span class='ocrx_word' id='word_1_546' title='bbox 3069 2060 3467 2115; x_wconf 90' lang='lat' dir='ltr'><strong>institutionem</strong></span> <span class='ocrx_word' id='word_1_547' title='bbox 3515 2064 3611 2131; x_wconf 63' lang='lat' dir='ltr'><strong>piae</strong></span> <span class='ocrx_word' id='word_1_548' title='bbox 3648 2081 3750 2120; x_wconf 87' lang='lat' dir='ltr'><strong>cum</strong></span> 
     </span>
    </p>
   </div>
   <div class='ocr_carea' id='block_1_79' title="bbox 2193 2144 3750 2225">
    <p class='ocr_par' dir='ltr' id='par_1_79' title="bbox 2193 2144 3750 2225">
     <span class='ocr_line' id='line_1_79' title="bbox 2193 2144 3750 2225; baseline 0.01 -29"><span class='ocrx_word' id='word_1_549' title='bbox 2193 2144 2425 2203; x_wconf 86' lang='lat' dir='ltr'><strong>ﬁrmitas</strong></span> <span class='ocrx_word' id='word_1_550' title='bbox 2477 2153 2799 2221; x_wconf 90' lang='lat' dir='ltr'><strong>proponitur</strong></span> <span class='ocrx_word' id='word_1_551' title='bbox 2850 2154 3297 2222; x_wconf 67' lang='lat' dir='ltr'><strong>perseverantiae,</strong></span> <span class='ocrx_word' id='word_1_552' title='bbox 3342 2156 3577 2225; x_wconf 87' lang='lat' dir='ltr'><strong>pravitas</strong></span> <span class='ocrx_word' id='word_1_553' title='bbox 3604 2160 3750 2212; x_wconf 84' lang='lat' dir='ltr'><strong>nostri</strong></span> 
     </span>
    </p>
   </div>
   <div class='ocr_carea' id='block_1_80' title="bbox 2199 2237 3747 2317">
    <p class='ocr_par' dir='ltr' id='par_1_80' title="bbox 2199 2237 3747 2317">
     <span class='ocr_line' id='line_1_80' title="bbox 2199 2237 3747 2317; baseline 0.008 -25"><span class='ocrx_word' id='word_1_554' title='bbox 2199 2237 2356 2309; x_wconf 68' lang='grc'><strong>147</strong></span> <span class='ocrx_word' id='word_1_555' title='bbox 2396 2246 2669 2312; x_wconf 86' lang='lat' dir='ltr'><strong>appetitus</strong></span> <span class='ocrx_word' id='word_1_556' title='bbox 2692 2286 2705 2312; x_wconf 93' lang='lat'><strong>,</strong></span> <span class='ocrx_word' id='word_1_557' title='bbox 2736 2246 2827 2315; x_wconf 88' lang='lat' dir='ltr'><strong>qui</strong></span> <span class='ocrx_word' id='word_1_558' title='bbox 2858 2246 3198 2317; x_wconf 86' lang='lat' dir='ltr'><strong>dissipatoris</strong></span> <span class='ocrx_word' id='word_1_559' title='bbox 3218 2289 3231 2312; x_wconf 90' lang='lat'><strong>,</strong></span> <span class='ocrx_word' id='word_1_560' title='bbox 3268 2248 3411 2316; x_wconf 89' lang='lat' dir='ltr'><strong>quod</strong></span> <span class='ocrx_word' id='word_1_561' title='bbox 3440 2256 3518 2302; x_wconf 90' lang='lat' dir='ltr'><strong>est</strong></span> <span class='ocrx_word' id='word_1_562' title='bbox 3547 2248 3747 2315; x_wconf 89' lang='lat' dir='ltr'><strong>Pharao,</strong></span> 
     </span>
    </p>
   </div>
   <div class='ocr_carea' id='block_1_81' title="bbox 2189 2325 3751 2407">
    <p class='ocr_par' dir='ltr' id='par_1_81' title="bbox 2189 2325 3751 2407">
     <span class='ocr_line' id='line_1_81' title="bbox 2189 2325 3751 2407; baseline 0.01 -27"><span class='ocrx_word' id='word_1_563' title='bbox 2189 2325 2313 2395; x_wconf 79' lang='lat' dir='ltr'><strong>jure</strong></span> <span class='ocrx_word' id='word_1_564' title='bbox 2333 2342 2591 2388; x_wconf 88' lang='lat' dir='ltr'><strong>censetur</strong></span> <span class='ocrx_word' id='word_1_565' title='bbox 2627 2337 2884 2389; x_wconf 88' lang='lat' dir='ltr'><strong>nomine:</strong></span> <span class='ocrx_word' id='word_1_566' title='bbox 2918 2336 3004 2392; x_wconf 93' lang='lat' dir='ltr'><strong>vel</strong></span> <span class='ocrx_word' id='word_1_567' title='bbox 3036 2338 3201 2391; x_wconf 90' lang='lat' dir='ltr'><strong>etiam</strong></span> <span class='ocrx_word' id='word_1_568' title='bbox 3238 2337 3353 2407; x_wconf 88' lang='lat' dir='ltr'><strong>ipse</strong></span> <span class='ocrx_word' id='word_1_569' title='bbox 3387 2337 3620 2394; x_wconf 86' lang='lat' dir='ltr'><strong>diabolus</strong></span> <span class='ocrx_word' id='word_1_570' title='bbox 3643 2341 3751 2396; x_wconf 87' lang='lat' dir='ltr'><strong>sub-</strong></span> 
     </span>
    </p>
   </div>
   <div class='ocr_carea' id='block_1_82' title="bbox 2194 2420 3749 2495">
    <p class='ocr_par' dir='ltr' id='par_1_82' title="bbox 2194 2420 3749 2495">
     <span class='ocr_line' id='line_1_82' title="bbox 2194 2420 3749 2495; baseline 0.008 -23"><span class='ocrx_word' id='word_1_571' title='bbox 2194 2420 2275 2475; x_wconf 91' lang='lat' dir='ltr'><strong>tili</strong></span> <span class='ocrx_word' id='word_1_572' title='bbox 2303 2426 2549 2491; x_wconf 36' lang='lat' dir='ltr'><strong>,quadam</strong></span> <span class='ocrx_word' id='word_1_573' title='bbox 2595 2428 2825 2482; x_wconf 84' lang='lat' dir='ltr'><strong>scientia</strong></span> <span class='ocrx_word' id='word_1_574' title='bbox 2859 2445 2975 2495; x_wconf 89' lang='lat' dir='ltr'><strong>sua,</strong></span> <span class='ocrx_word' id='word_1_575' title='bbox 3009 2442 3064 2483; x_wconf 90' lang='lat' dir='ltr'><strong>ct</strong></span> <span class='ocrx_word' id='word_1_576' title='bbox 3103 2429 3278 2483; x_wconf 87' lang='lat' dir='ltr'><strong>instar</strong></span> <span class='ocrx_word' id='word_1_577' title='bbox 3310 2431 3499 2484; x_wconf 91' lang='lat' dir='ltr'><strong>somnii</strong></span> <span class='ocrx_word' id='word_1_578' title='bbox 3546 2432 3640 2486; x_wconf 89' lang='lat' dir='ltr'><strong>sibi</strong></span> <span class='ocrx_word' id='word_1_579' title='bbox 3666 2432 3749 2485; x_wconf 90' lang='lat' dir='ltr'><strong>soli</strong></span> 
     </span>
    </p>
   </div>
   <div class='ocr_carea' id='block_1_83' title="bbox 2193 2519 3749 2596">
    <p class='ocr_par' dir='ltr' id='par_1_83' title="bbox 2193 2519 3749 2596">
     <span class='ocr_line' id='line_1_83' title="bbox 2193 2519 3749 2596; baseline 0.007 -28"><span class='ocrx_word' id='word_1_580' title='bbox 2193 2519 2428 2588; x_wconf 79' lang='lat' dir='ltr'><strong>cognita,</strong></span> <span class='ocrx_word' id='word_1_581' title='bbox 2462 2523 2738 2591; x_wconf 89' lang='lat' dir='ltr'><strong>portendit</strong></span> <span class='ocrx_word' id='word_1_582' title='bbox 2774 2526 2913 2593; x_wconf 90' lang='lat' dir='ltr'><strong>apud</strong></span> <span class='ocrx_word' id='word_1_583' title='bbox 2942 2540 3000 2579; x_wconf 91' lang='lat' dir='ltr'><strong>se</strong></span> <span class='ocrx_word' id='word_1_584' title='bbox 3041 2541 3105 2579; x_wconf 90' lang='lat' dir='ltr'><strong>ac</strong></span> <span class='ocrx_word' id='word_1_585' title='bbox 3138 2525 3389 2594; x_wconf 82' lang='lat' dir='ltr'><strong>providet</strong></span> <span class='ocrx_word' id='word_1_586' title='bbox 3433 2525 3605 2579; x_wconf 87' lang='lat' dir='ltr'><strong>futura</strong></span> <span class='ocrx_word' id='word_1_587' title='bbox 3646 2534 3749 2596; x_wconf 91' lang='lat' dir='ltr'><strong>post</strong></span> 
     </span>
    </p>
   </div>
   <div class='ocr_carea' id='block_1_84' title="bbox 2193 2606 3181 2682">
    <p class='ocr_par' dir='ltr' id='par_1_84' title="bbox 2193 2606 3181 2682">
     <span class='ocr_line' id='line_1_84' title="bbox 2193 2606 3181 2682; baseline 0.008 -21"><span class='ocrx_word' id='word_1_588' title='bbox 2193 2611 2384 2678; x_wconf 69' lang='lat' dir='ltr'><strong>gratia:</strong></span> <span class='ocrx_word' id='word_1_589' title='bbox 2424 2606 2815 2682; x_wconf 81' lang='lat' dir='ltr'><strong>experientiam</strong></span> <span class='ocrx_word' id='word_1_590' title='bbox 2846 2615 3181 2670; x_wconf 85' lang='lat' dir='ltr'><strong>discrimina.</strong></span> 
     </span>
    </p>
   </div>
   <div class='ocr_carea' id='block_1_85' title="bbox 2266 2700 3751 2778">
    <p class='ocr_par' dir='ltr' id='par_1_85' title="bbox 2266 2700 3751 2778">
     <span class='ocr_line' id='line_1_85' title="bbox 2266 2700 3751 2778; baseline 0.002 -22"><span class='ocrx_word' id='word_1_591' title='bbox 2266 2700 2429 2759; x_wconf 68' lang='lat' dir='ltr'><strong>Vnus.</strong></span> <span class='ocrx_word' id='word_1_592' title='bbox 2460 2706 2511 2770; x_wconf 92' lang='lat'><strong>7,</strong></span> <span class='ocrx_word' id='word_1_593' title='bbox 2560 2706 2611 2760; x_wconf 89' lang='lat'><strong>8.</strong></span> <span class='ocrx_word' id='word_1_594' title='bbox 2663 2708 2988 2778; x_wconf 85' lang='lat' dir='ltr'><strong>—Evigilat</strong></span> <span class='ocrx_word' id='word_1_595' title='bbox 3036 2719 3149 2778; x_wconf 80' lang='lat' dir='ltr'><strong>post</strong></span> <span class='ocrx_word' id='word_1_596' title='bbox 3203 2709 3427 2777; x_wconf 82' lang='lat' dir='ltr'><strong>quietem</strong></span> <span class='ocrx_word' id='word_1_597' title='bbox 3466 2705 3686 2773; x_wconf 77' lang='lat' dir='ltr'><strong>Pharao,</strong></span> <span class='ocrx_word' id='word_1_598' title='bbox 3712 2717 3751 2760; x_wconf 87' lang='lat' dir='ltr'><strong>et</strong></span> 
     </span>
    </p>
   </div>
   <div class='ocr_carea' id='block_1_86' title="bbox 2194 2800 3751 2873">
    <p class='ocr_par' dir='ltr' id='par_1_86' title="bbox 2194 2800 3751 2873">
     <span class='ocr_line' id='line_1_86' title="bbox 2194 2800 3751 2873; baseline -0.003 -17"><span class='ocrx_word' id='word_1_599' title='bbox 2194 2803 2337 2873; x_wconf 83' lang='lat' dir='ltr'><strong>facta</strong></span> <span class='ocrx_word' id='word_1_600' title='bbox 2370 2814 2533 2854; x_wconf 85' lang='lat' dir='ltr'><strong>mane</strong></span> <span class='ocrx_word' id='word_1_601' title='bbox 2584 2818 2772 2870; x_wconf 84' lang='lat' dir='ltr'><strong>pavore</strong></span> <span class='ocrx_word' id='word_1_602' title='bbox 2806 2803 3135 2871; x_wconf 82' lang='lat' dir='ltr'><strong>perterritus,</strong></span> <span class='ocrx_word' id='word_1_603' title='bbox 3194 2802 3337 2854; x_wconf 83' lang='lat' dir='ltr'><strong>misit</strong></span> <span class='ocrx_word' id='word_1_604' title='bbox 3377 2800 3443 2853; x_wconf 83' lang='lat' dir='ltr'><strong>ad</strong></span> <span class='ocrx_word' id='word_1_605' title='bbox 3471 2800 3751 2869; x_wconf 74' lang='lat' dir='ltr'><strong>conjectores</strong></span> 
     </span>
    </p>
   </div>
   <div class='ocr_carea' id='block_1_87' title="bbox 2191 2886 3752 2963">
    <p class='ocr_par' dir='ltr' id='par_1_87' title="bbox 2191 2886 3752 2963">
     <span class='ocr_line' id='line_1_87' title="bbox 2191 2886 3752 2963; baseline -0.007 -14"><span class='ocrx_word' id='word_1_606' title='bbox 2191 2891 2433 2963; x_wconf 70' lang='lat' dir='ltr'><strong>1Egypti,</strong></span> <span class='ocrx_word' id='word_1_607' title='bbox 2464 2901 2777 2959; x_wconf 86' lang='lat' dir='ltr'><strong>cunctosque</strong></span> <span class='ocrx_word' id='word_1_608' title='bbox 2814 2893 3103 2961; x_wconf 83' lang='lat' dir='ltr'><strong>sapientes;</strong></span> <span class='ocrx_word' id='word_1_609' title='bbox 3148 2899 3195 2943; x_wconf 89' lang='lat' dir='ltr'><strong>et</strong></span> <span class='ocrx_word' id='word_1_610' title='bbox 3250 2890 3508 2942; x_wconf 79' lang='lat' dir='ltr'><strong>accersitis</strong></span> <span class='ocrx_word' id='word_1_611' title='bbox 3551 2886 3752 2941; x_wconf 81' lang='lat' dir='ltr'><strong>narratit</strong></span> 
     </span>
    </p>
   </div>
   <div class='ocr_carea' id='block_1_88' title="bbox 2191 2977 3749 3052">
    <p class='ocr_par' dir='ltr' id='par_1_88' title="bbox 2191 2977 3749 3052">
     <span class='ocr_line' id='line_1_88' title="bbox 2191 2977 3749 3052; baseline -0.008 -13"><span class='ocrx_word' id='word_1_612' title='bbox 2191 2985 2474 3049; x_wconf 87' lang='lat' dir='ltr'><strong>somnium,</strong></span> <span class='ocrx_word' id='word_1_613' title='bbox 2492 2999 2581 3035; x_wconf 88' lang='lat' dir='ltr'><strong>nec</strong></span> <span class='ocrx_word' id='word_1_614' title='bbox 2592 2992 2703 3035; x_wconf 87' lang='lat' dir='ltr'><strong>erat</strong></span> <span class='ocrx_word' id='word_1_615' title='bbox 2720 2984 2808 3052; x_wconf 87' lang='lat' dir='ltr'><strong>qui</strong></span> <span class='ocrx_word' id='word_1_616' title='bbox 2823 2984 3271 3051; x_wconf 84' lang='lat' dir='ltr'><strong>interpretaretur.</strong></span> <span class='ocrx_word' id='word_1_617' title='bbox 3290 2980 3448 3045; x_wconf 85' lang='lat' dir='ltr'><strong>Quies</strong></span> <span class='ocrx_word' id='word_1_618' title='bbox 3464 2977 3749 3041; x_wconf 71' lang='lat' dir='ltr'><strong>Pharaonis,</strong></span> 
     </span>
    </p>
   </div>
   <div class='ocr_carea' id='block_1_89' title="bbox 2193 3070 3751 3142">
    <p class='ocr_par' dir='ltr' id='par_1_89' title="bbox 2193 3070 3751 3142">
     <span class='ocr_line' id='line_1_89' title="bbox 2193 3070 3751 3142; baseline -0.006 -13"><span class='ocrx_word' id='word_1_619' title='bbox 2193 3075 2460 3130; x_wconf 70' lang='lat' dir='ltr'><strong>callistas</strong></span> <span class='ocrx_word' id='word_1_620' title='bbox 2491 3081 2593 3139; x_wconf 88' lang='lat' dir='ltr'><strong>est,</strong></span> <span class='ocrx_word' id='word_1_621' title='bbox 2638 3089 2742 3142; x_wconf 82' lang='lat' dir='ltr'><strong>qua</strong></span> <span class='ocrx_word' id='word_1_622' title='bbox 2783 3074 2850 3127; x_wconf 89' lang='lat' dir='ltr'><strong>ad</strong></span> <span class='ocrx_word' id='word_1_623' title='bbox 2882 3074 3070 3126; x_wconf 87' lang='lat' dir='ltr'><strong>horam</strong></span> <span class='ocrx_word' id='word_1_624' title='bbox 3102 3070 3287 3127; x_wconf 74' lang='lat' dir='ltr'><strong>differt</strong></span> <span class='ocrx_word' id='word_1_625' title='bbox 3343 3071 3631 3125; x_wconf 89' lang='lat' dir='ltr'><strong>molestiam</strong></span> <span class='ocrx_word' id='word_1_626' title='bbox 3670 3071 3751 3122; x_wconf 87' lang='lat' dir='ltr'><strong>im-</strong></span> 
     </span>
    </p>
   </div>
   <div class='ocr_carea' id='block_1_90' title="bbox 2115 3164 3751 3269">
    <p class='ocr_par' dir='ltr' id='par_1_90' title="bbox 2115 3164 3751 3269">
     <span class='ocr_line' id='line_1_90' title="bbox 2115 3164 3751 3269; baseline -0.004 -50"><span class='ocrx_word' id='word_1_627' title='bbox 2115 3207 2161 3269; x_wconf 78' lang='lat' dir='ltr'>C</span> <span class='ocrx_word' id='word_1_628' title='bbox 2192 3165 2560 3238; x_wconf 85' lang='lat' dir='ltr'><strong>pugnationis.</strong></span> <span class='ocrx_word' id='word_1_629' title='bbox 2598 3164 2846 3235; x_wconf 80' lang='lat' dir='ltr'><strong>Evigilat,</strong></span> <span class='ocrx_word' id='word_1_630' title='bbox 2881 3180 3000 3218; x_wconf 92' lang='lat' dir='ltr'><strong>cum</strong></span> <span class='ocrx_word' id='word_1_631' title='bbox 3034 3165 3276 3218; x_wconf 85' lang='lat' dir='ltr'><strong>animum</strong></span> <span class='ocrx_word' id='word_1_632' title='bbox 3300 3180 3397 3234; x_wconf 87' lang='lat' dir='ltr'><strong>per</strong></span> <span class='ocrx_word' id='word_1_633' title='bbox 3427 3164 3625 3217; x_wconf 87' lang='lat' dir='ltr'><strong>turbam</strong></span> <span class='ocrx_word' id='word_1_634' title='bbox 3654 3170 3751 3213; x_wconf 83' lang='lat' dir='ltr'><strong>ten-</strong></span> 
     </span>
    </p>
   </div>
   <div class='ocr_carea' id='block_1_91' title="bbox 2197 3256 3750 3325">
    <p class='ocr_par' dir='ltr' id='par_1_91' title="bbox 2197 3256 3750 3325">
     <span class='ocr_line' id='line_1_91' title="bbox 2197 3256 3750 3325; baseline -0.008 -10"><span class='ocrx_word' id='word_1_635' title='bbox 2197 3260 2419 3315; x_wconf 87' lang='lat' dir='ltr'><strong>tationis</strong></span> <span class='ocrx_word' id='word_1_636' title='bbox 2451 3259 2713 3313; x_wconf 84' lang='lat' dir='ltr'><strong>incursat.</strong></span> <span class='ocrx_word' id='word_1_637' title='bbox 2747 3256 2915 3310; x_wconf 84' lang='lat' dir='ltr'><strong>Facto</strong></span> <span class='ocrx_word' id='word_1_638' title='bbox 2938 3273 3089 3310; x_wconf 86' lang='lat' dir='ltr'><strong>mane</strong></span> <span class='ocrx_word' id='word_1_639' title='bbox 3132 3274 3327 3325; x_wconf 77' lang='lat' dir='ltr'><strong>pavore</strong></span> <span class='ocrx_word' id='word_1_640' title='bbox 3359 3263 3603 3319; x_wconf 90' lang='lat' dir='ltr'><strong>terretur,</strong></span> <span class='ocrx_word' id='word_1_641' title='bbox 3648 3265 3750 3305; x_wconf 88' lang='lat' dir='ltr'><strong>cum</strong></span> 
     </span>
    </p>
   </div>
   <div class='ocr_carea' id='block_1_92' title="bbox 2192 3342 3751 3407">
    <p class='ocr_par' dir='ltr' id='par_1_92' title="bbox 2192 3342 3751 3407">
     <span class='ocr_line' id='line_1_92' title="bbox 2192 3342 3751 3407; baseline -0.009 0"><span class='ocrx_word' id='word_1_642' title='bbox 2192 3352 2337 3407; x_wconf 86' lang='lat' dir='ltr'><strong>inter</strong></span> <span class='ocrx_word' id='word_1_643' title='bbox 2361 3352 2678 3406; x_wconf 84' lang='lat' dir='ltr'><strong>tentandum</strong></span> <span class='ocrx_word' id='word_1_644' title='bbox 2706 3349 3002 3404; x_wconf 86' lang='lat' dir='ltr'><strong>elaritieata</strong></span> <span class='ocrx_word' id='word_1_645' title='bbox 3037 3348 3296 3403; x_wconf 91' lang='lat' dir='ltr'><strong>divinitus</strong></span> <span class='ocrx_word' id='word_1_646' title='bbox 3319 3355 3496 3402; x_wconf 89' lang='lat' dir='ltr'><strong>mente</strong></span> <span class='ocrx_word' id='word_1_647' title='bbox 3519 3346 3580 3399; x_wconf 90' lang='lat' dir='ltr'><strong>de</strong></span> <span class='ocrx_word' id='word_1_648' title='bbox 3600 3342 3751 3398; x_wconf 87' lang='lat' dir='ltr'><strong>subita</strong></span> 
     </span>
    </p>
   </div>
   <div class='ocr_carea' id='block_1_93' title="bbox 2190 3434 3751 3515">
    <p class='ocr_par' dir='ltr' id='par_1_93' title="bbox 2190 3434 3751 3515">
     <span class='ocr_line' id='line_1_93' title="bbox 2190 3434 3751 3515; baseline -0.01 -14"><span class='ocrx_word' id='word_1_649' title='bbox 2190 3446 2498 3515; x_wconf 84' lang='lat' dir='ltr'><strong>repulsione</strong></span> <span class='ocrx_word' id='word_1_650' title='bbox 2556 3445 2822 3498; x_wconf 82' lang='lat' dir='ltr'><strong>turbatur.</strong></span> <span class='ocrx_word' id='word_1_651' title='bbox 2876 3442 3036 3496; x_wconf 84' lang='lat' dir='ltr'><strong>Mittit</strong></span> <span class='ocrx_word' id='word_1_652' title='bbox 3090 3443 3158 3493; x_wconf 83' lang='lat' dir='ltr'><strong>at!</strong></span> <span class='ocrx_word' id='word_1_653' title='bbox 3193 3441 3512 3510; x_wconf 77' lang='lat' dir='ltr'><strong>conjectures</strong></span> <span class='ocrx_word' id='word_1_654' title='bbox 3559 3434 3751 3505; x_wconf 64' lang='lat' dir='ltr'><strong>.Egypti</strong></span> 
     </span>
    </p>
   </div>
   <div class='ocr_carea' id='block_1_94' title="bbox 2198 3529 3752 3606">
    <p class='ocr_par' dir='ltr' id='par_1_94' title="bbox 2198 3529 3752 3606">
     <span class='ocr_line' id='line_1_94' title="bbox 2198 3529 3752 3606; baseline -0.01 -13"><span class='ocrx_word' id='word_1_655' title='bbox 2198 3548 2515 3604; x_wconf 85' lang='lat' dir='ltr'><strong>cunctosque</strong></span> <span class='ocrx_word' id='word_1_656' title='bbox 2550 3537 2808 3606; x_wconf 83' lang='lat' dir='ltr'><strong>sapientes</strong></span> <span class='ocrx_word' id='word_1_657' title='bbox 2861 3549 2984 3587; x_wconf 90' lang='lat' dir='ltr'><strong>cum</strong></span> <span class='ocrx_word' id='word_1_658' title='bbox 3015 3531 3353 3603; x_wconf 72' lang='lat' dir='ltr'><strong>spiritualem</strong></span> <span class='ocrx_word' id='word_1_659' title='bbox 3404 3529 3752 3602; x_wconf 77' lang='lat' dir='ltr'><strong>cogitationem</strong></span> 
     </span>
    </p>
   </div>
   <div class='ocr_carea' id='block_1_95' title="bbox 2192 3624 3751 3696">
    <p class='ocr_par' dir='ltr' id='par_1_95' title="bbox 2192 3624 3751 3696">
     <span class='ocr_line' id='line_1_95' title="bbox 2192 3624 3751 3696; baseline -0.01 -11"><span class='ocrx_word' id='word_1_660' title='bbox 2192 3630 2613 3693; x_wconf 78' lang='lat' dir='ltr'><strong>circumvenire,</strong></span> <span class='ocrx_word' id='word_1_661' title='bbox 2633 3643 2696 3681; x_wconf 82' lang='lat' dir='ltr'><strong>ac</strong></span> <span class='ocrx_word' id='word_1_662' title='bbox 2714 3626 2981 3696; x_wconf 87' lang='lat' dir='ltr'><strong>vestigare</strong></span> <span class='ocrx_word' id='word_1_663' title='bbox 3006 3626 3120 3694; x_wconf 82' lang='lat' dir='ltr'><strong>ejus</strong></span> <span class='ocrx_word' id='word_1_664' title='bbox 3152 3624 3481 3678; x_wconf 89' lang='lat' dir='ltr'><strong>intentiones</strong></span> <span class='ocrx_word' id='word_1_665' title='bbox 3509 3636 3599 3691; x_wconf 88' lang='lat' dir='ltr'><strong>per</strong></span> <span class='ocrx_word' id='word_1_666' title='bbox 3620 3633 3751 3672; x_wconf 88' lang='lat' dir='ltr'><strong>mun-</strong></span> 
     </span>
    </p>
   </div>
   <div class='ocr_carea' id='block_1_96' title="bbox 2192 3714 3752 3779">
    <p class='ocr_par' dir='ltr' id='par_1_96' title="bbox 2192 3714 3752 3779">
     <span class='ocr_line' id='line_1_96' title="bbox 2192 3714 3752 3779; baseline -0.01 -1"><span class='ocrx_word' id='word_1_667' title='bbox 2192 3724 2345 3779; x_wconf 71' lang='lat' dir='ltr'><strong>danm</strong></span> <span class='ocrx_word' id='word_1_668' title='bbox 2376 3723 2568 3775; x_wconf 90' lang='lat' dir='ltr'><strong>nititur</strong></span> <span class='ocrx_word' id='word_1_669' title='bbox 2600 3723 2813 3775; x_wconf 73' lang='lat' dir='ltr'><strong>astutia:</strong></span> <span class='ocrx_word' id='word_1_670' title='bbox 2845 3719 3308 3772; x_wconf 85' lang='lat' dir='ltr'><strong>ratiocinationes.</strong></span> <span class='ocrx_word' id='word_1_671' title='bbox 3342 3714 3610 3769; x_wconf 84' lang='lat' dir='ltr'><strong>Accersitis</strong></span> <span class='ocrx_word' id='word_1_672' title='bbox 3634 3726 3752 3765; x_wconf 80' lang='lat' dir='ltr'><strong>som—</strong></span> 
     </span>
    </p>
   </div>
   <div class='ocr_carea' id='block_1_97' title="bbox 2193 3810 3751 3881">
    <p class='ocr_par' dir='ltr' id='par_1_97' title="bbox 2193 3810 3751 3881">
     <span class='ocr_line' id='line_1_97' title="bbox 2193 3810 3751 3881; baseline -0.012 -12"><span class='ocrx_word' id='word_1_673' title='bbox 2193 3817 2342 3869; x_wconf 88' lang='lat' dir='ltr'><strong>nium</strong></span> <span class='ocrx_word' id='word_1_674' title='bbox 2393 3822 2602 3881; x_wconf 90' lang='lat' dir='ltr'><strong>narrat,</strong></span> <span class='ocrx_word' id='word_1_675' title='bbox 2638 3828 2759 3867; x_wconf 88' lang='lat' dir='ltr'><strong>cum</strong></span> <span class='ocrx_word' id='word_1_676' title='bbox 2793 3818 3112 3865; x_wconf 79' lang='lat' dir='ltr'><strong>coacervata</strong></span> <span class='ocrx_word' id='word_1_677' title='bbox 3158 3810 3497 3863; x_wconf 89' lang='lat' dir='ltr'><strong>internorum</strong></span> <span class='ocrx_word' id='word_1_678' title='bbox 3537 3812 3751 3858; x_wconf 92' lang='lat' dir='ltr'><strong>motuum</strong></span> 
     </span>
    </p>
   </div>
   <div class='ocr_carea' id='block_1_98' title="bbox 2192 3892 3751 3973">
    <p class='ocr_par' dir='ltr' id='par_1_98' title="bbox 2192 3892 3751 3973">
     <span class='ocr_line' id='line_1_98' title="bbox 2192 3892 3751 3973; baseline -0.012 -15"><span class='ocrx_word' id='word_1_679' title='bbox 2192 3902 2522 3973; x_wconf 84' lang='lat' dir='ltr'><strong>frequentia,</strong></span> <span class='ocrx_word' id='word_1_680' title='bbox 2579 3904 2644 3956; x_wconf 89' lang='lat' dir='ltr'><strong>de</strong></span> <span class='ocrx_word' id='word_1_681' title='bbox 2702 3901 3081 3956; x_wconf 89' lang='lat' dir='ltr'><strong>incertitudine</strong></span> <span class='ocrx_word' id='word_1_682' title='bbox 3135 3898 3489 3954; x_wconf 90' lang='lat' dir='ltr'><strong>invisibilium</strong></span> <span class='ocrx_word' id='word_1_683' title='bbox 3534 3892 3751 3948; x_wconf 84' lang='lat' dir='ltr'><strong>diabolus</strong></span> 
     </span>
    </p>
   </div>
   <div class='ocr_carea' id='block_1_99' title="bbox 2192 3980 3753 4063">
    <p class='ocr_par' dir='ltr' id='par_1_99' title="bbox 2192 3980 3753 4063">
     <span class='ocr_line' id='line_1_99' title="bbox 2192 3980 3753 4063; baseline -0.012 -12"><span class='ocrx_word' id='word_1_684' title='bbox 2192 3994 2450 4063; x_wconf 89' lang='lat' dir='ltr'><strong>disputat.</strong></span> <span class='ocrx_word' id='word_1_685' title='bbox 2480 3992 2595 4047; x_wconf 87' lang='lat' dir='ltr'><strong>Non</strong></span> <span class='ocrx_word' id='word_1_686' title='bbox 2631 4002 2713 4048; x_wconf 90' lang='lat' dir='ltr'><strong>est</strong></span> <span class='ocrx_word' id='word_1_687' title='bbox 2754 3993 2844 4062; x_wconf 90' lang='lat' dir='ltr'><strong>qui</strong></span> <span class='ocrx_word' id='word_1_688' title='bbox 2876 3993 3284 4060; x_wconf 89' lang='lat' dir='ltr'><strong>interpretetur,</strong></span> <span class='ocrx_word' id='word_1_689' title='bbox 3336 3989 3460 4059; x_wconf 89' lang='lat' dir='ltr'><strong>quia</strong></span> <span class='ocrx_word' id='word_1_690' title='bbox 3484 3980 3753 4055; x_wconf 85' lang='lat' dir='ltr'><strong>spiritualis</strong></span> 
     </span>
    </p>
   </div>
   <div class='ocr_carea' id='block_1_100' title="bbox 2194 4071 3752 4154">
    <p class='ocr_par' dir='ltr' id='par_1_100' title="bbox 2194 4071 3752 4154">
     <span class='ocr_line' id='line_1_100' title="bbox 2194 4071 3752 4154; baseline -0.011 -11"><span class='ocrx_word' id='word_1_691' title='bbox 2194 4087 2409 4143; x_wconf 90' lang='lat' dir='ltr'><strong>animus</strong></span> <span class='ocrx_word' id='word_1_692' title='bbox 2439 4102 2561 4142; x_wconf 93' lang='lat' dir='ltr'><strong>cum</strong></span> <span class='ocrx_word' id='word_1_693' title='bbox 2588 4086 2771 4141; x_wconf 92' lang='lat' dir='ltr'><strong>omnia</strong></span> <span class='ocrx_word' id='word_1_694' title='bbox 2812 4083 3021 4154; x_wconf 89' lang='lat' dir='ltr'><strong>judicet</strong></span> <span class='ocrx_word' id='word_1_695' title='bbox 3063 4098 3094 4136; x_wconf 90' lang='lat' dir='ltr'><strong>a</strong></span> <span class='ocrx_word' id='word_1_696' title='bbox 3139 4080 3459 4138; x_wconf 89' lang='lat' dir='ltr'><strong>carnalitate</strong></span> <span class='ocrx_word' id='word_1_697' title='bbox 3510 4090 3611 4131; x_wconf 88' lang='lat' dir='ltr'><strong>non</strong></span> <span class='ocrx_word' id='word_1_698' title='bbox 3658 4071 3752 4128; x_wconf 67' lang='grc' dir='ltr'><strong>εῖτ-η</strong></span> 
     </span>
    </p>
   </div>
   <div class='ocr_carea' id='block_1_101' title="bbox 2193 4181 2595 4237">
    <p class='ocr_par' dir='ltr' id='par_1_101' title="bbox 2193 4181 2595 4237">
     <span class='ocr_line' id='line_1_101' title="bbox 2193 4181 2595 4237; baseline -0.01 0"><span class='ocrx_word' id='word_1_699' title='bbox 2193 4181 2595 4237; x_wconf 81' lang='lat' dir='ltr'><strong>cumscribitur.</strong></span> 
     </span>
    </p>
   </div>
   <div class='ocr_carea' id='block_1_102' title="bbox 2266 4264 3749 4335">
    <p class='ocr_par' dir='ltr' id='par_1_102' title="bbox 2266 4264 3749 4335">
     <span class='ocr_line' id='line_1_102' title="bbox 2266 4264 3749 4335; baseline -0.01 -9"><span class='ocrx_word' id='word_1_700' title='bbox 2266 4273 2435 4327; x_wconf 72' lang='lat' dir='ltr'><strong>Vens.</strong></span> <span class='ocrx_word' id='word_1_701' title='bbox 2459 4272 2512 4326; x_wconf 90' lang='lat'><strong>9.</strong></span> <span class='ocrx_word' id='word_1_702' title='bbox 2538 4302 2609 4311; x_wconf 93' lang='lat'><strong><em>—</em></strong></span> <span class='ocrx_word' id='word_1_703' title='bbox 2642 4270 2787 4324; x_wconf 87' lang='lat' dir='ltr'><strong>Tunc</strong></span> <span class='ocrx_word' id='word_1_704' title='bbox 2816 4270 3022 4322; x_wconf 88' lang='lat' dir='ltr'><strong>demum</strong></span> <span class='ocrx_word' id='word_1_705' title='bbox 3054 4268 3387 4322; x_wconf 84' lang='lat' dir='ltr'><strong>reminiscens</strong></span> <span class='ocrx_word' id='word_1_706' title='bbox 3416 4264 3749 4335; x_wconf 80' lang='lat' dir='ltr'><strong>piucernarum</strong></span> 
     </span>
    </p>
   </div>
   <div class='ocr_carea' id='block_1_103' title="bbox 2193 4348 3755 4435">
    <p class='ocr_par' dir='ltr' id='par_1_103' title="bbox 2193 4348 3755 4435">
     <span class='ocr_line' id='line_1_103' title="bbox 2193 4348 3755 4435; baseline -0.015 -16"><span class='ocrx_word' id='word_1_707' title='bbox 2193 4368 2444 4435; x_wconf 83' lang='lat' dir='ltr'><strong>magister</strong></span> <span class='ocrx_word' id='word_1_708' title='bbox 2465 4367 2540 4419; x_wconf 89' lang='lat' dir='ltr'><strong>ait</strong></span> <span class='ocrx_word' id='word_1_709' title='bbox 2572 4381 2590 4419; x_wconf 90' lang='lat'><strong><em>:</em></strong></span> <span class='ocrx_word' id='word_1_710' title='bbox 2621 4364 2886 4432; x_wconf 82' lang='lat' dir='ltr'><strong>Conﬁteor</strong></span> <span class='ocrx_word' id='word_1_711' title='bbox 2934 4371 3199 4432; x_wconf 82' lang='lat' dir='ltr'><strong>peccatum</strong></span> <span class='ocrx_word' id='word_1_712' title='bbox 3233 4376 3423 4425; x_wconf 89' lang='lat' dir='ltr'><strong>meum,</strong></span> <span class='ocrx_word' id='word_1_713' title='bbox 3474 4363 3574 4410; x_wconf 90' lang='lat' dir='ltr'><strong>etc.</strong></span> <span class='ocrx_word' id='word_1_714' title='bbox 3622 4348 3755 4402; x_wconf 85' lang='lat' dir='ltr'><strong>Tunc</strong></span> 
     </span>
    </p>
   </div>
   <div class='ocr_carea' id='block_1_104' title="bbox 2193 4455 3753 4533">
    <p class='ocr_par' dir='ltr' id='par_1_104' title="bbox 2193 4455 3753 4533">
     <span class='ocr_line' id='line_1_104' title="bbox 2193 4455 3753 4533; baseline -0.012 -17"><span class='ocrx_word' id='word_1_715' title='bbox 2193 4463 2582 4533; x_wconf 86' lang='lat' dir='ltr'><strong>pincernarum</strong></span> <span class='ocrx_word' id='word_1_716' title='bbox 2632 4460 2892 4530; x_wconf 87' lang='lat' dir='ltr'><strong>magister</strong></span> <span class='ocrx_word' id='word_1_717' title='bbox 2949 4457 3339 4523; x_wconf 88' lang='lat' dir='ltr'><strong>reminiscitur,</strong></span> <span class='ocrx_word' id='word_1_718' title='bbox 3393 4455 3753 4524; x_wconf 85' lang='lat' dir='ltr'><strong>peccatumque</strong></span> 
     </span>
    </p>
   </div>
   <div class='ocr_carea' id='block_1_105' title="bbox 2115 4543 3753 4631">
    <p class='ocr_par' dir='ltr' id='par_1_105' title="bbox 2115 4543 3753 4631">
     <span class='ocr_line' id='line_1_105' title="bbox 2115 4543 3753 4631; baseline -0.009 -26"><span class='ocrx_word' id='word_1_719' title='bbox 2115 4549 2420 4631; x_wconf 72' lang='lat' dir='ltr'><strong>Dfatetur,</strong></span> <span class='ocrx_word' id='word_1_720' title='bbox 2472 4565 2593 4605; x_wconf 90' lang='lat' dir='ltr'><strong>cum</strong></span> <span class='ocrx_word' id='word_1_721' title='bbox 2643 4550 2782 4604; x_wconf 86' lang='lat' dir='ltr'><strong>bona</strong></span> <span class='ocrx_word' id='word_1_722' title='bbox 2829 4548 3101 4612; x_wconf 82' lang='lat' dir='ltr'><strong>voluntas,</strong></span> <span class='ocrx_word' id='word_1_723' title='bbox 3141 4563 3263 4617; x_wconf 87' lang='lat' dir='ltr'><strong>quae</strong></span> <span class='ocrx_word' id='word_1_724' title='bbox 3312 4543 3542 4599; x_wconf 89' lang='lat' dir='ltr'><strong>salubris</strong></span> <span class='ocrx_word' id='word_1_725' title='bbox 3590 4544 3753 4631; x_wconf 71' lang='lat' dir='ltr'><strong>petunt</strong></span> 
     </span>
    </p>
   </div>
   <div class='ocr_carea' id='block_1_106' title="bbox 2195 4623 3754 4705">
    <p class='ocr_par' dir='ltr' id='par_1_106' title="bbox 2195 4623 3754 4705">
     <span class='ocr_line' id='line_1_106' title="bbox 2195 4623 3754 4705; baseline -0.012 -7"><span class='ocrx_word' id='word_1_726' title='bbox 2195 4640 2409 4698; x_wconf 91' lang='lat' dir='ltr'><strong>consilii</strong></span> <span class='ocrx_word' id='word_1_727' title='bbox 2438 4640 2587 4697; x_wconf 89' lang='lat' dir='ltr'><strong>cordi</strong></span> <span class='ocrx_word' id='word_1_728' title='bbox 2630 4639 2891 4693; x_wconf 88' lang='lat' dir='ltr'><strong>adversus</strong></span> <span class='ocrx_word' id='word_1_729' title='bbox 2918 4637 3258 4692; x_wconf 78' lang='lat' dir='ltr'><strong>Pharaonem</strong></span> <span class='ocrx_word' id='word_1_730' title='bbox 3300 4634 3569 4705; x_wconf 89' lang='lat' dir='ltr'><strong>propinat,</strong></span> <span class='ocrx_word' id='word_1_731' title='bbox 3602 4623 3754 4695; x_wconf 86' lang='lat' dir='ltr'><strong>negli-</strong></span> 
     </span>
    </p>
   </div>
   <div class='ocr_carea' id='block_1_107' title="bbox 2196 4721 3755 4805">
    <p class='ocr_par' dir='ltr' id='par_1_107' title="bbox 2196 4721 3755 4805">
     <span class='ocr_line' id='line_1_107' title="bbox 2196 4721 3755 4805; baseline -0.013 -16"><span class='ocrx_word' id='word_1_732' title='bbox 2196 4734 2390 4805; x_wconf 61' lang='lat' dir='ltr'><strong>gentiae</strong></span> <span class='ocrx_word' id='word_1_733' title='bbox 2426 4748 2485 4787; x_wconf 90' lang='lat' dir='ltr'><strong>se</strong></span> <span class='ocrx_word' id='word_1_734' title='bbox 2521 4732 2717 4803; x_wconf 89' lang='lat' dir='ltr'><strong>arguit,</strong></span> <span class='ocrx_word' id='word_1_735' title='bbox 2761 4730 2903 4801; x_wconf 91' lang='lat' dir='ltr'><strong>quod</strong></span> <span class='ocrx_word' id='word_1_736' title='bbox 2934 4729 3264 4800; x_wconf 88' lang='lat' dir='ltr'><strong>aliquantula</strong></span> <span class='ocrx_word' id='word_1_737' title='bbox 3298 4727 3479 4797; x_wconf 90' lang='lat' dir='ltr'><strong>quiete</strong></span> <span class='ocrx_word' id='word_1_738' title='bbox 3507 4721 3755 4777; x_wconf 86' lang='lat' dir='ltr'><strong>arridente</strong></span> 
     </span>
    </p>
   </div>
   <div class='ocr_carea' id='block_1_108' title="bbox 2197 4810 3757 4891">
    <p class='ocr_par' dir='ltr' id='par_1_108' title="bbox 2197 4810 3757 4891">
     <span class='ocr_line' id='line_1_108' title="bbox 2197 4810 3757 4891; baseline -0.012 -13"><span class='ocrx_word' id='word_1_739' title='bbox 2197 4824 2363 4879; x_wconf 89' lang='lat' dir='ltr'><strong>animi</strong></span> <span class='ocrx_word' id='word_1_740' title='bbox 2393 4822 2689 4891; x_wconf 89' lang='lat' dir='ltr'><strong>appetitum</strong></span> <span class='ocrx_word' id='word_1_741' title='bbox 2720 4819 3077 4875; x_wconf 90' lang='lat' dir='ltr'><strong>intermiserit</strong></span> <span class='ocrx_word' id='word_1_742' title='bbox 3108 4816 3482 4882; x_wconf 84' lang='lat' dir='ltr'><strong>excrescendi,</strong></span> <span class='ocrx_word' id='word_1_743' title='bbox 3515 4810 3647 4880; x_wconf 88' lang='lat' dir='ltr'><strong>quod</strong></span> <span class='ocrx_word' id='word_1_744' title='bbox 3686 4810 3757 4859; x_wconf 82' lang='lat' dir='ltr'><strong>est</strong></span> 
     </span>
    </p>
   </div>
   <div class='ocr_carea' id='block_1_109' title="bbox 2195 4905 3752 4984">
    <p class='ocr_par' dir='ltr' id='par_1_109' title="bbox 2195 4905 3752 4984">
     <span class='ocr_line' id='line_1_109' title="bbox 2195 4905 3752 4984; baseline -0.014 -13"><span class='ocrx_word' id='word_1_745' title='bbox 2195 4913 2511 4984; x_wconf 86' lang='lat' dir='ltr'><strong>interpretis</strong></span> <span class='ocrx_word' id='word_1_746' title='bbox 2550 4911 2816 4967; x_wconf 87' lang='lat' dir='ltr'><strong>oblivisci.</strong></span> <span class='ocrx_word' id='word_1_747' title='bbox 2862 4909 3081 4982; x_wconf 88' lang='lat' dir='ltr'><strong>Joseph,</strong></span> <span class='ocrx_word' id='word_1_748' title='bbox 3112 4912 3204 4982; x_wconf 91' lang='lat' dir='ltr'><strong>qui</strong></span> <span class='ocrx_word' id='word_1_749' title='bbox 3232 4918 3563 4980; x_wconf 85' lang='lat' dir='ltr'><strong>augmentum</strong></span> <span class='ocrx_word' id='word_1_750' title='bbox 3594 4905 3752 4961; x_wconf 87' lang='lat' dir='ltr'><strong>sonat,</strong></span> 
     </span>
    </p>
   </div>
   <div class='ocr_carea' id='block_1_110' title="bbox 2196 4995 3754 5088">
    <p class='ocr_par' dir='ltr' id='par_1_110' title="bbox 2196 4995 3754 5088">
     <span class='ocr_line' id='line_1_110' title="bbox 2196 4995 3754 5088; baseline -0.012 -25"><span class='ocrx_word' id='word_1_751' title='bbox 2196 5008 2318 5063; x_wconf 88' lang='lat' dir='ltr'><strong>ideo</strong></span> <span class='ocrx_word' id='word_1_752' title='bbox 2350 5008 2616 5075; x_wconf 88' lang='lat' dir='ltr'><strong>interpres</strong></span> <span class='ocrx_word' id='word_1_753' title='bbox 2654 5004 2871 5071; x_wconf 91' lang='lat' dir='ltr'><strong>dicitur,</strong></span> <span class='ocrx_word' id='word_1_754' title='bbox 2903 5004 3028 5074; x_wconf 89' lang='lat' dir='ltr'><strong>quia</strong></span> <span class='ocrx_word' id='word_1_755' title='bbox 3055 5018 3333 5073; x_wconf 82' lang='lat' dir='ltr'><strong>nunquam</strong></span> <span class='ocrx_word' id='word_1_756' title='bbox 3379 4995 3560 5054; x_wconf 89' lang='lat' dir='ltr'><strong>arcani</strong></span> <span class='ocrx_word' id='word_1_757' title='bbox 3603 5001 3754 5088; x_wconf 60' lang='lat' dir='ltr'><strong>capax</strong></span> 
     </span>
    </p>
   </div>
   <div class='ocr_carea' id='block_1_111' title="bbox 2196 5083 3757 5167">
    <p class='ocr_par' dir='ltr' id='par_1_111' title="bbox 2196 5083 3757 5167">
     <span class='ocr_line' id='line_1_111' title="bbox 2196 5083 3757 5167; baseline -0.017 -10"><span class='ocrx_word' id='word_1_758' title='bbox 2196 5099 2366 5158; x_wconf 91' lang='lat' dir='ltr'><strong>divini</strong></span> <span class='ocrx_word' id='word_1_759' title='bbox 2395 5108 2549 5153; x_wconf 88' lang='lat' dir='ltr'><strong>mens</strong></span> <span class='ocrx_word' id='word_1_760' title='bbox 2583 5112 2705 5153; x_wconf 87' lang='lat' dir='ltr'><strong>esse</strong></span> <span class='ocrx_word' id='word_1_761' title='bbox 2755 5104 2957 5167; x_wconf 88' lang='lat' dir='ltr'><strong>potest,</strong></span> <span class='ocrx_word' id='word_1_762' title='bbox 2993 5111 3113 5164; x_wconf 82' lang='lat' dir='ltr'><strong>quae</strong></span> <span class='ocrx_word' id='word_1_763' title='bbox 3154 5109 3259 5149; x_wconf 88' lang='lat' dir='ltr'><strong>non</strong></span> <span class='ocrx_word' id='word_1_764' title='bbox 3303 5104 3517 5160; x_wconf 90' lang='lat' dir='ltr'><strong>semper</strong></span> <span class='ocrx_word' id='word_1_765' title='bbox 3544 5083 3757 5140; x_wconf 87' lang='lat' dir='ltr'><strong>caelestis</strong></span> 
     </span>
    </p>
   </div>
   <div class='ocr_carea' id='block_1_112' title="bbox 2197 5181 3757 5270">
    <p class='ocr_par' dir='ltr' id='par_1_112' title="bbox 2197 5181 3757 5270">
     <span class='ocr_line' id='line_1_112' title="bbox 2197 5181 3757 5270; baseline -0.016 -22"><span class='ocrx_word' id='word_1_766' title='bbox 2197 5190 2519 5248; x_wconf 87' lang='lat' dir='ltr'><strong>incrementi</strong></span> <span class='ocrx_word' id='word_1_767' title='bbox 2552 5198 2809 5259; x_wconf 89' lang='lat' dir='ltr'><strong>appetens</strong></span> <span class='ocrx_word' id='word_1_768' title='bbox 2830 5196 2930 5243; x_wconf 91' lang='lat' dir='ltr'><strong>est.</strong></span> <span class='ocrx_word' id='word_1_769' title='bbox 2959 5184 3152 5256; x_wconf 77' lang='lat' dir='ltr'><strong>(Vsus.</strong></span> <span class='ocrx_word' id='word_1_770' title='bbox 3185 5183 3299 5255; x_wconf 82' lang='grc'>10.)</span> <span class='ocrx_word' id='word_1_771' title='bbox 3329 5181 3510 5235; x_wconf 87' lang='lat' dir='ltr'><strong>Iratus</strong></span> <span class='ocrx_word' id='word_1_772' title='bbox 3543 5191 3630 5270; x_wconf 79' lang='lat' dir='ltr'><strong>rea:</strong></span> <span class='ocrx_word' id='word_1_773' title='bbox 3657 5184 3757 5270; x_wconf 71' lang='lat' dir='ltr'><strong>ser-</strong></span> 
     </span>
    </p>
   </div>
   <div class='ocr_carea' id='block_1_113' title="bbox 2196 5265 3757 5360">
    <p class='ocr_par' dir='ltr' id='par_1_113' title="bbox 2196 5265 3757 5360">
     <span class='ocr_line' id='line_1_113' title="bbox 2196 5265 3757 5360; baseline -0.014 -21"><span class='ocrx_word' id='word_1_774' title='bbox 2196 5285 2273 5340; x_wconf 80' lang='lat' dir='ltr'><strong>vis</strong></span> <span class='ocrx_word' id='word_1_775' title='bbox 2302 5284 2431 5351; x_wconf 87' lang='lat' dir='ltr'><strong>suis,</strong></span> <span class='ocrx_word' id='word_1_776' title='bbox 2461 5298 2543 5336; x_wconf 89' lang='lat' dir='ltr'><strong>me</strong></span> <span class='ocrx_word' id='word_1_777' title='bbox 2571 5290 2618 5335; x_wconf 86' lang='lat' dir='ltr'><strong>et</strong></span> <span class='ocrx_word' id='word_1_778' title='bbox 2652 5281 2959 5351; x_wconf 86' lang='lat' dir='ltr'><strong>magistrum</strong></span> <span class='ocrx_word' id='word_1_779' title='bbox 3008 5277 3271 5351; x_wconf 9' lang='lat' dir='ltr'><strong>pistorum,</strong></span> <span class='ocrx_word' id='word_1_780' title='bbox 3311 5270 3510 5329; x_wconf 86' lang='lat' dir='ltr'><strong>retrudi</strong></span> <span class='ocrx_word' id='word_1_781' title='bbox 3534 5265 3686 5339; x_wconf 85' lang='lat' dir='ltr'><strong>jussit</strong></span> <span class='ocrx_word' id='word_1_782' title='bbox 3710 5265 3757 5360; x_wconf 58' lang='lat' dir='ltr'><strong>iit</strong></span> 
     </span>
    </p>
   </div>
   <div class='ocr_carea' id='block_1_114' title="bbox 2198 5360 3754 5455">
    <p class='ocr_par' dir='ltr' id='par_1_114' title="bbox 2198 5360 3754 5455">
     <span class='ocr_line' id='line_1_114' title="bbox 2198 5360 3754 5455; baseline -0.015 -20"><span class='ocrx_word' id='word_1_783' title='bbox 2198 5395 2459 5435; x_wconf 85' lang='lat' dir='ltr'><strong>carcerem</strong></span> <span class='ocrx_word' id='word_1_784' title='bbox 2485 5377 2737 5447; x_wconf 84' lang='lat' dir='ltr'><strong>principis</strong></span> <span class='ocrx_word' id='word_1_785' title='bbox 2762 5375 3006 5429; x_wconf 84' lang='lat' dir='ltr'><strong>militum.</strong></span> <span class='ocrx_word' id='word_1_786' title='bbox 3042 5372 3174 5440; x_wconf 80' lang='lat' dir='ltr'><strong>Rex,</strong></span> <span class='ocrx_word' id='word_1_787' title='bbox 3203 5372 3255 5425; x_wconf 92' lang='lat' dir='ltr'><strong>id</strong></span> <span class='ocrx_word' id='word_1_788' title='bbox 3283 5376 3368 5423; x_wconf 87' lang='lat' dir='ltr'><strong>est</strong></span> <span class='ocrx_word' id='word_1_789' title='bbox 3396 5360 3651 5455; x_wconf 87' lang='lat' dir='ltr'><strong>diabolus,</strong></span> <span class='ocrx_word' id='word_1_790' title='bbox 3678 5365 3754 5455; x_wconf 45' lang='grc' dir='ltr'><strong>(ξω</strong></span> 
     </span>
    </p>
   </div>
   <div class='ocr_carea' id='block_1_115' title="bbox 2198 5454 3754 5541">
    <p class='ocr_par' dir='ltr' id='par_1_115' title="bbox 2198 5454 3754 5541">
     <span class='ocr_line' id='line_1_115' title="bbox 2198 5454 3754 5541; baseline -0.015 -16"><span class='ocrx_word' id='word_1_791' title='bbox 2198 5470 2326 5526; x_wconf 89' lang='lat' dir='ltr'><strong>ﬁliis</strong></span> <span class='ocrx_word' id='word_1_792' title='bbox 2370 5469 2637 5541; x_wconf 85' lang='lat' dir='ltr'><strong>superbiae</strong></span> <span class='ocrx_word' id='word_1_793' title='bbox 2665 5468 2977 5522; x_wconf 90' lang='lat' dir='ltr'><strong>dominatur</strong></span> <span class='ocrx_word' id='word_1_794' title='bbox 3007 5465 3126 5537; x_wconf 81' lang='lat' dir='ltr'><strong>(Job</strong></span> <span class='ocrx_word' id='word_1_795' title='bbox 3155 5479 3265 5527; x_wconf 79' lang='lat' dir='ltr'><strong>xu,</strong></span> <span class='ocrx_word' id='word_1_796' title='bbox 3302 5459 3420 5530; x_wconf 81' lang='lat'><strong>25),</strong></span> <span class='ocrx_word' id='word_1_797' title='bbox 3463 5454 3617 5510; x_wconf 83' lang='lat' dir='ltr'><strong>servis</strong></span> <span class='ocrx_word' id='word_1_798' title='bbox 3640 5458 3754 5509; x_wconf 65' lang='lat' dir='ltr'><strong>sun,</strong></span> 
     </span>
    </p>
   </div>
   <div class='ocr_carea' id='block_1_116' title="bbox 2197 5542 3756 5631">
    <p class='ocr_par' dir='ltr' id='par_1_116' title="bbox 2197 5542 3756 5631">
     <span class='ocr_line' id='line_1_116' title="bbox 2197 5542 3756 5631; baseline -0.019 -13"><span class='ocrx_word' id='word_1_799' title='bbox 2197 5578 2308 5619; x_wconf 89' lang='lat' dir='ltr'><strong>non</strong></span> <span class='ocrx_word' id='word_1_800' title='bbox 2345 5562 2437 5631; x_wconf 89' lang='lat' dir='ltr'><strong>qui</strong></span> <span class='ocrx_word' id='word_1_801' title='bbox 2492 5568 2639 5625; x_wconf 90' lang='lat' dir='ltr'><strong>sunt,</strong></span> <span class='ocrx_word' id='word_1_802' title='bbox 2672 5560 2766 5614; x_wconf 91' lang='lat' dir='ltr'><strong>sed</strong></span> <span class='ocrx_word' id='word_1_803' title='bbox 2815 5557 2909 5627; x_wconf 90' lang='lat' dir='ltr'><strong>qui</strong></span> <span class='ocrx_word' id='word_1_804' title='bbox 2960 5556 3199 5620; x_wconf 88' lang='lat' dir='ltr'><strong>fuerunt,</strong></span> <span class='ocrx_word' id='word_1_805' title='bbox 3231 5562 3285 5608; x_wconf 90' lang='lat' dir='ltr'><strong>et</strong></span> <span class='ocrx_word' id='word_1_806' title='bbox 3315 5552 3429 5621; x_wconf 87' lang='lat' dir='ltr'><strong>jam</strong></span> <span class='ocrx_word' id='word_1_807' title='bbox 3484 5562 3515 5601; x_wconf 87' lang='lat' dir='ltr'><strong>a</strong></span> <span class='ocrx_word' id='word_1_808' title='bbox 3545 5542 3756 5600; x_wconf 87' lang='lat' dir='ltr'><strong>veritate</strong></span> 
     </span>
    </p>
   </div>
   <div class='ocr_carea' id='block_1_117' title="bbox 2198 5635 3754 5718">
    <p class='ocr_par' dir='ltr' id='par_1_117' title="bbox 2198 5635 3754 5718">
     <span class='ocr_line' id='line_1_117' title="bbox 2198 5635 3754 5718; baseline -0.013 -9"><span class='ocrx_word' id='word_1_809' title='bbox 2198 5653 2413 5709; x_wconf 87' lang='lat' dir='ltr'><strong>liberati</strong></span> <span class='ocrx_word' id='word_1_810' title='bbox 2444 5658 2587 5718; x_wconf 92' lang='lat' dir='ltr'><strong>sunt,</strong></span> <span class='ocrx_word' id='word_1_811' title='bbox 2629 5650 2911 5713; x_wconf 88' lang='lat' dir='ltr'><strong>irascitur;</strong></span> <span class='ocrx_word' id='word_1_812' title='bbox 2945 5649 2997 5703; x_wconf 91' lang='lat' dir='ltr'><strong>in</strong></span> <span class='ocrx_word' id='word_1_813' title='bbox 3030 5648 3130 5703; x_wconf 88' lang='lat' dir='ltr'><strong>hos</strong></span> <span class='ocrx_word' id='word_1_814' title='bbox 3163 5647 3304 5703; x_wconf 89' lang='lat' dir='ltr'><strong>enim</strong></span> <span class='ocrx_word' id='word_1_815' title='bbox 3343 5640 3578 5698; x_wconf 89' lang='lat' dir='ltr'><strong>atrocius</strong></span> <span class='ocrx_word' id='word_1_816' title='bbox 3618 5635 3754 5689; x_wconf 87' lang='lat' dir='ltr'><strong>inve-</strong></span> 
     </span>
    </p>
   </div>
   <div class='ocr_carea' id='block_1_118' title="bbox 2198 5722 3755 5811">
    <p class='ocr_par' dir='ltr' id='par_1_118' title="bbox 2198 5722 3755 5811">
     <span class='ocr_line' id='line_1_118' title="bbox 2198 5722 3755 5811; baseline -0.017 -11"><span class='ocrx_word' id='word_1_817' title='bbox 2198 5744 2368 5808; x_wconf 85' lang='lat' dir='ltr'><strong>hitur,</strong></span> <span class='ocrx_word' id='word_1_818' title='bbox 2401 5742 2515 5811; x_wconf 88' lang='lat' dir='ltr'><strong>ipse</strong></span> <span class='ocrx_word' id='word_1_819' title='bbox 2543 5739 2893 5803; x_wconf 90' lang='lat' dir='ltr'><strong>voluntatem,</strong></span> <span class='ocrx_word' id='word_1_820' title='bbox 2926 5738 3156 5792; x_wconf 88' lang='lat' dir='ltr'><strong>liberum</strong></span> <span class='ocrx_word' id='word_1_821' title='bbox 3208 5734 3416 5789; x_wconf 89' lang='lat' dir='ltr'><strong>scilicet</strong></span> <span class='ocrx_word' id='word_1_822' title='bbox 3464 5722 3755 5785; x_wconf 88' lang='lat' dir='ltr'><strong>arbitrium,</strong></span> 
     </span>
    </p>
   </div>
   <div class='ocr_carea' id='block_1_119' title="bbox 2198 5815 3756 5902">
    <p class='ocr_par' dir='ltr' id='par_1_119' title="bbox 2198 5815 3756 5902">
     <span class='ocr_line' id='line_1_119' title="bbox 2198 5815 3756 5902; baseline -0.013 -11"><span class='ocrx_word' id='word_1_823' title='bbox 2198 5843 2257 5893; x_wconf 89' lang='lat' dir='ltr'><strong>et</strong></span> <span class='ocrx_word' id='word_1_824' title='bbox 2286 5831 2607 5890; x_wconf 88' lang='lat' dir='ltr'><strong>discutiendi</strong></span> <span class='ocrx_word' id='word_1_825' title='bbox 2646 5845 2709 5887; x_wconf 90' lang='lat' dir='ltr'><strong>ac</strong></span> <span class='ocrx_word' id='word_1_826' title='bbox 2739 5829 2785 5887; x_wconf 89' lang='lat' dir='ltr'><strong>si</strong></span> <span class='ocrx_word' id='word_1_827' title='bbox 2822 5828 3071 5902; x_wconf 88' lang='lat' dir='ltr'><strong>pinsendi</strong></span> <span class='ocrx_word' id='word_1_828' title='bbox 3121 5824 3415 5897; x_wconf 86' lang='lat' dir='ltr'><strong>principem</strong></span> <span class='ocrx_word' id='word_1_829' title='bbox 3445 5815 3756 5890; x_wconf 71' lang='lat' dir='ltr'><strong>intellecmn}</strong></span> 
     </span>
    </p>
   </div>
  </div>
