3982 6360
178 347 302 406 277

1338 366 1705 427 MORALIUM
1742 368 1810 426 IN
1845 371 2143 431 GENESIN
2174 377 2304 436 LIB.
2336 382 2420 441 1X.-

3258 386 3263 393 ’
3355 401 3462 463 278

182 471 438 527 retrudit
474 470 529 527 in
572 490 830 532 carcerem
879 480 1126 551 principis
1174 484 1421 554 militum,
1481 490 1603 558 quia
1634 489 1781 560 cogit
1806 498 1858 559 Α
1884 506 1985 560 per
2011 506 2171 561 quam
2200 504 2308 551 stat
2346 497 2577 568 Pharao,
2608 503 2792 561 mundi
2819 507 2977 579 hujus
2999 521 3082 568 est
3106 516 3460 577 abrenuntia—

182 576 299 631 per
362 565 782 637 impugnationis
840 570 1100 628 ambitum
1132 617 1146 643 ,
1216 585 1272 631 et
1340 590 1556 636 coercet
1612 581 1778 637 veluti

182 651 342 708 intra
390 659 722 728 ergastulum
780 662 1021 732 ejusdem
1078 665 1325 737 Satanae,
1385 672 1476 741 qui
1528 672 1781 744 princeps

180 759 389 801 eorum
440 758 545 813 est,
590 766 712 820 quae
754 754 991 810 militant
1029 756 1289 817 adversus
1317 763 1578 831 animam,
1620 765 1780 821 vitio-

178 851 318 892 rum
346 836 397 908 (I
425 836 571 895 Petr.
606 856 667 907 ll,
696 842 807 914 11).
843 845 1091 918 Reliqua,
1132 859 1192 906 ut
1235 853 1483 921 superius
1535 855 1782 925 exposita

178 937 343 996 sunt,
373 930 634 1001 intellige.

263 1024 423 1091 Quod
469 1044 597 1084 vero
644 1029 818 1087 dicit:
869 1030 1058 1103 (Vsus.
1100 1036 1369 1108 l2)’Erat
1410 1040 1481 1095 ibi
1515 1058 1644 1111 puer
1666 1042 1779 1097 lle-

177 1116 388 1187 brarus,
441 1121 675 1188 ejusdem
724 1123 872 1180 ducis
919 1126 1172 1197 famulus,
1230 1131 1419 1188 ducem
1473 1149 1606 1191 sane
1648 1135 1779 1193 olim

176 1209 371 1279 ipsum
429 1214 702 1269 diabolum
748 1227 1002 1289 secutus,
1055 1223 1147 1277 sed
1207 1225 1274 1279 ad
1330 1227 1576 1296 pueritiae
1627 1230 1778 1284 novi-

172 1306 360 1356 tatem
437 1302 911 1376 innocentiamque
997 1325 1293 1380 reversus,
1373 1313 1549 1372 factus
1631 1318 1775 1377 enim

164 1401 306 1446 erat
368 1396 667 1465 transitor,
711 1402 851 1469 quod
878 1412 963 1457 est
1006 1403 1264 1461 Hebraeus
1309 1407 1363 1461 in
1403 1424 1661 1479 carcere,
1709 1411 1777 1468 de

174 1497 295 1553 quo
344 1486 618 1557 legiturin
655 1489 996 1564 Apocalypsi,
1056 1497 1383 1554 constitutus
1427 1499 1631 1568 :Ecce,
1687 1501 1777 1557 in—

174 1576 326 1642 quit,
380 1579 634 1635 missurus
685 1592 759 1637 est
810 1600 873 1638 ea:
928 1585 1069 1640 vobis
1123 1587 1363 1644 diabolus
1408 1591 1465 1644 in
1512 1608 1773 1649 carcerem

171 1667 366 1737 (Apoc.
402 1685 460 1736 ιι,
492 1672 600 1743 10),
649 1683 753 1730 ειε.
801 1675 988 1746 (Vsus.
1022 1679 1135 1745 14.)
1180 1679 1471 1752 Protinus,
1525 1686 1593 1739 ad
1636 1687 1771 1756 regis

170 1765 479 1829 mtperium,
512 1762 754 1822 eductum
783 1770 848 1823 de
876 1788 1082 1828 carcere
1102 1772 1295 1844 Joseplt
1315 1778 1648 1835 totonderunt
1668 1795 1687 1843 ,'
1709 1795 1771 1833 ac

1883 582 1978 647 tio,
2013 583 2065 637 in
2098 600 2225 654 qua,
2256 588 2383 643 dum
2413 606 2443 644 a
2476 594 2655 649 saeculi
2700 596 2953 657 ﬂuctibus
2987 605 3085 660 tuti
3117 621 3323 681 sumus,
3358 616 3458 671 sub

1880 673 2002 730 aliis
2047 679 2353 747 speciebus,
2393 684 2754 753 spiritualium
2790 694 3000 752 scilicet
3032 673 3462 770 vitiorum,'dia-

1878 951 2149 1019 superius,
2182 970 2336 1023 super
2381 959 2598 1027 ﬂuvium
2648 971 2794 1020 stare
2847 983 2905 1023 se
2954 951 3126 1043 putat,
3176 951 3301 1047 quia
3335 951 3457 1038 non

1877 1038 2051 1095 solum
2080 1040 2299 1099 ﬂuvium
2331 1048 2708 1109 sa‘cularitatis
2738 1054 2841 1111 sibi
2865 1038 3134 1132 subjugat’,
3164 1038 3259 1122 sed
3291 1071 3455 1126 etiam

1878 1127 2126 1223 liduciam
2156 1132 2320 1223 habet
2346 1138 2487 1208 quod
2510 1138 2781 1209 Jordanis,
2806 1146 2860 1201 hi
2888 1127 3098 1207 scilicet
3121 1127 3212 1223 qui
3244 1173 3273 1211 a
3310 1158 3461 1216 fasti-

1877 1217 1978 1273 bus
2003 1222 2187 1276 saaculi
2222 1224 2571 1295 descendere,
2599 1231 2653 1286 in
2675 1247 2736 1287 os
2762 1234 2879 1305 ejus
2900 1217 3184 1307 potestatis
3208 1245 3455 1305 inﬂuant.

1876 1306 2081 1379 Septem
2098 1312 2265 1381 boves,
2281 1326 2486 1385 septem
2502 1322 2632 1376 mihi
2648 1306 2907 1380 videntur,
2924 1328 3124 1400 signari
3148 1334 3460 1403 spirituales

1875 1400 2124 1468 virtutes,
2172 1405 2333 1477 148
2374 1424 2511 1478 quas
2547 1414 2812 1484 propheta
2842 1430 3138 1487 memorat,
3174 1400 3336 1495 super
3360 1426 3459 1482 ﬂo-

1877 1506 1991 1549 rem
2024 1494 2370 1562 quiescentes
2395 1498 2549 1569 (Isai.
2576 1518 2655 1568 χι,
2683 1504 2734 1568 1,
2763 1505 2842 1578 2),
2868 1522 2967 1578 per
2993 1525 3129 1580 quas
3154 1494 3333 1573 innuit
3363 1516 3460 1573 bo-

1874 1600 2069 1641 norum
2120 1591 2359 1646 omnium
2411 1594 2791 1665 pleuitudines,
2850 1602 2939 1658 hic
2990 1605 3135 1661 enim
3190 1624 3453 1668 numerus

1874 1677 2058 1749 signat
2085 1680 2489 1742 universitates.
2538 1688 2724 1746 Potest
2774 1700 2830 1746 et
2875 1702 3108 1764 quatuor
3136 1699 3461 1772 principales

1871 1773 2121 1840 virtutes,
2155 1791 2277 1831 cum
2325 1778 2497 1836 tribus
2551 1783 2889 1840 naturalibus
2918 1788 3138 1854 nostris,
3181 1790 3459 1851 intellectu

171 1864 314 1907 veste
366 1867 569 1911 mutata
635 1860 932 1919 obtulerunt
981 1866 1048 1919 ei.
1084 1866 1179 1939 Ad
1224 1869 1359 1937 regis
1405 1870 1679 1938 imperium
1702 1872 1756 1927 de

1872 1862 2147 1933 videlicet,
2178 1869 2388 1925 ratione
2430 1879 2485 1926 et
2515 1871 2902 1943 imaginatione
2946 1878 3159 1947 mistas,
3211 1881 3457 1951 signare;

172 1961 387 2002 carcere
407 1947 605 2019 Joseph
635 1952 906 2020 educitur,
941 1970 1046 2009 non
1079 1960 1223 2027 quod
1251 1960 1444 2017 diaboli
1475 1961 1763 2031 imperium

172 2037 245 2089 ad
291 2040 463 2095 nostri
496 2041 567 2109 pii
608 2042 865 2099 desiderii
900 2046 1298 2117 liberationem,
1340 2052 1443 2107 nisi
1471 2052 1637 2109 solius
1668 2054 1765 2109 Dei

174 2128 376 2194 valeat,
434 2133 526 2186 sed
586 2135 742 2202 quia,
788 2137 947 2206 juxta
998 2142 1359 2209 quorumdam
1416 2145 1763 2213 pravitatem,

175 2236 375 2277 sensus
396 2222 581 2279 laxare
611 2227 875 2293 creditur,
905 2247 935 2285 a
978 2246 1207 2299 quormn
1241 2234 1763 2305 impugnationibus,

171 2310 288 2367 Deo
312 2313 559 2381 jubente,
594 2329 791 2373 cessat.
846 2321 997 2377 Unde
1023 2333 1078 2378 et
1106 2324 1246 2395 apud
1275 2326 1551 2381 Danielem
1587 2325 1765 2382 Nabu-

169 2402 516 2460 chodonosor
542 2418 844 2477 percutere,
870 2413 1158 2469 humiliare
1182 2425 1235 2471 et
1264 2418 1515 2474 occidere
1563 2419 1765 2475 dicitur

166 2508 310 2563 quos
340 2497 553 2553 volebat
576 2498 739 2570 (Dan.
769 2518 824 2569 v,
851 2504 962 2574 19),
994 2522 1090 2562 cor
1114 2508 1266 2578 cujus
1307 2518 1488 2565 tamen
1520 2527 1628 2567 non
1655 2512 1762 2568 nisi

168 2585 228 2641 in
278 2603 442 2643 manu
484 2591 579 2646 Dei
624 2602 757 2649 erat.
792 2595 1087 2665 Tondetur,
1127 2601 1253 2657 dum
1309 2618 1395 2671 ea,
1444 2618 1565 2672 qua:
1619 2605 1762 2659 inter

165 2682 501 2739 tentationes
522 2698 867 2744 succreverat
891 2692 1280 2762 superﬂuitate,
1310 2706 1572 2767 prompta:
1607 2695 1757 2752 ferro

169 2772 522 2831 discretionis
567 2786 622 2833 et
655 2780 885 2849 geminae
935 2782 1138 2854 forcipe
1174 2787 1462 2843 charitatis
1489 2790 1756 2858 privatur.

171 2866 357 2923 Vestis
385 2877 646 2937 mutatur,
693 2874 823 2929 dum
852 2878 1047 2932 mentis
1084 2878 1299 2935 habitus
1333 2882 1641 2939 innovatur.
1674 2882 1758 2937 Ab

165 2960 257 3014 his
298 2979 327 3016 a
374 2963 570 3030 quibus
611 2974 859 3025 attonsus
905 2978 1019 3037 est,
1052 2970 1322 3029 Pharaoni
1358 2972 1604 3041 oﬂertur,
1633 2989 1757 3029 cum

164 3068 268 3122 per
305 3056 664 3123 spiritualium
691 3061 929 3116 subsidia
962 3072 1205 3119 motuum
1230 3066 1298 3121 ad
1320 3067 1425 3121 hoc
1455 3075 1513 3120 ut
1541 3066 1756 3122 diabolo

165 3147 419 3216 obsistat,
453 3162 823 3217 promovetur.
877 3152 1087 3210 Oﬂ'erre
1123 3158 1268 3211 enim
1300 3172 1367 3212 ex
1414 3157 1476 3212 ob
1525 3166 1579 3212 et
1619 3158 1752 3226 fero,

1868 1972 1987 2026 qua:
2015 1967 2216 2016 terram
2245 1966 2616 2022 sensualitatis
2642 1976 2866 2035 nostrae,
2892 1984 2957 2025 ac
3004 1973 3049 2028 si
3092 1972 3276 2043 boves,
3315 1974 3460 2032 subi-

1868 2048 2045 2117 gendo
2082 2050 2403 2107 discutiunt.
2438 2053 2687 2111 Pulchrae
2710 2066 2889 2113 autem
2914 2070 3042 2116 sunt
3071 2064 3245 2132 nimis,
3269 2075 3316 2119 et
3339 2067 3460 2120 obe-

1867 2137 1940 2195 sis
1975 2139 2242 2207 carnibus,
2270 2142 2401 2211 quia
2438 2143 2539 2211 eis,
2588 2159 2710 2199 cum
2762 2147 3132 2218 possidentur,
3180 2152 3257 2205 nil
3309 2156 3458 2209 omni

1866 2240 2023 2299 parte
2064 2232 2298 2302 beatius,
2341 2244 2537 2305 praeter
2566 2236 2735 2292 Deum
2764 2239 2903 2294 nihil
2932 2250 3012 2296 est
3040 2242 3247 2310 purius.
3276 2244 3452 2300 Femi-

1866 2341 1972 2382 nco
2001 2337 2182 2387 autem
2219 2331 2475 2389 dicuntur
2516 2348 2737 2404 genere,
2786 2336 3126 2406 quiatotius
3177 2340 3455 2410 religionis

1867 2424 1994 2471 sunt
2022 2430 2228 2475 matres
2251 2436 2316 2475 ac
2346 2424 2604 2478 materiae.
2645 2426 2958 2483 Ascendunt
2986 2430 3052 2485 de
3078 2429 3334 2498 ﬂumine,
3362 2434 3455 2503 qui

1864 2521 1986 2565 sese
2037 2510 2349 2581 proripiunt
2408 2528 2441 2566 a
2497 2515 2679 2573 saeculi
2718 2516 3119 2575 conformitate.
3179 2520 3239 2575 lu
3291 2532 3452 2592 pastu

1862 2601 2075 2671 paludis
2099 2603 2300 2659 virecta
2329 2616 2560 2676 carpunt
2589 2609 2715 2665 dum
2751 2610 2807 2666 in
2854 2614 3109 2682 praesenti
3147 2615 3282 2684 vita,
3334 2632 3455 2686 quae

1859 2692 2036 2762 palus,
2069 2702 2125 2749 et
2171 2695 2422 2752 illecebra
2454 2708 2556 2766 est,
2605 2700 2721 2772 spei
2758 2701 3183 2762 immortalitatis
3219 2708 3448 2762 amreni-

1865 2794 1973 2839 tate
1998 2786 2229 2853 carptim
2260 2798 2457 2859 tamen,
2477 2806 2574 2861 per
2597 2792 2875 2862 speculum
2905 2795 3113 2853 scilicet
3137 2807 3195 2853 et
3221 2800 3452 2873 aerugma

1861 2888 1982 2930 sese
2011 2875 2282 2932 reﬁciunt.

1933 2967 2096 3023 Vens.
2131 2969 2218 3036 19,
2267 2969 2357 3039 20,
2387 2970 2476 3026 21.
2507 3003 2576 3021 —
2607 2972 2676 3027 Et
2724 2991 2839 3032 ecce
2876 2980 3286 3050 assequebantur
3329 2983 3452 3039 alia:

1859 3068 2055 3126 septem
2103 3060 2270 3128 boves,
2310 3062 2363 3116 in
2391 3071 2589 3119 tantum
2625 3064 2906 3137 deformes,
2936 3080 2985 3124 et
3032 3072 3348 3139 macilentaz,
3396 3084 3453 3130 ut

1861 3165 2129 3221 nunquam
2155 3152 2283 3206 tales
2309 3154 2362 3207 in
2389 3164 2531 3211 terra
2553 3155 2772 3228 zEgypti
2804 3161 3021 3215 vicerint
3036 3180 3057 3229 ;
3084 3181 3202 3232 qua:
3231 3166 3452 3221 devora-

169 3236 298 3303 fms,
340 3239 718 3307 compositum,
750 3244 968 3312 proprie
993 3245 1189 3300 dicitur
1213 3258 1392 3301 εοηενα
1423 3247 1581 3316 ferre,
1606 3246 1757 3303 Unde
1785 3264 1827 3321 α
1860 3240 1929 3295 tis
1953 3250 2001 3295 et
2034 3246 2352 3314 consumptis
2382 3247 2668 3316 prioribus,
2697 3251 2900 3306 nullum
2930 3256 3231 3310 saturitatis
3264 3256 3452 3317 dedere

170 3334 228 3379 et
276 3329 417 3394 apud
472 3331 740 3385 comicum
790 3333 986 3387 vitium
1030 3334 1261 3390 feliciter
1312 3337 1509 3392 dicitur
1564 3337 1759 3407 virgini

169 3416 436 3483 oblatum,
464 3420 780 3477 violentiam
816 3423 979 3493 plane
1010 3425 1321 3495 significans
1358 3427 1503 3499 (Ter.
1542 3428 1645 3483 Ad.
1672 3445 1756 3498 Ill,

172 3511 226 3574 1,
261 3511 338 3572 9).

242 3601 405 3659 Vsus.
445 3602 534 3659 15.
569 3634 641 3646 -—
684 3604 819 3675 Vidi,
873 3608 1073 3677 inquit,
1126 3610 1348 3679 somnia,
1402 3627 1492 3665 nec
1539 3620 1618 3666 est
1668 3613 1757 3682 qui

166 3694 443 3749 etlisserat.
465 3696 546 3751 Ex
574 3697 840 3754 industria
866 3700 1058 3767 hostis,
1084 3708 1137 3754 et
1163 3700 1318 3769 quasi
1350 3701 1417 3755 ad
1440 3701 1751 3770 imperium,

168 3795 226 3840 ut
244 3789 628 3857 praemisimus,
650 3792 917 3859 suum,,ab
930 3792 1281 3860 oppressione
1301 3801 1485 3847 nostra
1499 3793 1749 3861 quiescit,

168 3884 227 3930 ut
266 3878 465 3947 quietis
506 3897 573 3936 ac
609 3884 836 3948 securis,
878 3884 1030 3953 quasi
1069 3898 1165 3953 per
1210 3885 1567 3953 quaestionum
1596 3900 1750 3941 revo-

168 3966 397 4024 lutiones
452 3971 690 4039 inferat,
750 3975 894 4043 quod
940 3976 1305 4045 impugnando
1359 3990 1464 4030 non
1516 3984 1746 4045 poterat.

170 4060 264 4114 Est
291 4076 418 4131 ergo
442 4079 636 4121 sensus
670 4084 684 4120 :
728 4065 868 4132 Vidi,
901 4068 1097 4137 inquit,
1140 4068 1194 4122 id
1228 4075 1331 4136 est,
1376 4067 1611 4123 intellexi
1660 4069 1746 4125 in-

170 4149 543 4208 certitudiuem
571 4154 999 4212 iuvisibilitatum
1045 4172 1164 4226 quae
1195 4158 1424 4227 appetis,
1455 4158 1581 4228 quia
1623 4160 1745 4229 qui-

170 4238 386 4295 busdam
410 4244 564 4311 quasi
588 4245 815 4301 somniis
838 4246 1094 4312 illuderit,
1140 4264 1231 4301 nec
1260 4257 1333 4302 est
1357 4249 1446 4319 qui
1490 4249 1744 4305 edisserat

170 4344 232 4384 ea
273 4348 390 4400 quae
437 4335 647 4403 cogitas
673 4338 827 4406 vigor
857 4338 1087 4410 alicujus
1115 4338 1375 4406 rationis;
1407 4356 1524 4411 qua:
1567 4342 1745 4397 audivi
1769 4409 1786 4422 .

134 4431 219 4477 ile
245 4425 639 4491 prudentissime
668 4428 947 4500 conjicere,
1000 4430 1055 4485 id
1100 4438 1183 4485 est
1233 4447 1351 4501 qua:
1397 4434 1637 4503 comperi
1692 4443 1745 4490 te

172 4530 274 4573 non
316 4518 540 4573 scientia
587 4521 875 4592 attingere,
928 4525 1024 4579 sed
1083 4525 1406 4595 coniecturis
1445 4527 1738 4583 aestimare.

1864 3331 2166 3400 vestigium;
2198 3335 2287 3387 sed
2340 3336 2501 3391 simili
2535 3340 2698 3391 macie
2748 3350 2796 3392 et
2853 3342 3098 3410 squalore
3152 3347 3447 3414 torpebant.

1863 3417 1969 3474 Per
1990 3429 2196 3489 septem
2227 3423 2363 3477 alias
2376 3424 2542 3480 boves
2558 3435 2652 3480 aut
2679 3431 3073 3498 temporalitas,
3100 3448 3221 3502 quae
3242 3445 3449 3505 septem

1863 3508 2052 3564 diebus
2083 3513 2346 3579 excurrit,
2385 3524 2480 3568 aut
2534 3523 2645 3579 tota
2682 3518 3015 3589 humanitas,
3056 3537 3176 3592 qua:
3209 3534 3445 3595 quatuor

1857 3614 1958 3672 per
1987 3615 2183 3671 corpus
2208 3602 2487 3660 clementis
2520 3617 2754 3675 constat,
2782 3619 2836 3664 et
2866 3611 2919 3665 in
2965 3611 3166 3683 anima,
3207 3614 3443 3687 ingenio,

1857 3690 2154 3759 voluntate,
2182 3702 2237 3748 et
2256 3691 2450 3750 aﬂectu
2471 3700 2810 3777 prmeininet,
2841 3700 3129 3771 ﬁguratur.
3166 3704 3294 3763 Hac
3322 3722 3443 3761 cum

1855 3784 2061 3854 absque
2100 3785 2193 3839 Dei
2233 3802 2419 3845 amore
2455 3789 2742 3857 habentur,
2785 3809 2816 3847 a
2846 3794 3146 3864 spiritualis
3171 3798 3300 3855 boni
3325 3800 3442 3871 pin-

1853 3877 2105 3946 guedine,
2132 3887 2187 3935 et
2218 3896 2248 3934 a
2279 3881 2374 3937 Dei
2405 3882 2642 3954 imagine
2671 3885 3067 3957 deformantur,
3084 3906 3203 3962 quae
3230 3894 3442 3963 priores

1851 3977 1906 4024 et
1931 3981 2233 4041 sequuntur
2257 3981 2310 4029 et
2334 3975 2619 4042 devorant,
2636 3978 2763 4048 quia
2784 3981 2969 4037 multis
2988 3992 3111 4055 post
3134 3986 3441 4043 sanctitatis

1851 4063 2205 4120 eminentiam
2235 4068 2462 4137 turpiter
2492 4070 2664 4139 ingeri
2709 4073 2933 4144 contigit
2972 4085 3028 4129 et
3082 4077 3438 4135 humanitatis

1850 4154 2136 4221 desidiam,
2167 4167 2222 4211 et
2254 4159 2668 4229 lemporalitatis
2697 4162 2992 4233 luxuriant,
3027 4165 3103 4235 ita
3135 4175 3192 4221 ut
3220 4182 3319 4238 per
3346 4184 3406 4224 re
3432 4196 3439 4215 ι

1845 4246 2001 4316 probi
2034 4262 2226 4303 sensus
2250 4250 2523 4305 miseriam
2553 4251 2954 4325 IEgyptiorum,
2994 4256 3048 4312 id
3077 4265 3163 4313 est
3205 4260 3435 4315 saecula-

1832 4339 2011 4409 ,rium,
2040 4342 2131 4411 qui
2190 4342 2267 4397 nil
2317 4360 2555 4415 unquam
2592 4361 2925 4418 proposuere
2962 4348 3112 4414 boni,
3163 4360 3436 4423 transgre-

1848 4429 2064 4486 diantur
2093 4434 2433 4504 spurcitiam,
2465 4445 2519 4490 et
2554 4450 2663 4491 non
2713 4438 2911 4508 prioris
2932 4438 3127 4507 .solum
3169 4441 3293 4497 vitae
3322 4457 3432 4519 non

1847 4519 2065 4576 doleant
2090 4539 2311 4589 casum,
2350 4536 2444 4580 aut
2493 4526 2559 4580 de
2614 4525 2731 4594 ejus
2782 4530 3067 4603 memoria,
3127 4533 3253 4609 quia
3302 4547 3424 4589 eam

172 4606 299 4662 Nota
341 4610 483 4678 quod
514 4614 722 4668 somnia
772 4615 992 4680 vidisse,
1051 4619 1379 4684 conjectura:
1426 4617 1624 4677 famam
1683 4636 1741 4679 se

1859 4614 2300 4681 :onsumpserint,
2359 4614 2725 4685 lacrymarum
2770 4618 2982 4681 tandem
3035 4606 3267 4692 aliquem
3315 4624 3431 4703 exi-

172 4700 355 4754 asserit
391 4702 622 4759 audisse.
650 4704 862 4761 Certior
890 4716 973 4762 est
994 4719 1175 4763 autem
1205 4708 1353 4765 visus
1394 4725 1558 4780 quam
1589 4712 1740 4768 audi-
1768 4700 1829 4771 v,
1848 4712 1978 4775 83m
2012 4718 2117 4771 (1υο
2140 4703 2453 4779 reﬁciantur
2476 4717 2781 4779 sumptum;
2815 4710 2911 4783 59d
2936 4712 3099 4769 Simili
3121 4730 3229 4787 quo
3257 4716 3428 4774 5611161

176 4799 270 4843 lus.
292 4790 473 4861 Certo,
518 4796 614 4865 ait,
656 4806 813 4854 teneo
846 4801 1181 4856 somniorum
1227 4802 1315 4857 illa
1360 4803 1559 4858 similia
1596 4820 1734 4874 esse,

174 4898 282 4951 quae
308 4892 359 4939 te
392 4889 535 4961 ac_si
581 4906 647 4945 ex
690 4907 905 4947 rumore
955 4894 1149 4949 haurio
1205 4898 1651 4967 prudentissime,
1684 4898 1739 4954 id

174 4982 251 5027 est
286 4978 657 5044 providentius
689 4997 854 5050 quam
903 4997 1130 5039 necesse
1162 4993 1243 5040 est
1274 4987 1410 5041 velle
1440 4990 1733 5059 conjicere.

175 5063 346 5132 (Vsus.
400 5068 511 5139 16.)
568 5070 857 5142 Respondit
906 5073 1104 5145 Joseplt
1134 5092 1151 5130 :
1181 5076 1384 5149 Absque
1442 5096 1523 5134 me
1592 5079 1732 5137 Deus

175 5156 484 5224 respondebit
528 5177 779 5232 prospera
833 5162 1126 5220 Pharaoni.
1176 5166 1327 5231 Quod
1378 5177 1463 5223 est
1512 5170 1731 5247 dicere:

174 5246 278 5302 Non
301 5252 437 5306 meis
453 5254 924 5329 mstimationibus,
958 5261 1053 5315 sed
1086 5258 1282 5315 divinis
1314 5261 1735 5331 aspirationibus

142 5376 143 5379 η
175 5339 279 5408 tibi,
308 5342 541 5413 diabole,
587 5355 644 5404 et
674 5349 781 5406 tuis
824 5351 1151 5409 illationibus
1190 5351 1362 5420 utilia,
1404 5361 1459 5409 et
1496 5369 1732 5427 congrua

177 5430 483 5492 relerentur.

238 5524 392 5585 Vsus.
416 5530 507 5601 17,
539 5534 632 5591 18.
654 5563 727 5575 -
760 5535 848 5590 Ait
891 5553 1013 5608 ergo
1057 5537 1271 5594 Pharao
1295 5557 1313 5594 :
1357 5539 1620 5597 Putabam
1653 5556 1733 5597 me

172 5628 296 5675 stare
314 5637 474 5693 super
502 5627 673 5697 ripam
713 5628 965 5696 ﬂuminis,
1011 5641 1058 5685 et
1086 5642 1277 5704 septem
1304 5633 1451 5691 boves
1488 5634 1552 5689 de
1584 5649 1735 5690 amne

174 5730 490 5788 consurgere,
517 5720 767 5789 pulchras
794 5724 969 5791 nimis,
1008 5736 1054 5779 et
1084 5727 1249 5782 obesis
1290 5729 1568 5795 carnibus;
1613 5746 1731 5799 qua:

144 5860 145 5863 η
170 5807 227 5861 in
240 5817 392 5877 pastu
409 5808 623 5880 paludis
656 5813 848 5869 virecta
868 5816 1170 5884 carpebant.
1198 5816 1334 5888 Ripa
1368 5817 1605 5875 ﬂuminis
1640 5836 1731 5876 su-

1845 4796 2040 4853 imbuti
2064 4806 2189 4853 sunt
2217 4800 2422 4870 peccati
2445 4800 2696 4871 squalore
2728 4804 3031 4869 tabescunt.

1916 4890 2080 4945 Vsus.
2105 4890 2195 4959 22,
2223 4891 2312 4960 25,
2338 4891 2425 4947 24.
2452 4922 2524 4933 --
2556 4893 2601 4948 Ε
2609 4894 2849 4965 vigilans,
2882 4914 3063 4952 rursus
3108 4916 3291 4969 sopore
3330 4900 3422 4955 de—

1840 5000 2067 5054 pressus,
2100 4985 2207 5039 vidi
2228 4988 2488 5042 somnium
2515 5003 2533 5041 :
2577 4986 2785 5059 Septem
2819 4990 2975 5069 spica;
3005 4990 3338 5061 pullulabant
3367 4993 3421 5045 in

1820 5077 2012 5147 culmo
2040 5094 2164 5147 uno,
2208 5077 2375 5149 plena:
2411 5089 2566 5149 atque
2603 5080 2989 5151 pulcherrimis.
3038 5081 3171 5134 Aliae
3219 5095 3422 5150 quoque

1838 5175 2031 5235 septem
2076 5177 2251 5222 tenues
2302 5176 2350 5221 et
2403 5184 2664 5238 percussa;
2724 5167 2973 5235 uredine,
3020 5166 3324 5220 oriebantur
3354 5184 3421 5237 ea:

1816 5260 2068 5329 _stipula;
2114 5277 2231 5332 qua:
2257 5262 2498 5333 priorum
2528 5250 2970 5331 pulchritudinem
3014 5258 3412 5315 devoraverunt.

1841 5351 1979 5409 Dum
2003 5355 2206 5421 nostris
2239 5355 2293 5410 in
2325 5354 2767 5429 cogitationibus,
2796 5350 3097 5421 sanctitatis
3112 5353 3253 5422 quod
3280 5369 3419 5413 arrt-

1816 5443 2057 5514 .puimus
2083 5449 2384 5517 proposito,
2415 5447 2567 5517 quasi
2616 5446 2802 5505 ruinas
2843 5445 3179 5502 comminans
3207 5447 3417 5519 typicus

1836 5526 2047 5589 Pharao
2076 5534 2192 5590 haec
2229 5534 2489 5605 loquitur.
2521 5535 2774 5605 Evigilat,
2823 5534 2948 5606 quia
2996 5545 3093 5606 per
3137 5535 3326 5591 talium
3360 5536 3415 5591 in

1837 5623 2022 5680 animo
2064 5625 2376 5681 meditantis
2429 5627 2870 5683 retractationem
2928 5626 3264 5684 fortunarum
3299 5642 3416 5683 ma-

1839 5731 1999 5787 gnam
2022 5710 2447 5790 inquietudinem
2492 5721 2712 5777 excitat.
2750 5721 2986 5778 Rursum
3028 5731 3206 5776 tamen
3237 5720 3415 5792 depri-
3482 5728 3483 5731 ‘

1839 5815 2027 5881 mitur,
2059 5815 2184 5893 quia
2223 5816 2384 5873 timor
2414 5818 2575 5888 hujus
2604 5818 2923 5889 ingestionis
2955 5816 3244 5887 aliquando
3269 5816 3413 5888 sopi-
