3978 6332
530 384 639 445 279

1279 366 1339 425 ν.
1377 362 1707 426 GUIBERTI
1744 354 2038 418 ABBATIS
2074 355 2135 413 S.
2172 354 2414 413 ΜΑΙΠᾹΞ
2450 354 2541 412 DE
2578 347 2966 412 NOVIGENTG

3695 343 3799 405 280

525 510 636 554 tur.
692 497 808 552 Vidi
876 499 982 548 tem
1038 486 1317 549 somnium,
1345 484 1425 535 'ut
1476 480 1620 551 quod
1669 471 2180 550 suggestionibusA
2208 471 2468 526 virtutum
2490 469 2677 539 ειερεὶ
2710 469 2891 538 (Prov.
2919 476 3067 529 xxxv,
3095 460 3610 534 16).Septenarium
3640 459 3796 519 faunis

519 589 632 657 iam
682 585 919 657 impegit,
966 574 1315 649 perniciosius
1365 587 1466 641 per
1500 585 1824 627 consensum
1868 567 2103 634 intimet,

523 683 855 739 somniorum
884 671 1131 726 videlicet
1150 666 1383 722 similem
1406 666 1676 721 bonorum
1702 663 1927 732 spiritus
1958 660 2101 715 invi-

522 773 780 829 sibilium.
818 763 963 819 Unde
1012 770 1067 817 et
1097 759 1258 815 hodie
1292 758 1437 813 inter
1462 757 1673 828 aliquos
1720 753 2107 826 grammaticos

520 864 588 917 ad
642 860 1022 913 ittiteratorum
1071 850 1235 908 exitia
1281 848 1463 920 gravis
1515 848 1582 904 de
1625 844 2105 918 prtedestinatione

519 953 748 1024 quaestio
774 958 877 1006 est.

588 1042 761 1108 Spica:
815 1050 1009 1112 septem
1058 1040 1318 1095 virtutum
1362 1033 1648 1108 plenitudo
1701 1038 1804 1097 est,
1858 1028 2003 1084 unde
2050 1033 2108 1083 et

514 1136 683 1207 plena:
712 1135 1059 1206 pulchraeque
1084 1132 1358 1196 dicuntur,
1389 1128 1483 1185 ubi
1511 1141 1634 1183 cum
1666 1123 1944 1195 palearum
1964 1120 2105 1174 inte-

515 1240 796 1300 gumenta,
822 1239 878 1285 et
905 1228 1198 1284 aristarum
1231 1223 1371 1280 adsit
1410 1220 1717 1292 hispiditas,
1759 1214 2107 1287 superﬂuita-

517 1332 601 1378 tes
630 1324 1018 1395 cogitationum
1066 1333 1351 1391 oppansas,
1404 1323 1461 1370 et
1490 1327 1722 1383 nequam
1763 1307 2105 1365 aﬁ‘ectionum

517 1414 914 1469 sollicitudines
946 1413 1001 1466 in
1029 1413 1268 1467 excitato
1298 1409 1410 1479 jam
1434 1407 1618 1460 animo
1648 1403 1826 1473 signat
1871 1406 2103 1456 erectas.

517 1504 588 1561 In
617 1507 790 1561 culmo
804 1514 981 1559 autem
1008 1520 1112 1557 uno
1136 1498 1563 1572 pullulant,quia
1592 1508 1836 1551 cumuna
1862 1492 1931 1548 sit
1953 1491 2104 1557 ﬁdes,

516 1612 689 1653 unum
729 1595 1022 1666 baptisma,
1058 1607 1309 1662 unusque
1363 1590 1506 1646 Deus
1554 1588 1773 1660 (Ephes.
1808 1601 1879 1650 tv,
1912 1584 1991 1656 5),
2042 1596 2109 1637 ex

518 1686 620 1741 hac
662 1687 777 1755 ipsa
820 1686 1029 1740 unitate
1064 1698 1287 1739 necesse
1323 1691 1408 1738 est
1457 1688 1701 1751 surgant.
1757 1677 1943 1732 Potest
1972 1683 2027 1729 et
2056 1673 2112 1727 in

518 1777 692 1832 culmo
719 1793 873 1835 mens
917 1779 1053 1849 ipsa,
1085 1777 1154 1832 ob
1174 1776 1256 1833 sui
1306 1771 1727 1830 inconstantiam
1764 1770 1867 1825 dici
1900 1774 2106 1833 notata,

2210 562 2279 617 ad
2308 570 2515 616 motum
2548 559 2734 618 saeculi
2781 556 3092 623 referimus,
3118 568 3185 610 ex
3215 568 3321 625 qua
3355 561 3515 624 parte
3550 552 3791 622 penuriis

2210 651 2569 707 abundamus.

2278 762 2433 831 Quod
2463 761 2646 817 vidisti
2686 762 2926 817 secundo
2965 758 3034 815 ad
3069 755 3315 812 eamdem
3344 769 3461 812 rem
3496 752 3787 825 pertinens,

2207 855 2449 911 omnium
2488 853 2766 909 ﬁrmitatis
2795 851 3055 908 indicium
3087 858 3198 916 est,
3234 863 3300 905 eo
3325 849 3469 918 quod
3503 846 3601 901 ﬁat
3622 858 3794 903 sermo

2207 944 2329 1011 Dei,
2358 953 2412 1000 et
2434 943 2675 1000 velocius
2699 941 3004 1014 impleatur.
3034 940 3249 1007 Vidisti,
3277 939 3476 1009 inquit,
3508 938 3564 993 id
3590 945 3675 993 est
3700 951 3792 992 ex-

2206 1036 2375 1107 periri
2415 1034 2767 1107 singulariter
2795 1049 2882 1089 me
2921 1033 3120 1088 fecisti.
3166 1031 3262 1087 His
3297 1032 3475 1097 enim,
3508 1030 3609 1100 qui
3642 1028 3792 1085 nobis

2208 1129 2394 1185 infesti
2421 1138 2567 1194 sunt,
2596 1130 2781 1185 dicere
2808 1127 3061 1192 solemus,
3087 1140 3173 1181 me
3194 1124 3367 1181 solum
3394 1122 3599 1179 Vidisti.
3625 1120 3791 1191 Expeo

2210 1222 2307 1277 riri
2330 1236 2419 1277 me
2443 1235 2575 1290 ergo
2596 1219 2779 1275 fecisti
2802 1218 2981 1289 primo
2996 1233 3095 1289 per
3119 1216 3543 1287 suggestionem,
3565 1212 3796 1269 secundo

2207 1330 2308 1386 per
2334 1313 2782 1378 delectationem,
2816 1312 2883 1367 ad
2911 1311 3158 1366 eamdem
3191 1318 3296 1365 tute
3323 1323 3432 1364 non
3475 1320 3610 1363 meae
3637 1304 3794 1360 desti-

2210 1407 2451 1462 nationis
2480 1421 2596 1462 rem
2623 1406 2986 1477 pertinentem
3012 1443 3029 1470 ,
3060 1402 3335 1458 ﬁrmitatis
3371 1401 3617 1457 omnium
3656 1413 3797 1455 meo-

2210 1515 2333 1555 rum
2364 1498 2728 1569 spiritualium
2758 1505 3042 1562 votorum,
3076 1510 3200 1551 cum
3232 1495 3376 1549 inter
3409 1492 3684 1549 incentiva
3712 1500 3798 1545 tua

2211 1591 2553 1662 perstiterint
2590 1589 2852 1646 indicium
2893 1598 3017 1655 est,
3064 1603 3131 1643 eo
3162 1586 3306 1657 quod
3336 1600 3515 1641 sermo
3552 1584 3648 1640 Dei
3689 1581 3800 1650 ﬁat,

2213 1682 2306 1737 ille
2344 1682 2585 1748 scilicet,
2620 1681 2666 1738 si
2708 1680 2934 1751 spiritus
2967 1687 3293 1750 potestatem
3324 1676 3577 1733 habentis
3612 1690 3806 1732 ascen-

2216 1774 2358 1829 derit
2383 1789 2547 1845 super
2576 1783 2650 1841 te,
2677 1773 2857 1830 locum
2891 1781 3042 1829 tuum
3069 1786 3140 1829 ne
3161 1770 3457 1836 dimiseris,
3486 1779 3543 1825 et
3570 1769 3807 1825 velocius

518 1884 682 1940 quam
712 1887 833 1926 cum
861 1837 974 1927 suis
1003 1870 1290 1934 fructibus,
1311 1876 1518 1938 septem
1548 1865 1668 1920 alia:
1691 1860 2109 1933 temporalitatis
2142 1837 2192 1899 Β
2219 1837 2530 1937 impleatur,
2566 1837 2762 1921 utnon
2794 1864 2985 1936 illapsa
3015 1862 3306 1921 delectatio
3336 1861 3402 1917 ad
3431 1859 3684 1918 effectum
3714 1861 3808 1915 du-

520 1963 981 2034 animalitatisque
1010 1960 1219 2032 stipulae
1255 1958 1491 2024 steriles,
1525 1966 1579 2012 et
1622 1955 1865 2011 inanium
1915 1951 2113 2021 gloria-

518 2069 641 2109 rum
675 2071 774 2126 per
797 2071 960 2111 auras
992 2062 1200 2110 exustae
1226 2052 1516 2119 subruunt,
1550 2049 1912 2118 subrutasque
1943 2046 2111 2102 totius

515 2147 594 2216 pii
636 2157 790 2203 actus
818 2146 1090 2203 oblivione
1138 2152 1487 2202 consumunt.
1543 2139 1681 2197 Hinc
1710 2149 1765 2194 et
1806 2139 1939 2207 fetas
1991 2138 2111 2191 illas

519 2248 698 2293 tenues
733 2238 878 2294 boves
910 2238 1058 2300 dicit,
1105 2252 1213 2294 non
1264 2243 1487 2307 propter
1537 2231 1950 2296 fecunditatem,
2017 2229 2113 2285 sed

518 2330 647 2398 quia
673 2328 830 2383 virile
856 2344 992 2398 opus
1019 2326 1222 2384 vicinia
1263 2325 1589 2382 eﬁ'eminatae
1631 2321 1926 2397 voluntatis
1956 2334 2113 2377 ener-

518 2429 612 2473 vat
636 2427 690 2473 et
726 2418 901 2475 illicit.

595 2512 831 2569 Narravi
854 2516 1240 2585 conjectoribus
1265 2512 1612 2580 somniorum,
1643 2525 1738 2567 nec
1755 2520 1829 2566 est
1860 2510 1950 2582 qui
1979 2508 2117 2565 edis-

522 2618 685 2662 serat.
721 2608 874 2675 Quod
921 2618 1006 2664 est
1037 2609 1257 2665 dicere:
1289 2608 1436 2675 Haec,
1470 2606 1665 2676 inquit,
1703 2620 1823 2676 quae
1852 2612 1959 2659 tum
1988 2618 2118 2672 sug-

524 2701 669 2768 gessi
726 2701 1027 2771 prudentiae
1086 2701 1273 2757 multis
1302 2700 1424 2755 aliis
1469 2699 1687 2769 ingenio
1744 2697 2007 2768 praeditis,
2062 2703 2120 2749 et

522 2789 817 2845 invisibilia
871 2790 1145 2859 sagaciter
1199 2790 1617 2846 discutientihus
1654 2787 1831 2851 intuli,
1893 2786 1987 2841 sed
2040 2784 2118 2839 nil

523 2893 804 2949 constans,
835 2882 920 2939 vel
950 2884 1053 2938 ﬁde
1081 2882 1304 2954 dignum
1332 2884 1400 2938 ab
1424 2882 1513 2939 his
1535 2881 1739 2950 accepi.
1774 2878 1965 2951 (Vnus.
1996 2876 2114 2948 25.)

521 2974 595 3029 At
617 2974 816 3045 Joseph
847 2993 859 3029 :
891 2973 1187 3037 Somnium,
1220 2974 1314 3043 ait,
1343 2975 1478 3045 regis
1517 2988 1682 3028 unum
1714 2981 1789 3026 est
1802 2987 1822 3037 ;
1868 2986 1985 3041 qua:
2034 2971 2118 3038 {a-

523 3077 704 3122 cturus
735 3077 838 3136 est,
880 3067 1022 3122 Deus
1070 3067 1292 3122 ostendit
1343 3065 1640 3120 Pharaoni.
1691 3065 1771 3119 Ac
1817 3062 1863 3118 si
1923 3062 2112 3116 dicat:

520 3157 849 3228 Praeponere
880 3171 967 3213 me
996 3157 1284 3228 praesentia
1309 3166 1400 3212 tua
1419 3156 1489 3211 de
1528 3155 1746 3221 futuris,
1782 3162 1837 3209 et
1866 3154 2118 3209 tentatio-

522 3263 653 3303 num
684 3249 905 3319 insuper
934 3262 1023 3303 me
1046 3248 1129 3304 vis
1158 3249 1470 3303 absterrere
1501 3246 1790 3313 molestiis,
1840 3245 1936 3301 sed
1992 3243 2120 3300 novi

522 3341 652 3410 quia
703 3340 899 3396 fabulae
943 3355 1082 3411 quas
1114 3341 1373 3407 intendis,
1425 3346 1549 3408 post
1596 3338 1905 3394 sanctitatis
1942 3337 2122 3393 studia

524 3434 743 3488 ruinam
793 3434 849 3489 in
883 3434 1162 3499 tentando,
1192 3448 1363 3487 unum
1412 3432 1765 3502 portendant,
1813 3438 1874 3485 ut
1913 3428 2122 3486 scilicet

521 3538 612 3578 me
643 3539 673 3577 a
698 3526 836 3579 bene
859 3525 1067 3595 agendo
1101 3525 1361 3588 divertas,
1393 3532 1449 3578 et
1476 3538 1601 3579 cum
1628 3537 1790 3578 omne
1812 3521 2123 3578 sublimiter

522 3614 732 3680 videas,
773 3621 829 3669 et
854 3629 950 3669 rex
978 3614 1056 3669 sis
1091 3626 1255 3684 super
1283 3627 1471 3669 omnes
1502 3613 1643 3668 ﬁlios
1683 3612 1954 3683 superbiae
1998 3611 2119 3682 (Job

521 3720 638 3773 xu,
670 3705 1037 3777 25),ostendit
1065 3705 1163 3761 tibi
1186 3705 1330 3761 Deus
1357 3705 1631 3775 quomodo
1648 3704 1925 3775 justorum
1954 3703 2121 3759 corda

524 3809 628 3867 per
650 3797 978 3852 tentationes
1008 3796 1285 3863 humiliet,
1330 3804 1385 3851 et
1411 3811 1505 3852 eos
1534 3811 1603 3852 ex
1650 3796 1957 3851 humilitate
1980 3796 2120 3863 ᾔδει·-

525 3887 770 3951 vates,in
801 3896 1121 3957 perpetuum
1153 3895 1206 3942 te
1229 3902 1352 3942 cum
1376 3888 1505 3953 tuis,
1524 3887 1686 3957 juxta
1712 3900 1912 3941 nomen
1942 3894 2119 3952 tuum,

529 3978 979 4050 dissipationibus
1041 3980 1322 4045 damnato,
1369 3988 1615 4036 coronet.
1675 3978 1933 4033 Eamdem
1990 3992 2122 4048 ergo

526 4072 642 4127 vim
670 4073 868 4129 somnii
889 4073 1363 4144 comprehendunt
1393 4070 1581 4144 (Vsus.
1612 4071 1704 4142 26)
1736 4081 1928 4141 septem
1971 4071 2120 4125 boues

526 4164 782 4234 pulchrtv,
814 4174 864 4220 et
891 4176 1082 4237 septem
1128 4166 1286 4236 spica:
1318 4165 1507 4236 plene,
1536 4164 1664 4235 quia
1702 4164 1804 4218 etsi
1832 4164 1897 4219 de
1937 4172 2122 4219 nostra

526 4259 880 4328 provectione
904 4258 1179 4330 graveris,
1223 4266 1406 4314 tamen
1455 4257 1631 4327 ipsum
1664 4263 1911 4312 nostrum
1942 4253 2124 4327 profe-

530 4359 679 4403 ctum
707 4350 828 4406 ideo
858 4349 1100 4421 loqueris
1125 4358 1185 4404 ut
1207 4350 1275 4406 ab
1302 4350 1406 4405 hoc
1428 4347 1549 4418 ipso
1578 4362 1680 4403 nos
1716 4362 1959 4416 revoces,
1993 4347 2123 4404 dum

528 4440 827 4501 infortunia
847 4453 1079 4501 ventura
1110 4442 1358 4499 minaris.

2218 1970 2394 2017 catur.

2290 2050 2453 2106 Vens.
2477 2050 2569 2116 55,
2600 2050 2692 2117 54,
2724 2049 2816 2118 55,
2839 2047 2930 2105 56.
2957 2079 3030 2089 ——
3064 2036 3223 2103 Nunc
3260 2064 3382 2120 ergo
3413 2045 3685 2117 provideat
3723 2058 3814 2098 res:

2216 2145 2385 2201 virum
2413 2144 2700 2214 sapientem
2721 2153 2770 2197 et
2794 2143 3137 2210 industrium,
3159 2151 3207 2196 et
3229 2140 3488 2212 praeﬁciat
3516 2155 3638 2194 eum
3660 2146 3813 2192 teme

2218 2238 2467 2308 Egypti,
2502 2238 2591 2307 qui
2617 2236 2900 2291 constituat
2930 2236 3238 2307 prtepositos
3268 2250 3361 2304 per
3381 2231 3620 2304 singulas
3652 2230 3815 2300 regio-

2220 2348 2335 2397 nes,
2372 2339 2419 2386 et
2454 2329 2692 2401 quintam
2728 2339 2931 2401 partem
2970 2329 3237 2399 fructuum
3280 2343 3373 2397 per
3412 2334 3605 2390 septem
3647 2337 3814 2377 annos

2220 2423 2532 2495 fertilitatis,
2552 2422 2642 2492 qui
2665 2425 2782 2493 jam
2806 2438 2944 2476 nunc
2967 2421 3137 2490 futuri
3162 2430 3283 2475 sunt
3307 2426 3579 2489 congreget
3608 2417 3664 2470 in
3694 2416 3817 2468 hor-

2221 2531 2346 2581 rea;
2372 2524 2419 2570 et
2441 2530 2592 2569 omne
2622 2514 2944 2583 frumentum
2971 2513 3067 2567 sub
3102 2512 3399 2568 Pharaonis
3420 2518 3674 2582 potestate
3696 2523 3817 2562 con-

2222 2611 2404 2674 datur,
2430 2618 2763 2678 serveturque
2783 2608 2839 2659 in
2867 2606 3083 2661 urbibus
3111 2605 3309 2675 futurae
3343 2612 3527 2674 septem
3554 2612 3817 2656 annorum

2223 2701 2373 2770 fami.
2425 2700 2505 2756 Ac
2553 2699 2599 2756 si
2644 2699 2852 2754 diceret
2883 2715 2922 2751 :-
2959 2697 3097 2752 Dum
3135 2696 3270 2751 mihi
3317 2695 3433 2750 haec
3469 2698 3817 2764 augmentum

2226 2793 2449 2849 caeleste
2482 2791 2745 2863 quaerenti
2776 2790 3061 2846 fallacibus
3092 2789 3256 2845 minis
3282 2787 3544 2853 intentas,
3567 2781 3816 2840 intellec-

2225 2893 2339 2941 tum
2391 2885 2460 2940 ad
2494 2883 2804 2955 hujusmodi
2850 2882 3059 2938 viribus
3105 2890 3161 2937 et
3206 2879 3474 2937 industria
3520 2874 3818 2934 refellenda

2224 2978 2496 3033 valentem
2523 2976 2657 3031 mihi
2688 2976 2865 3032 inesse
2892 2974 2988 3030 Dei
3013 2974 3186 3045 gratia
3214 2971 3501 3044 providere
3529 2969 3817 3034 debueras,

2229 3069 2344 3139 qui,
2375 3066 2503 3123 dum
2532 3066 2736 3122 terreni
2764 3065 3011 3137 corporis
3038 3065 3201 3135 hujus
3223 3062 3511 3120 desideriis
3536 3076 3626 3117 me
3649 3058 3819 3128 subji-

2228 3174 2357 3215 cere
2378 3159 2606 3225 moliris,
2632 3158 2734 3229 ipsi
2760 3158 2902 3229 quod
2920 3172 3111 3214 revera
3138 3165 3283 3212 terra
3301 3151 3821 3226 Egyptimngustia:

2229 3251 2439 3309 scilicet
2472 3261 2528 3307 et
2564 3252 2913 3308 tenebrarum
2955 3260 3080 3318 est;
3117 3253 3243 3306 dum
3269 3264 3358 3305 me
3385 3263 3581 3319 urges,
3624 3260 3821 3303 causas

2226 3344 2569 3416 principandi
2606 3343 2832 3415 ingeris,
2863 3343 3046 3399 taliter
3073 3357 3206 3399 sane
3233 3340 3557 3398 sollicitatus
3589 3339 3708 3410 ipse
3744 3338 3820 3394 in-

2230 3435 2500 3501 tellectus,
2527 3450 2625 3505 per
2645 3434 2887 3503 singulas
2908 3448 3166 3490 sensuum
3189 3433 3525 3488 exteriorum
3547 3431 3818 3501 regiones,

2227 3536 2478 3599 potentes
2504 3526 2733 3581 rationis
2762 3534 2943 3582 motus
2974 3524 3043 3578 ad
3074 3522 3300 3579 tutelam
3328 3522 3579 3577 intimam
3611 3519 3823 3590 praesti-

2231 3623 2355 3686 tuit,
2390 3621 2483 3692 qui
2521 3619 2838 3676 eorumdem
2878 3618 3117 3689 quinque
3143 3631 3400 3673 sensuum
3428 3613 3820 3685 frugalitatem,

2229 3711 2470 3783 quandiu
2490 3710 2771 3782 plenitudo
2794 3710 3091 3765 introrsum
3115 3707 3356 3764 cmlestis
3381 3706 3667 3771 exuberat,
3697 3718 3822 3760 con-

2229 3805 2473 3862 scientiae
2506 3806 2703 3860 horreo
2743 3803 2983 3860 condens
3028 3800 3374 3857 necessitatis
3414 3799 3645 3869 tempori
3695 3812 3825 3853 con-

2231 3905 2414 3953 servet
2442 3903 2497 3949 et
2524 3903 2758 3966 augeat:
2787 3893 2962 3962 Illius,
2994 3893 3234 3963 inquam,
3266 3890 3487 3962 quando
3525 3897 3582 3944 tu
3614 3889 3683 3944 ad
3718 3888 3825 3944 dis-

2230 3987 2554 4060 sipationem
2583 3986 2749 4051 animi
2784 3993 3108 4058 potestatem
3141 3986 3385 4041 tentandi
3428 3982 3735 4055 acceperis,
3770 3988 3824 4036 et

2231 4080 2288 4136 in
2320 4078 2545 4135 urbibus
2583 4079 2812 4134 interna:
2845 4091 3188 4148 quarumque
3234 4077 3499 4139 virtutum
3535 4073 3821 4136 custodiae,

2228 4172 2319 4228 vel
2348 4173 2587 4244 ipsorum
2616 4187 2875 4228 sensuum
2910 4170 3286 4242 temperantia;
3312 4169 3492 4226 omnis
3527 4166 3822 4224 fertilitatis

2230 4263 2398 4329 illius,
2430 4278 2539 4334 quo
2559 4263 2730 4319 valles
2753 4263 3034 4319 abundant
3061 4261 3322 4317 frumenti
3349 4258 3524 4329 (Psal.
3539 4275 3689 4326 ιιιν,
3706 4257 3822 4329 ﬂ),

2160 4399 2177 4412 .
2231 4373 2481 4429 superna:
2511 4358 2717 4415 scilicet
2751 4358 3066 4431 sapientiae,
3105 4356 3238 4412 faml
3272 4355 3669 4426 dispensatorie
3696 4366 3824 4425 gus-

2231 4450 2385 4505 tandi
2421 4450 2573 4506 verbi
2612 4449 2706 4505 Dei
2744 4450 2813 4505 ad
2843 4448 3249 4519 depressionem
3282 4462 3311 4502 a
3362 4446 3474 4501 Deo
3506 4445 3709 4501 mentis
3742 4443 3826 4499 in-

604 4533 830 4590 Somnia
853 4550 1003 4608 ergo,
1032 4535 1087 4591 id
1115 4544 1199 4591 est
1222 4549 1363 4627 vana
1408 4542 1464 4591 et
1490 4548 1647 4592 cassa
1682 4534 1821 4603 haec,
1852 4541 2118 4605 quantum
2145 4563 2201 4627 Β
2231 4543 2442 4612 ductae,
2481 4552 2724 4615 paretur.
2772 4542 2902 4608 Quae
2930 4542 3149 4611 quidem
3179 4540 3355 4597 fames
3398 4538 3695 4611 Egyptum
3728 4550 3823 4607 op-

534 4626 602 4680 ad
636 4635 688 4681 te
707 4635 855 4692 sunt,
886 4628 978 4697 qui
1002 4642 1112 4683 non
1136 4626 1242 4683 nisi
1269 4627 1413 4697 quod
1439 4642 1665 4699 pravum
1688 4637 1772 4684 est
1802 4628 1960 4685 nobis
1989 4642 2119 4699 pro-
2150 4626 2171 4627 ί
2224 4637 2418 4710 primit
2444 4676 2463 4704 ,
2514 4635 2641 4707 quia
2693 4636 2894 4691 mentis
2951 4642 3323 4707 coangustatae
3376 4630 3824 4688 tribulationibus

533 4714 721 4786 spicis,
758 4718 918 4774 nobis
946 4728 1129 4775 autem
1159 4735 1287 4776 cum
1341 4721 1570 4778 adversa
1610 4721 1900 4792 vigilanter
1926 4723 2121 4793 praevi-

533 4811 727 4870 demus
755 4815 1025 4871 somnium
1058 4826 1211 4873 tuum
1243 4816 1355 4873 vim
1402 4818 1606 4874 habere
1651 4833 1951 4890 cognosces
1998 4833 2121 4891 per-

534 4904 736 4973 spicuae
779 4908 1044 4975 veritatis,
1075 4909 1203 4965 dum
1253 4924 1362 4964 non
1406 4910 1689 4967 deﬁcimus
1735 4925 1835 4981 per
1884 4923 1971 4977 ea,
2025 4912 2123 4966 sed

531 4992 901 5053 subsistimus.
953 4997 1274 5055 Ubertatem
1324 4999 1470 5055 enim
1519 4998 2122 5071 supernaedulcedinis

531 5096 738 5156 septem
775 5089 901 5144 anni
927 5088 1289 5159 spiritualium
1319 5089 1585 5147 luminum
1629 5090 1983 5162 plenitudinis
2009 5090 2124 5163 typi

530 5179 689 5236 nobis
719 5180 1036 5252 important,
1083 5179 1181 5237 sed
1219 5180 1289 5237 de
1329 5180 1574 5251 ﬂumine,
1612 5183 1755 5253 quod
1787 5181 1940 5252 juxta
1972 5181 2125 5239 Psal-

530 5271 755 5327 mistam
786 5272 1279 5343 pertranseundum
1309 5281 1393 5327 est
1427 5272 1601 5344 (Psal.
1633 5289 1757 5339 va,
1790 5273 1870 5343 6),
1901 5274 2122 5331 humili-

530 5363 664 5418 tatis
690 5365 848 5433 pede,
886 5364 940 5418 id
989 5372 1074 5420 est
1104 5366 1172 5421 de
1198 5365 1483 5435 praesentis
1509 5381 1745 5423 excursu
1792 5367 1996 5435 smculi,
2026 5383 2124 5425 ex-

530 5456 707 5527 surgit
732 5456 882 5511 sucei
928 5457 1164 5514 caelestis
1198 5470 1394 5528 egena,
1426 5457 1599 5515 instar
1619 5475 1913 5517 vaccarum
1937 5460 2121 5533 imago

529 5557 670 5610 tetra
700 5549 1008 5614 libidinum,
1038 5564 1159 5619 quae
1189 5549 1426 5606 absumit
1452 5553 1735 5623 quidquid,
1762 5561 2025 5624 quantum
2052 5555 2122 5609 ad

528 5645 647 5712 ejus
677 5640 1097 5695 aestimationem
1140 5644 1231 5713 qui
1266 5642 1493 5712 patitur,
1552 5644 1713 5717 149
1760 5646 1989 5702 interius
2036 5654 2123 5703 est

526 5737 813 5790 virtutum.
844 5727 997 5782 Unde
1029 5731 1255 5789 dicitur:
1288 5733 1491 5802 Septies
1524 5736 1891 5807 caditjustus,
1928 5754 2121 5795 secun-

526 5826 655 5883 dum
689 5817 1075 5903 demissionem
1108 5824 1300 5895 animi,
1351 5832 1398 5879 et
1442 5827 1663 5899 resurgit
1697 5826 1852 5900 juxta
1885 5829 2115 5888 reditum

1107 5984 1135 6011 ς

2227 4729 2437 4786 crebris
2461 4728 2851 4784 obscuritatem
2878 4727 3113 4798 quadam
3140 4724 3355 4783 consilii
3376 4732 3623 4795 egestate
3650 4720 3823 4793 magis

2229 4822 2387 4893 quasi
2417 4820 2485 4875 ad
2514 4820 2643 4876 mali
2670 4818 2949 4873 cumulum
2984 4826 3345 4889 conquassat,
3375 4824 3431 4872 et
3466 4814 3742 4886 contegit,
3770 4820 3827 4867 et

2230 4926 2356 4969 cum
2380 4912 2455 4967 ita
2485 4911 2599 4979 ﬁet,
2626 4925 2735 4967 non
2760 4918 3112 4967 consumetur
3135 4920 3284 4966 terra
3313 4908 3521 4979 inopia,
3545 4912 3825 4964 reservato

2229 5005 2376 5063 enim
2413 5005 2516 5075 piae
2559 5003 2878 5059 intentionis
2921 5003 3127 5060 semine
3167 5001 3371 5058 testivis
3412 4999 3823 5063 serenitatibus,

2231 5098 2301 5154 ad
2323 5097 2495 5153 instar
2522 5096 2786 5163 formicae,
2812 5098 2867 5152 iu
2893 5097 3111 5152 modum
3142 5104 3303 5151 terra:
3332 5094 3615 5159 cultibilis,
3641 5090 3825 5148 cordis

2230 5189 2406 5246 nostri
2433 5189 2689 5245 feracitas
2712 5187 3010 5243 subsistere
3039 5186 3240 5258 poterit
3264 5185 3582 5242 tentationis
3604 5184 3824 5254 hyeme.

2302 5281 2469 5337 Vens.
2495 5280 2583 5345 57,
2616 5279 2704 5335 58.
2728 5308 2799 5319 —-
2826 5277 3037 5334 Placuit
3086 5278 3359 5334 Pharaoni
3404 5278 3685 5334 consilium
3710 5316 3727 5340 ,
3775 5282 3825 5328 et

2231 5374 2435 5431 cunctis
2470 5372 2726 5427 ministris
2760 5372 2893 5425 suis.
2934 5368 3265 5441 Locutusque
3294 5379 3371 5424 est
3404 5370 3475 5424 ad
3502 5383 3627 5424 eos:
3667 5363 3826 5419 Num

2229 5466 2462 5522 invenire
2482 5463 2765 5534 poterimus
2788 5460 2944 5516 talem
2968 5460 3157 5526 virum,
3183 5460 3273 5530 qui
3300 5458 3490 5529 spiritu
3516 5458 3615 5512 Dei
3633 5454 3828 5527 plenus

2232 5558 2339 5613 sit?
2357 5555 2582 5612 Placere
2603 5553 2876 5608 Pharaoni
2908 5551 3044 5607 nihil
3073 5551 3222 5606 aliud
3250 5557 3359 5616 est,
3392 5549 3501 5606 nisi
3530 5543 3826 5603 evidentia:

2233 5648 2459 5705 rationis
2481 5646 2641 5716 quasi
2664 5646 2880 5711 cedere,
2911 5652 3006 5698 aut
3035 5657 3206 5714 pravo
3225 5640 3464 5708 eﬁ‘ectui,
3495 5639 3589 5709 qui
3616 5645 3670 5691 et
3702 5636 3828 5706 ipse

2231 5743 2446 5796 Pharao
2475 5746 2579 5799 est.
2609 5734 2825 5804 subjici,
2854 5743 3016 5804 atque
3060 5732 3430 5803 acquiescere.
3461 5728 3697 5784 Ministri
3725 5742 3830 5782 au-

2233 5842 2345 5893 tem
2410 5841 2537 5889 sunt
2591 5837 2771 5888 motus
2819 5826 3170 5884 animalitatis
3222 5831 3440 5881 nostrae.
3490 5821 3832 5901 Poterimus,

2260 5996 2311 6015 υ»
