3982 6360
191 402 295 464 £81
1220 391 1583 452 MORALIUM
1620 388 1687 447 ΙΝ
1728 385 2025 447 GENESIN
2064 384 2193 443 LIB.
2225 381 2319 441 1X.
3344 374 3455 437 989

194 523 355 576 aiunt
386 515 485 589 ipsi
509 507 777 586 appetitus
808 525 931 566 cum
967 508 1083 564 suis
1117 508 1380 572 stimulis,
1418 506 1693 578 quidpiam
1723 513 1783 560 ut
1810 508 1860 567 Α
1886 501 2000 574 Ego
2029 518 2145 556 sum
2172 540 2187 564 ,
2224 498 2438 568 inquit,
2470 492 2717 560 Pharao,
2761 492 2952 566 absque
2980 499 3068 547 tuo
3108 492 3325 564 imperio
3352 512 3459 557 mm

196 612 282 666 sic
318 585 531 664 dicatur
571 604 893 668 virtuosius,
927 612 982 656 et
1019 599 1161 670 quod
1193 600 1367 669 magis
1400 599 1495 653 Dei
1521 602 1782 667 congruat
1884 592 2103 649 movebit
2149 591 2427 661 quisquam
2483 602 2696 642 manum
2726 595 2818 640 aut
2859 585 3037 656 pedem
3083 585 3137 639 in
3173 594 3283 640 tota
3316 596 3459 645 terra

196 702 416 774 spiritui
448 699 691 754 invenire
716 712 879 767 quam
908 692 1239 748 intellectum
1266 691 1356 762 qui
1389 700 1467 747 tot
1492 691 1785 745 incommoc
1883 685 2124 758 Egypti.
2157 684 2271 752 Ego
2301 680 2621 737 naturaliter
2656 697 2777 737 cum
2807 679 2909 734 sint
2946 678 3182 735 levitatis
3205 687 3260 735 et
3283 680 3456 738 malo-
3512 696 3516 701 '

197 773 287 849 dis
340 793 517 847 valeat
565 790 712 846 solus
765 786 1064 843 obsistere?
1107 784 1294 857 (Vens.
1324 782 1439 853 59.)
1486 781 1623 848 Quia
1666 796 1787 853 ergo
1886 795 2007 834 rum
2052 785 2334 848 appetens,
2382 776 2489 830 tuis
2534 792 2564 830 a
2600 776 2759 829 modo
2796 773 3067 844 imperiis,
3102 788 3205 829 nec
3239 773 3293 827 in
3320 783 3462 830 terra

198 886 428 941 ostendit
458 884 551 937 tibi
582 882 724 936 Deus
745 896 862 951 qum
892 880 1098 933 locutus
1126 894 1199 944 es;
1233 877 1287 932 id
1312 883 1395 930 est
1416 875 1543 945 quia
1575 871 1788 944 ingenio
1884 868 2109 940 ,παυριὶ
2139 881 2395 936 corpore,
2426 864 2638 920 scilicet
2665 863 3003 931 corruptibili
3033 863 3176 934 quod
3207 874 3466 934 aggravet

199 980 529 1052 praeemiues
566 976 919 1048 providentiae
951 990 981 1030 a
1013 974 1245 1030 Deo.tibi
1270 972 1427 1040 dato,
1476 969 1603 1042 quia
1643 969 1791 1025 enim
1889 961 2127 1017 animam
2150 957 2304 1028 (Sep.
2331 972 2408 1019 ιι,
2441 954 2552 1025 15),
2581 954 2761 1023 pedem
2784 953 3105 1020 all'ectionis,
3134 963 3226 1008 aut
3253 969 3466 1008 manum

202 1044 322 1129 beo
348 1044 622 1135 adhaeres,
656 1084 798 1124 unus
830 1069 1056 1139 spiritus
1084 1083 1164 1123 es.
1202 1067 1390 1138 (Vens.
1417 1065 1532 1134 40.)
1573 1064 1652 1118 Tu
1686 1064 1791 1118 eris
1890 1050 2218 1125 Operationis
2237 1058 2480 1105 moturus
2500 1055 2584 1104 est
2602 1046 2858 1117 deinceps
2877 1045 3015 1102 citra
3037 1044 3468 1102 convenientiam

202 1181 369 1233 super
397 1165 610 1218 domum
639 1178 831 1226 meam,
860 1161 914 1216 id
937 1170 1020 1216 est
1048 1171 1099 1215 te
1128 1159 1413 1230 prmferam
1444 1156 1665 1220 mundo,
1700 1156 1797 1212 do-
1893 1156 2063 1205 tuam.

204 1256 325 1309 mui
365 1260 636 1323 quondam
664 1269 828 1317 meae,
863 1268 1027 1323 quam
1052 1252 1097 1308 si
1129 1252 1238 1307 filia
1268 1251 1433 1322 Regis
1461 1264 1581 1306 esse
1609 1248 1794 1315 velim,

208 1347 462 1402 oblivisci
496 1347 691 1417 jubeor
741 1345 915 1418 (Psal.
944 1362 1099 1412 xuv,
1130 1346 1226 1410 11,
1262 1344 1381 1416 12),
1431 1343 1557 1414 quia
1599 1340 1797 1397 veteris

209 1440 387 1510 patris
416 1441 519 1496 mei
549 1441 748 1497 diaboli
778 1441 972 1497 domus
1001 1449 1107 1506 est,
1135 1455 1235 1496 nec
1258 1441 1430 1497 solum
1459 1439 1553 1495 sed
1584 1448 1640 1495 et
1670 1452 1800 1494 con-

210 1533 564 1601 cupiscentiis
599 1534 735 1604 ejus.
780 1531 850 1586 Et
886 1534 955 1587 ad
994 1533 1101 1587 oris
1141 1534 1218 1586 tui
1262 1532 1537 1601 imperium
1582 1538 1798 1604 cunctus

208 1625 437 1693 populus
464 1602 684 1680 obediet.
713 1625 806 1682 llle
832 1626 1090 1680 nimirum
1113 1625 1202 1695 qui
1232 1626 1285 1680 in
1314 1624 1522 1695 psalmo
1543 1602 1809 1679 oblivioni
1903 1602 2151 1684 adactus.
2210 1626 2420 1695 Lingua
2466 1623 2723 1694 .Egyptia
2773 1626 2936 1674 vocat
2987 1631 3104 1671 eum
3158 1612 3484 1669 Salinatorem

210 1719 356 1773 tradi
376 1719 595 1788 jubetur
616 1736 738 1775 cum
763 1718 988 1789 praefata
1012 1720 1191 1775 Patris
1215 1716 1801 1789 domo(Psal.cxxxvt,
1904 1718 2112 1784 mundi,
2161 1718 2381 1789 quando
2411 1729 2508 1785 per
2546 1711 2938 1782 experientiam
2971 1702 3338 1761 tribulationis
3366 1711 3487 1756 sese

208 1810 298 1881 5);
335 1787 429 1867 sed
455 1812 580 1867 licet
604 1812 738 1877 oris,
764 1787 821 1867 id
852 1820 935 1867 est
966 1812 1195 1867 rationis
1222 1787 1454 1880 imperio
1473 1809 1803 1881 popularitas
1905 1787 2318 1877 coangustantis
2352 1805 2455 1859 hoc
2485 1802 2631 1858 enim
2653 1806 2813 1855 sonat
2837 1796 3136 1868 Egyptus;
3176 1792 3392 1873 lingua,
3436 1787 3488 1842 id

211 1904 476 1959 vitiorum
516 1906 893 1975 obtemperet,
933 1920 1042 1960 uno
1074 1912 1253 1959 tamen
1282 1878 1418 1959 solio
1447 1878 1681 1958 carnalis
1710 1916 1806 1971 ap-
1838 1881 1881 1935 Β
1905 1910 1991 1957 est
2049 1898 2323 1955 sententia
2366 1910 2465 1965 per
2519 1890 2896 1964 pmnitentiam
2944 1885 3189 1957 pristinae
3229 1878 3491 1935 vanitatis

214 1997 470 2066 petentiae
497 1997 842 2066 prmceditur,
883 1999 1009 2066 quia
1037 2013 1066 2050 a
1098 1996 1316 2051 nemine
1346 1996 1652 2051 mortalium
1674 2034 1688 2060 ,
1717 1970 1806 2051 vel
1906 2001 2239 2051 commutata
2264 2030 2280 2057 ,
2336 1986 2636 2044 carnalitas
2689 1980 3147 2047 mundialitasque
3191 1970 3492 2031 caelestium

1968 1260 2131 1317 Vens.
2151 1260 2243 1317 45.
2266 1258 2617 1328 —-Vertitque
2645 1268 2830 1309 nomen
2857 1251 3024 1319 illius,
3050 1256 3102 1305 et
3129 1251 3325 1305 vocavit
3356 1264 3473 1305 eum

1897 1353 2078 1425 lingua
2105 1353 2382 1423 Egyptia,
2407 1348 2733 1405 Salvator-em
2766 1343 2971 1398 mundi.
3027 1339 3191 1395 Vertit
3223 1354 3376 1408 ergo,
3424 1338 3478 1392 id

1900 1454 1986 1501 est
2032 1444 2173 1499 verti
2206 1442 2340 1498 facit
2390 1440 2563 1511 quod,
2593 1436 2887 1494 secundum
2938 1442 3179 1489 veterem
3237 1440 3477 1493 statum,

1898 1551 2103 1607 pravus
2140 1534 2439 1590 vocabatur
2485 1531 2784 1601 appetitus,
2841 1541 2988 1581 nunc
3027 1523 3226 1579 dicitur
3268 1519 3483 1590 pietatis

216 2088 275 2143 in
308 2088 574 2153 minimis,
606 2104 674 2143 ex
706 2097 824 2143 toto
855 2098 1165 2158 superatur.

293 2180 462 2234 Vens.
492 2178 583 2232 Μ.
610 2208 679 2220 --
702 2179 871 2244 Ecce,
903 2179 1106 2249 inquit,
1139 2179 1386 2233 constitui
1423 2187 1475 2233 te
1509 2194 1667 2248 super
1698 2176 1815 2233 uui-

221 2290 430 2329 versam
471 2284 666 2330 terram
707 2275 955 2347 /Egypti.
992 2275 1051 2331 Si
1099 2276 1293 2331 domus
1334 2284 1389 2331 et
1436 2273 1668 2345 populus
1713 2271 1813 2329 tibi

222 2365 533 2434 subjicitur,
550 2376 660 2421 tota
686 2382 816 2439 ergo
848 2368 1140 2423 terrenitas
1157 2365 1692 2424 saecularitatisillico
1718 2364 1815 2420 tibi

224 2472 421 2526 parere
445 2466 685 2528 cogetur.
714 2457 843 2513 Haec
868 2448 1030 2513 verba
1062 2460 1163 2513 sub
1192 2458 1494 2513 Pharaonis
1525 2456 1705 2527 specie
1736 2457 1816 2511 sic

225 2546 445 2604 diabolo
474 2557 817 2620 coaptantur,
850 2556 1037 2605 utnon
1070 2548 1464 2616 benevolentia,
1499 2549 1593 2603 sed
1622 2562 1817 2605 neces-

229 2641 387 2709 sitas,
424 2658 527 2712 qua
567 2645 725 2700 nobis
753 2645 932 2700 victus
966 2660 1072 2701 non
1114 2644 1328 2701 ofﬁcere
1360 2646 1578 2713 sinitur,
1617 2645 1818 2701 intelli-

231 2743 419 2804 gatur;
456 2744 510 2790 et
544 2736 622 2792 sic
659 2737 922 2807 appetitui
953 2738 1281 2794 conveniunt
1308 2754 1478 2809 pravo
1510 2746 1569 2794 ut
1598 2739 1821 2794 eviden-

126 2888 133 2892 _
234 2827 346 2881 tius
376 2827 686 2898 rectiusque
718 2829 940 2884 valeant
969 2829 1303 2885 concordare
1333 2839 1599 2886 correcto.
1629 2828 1818 2900 (Vens.

232 2920 352 2990 42.)
386 2919 628 2993 Tulitque
653 2922 911 2977 annulum
945 2924 1010 2977 de
1035 2939 1194 2978 manu
1222 2940 1343 2989 sua,
1376 2934 1424 2978 et
1453 2923 1594 2978 dedit
1626 2923 1680 2976 in
1707 2906 1822 2978 m3-

238 3030 310 3068 nu
337 3014 451 3084 ejus
477 3031 496 3070 :
531 3014 845 3086 Vestivitque
873 3033 993 3071 eum
1044 3016 1180 3072 stola
1208 3016 1440 3087 byssina,
1471 3026 1520 3071 et
1556 3015 1690 3071 collo
1715 3025 1824 3070 tor-

239 3122 390 3177 quem
415 3123 630 3160 auream
657 3108 1019 3162 circumdedit.
1047 3107 1294 3163 Annulus
1318 3108 1371 3162 in
1397 3122 1561 3162 manu
1584 3106 1826 3162 Pharao—

241 3198 348 3264 nis,
379 3201 695 3271 mysterium
727 3207 811 3255 est
842 3200 1143 3270 iniquitatis
1171 3199 1227 3255 in
1257 3200 1437 3255 studio
1473 3198 1825 3268 operationis,

244 3291 341 3345 scd
368 3290 438 3345 ab
465 3293 582 3361 ipso
607 3291 804 3363 Ioseph
827 3292 1010 3357 datur,
1038 3309 1161 3348 cum
1192 3292 1259 3346 ad
1291 3292 1596 3348 sanctitatis
1622 3290 1831 3347 deside-

248 3379 389 3433 rium
424 3379 649 3435 ali‘ectus
669 3395 700 3434 a
728 3381 1084 3450 cupiditatum
1100 3380 1457 3449 perversitate
1480 3380 1830 3434 transfertur.

247 3472 467 3526 Annulo
492 3481 669 3528 autem
701 3472 929 3528 celanda
953 3471 1257 3542 signantur,
1280 3486 1378 3542 per
1407 3471 1548 3541 quod
1580 3469 1838 3540 nequitiae

248 3562 617 3619 velamentum
648 3565 933 3634 accipitur.
971 3564 1120 3620 Stola
1166 3564 1387 3634 byssina
1440 3571 1525 3619 est
1554 3562 1840 3632 incorrup-

252 3656 416 3710 tionis
452 3655 506 3709 in
543 3671 637 3726 spe
671 3656 783 3728 jam
816 3657 987 3729 gloria
1015 3699 1031 3724 ,
1058 3656 1143 3713 vel
1172 3656 1517 3712 conscientiae
1548 3654 1835 3710 munditia.

252 3747 366 3803 l‘lac
394 3765 493 3804 nos
523 3750 714 3816 vestit,
742 3766 864 3807 cum
903 3751 969 3806 ad
1005 3751 1145 3806 hanc
1174 3750 1501 3805 induendam
1532 3763 1640 3804 non
1672 3748 1839 3816 impe-

253 3841 351 3895 dit.
381 3841 582 3898 Recole
606 3842 959 3915 Evangelium
1003 3846 1069 3899 de
1114 3843 1362 3914 prodigo,
1405 3843 1499 3898 sed
1529 3838 1837 3911 poenitenti,

255 3932 387 3995 filio,
417 3949 535 4003 quze
566 3949 816 3991 reversus
848 3952 877 3990 a
909 3945 1064 4005 patre
1095 3936 1233 3990 dona
1267 3934 1530 4004 percipiat
1559 3931 1710 4003 (Luc.
1744 3944 1839 3998 xv,

255 4025 533 4096 22).Collo
557 4043 743 4084 vocem
767 4028 1083 4092 emittimus,
1099 4028 1387 4099 cibumque
1404 4035 1461 4083 et
1481 4025 1841 4091 admittimus,

259 4130 356 4185 per
382 4118 522 4186 quod
546 4118 651 4172 vim
680 4117 892 4173 consilii
921 4116 1235 4188 accipimus,
1262 4117 1403 4186 quod
1430 4114 1587 4172 nobis
1609 4114 1841 4182 aliisque

262 4207 643 4278 impendimus.
670 4208 808 4265 Huic
831 4219 1050 4281 torques
1068 4225 1230 4265 aurea
1256 4208 1842 4278 circumponitnr,cum
1900 4214 1908 4220 '

264 4315 509 4371 superna:
539 4303 864 4359 documento
892 4301 1158 4369 veritatis,
1185 4317 1291 4372 qua
1319 4299 1393 4353 nil
1420 4297 1709 4370 pretiosius
1739 4304 1841 4364 est,
1893 4328 1896 4332 ~

266 4402 319 4448 et
349 4396 593 4450 munitur
626 4394 912 4450 locutionis
938 4394 1086 4451 nullo
1115 4394 1435 4460 obsistente,
1469 4400 1522 4449 ct
1545 4391 1848 4447 illustratur

268 4495 468 4540 nostrae
492 4487 839 4543 discretionis
863 4487 1057 4544 virtus.

345 4576 503 4647 150
527 4577 690 4634 Vens.
716 4577 804 4633 45.
829 4608 901 4618 ——
922 4576 1073 4634 Fecit
1121 4593 1322 4648 quoque
1370 4575 1651 4632 ascendere
1692 4587 1851 4644 super

274 4683 486 4721 currum
512 4686 663 4723 suum
693 4669 1000 4734 secundant,
1032 4668 1290 4723 clamante
1314 4683 1553 4738 praecone
1578 4674 1635 4720 ut
1674 4680 1851 4719 omnes

274 4778 451 4816 coram
490 4780 559 4818 eo.
594 4765 1011 4834 genuﬂecterent.
1059 4763 1263 4818 Currus
1290 4761 1852 4830 Pbaraonisimpetus

274 4864 358 4913 est
388 4857 719 4914 ambitionis.
750 4857 1031 4914 Secundus
1056 4866 1232 4913 autem
1263 4871 1455 4913 currus
1476 4864 1579 4921 est,
1616 4869 1721 4911 non
1736 4855 1852 4926 jam

1912 2084 2217 2155 appetitum
2246 2079 2441 2135 salutis
2467 2076 2699 2146 propriae
2737 2072 2937 2126 fatetur
2966 2078 3267 2124 auctorem.
3311 2061 3493 2116 Dedit-

1912 2151 2013 2248 que
2041 2174 2123 2229 illi
2153 2187 2370 2227 uxorem
2400 2167 2651 2232 Aseneth,
2678 2163 2843 2233 ﬁliam
2874 2155 3182 2228 Putipltaris
3211 2151 3496 2209 sacerdoti

1919 2243 2279 2335 Heliopoleos.
2312 2258 2551 2316 Asenelh
2578 2256 2734 2310 ruina
2762 2253 3186 2320 interpretatur;
3212 2243 3495 2314 Putipltar,

1918 2375 1978 2415 os
2007 2332 2275 2414 inclinans
2325 2352 2392 2407 ad
2422 2346 2822 2409 dissecandum;
2854 2338 3215 2411 Heliopoleos,
3245 2333 3373 2390 solis
3420 2332 3500 2385 ci-

1919 2452 2073 2507 vitas.
2118 2446 2255 2501 Filia
2309 2442 2462 2514 pravi
2510 2439 2680 2494 nostri
2733 2433 3025 2506 appetitus,
3063 2428 3153 2500 qui
3182 2440 3267 2491 os,
3294 2423 3387 2514 id
3419 2426 3502 2514 est
3577 2456 3591 2469 .

1920 2541 2126 2598 aditum
2152 2510 2501 2594 conscientiae
2529 2543 2745 2600 semper
2772 2524 3016 2588 inclinat,
3049 2528 3110 2575 ut
3132 2515 3276 2589 quod
3309 2510 3502 2584 spiritu

1919 2632 2018 2688 Dei
2052 2630 2263 2686 unitum
2295 2634 2402 2693 est,
2450 2624 2685 2679 dissecet
2724 2626 2781 2673 et
2817 2615 3056 2679 dirimat,
3100 2609 3257 2665 ruina
3292 2600 3503 2677 peccati

1922 2731 2024 2779 est.
2083 2714 2515 2790 Concupiscentia
2562 2711 2708 2768 enim
2755 2725 2872 2764 cum
2901 2702 3189 2775 conceperit
3215 2698 3352 2770 parit
3381 2711 3504 2790 pec-

1923 2824 2102 2870 catum
2148 2784 2293 2882 (Jac.
2341 2825 2381 2874 ι,
2427 2804 2538 2877 l5).
2590 2803 2804 2858 Pharao
2854 2798 3057 2855 dicitur
3103 2790 3388 2882 dissipans,
3419 2784 3506 2840 vel

1925 2904 2312 2977 discooperieus
2357 2916 2500 2955 eum.
2550 2896 2677 2951 Haec
2720 2908 2859 2948 uxor
2899 2888 3098 2959 Joseplt
3150 2900 3182 2940 a
3222 2881 3537 2977 Ifharaoue,

1928 2970 2117 3062 datur,
2154 2992 2373 3066 quando
2417 2988 2485 3044 ab
2517 2989 2636 3058 ipso
2664 2996 2897 3054 nequam
2943 2975 3184 3049 appetitu
3215 2970 3286 3027 ob
3314 2977 3511 3025 causas

1929 3109 2042 3151 sua:
2087 3062 2270 3164 primo
2312 3102 2413 3159 per
2455 3084 2588 3141 vitia
2626 3076 3013 3149 dissipationis,
3056 3062 3514 3164 deinceps-findat

1932 3188 2001 3241 ad
2033 3156 2249 3240 omnem
2305 3156 2587 3234 infamiam
2616 3164 3066 3239 discoopertionis
3118 3156 3336 3233 superni
3384 3168 3517 3223 ang-

1857 3249 1899 3307 C
1933 3275 2106 3331 menti
2156 3270 2455 3334 desiderio,
2503 3265 2653 3322 velut
2696 3276 2834 3317 uxor
2884 3254 3235 3328 adjungitur,
3283 3254 3346 3302 ut
3388 3244 3516 3334 dum

1937 3373 2380 3437 perpetratorum
2409 3358 2680 3414 malorum
2725 3352 2884 3407 ruina
2905 3343 3366 3437 perpenditurt‘et
3411 3331 3518 3388 ini-

1940 3427 2212 3528 quilatum
2243 3449 2560 3506 earumdem
2590 3446 2824 3506 fructus,
2868 3451 3029 3509 quem
3061 3433 3239 3503 signat
3254 3427 3518 3528 ‘Pbaralo-

1942 3513 2498 3615 riis,Putipharisque
2543 3549 2773 3600 nomen,
2806 3526 3134 3589 attenditur;
3178 3519 3305 3575 inde
3343 3513 3522 3615 proles

1939 3643 2015 3715 pii
2038 3607 2226 3711 operis
2254 3607 2579 3708 propensius
2603 3633 2952 3701 propagetur.
2975 3615 3238 3715 Putipbar
3268 3607 3524 3715 sacerdos

1941 3702 2044 3801 est,
2078 3702 2445 3801 ileliopolcos,
2490 3722 2620 3793 quia
2662 3715 2907 3787 nequitia
2955 3702 3403 3801 concupiscentiae
3435 3713 3525 3801 sa:

1941 3785 2057 3892 cra,
2105 3824 2157 3878 id
2191 3785 2277 3878 est
2320 3810 2673 3873 exsecrabilis
2703 3808 2812 3863 dux
2848 3809 2937 3859 est
2974 3799 3106 3866 vite,
3152 3807 3260 3865 qua
3298 3789 3433 3892 itur"
3458 3785 3526 3840 ad

1943 3882 2245 3981 civitatem,
2280 3927 2386 3967 non
2418 3906 2533 3964 veri
2574 3903 2740 3968 solis,
2768 3899 2925 3969 cuius
2963 3892 3160 3949 artifex
3196 3895 3252 3943 et
3278 3882 3529 3981 conditor

1945 3973 2092 4069 bene
2152 3973 2243 4062 est
2276 4002 2464 4076 (Hebr.
2500 4013 2586 4063 χι,
2630 3993 2745 4065 10),
2798 3991 2895 4048 sed
2928 4000 3105 4076 quam?
3134 3994 3255 4076 eam
3298 3973 3529 4032 aediﬁcat

1946 4102 2039 4158 ubi
2078 4074 2295 4155 fervent
2329 4090 2581 4148 incendia
2610 4082 2891 4144 multifida:
2918 4074 3257 4136 tentationis.

2018 4213 2185 4269 Vens.
2224 4207 2313 4263 46.
2339 4236 2406 4247 --
2434 4203 2706 4275 gEgrcssus
2745 4198 2921 4268 itaque
2969 4186 3168 4260 Ioseph
3205 4183 3275 4241 ad
3333 4191 3532 4275 terram

1950 4305 2171 4378 [Ἐρξιρή
2208 4272 2444 4376 (triginta
2484 4272 2659 4352 autem
2693 4305 2954 4347 annorum
2986 4292 3120 4351 erat,
3153 4276 3361 4353 quando
3392 4272 3533 4328 stetit

1948 4399 2004 4452 in
2030 4372 2329 4465 conspectu
2366 4389 2499 4459 regis
2536 4380 2866 4451 Pharaonis)
2913 4372 3204 4465 circumivit
3244 4380 3420 4465 attines
3456 4377 3540 4415 reb

1952 4490 2131 4560 giones
2162 4453 2516 4553 gyptiIAd
2554 4485 2749 4530 terram
2776 4465 2998 4539 Egypti
3023 4458 3207 4560 egredi
3235 4453 3454 4560 dicitur,
3483 4459 3538 4509 et

1953 4545 2031 4634 sic
2054 4545 2539 4646 Egypt'i'regiones
2571 4560 2887 4626 circumire,
2918 4556 3045 4627 quia
3086 4551 3194 4607 nisi
3219 4545 3402 4607 saeculi
3431 4554 3543 4601 ter—

1955 4669 2249 4727 renitatem
2309 4661 2476 4717 animi
2533 4655 2824 4727 majestate
2863 4646 3298 4710 excesserimus,
3349 4652 3541 4695 omnes

1955 4756 2323 4822 sensualitatis
2368 4762 2573 4811 nostra:
2617 4757 2825 4822 partes,
2872 4742 3027 4817 quasi
3074 4739 3292 4813 Αἴθῃ)ιὶ
3340 4735 3535 4796 latera,

1958 4855 2140 4915 debita
2176 4848 2501 4908 auctoritate
2549 4843 2831 4913 despicere
2872 4853 2978 4895 non
3029 4845 3338 4907 possumus.
3389 4826 3543 4882 Licet

276 4947 638 5005 materialium
662 4950 946 5020 cupiditas,
971 4949 1062 5005 sed
1091 4950 1181 5005 illa
1205 4966 1324 5021 quae
1346 4950 1615 5020 praecipue
1638 4915 1856 5004 sanctos
1958 4964 2089 5021 ergo
2130 4947 2186 5003 in
2234 4954 2462 5014 corpore
2510 4933 2833 4999 constituti,
2875 4939 3027 4987 extra
3075 4924 3195 4996 ejus
3248 4915 3539 4979 desideria,

277 5040 425 5097 viros
460 5041 762 5097 voluntarie
796 5056 1061 5112 pauperes
1106 5020 1354 5111 impetit,
1400 5042 1649 5096 humanae
1679 5038 1858 5095 laudis
1960 5020 2117 5115 quasi
2139 5046 2303 5102 .extra
2332 5042 2534 5098 castra,
2563 5029 2632 5086 ad
2663 5044 2808 5093 eum,
2853 5024 2946 5096 qui
2972 5028 3129 5078 extra
3173 5020 3386 5115 pqrmm
3414 5022 3543 5108 pits-

280 5135 530 5192 aviditas.
558 5135 731 5207 Major
749 5151 879 5192 vero
905 5137 1105 5207 priore,
1137 5134 1412 5205 sequentis
1434 5133 1725 5189 acerbitas.
1754 5131 1861 5188 Su-

280 5240 379 5297 per
410 5228 555 5283 lmnc
583 5229 877 5285 ascendere
894 5242 1016 5283 eum
1040 5225 1188 5291 facit,
1212 5240 1334 5281 cum
1358 5224 1564 5281 caelesti
1590 5223 1859 5280 desiderio

283 5320 528 5377 avaritiae
566 5334 852 5377 excursum
896 5320 1124 5391 deprimi
1168 5318 1457 5391 permittit.
1500 5317 1567 5372 Hi
1618 5316 1762 5372 enim
1805 5315 1862 5372 in

285 5414 534 5470 curribus
563 5414 690 5471 ethi
714 5414 1083 5485 jucundantur
1113 5411 1167 5467 in
1191 5412 1346 5482 equis
1367 5407 1542 5482 (Psal.
1570 5424 1685 5476 xu,
1708 5409 1786 5479 8),
1812 5406 1867 5463 id

284 5518 404 5577 est,
433 5509 489 5565 bi
539 5510 593 5565 in
640 5509 1054 5581 cupiditatibus,
1090 5517 1145 5564 et
1180 5507 1232 5562 hi
1272 5506 1325 5561 in
1358 5504 1647 5574 superbiis.
1681 5501 1867 5557 Prtrco

287 5601 486 5657 clamat
524 5619 646 5660 cum
678 5618 846 5658 sacrae
885 5602 1092 5674 paginae
1122 5641 1137 5668 ,
1181 5608 1275 5655 aut
1309 5597 1477 5654 divini
1516 5595 1728 5651 timoris
1762 5609 1867 5649 vox

288 5693 466 5748 vicina
505 5696 698 5751 crebro
740 5695 888 5750 cordi
936 5703 988 5749 et
1039 5693 1260 5747 auribus
1297 5689 1547 5745 enuntiat
1594 5696 1652 5742 ut
1690 5686 1869 5742 omnis

292 5799 568 5855 corporea:
615 5785 914 5842 insolentiae
964 5785 1137 5856 rigor,
1187 5784 1254 5839 ad
1298 5782 1600 5853 appetenda
1642 5788 1870 5845 aeterna,

291 5876 554 5953 quidquid
571 5879 672 5937 sibi
704 5877 1250 5937 inestcervicositatis
1272 5874 1531 5935 inﬂectat.
1551 5874 1739 5949 (Vens.
1755 5868 1872 5942 44.)

1964 5097 2059 5188 sus
2082 5097 2188 5197 est,
2219 5126 2370 5183 exire
2396 5123 2657 5181 debemus
2682 5116 2870 5192 (Hebr.
2906 5126 3029 5174 xm.
3062 5108 3173 5179 12).
3213 5103 3368 5160 Sicut
3400 5097 3545 5152 enim

1965 5222 2235 5294 quispiam
2286 5217 2552 5275 fetoribus
2599 5218 2890 5273 assuetus,
2936 5199 3217 5260 miseriam
3453 5202 3551 5291 pa-

1969 5279 2105 5369 titur:
2123 5309 2334 5383 putoris
2370 5309 2605 5379 ignorat,
2642 5304 2815 5358 donec
2844 5296 2912 5352 ad
2944 5290 3100 5348 liberi
3127 5303 3192 5344 ac
3219 5282 3379 5383 nitidi
3405 5279 3552 5383 aeris

1968 5370 2264 5476 puritatem
2306 5370 2595 5471 prdcedat,
2641 5393 2718 5447 ita
2762 5388 3021 5444 vitiorum
3062 5378 3379 5440 confusione
3422 5370 3551 5476 sub-

1970 5463 2206 5561 mersus,
2251 5493 2396 5563 ipsas
2442 5487 2709 5544 malorum
2757 5492 3126 5552 nequaquam,
3169 5472 3366 5544 quibus
3407 5463 3552 5522 obsi-

1975 5592 2156 5654 detur,
2191 5585 2509 5640 atrocitates
2545 5576 2799 5642 attendit,
2830 5574 3003 5630 donec
3033 5570 3178 5641 ipsas
3200 5571 3379 5638 pestes
3420 5570 3553 5654 prie.

1974 5651 2149 5736 libato:
2170 5686 2413 5733 aromate
2441 5670 2745 5729 honestatis
2774 5668 3024 5725 excedat.
3067 5660 3221 5719 Unde
3240 5665 3295 5714 et
3322 5654 3378 5712 in
3406 5651 3554 5722 Apo-

1977 5772 2179 5844 calypsi
2208 5786 2238 5825 a
2267 5770 2425 5840 longe
2472 5767 2762 5824 dilectores
2788 5758 3080 5833 Babylonis
3114 5755 3367 5812 dicuntur
3408 5755 3556 5844 stare

1979 5833 2163 5937 (Αιῖδε.
2197 5833 2493 5935 xvui,‘l5),
2517 5869 2575 5917 ut
2599 5858 2838 5930 ejusdem
2870 5852 3152 5914 interitum
3181 5846 3248 5903 ab
3266 5858 3330 5902 ea
3360 5833 3553 5898 semet}
