3978 6332
510 291 618 351 283

1275 286 1340 341 V.
1382 284 1705 343 GUIBERTI
1732 283 2019 339 ABBATIS
2052 281 2109 337 S.
2144 280 2381 337 MARIAE
2417 280 2503 335 DE
2540 280 2931 339 NOVIGENTO
3662 278 3754 337 ρει

507 402 733 459 valeant
755 414 1002 473 pensare.
1034 396 1327 453 Ternarius
1363 395 1429 449 ad
1457 394 1805 460 Trinitatem,
1832 394 2085 449 denarius
2110 393 2163 453 Α
2188 403 2373 462 septem
2398 393 2525 446 anni
2550 393 2759 462 inopire,
2786 410 2915 460 quos
2937 391 3253 461 praedixerat
3274 392 3552 475 Joseph,et
3577 412 3629 449 tn
3647 401 3755 452 uni-

410 516 417 525 ν
515 495 584 549 ad
622 494 875 565 praecepti
916 492 1108 545 attinet
1154 487 1599 554 exsecutionem,
1649 502 1769 556 qua:
1816 488 1922 542 duo
1967 502 2088 541 cum

507 585 668 641 nobis
700 594 825 640 sunt
855 585 905 638 in
940 579 1224 642 desiderio,
1271 579 1403 633 satis
1460 577 1574 647 jam
1605 580 1856 650 congruit
1883 581 1939 634 in
1968 590 2090 634 eon-

505 686 683 747 spectu
733 672 1062 734 Pharaonis,
1093 670 1236 739 quod
1273 677 1357 724 est
1393 685 1633 741 praesens
1674 670 1930 726 violentia
1976 671 2087 726 dae-

512 766 712 829 monis,
762 762 946 824 statio,
981 759 1051 825 Lid
1081 768 1165 815 est
1201 760 1267 815 ad
1297 760 1417 830 ejus
1467 760 1736 815 illationes
1765 761 2083 817 decertatio.

578 854 737 907 Vsus.
756 851 847 916 47,
868 849 1032 905 48.-—-
1052 848 1306 923 Venitque
1327 852 1572 922 fertilitas
1588 862 1777 922 septem
1802 869 2087 920 annorum;

503 945 619 1013 etin
640 942 935 1012 manipulos
956 943 1181 998 redactae
1201 954 1392 1015 segetes
1413 958 1737 1019 congregata:
1748 958 1868 1003 sunt
1889 948 1944 1003 in
1965 949 2088 1003 hor-

506 1052 595 1090 rea
617 1034 859 1105 Egypti.
893 1034 1081 1090 Omnis
1112 1038 1269 1092 etiam
1309 1038 1520 1110 frugum
1552 1040 1874 1095 abundantia
1898 1042 1951 1095 in
1976 1041 2086 1095 sin-

496 1124 633 1196 gulis
662 1126 879 1181 urbibus
904 1128 1114 1181 condita
1146 1138 1241 1183 est.
1271 1129 1547 1186 Ubertatis
1569 1140 1812 1201 tempore
1833 1133 1889 1186 in
1918 1132 2087 1186 mani-

496 1214 649 1287 pulos
681 1217 1002 1287 rediguntur
1023 1229 1239 1289 segetes,
1264 1236 1386 1276 cum
1406 1223 1768 1292 prosperitate
1789 1223 1980 1279 divina:
2000 1237 2088 1277 ar-

497 1306 710 1361 ridente
749 1307 1073 1376 dulcedinis,
1113 1310 1250 1367 bona
1279 1321 1464 1368 nostra
1499 1314 1701 1384 passim
1745 1330 1807 1369 ac
1835 1314 2088 1384 quaelibet

503 1408 624 1453 acta
657 1400 757 1454 sub
781 1416 1006 1457 censura
1038 1418 1102 1458 ac
1136 1405 1181 1459 si
1205 1404 1306 1460 sub
1328 1405 1547 1461 vinculo
1574 1409 1791 1476 superni
1818 1407 2086 1463 constrin-

498 1500 705 1561 guntur
730 1492 953 1559 amoris,
981 1494 1123 1563 quod
1159 1503 1242 1550 est
1288 1495 1465 1550 oleum
1490 1497 1693 1551 habere
1730 1499 1781 1551 in
1823 1497 1985 1552 vasis.
2017 1496 2083 1551 In

498 1582 685 1637 horrea
700 1592 1097 1653 congregantur
1110 1585 1183 1639 Αἰ
1188 1588 1489 1658 gypti,quia
1512 1589 1824 1645 thesaurum
1839 1588 2085 1643 hunehao

496 1671 689 1729 bemus
713 1675 765 1728 in
785 1675 1045 1731 fictilibus
1063 1679 1223 1735 vasis.
1261 1678 1499 1751 Frugum
1525 1682 1852 1736 abundantia
1886 1684 1941 1736 in
1969 1683 2081 1736 sin-

496 1762 638 1832 gulis
670 1765 881 1842 urbibus
918 1779 1299 1840 congregatur,
1323 1788 1446 1827 eum
1468 1773 1708 1842 plenaria
1739 1774 2083 1830 continentiae

495 1852 668 1909 virtus
688 1839 761 1909 \tn
790 1872 1116 1929 unoquoque
1141 1875 1396 1917 sensuum
1443 1865 1741 1931 stabilitur,
1790 1866 1899 1920 imo
1949 1880 2081 1922 con-

495 1946 666 2008 ditur.
704 1950 845 2017 quoti
863 1952 1280 2009 occultationem
1307 1955 1589 2026 vigilanter
1607 1973 1804 2013 sonare
1826 1958 2080 2028 intelligi.

497 2040 796 2111 tur.(Vens.
812 2042 924 2113 49.)
946 2043 1216 2116 Tantaque
1228 2047 1816 2115 fuitmultitudotritici,
1832 2060 1885 2102 ut
1908 2066 2083 2104 arente

494 2133 660 2185 maris
685 2146 1064 2203 cowquaretur,
1078 2146 1124 2191 et
1143 2140 1292 2208 copia
1320 2157 1616 2195 mensuram
1640 2142 1924 2196 excederet.
1940 2142 2085 2196 Mul-

494 2220 666 2277 titudo
711 2224 870 2277 tritici
912 2227 1075 2280 maris
1110 2244 1284 2282 arente
1318 2239 1652 2301 coaequatur,
1699 2247 1821 2287 cum
1866 2232 2082 2287 virtutis

492 2310 875 2381 exuberantia,
912 2324 1022 2369 tum
1054 2318 1253 2373 mentis
1281 2322 1572 2389 serenitas,
1592 2337 1656 2377 ac
1675 2321 1865 2377 levitas
1887 2338 2083 2378 conve-

398 2444 411 2455 .
497 2402 1051 2475 niuntet‘junguntur.
1068 2409 1242 2464 Arena
1267 2412 1410 2465 enim
1426 2413 1604 2468 mollis
1624 2423 1675 2469 et
1697 2424 1848 2485 grata
1863 2414 2082 2485 planitie

497 2495 783 2564 est.Copia
804 2513 1118 2557 mensuram
1139 2504 1373 2571 excedit,
1388 2520 1510 2560 cum
1533 2507 1668 2561 bene
1689 2508 1879 2578 agendi
1908 2507 2082 2561 facqu

501 2600 584 2647 tas
640 2593 781 2648 ultra
824 2595 1071 2651 humanae
1116 2602 1521 2657 consuetudinis
1566 2617 1721 2657 usum
1765 2602 2081 2673 plerumque

499 2686 760 2755 suppetit.

572 2776 737 2833 Vens.
766 2780 856 2835 50.
881 2811 956 2823 —
978 2781 1108 2836 Nati
1139 2795 1261 2838 sunt
1286 2794 1459 2840 autem
1482 2786 1675 2858 Joseph
1699 2788 1801 2857 ﬁlii
1829 2789 1954 2855 duo,
1984 2806 2081 2844 an-

497 2876 707 2935 tequam
738 2871 929 2925 ueniret
957 2872 1166 2941 fames;
1212 2891 1340 2945 quos
1380 2876 1428 2929 ei
1454 2878 1649 2947 peperit
1694 2879 1938 2945 Aseneth,
1970 2887 2076 2935 etc.

497 2957 618 3013 Filii
667 2958 785 3030 ejus
835 2964 1029 3019 anima:
1057 2965 1297 3021 cmlcstis
1342 2969 1619 3037 augmenti
1647 2969 1819 3024 avidas
1848 2986 2079 3025 nascun-

501 3058 626 3115 tur,
680 3052 804 3105 dum
867 3056 1146 3122 praemisso
1200 3059 1533 3126 pmnitentiaz
1578 3060 1720 3114 bono
1770 3062 2078 3117 sanctitatis

495 3155 631 3212 opus
674 3146 1042 3217 subsequitur.
1086 3148 1210 3204 Haec
1252 3165 1319 3204 ex
1363 3152 1516 3206 ruina
1564 3153 1885 3209 dissecantis
1910 3170 2078 3225 appe-

498 3236 630 3291 titus
671 3238 818 3304 ftlia',
870 3255 1030 3311 quem
1092 3244 1374 3300 ductorem
1430 3245 1622 3300 habuit
1673 3247 1740 3300 ad
1790 3248 2078 3302 criminum

497 3327 764 3396 solstitia;
797 3331 1111 3403 gignuntur,
1160 3336 1313 3406 151
1347 3338 1473 3408 quia
1502 3338 1593 3393 ubi
1636 3340 1929 3394 abundavit
1957 3356 2082 3411 pec-

497 3430 698 3489 catum,
746 3426 919 3495 gratia
958 3429 1177 3484 uberior
1216 3431 1369 3500 juxta
1417 3433 1733 3501 Apostolum
1778 3433 2108 3491 infunditur

498 3510 677 3583 (Rom.
706 3529 760 3579 ν,
804 3517 918 3586 20).
953 3518 1098 3574 Solis
1128 3523 1348 3577 nomine
1392 3534 1582 3579 aestum
1632 3526 1948 3582 tentationis
1993 3543 2080 3582 ac-

499 3603 636 3672 cipi,
695 3614 831 3659 teste
887 3617 968 3662 est
1006 3609 1157 3674 illud,
1207 3614 1349 3681 quod
1392 3624 1513 3669 orto
1558 3617 1670 3671 sole
1713 3626 2082 3673 mstuavernnt

500 3693 749 3749 homines
772 3695 986 3768 (Matth.
1013 3716 1133 3768 xm,
1159 3702 1233 3770 6),
1261 3712 1318 3757 ut
1339 3705 1594 3761 Dominus
1617 3709 1726 3762 ait:
1752 3707 1939 3778 (Vens.
1964 3708 2078 3778 51.)

499 3783 901 3853 Primogenitus
959 3790 1155 3844 dicitur
1185 3791 1478 3864 Manasses,
1542 3800 1632 3867 qui
1674 3799 1872 3853 dicitur
1899 3800 2080 3854 oblivi-

499 3889 668 3939 scens,
693 3876 842 3944 quia,
869 3876 1062 3949 inquit,
1090 3881 1320 3938 oblivisci
1343 3903 1421 3940 me
1441 3888 1561 3956 fecit
1584 3889 1721 3943 Deus
1746 3897 1976 3945 omnium
2000 3891 2080 3946 la-

501 3965 686 4020 borum
716 3985 970 4038 meorum,
998 3982 1046 4025 et
1074 3975 1258 4031 domus
1290 3980 1454 4047 patris
1498 3983 1620 4036 mei.
1670 3981 1762 4036 llla
1793 3984 1936 4037 enim
1965 3998 2082 4053 pm-

501 4058 765 4115 nitudinis
800 4070 883 4116 est
903 4064 1123 4129 veritas,
1171 4068 1215 4121 si
1256 4078 1440 4125 vetera
1471 4082 1526 4126 et
1552 4073 1845 4141 prmierila,
1880 4074 1932 4127 in
1962 4074 2080 4144 qui-

496 4148 600 4205 bus
631 4150 995 4211 laboravimus
1023 4166 1077 4211 et
1126 4162 1334 4227 onerati
1383 4161 1601 4227 fuitnus,
1650 4164 2073 4232 ohliviscentes;

495 4250 551 4295 et
590 4242 779 4301 domus
828 4246 1107 4304 diabolicae
1156 4254 1500 4321 paternitatis
1534 4255 1690 4310 nobis
1743 4256 1947 4310 aditum
1985 4258 2079 4312 ob-

496 4341 812 4403 struentes,
871 4338 939 4391 ad
1018 4340 1254 4396 futuram
1335 4345 1629 4399 novitatem
1697 4348 2074 4402 extendamur.

496 4422 687 4492 (Vens.
735 4425 850 4496 52.)
893 4427 1171 4485 Secundus
1212 4432 1470 4502 Ephraim
1506 4443 1751 4503 vocatur,
1783 4437 1923 4506 quod
1964 4436 2077 4489 fru-

494 4512 739 4571 ctiﬁcans
766 4517 991 4573 dicitur:
1024 4518 1266 4578 Crescere
1287 4524 1446 4591 enim,
1476 4524 1571 4592 ait,
1604 4542 1684 4580 me
1706 4525 1827 4594 [erit
1851 4526 1992 4581 Deus
2016 4528 2072 4582 in
2106 4499 2151 4554 Β

495 4612 634 4657 terra
666 4610 987 4676 paupertatis
1017 4628 1185 4678 mete;
1227 4614 1280 4667 in
1319 4630 1424 4683 quo
1455 4616 1830 4688 intelliguntur
1855 4620 2071 4691 pietatis

496 4694 781 4763 exercitia,
815 4712 933 4766 quae
965 4699 1174 4756 fructus
1214 4704 1562 4762 sunt-vitales
1601 4710 2069 4781 emergentesjam

497 4783 549 4837 in
606 4800 859 4855 corpore,
916 4792 1057 4862 quod
1103 4791 1202 4847 fuit
1248 4796 1376 4850 olim
1433 4798 1659 4853 internae
1705 4802 2066 4871 paupertatis,

496 4872 630 4928 dans
656 4879 939 4935 materiam
972 4890 1139 4952 terra,
1170 4884 1259 4938 ubi
1283 4892 1337 4939 et
1366 4886 1664 4956 accipimus
1690 4904 1847 4944 verso
1879 4890 2069 4943 ordine

493 4983 637 5022 nunc
667 4970 1019 5029 incrementa.

562 5059 722 5118 Vnus.
769 5064 860 5129 53,
891 5065 1077 5119 54.—
1110 5065 1284 5137 Igitur
1334 5071 1610 5124 transactis
1667 5083 1859 5140 septem
1915 5074 2067 5128 annis

491 5147 761 5221 ubertatis,
814 5155 904 5224 qui
954 5154 1163 5223 fuerant
1210 5156 1266 5211 in
1315 5156 1567 5228 Afgypto,
1606 5173 1864 5231 coeperunt
1902 5165 2073 5219 venire

2191 501 2339 539 verso
2368 485 2487 539 orbe
2513 485 2677 555 {antes
2711 485 3009 555 prrevaluit.
3042 484 3247 538 Divinas
3289 485 3573 541 infusionis
3602 488 3756 557 pleni-

2194 576 2381 629 tudine
2410 584 2619 640 exacta,
2654 575 2927 629 interioris
2961 576 3134 629 victus
3181 575 3386 629 accedit
3414 577 3613 642 inedia,
3644 582 3754 648 quia

2188 666 2295 721 nisi
2334 667 2508 735 gratia
2539 666 2604 719 ad
2641 676 2849 735 tempus
2893 666 3126 730 deserat,
3181 668 3407 721 tentatio
3457 668 3629 724 locum
3659 687 3754 727 non

2190 757 2418 821 invenit,
2449 774 2554 830 quo
2597 774 2656 815 se
2691 760 2907 824 inferat,
2961 768 3007 813 et
3062 760 3116 813 in
3161 760 3400 815 universo
3430 762 3568 826 orbe,
3598 767 3755 819 omni-

2188 852 2348 907 moda
2382 852 2626 908 videlicet
2658 852 3004 923 perfectione,
3031 868 3150 921 quae
3182 853 3390 922 pridem
3415 854 3612 909 "fuerat
3650 857 3752 913 lan-

2187 947 2371 1018 guoris
2400 947 2597 1003 interni
2632 948 2847 1003 miseria
2874 947 3110 1001 incubat.
3134 945 3291 1001 Orbis
3316 947 3387 1001 ob
3414 950 3494 1002 sui
3528 952 3754 1005 rotundi-

2190 1046 2356 1092 tatem
2385 1053 2482 1108 pro
2509 1038 2733 1107 perfecto
2762 1038 3001 1106 ponitur,
3033 1044 3093 1089 nt
3124 1046 3205 1090 est
3230 1053 3242 1088 :
3275 1036 3506 1090 Auribus
3526 1038 3753 1108 percipite

2186 1132 2277 1203 qui
2304 1131 2551 1184 habitatis
2583 1130 2756 1183 orbem
2786 1128 2959 1200 (Psal.
2989 1138 3177 1191 xm",
3224 1127 3301 1197 2).
3332 1127 3399 1181 In
3426 1140 3609 1182 cuncta
3630 1138 3754 1185 terra

2186 1222 2408 1293 Egypti
2428 1239 2531 1275 non
2553 1232 2665 1276 erat
2694 1223 2865 1290 panis.
2892 1220 3081 1279 (Vens.
3104 1220 3217 1290 55.)
3245 1220 3363 1284 Qua
3378 1221 3631 1297 esuriente
3658 1222 3753 1276 cla-

2184 1316 2343 1370 mauit
2393 1314 2611 1384 populus
2650 1315 2718 1367 ad
2766 1312 3094 1367 Pharaonem
3149 1312 3396 1366 alimenta
3450 1322 3641 1373 petens.
3695 1313 3752 1368 In

2182 1416 2299 1463 tota
2343 1416 2483 1461 terra
2539 1406 2759 1476 ngypti
2815 1422 2915 1459 non
2957 1414 3041 1460 est
3083 1405 3271 1473 panis,
3346 1402 3473 1471 quia
3525 1403 3576 1456 in
3624 1405 3751 1458 omni

2186 1501 2449 1557 mundiali
2507 1500 2780 1555 desiderio
2835 1513 2941 1552 non
2977 1507 3061 1553 est
3091 1497 3197 1551 ulla
3248 1496 3509 1549 alimonia
3555 1495 3749 1550 mentis.

2189 1591 2313 1647 Non
2331 1594 2467 1647 enim
2484 1591 2709 1657 invenio,
2743 1590 3145 1659 aitApostolus,
3176 1590 3231 1641 in
3259 1604 3417 1641 carne
3437 1604 3550 1641 mea
3580 1587 3751 1641 bonum

2186 1683 2369 1755 (Rom.
2397 1699 2493 1747 vn,
2529 1684 2636 1753 l8).
2667 1681 2814 1737 Pane
2846 1697 2976 1736 vero
3012 1681 3200 1752 gratiae
3243 1687 3564 1747 consumpto
3607 1678 3752 1749 ngy-

2187 1784 2313 1845 ptus
2368 1775 2734 1835 tenebrarum,
2788 1781 2843 1826 et
2900 1772 3179 1827 tribulatio
3221 1778 3601 1839 coangustans,
3659 1785 3751 1823 non

2186 1867 2390 1922 habens
2446 1866 2586 1921 unde
2636 1866 2949 1920 inanitatem
3001 1864 3207 1918 ventris
3264 1861 3581 1932 adimpleat,
3630 1863 3749 1915 etin

2186 1960 2399 2029 siliquis
2424 1969 2681 2015 constans
2710 1958 2844 2012 nihil
2879 1956 3137 2026 reperiat,
3186 1955 3381 2009 merito
3430 1952 3615 2007 esurit.
3642 1952 3750 2007 Cla-

2186 2058 2301 2105 mat
2328 2050 2396 2104 ad
2424 2048 2779 2114 Pharaonem,
2804 2049 2952 2118 quia,
2973 2047 3129 2114 juxta
3164 2043 3535 2114 Evangelium,
3572 2044 3749 2111 expetit

2185 2142 2424 2209 regionis
2461 2141 2778 2210 principem,
2815 2142 2909 2194 sed
2948 2140 3071 2195 dum
3098 2152 3204 2193 non
3252 2137 3431 2191 reiicit
3471 2152 3536 2189 ex
3580 2150 3748 2204 porco—

2184 2248 2305 2289 rum
2336 2233 2458 2288 cibo
2493 2232 2689 2288 famem
2721 2231 2872 2301 (Luc.
2917 2246 3008 2296 xv,
3046 2230 3134 2296 15,
3166 2228 3281 2297 16),
3316 2228 3473 2297 quasi
3523 2242 3587 2279 ex
3624 2227 3749 2296 prin-

2185 2326 2323 2395 cipis
2376 2325 2462 2382 vel
2512 2325 2813 2381 Pharaonis
2864 2337 3123 2393 responso
3174 2321 3397 2391 repetit,
3432 2328 3486 2372 et
3515 2328 3749 2388 exoptare

2184 2422 2394 2489 cogitur
2437 2419 2891 2474 mercenariorum
2919 2430 3133 2486 panem.
3184 2417 3284 2479 Ite,
3329 2411 3529 2482 inquit,
3563 2410 3626 2463 ad
3666 2410 3748 2463 Jo-

2183 2510 2332 2579 seph,
2364 2508 2588 2564 caeleste
2614 2517 2962 2578 augmentum
2987 2505 3244 2577 appetite,
3272 2513 3319 2558 et
3345 2502 3600 2573 quidquid
3626 2502 3747 2555 vobis

2182 2601 2450 2666 indixerit,
2495 2601 2671 2670 facile.
2707 2600 2858 2654 Sicut
2881 2600 3023 2653 enim
3051 2597 3318 2668 cupiditas
3383 2596 3661 2660 malorum,
3683 2593 3748 2648 sic

2184 2692 2425 2745 omnium
2456 2701 2539 2745 est
2568 2691 2654 2759 pia
2696 2690 2908 2744 atl'ectio
2938 2688 3193 2759 magistra
3228 2686 3522 2741 bonorum.

2259 2781 2422 2837 Vens.
2457 2780 2548 2837 56.
2575 2810 2647 2821 -
2690 2780 2960 2834 Crescebat
3004 2788 3180 2833 autem
3219 2778 3452 2848 quotidie
3499 2777 3655 2845 fames
3702 2775 3746 2827 in

2182 2874 2325 2927 omni
2377 2884 2538 2941 terra,
2590 2874 2737 2943 quia,
2778 2873 3040 2941 gliscente
3102 2883 3345 2925 motuum
3406 2866 3742 2938 corporalium

2180 2967 2392 3033 morbo,
2429 2982 2535 3021 non
2567 2966 2727 3020 habet
2775 2965 2915 3034 quod
2966 2962 3198 3017 del‘ectui
3247 2975 3347 3015 suo
3378 2960 3639 3029 propinet,
3664 2966 3744 3010 aut

2186 3066 2445 3129 suggerat
2474 3058 2627 3127 inops
2674 3055 3035 3118 conscientia;
3073 3052 3349 3122 quaerendi
3382 3068 3510 3122 ergo
3552 3059 3667 3105 sunt
3689 3048 3744 3103 ab

2184 3153 2364 3208 amico
2389 3150 2586 3220 Joseph
2618 3158 2728 3205 tres
2766 3164 2953 3220 panes,
3005 3148 3094 3217 qui
3145 3156 3490 3217 apponuntur
3535 3143 3743 3213 Aﬂgypto

2182 3258 2414 3300 reversae
2435 3243 2500 3297 de
2520 3242 2603 3296 via
2627 3240 2784 3312 (Luc.
2835 3256 2894 3305 ll,
2937 3238 3013 3309 5).
3045 3239 3362 3309 Aperuitque
3415 3236 3601 3305 Joseph
3642 3232 3741 3285 uni-

2183 3352 2329 3390 versa
2377 3337 2587 3399 horrea,
2638 3342 2687 3386 et
2736 3330 2981 3386 vendebat
3030 3330 3335 3400 zEgyptiis,’
3390 3345 3510 3385 nam
3548 3336 3591 3381 et
3641 3323 3742 3377 illos

2184 3438 2505 3497 oppresserat
2546 3425 2732 3491 futues.
2777 3424 2964 3494 (Vens.
3001 3423 3115 3491 57.)
3152 3422 3448 3492 Omnesque
3474 3416 3740 3489 provinciis

2181 3520 2450 3573 veniebant
2481 3520 2533 3571 in
2570 3517 2878 3586 ngyptum,
2936 3525 2990 3568 ut
3033 3526 3259 3569 emerent
3283 3531 3450 3580 escas,
3498 3522 3544 3567 et
3566 3508 3741 3565 malum

2187 3607 2380 3676 inopia:
2421 3612 2787 3674 temperarent.
2839 3601 3033 3671 Joseph
3068 3603 3311 3656 universa
3350 3603 3537 3655 horrea
3569 3596 3740 3666 aperit,

2183 3713 2305 3752 cum
2335 3696 2532 3751 interni
2570 3694 2800 3748 aviditas
2827 3694 3101 3762 profectus
3136 3706 3452 3762 assurgens,
3494 3688 3646 3743 totius
3667 3701 3735 3738 ra-

2184 3790 2518 3855 tionalitatis,
2569 3788 2725 3857 juxta
2778 3787 2918 3857 quod
2961 3787 3154 3857 cuique
3202 3786 3278 3839 rei
3331 3795 3618 3855 congruum
3650 3786 3739 3840 est,

2181 3882 2366 3951 copias
2415 3880 2615 3949 pandit.
2663 3878 2929 3948 [Egyptiis
2981 3876 3187 3941 vendit,
3222 3876 3347 3930 dum
3385 3875 3453 3929 ab
3502 3873 3578 3926 eis
3614 3864 3738 3938 quod

2180 3972 2422 4044 Egyptii
2455 3982 2599 4039 sunt,
2628 3972 2681 4026 id
2704 3980 2787 4026 est
2814 3970 2957 4041 quod
3004 3966 3347 4023 saecularitati
3397 3963 3740 4055 intenderunt,

2178 4081 2275 4137 per
2322 4064 2715 4119 confessionem
2769 4061 3046 4130 accipitet
3092 4058 3437 4128 postmodum
3492 4049 3737 4145 stipendia

2180 4158 2354 4228 dignm
2382 4154 2763 4210 consolationis
2805 4152 3076 4222 eXpendit.
3122 4150 3252 4204 Illos
3299 4151 3446 4204 enim
3502 4142 3738 4215 opprimit

2183 4250 2376 4320 fames,
2412 4249 2537 4319 quia
2565 4258 2742 4301 motus
2768 4246 3037 4315 praecipue
3065 4243 3433 4314 acgrimoniam
3468 4241 3605 4294 hanc
3632 4247 3737 4304 per-

2176 4344 2363 4411 ferunt
2403 4342 2683 4396 animales.
2720 4338 2909 4393 Omnes
2935 4337 3213 4407 provinciw
3258 4335 3475 4389 veniunt
3503 4333 3556 4385 in
3587 4327 3736 4395 Αἶρε(-

2177 4446 2321 4506 plum
2349 4445 2402 4487 ut
2425 4450 2568 4488 escas
2611 4440 2813 4496 emant,
2855 4446 2974 4484 cum
3023 4443 3212 4483 omnes
3245 4422 3624 4483 exterioritatis
3650 4435 3734 4511 no-

2178 4531 2305 4577 stra:
2329 4519 2690 4590 dispersioucs
2719 4517 2784 4570 ad
2809 4514 3171 4569 tribulationis
3199 4513 3480 4582 angustiae,
3508 4519 3735 4563 interoris

2178 4614 2342 4669 etiam
2378 4627 2440 4666 ac
2466 4608 2863 4665 tenebrositatis
2889 4604 3119 4675 propriae
3151 4604 3397 4657 miserias
3426 4594 3737 4656 contuendas

2177 4704 2459 4768 accedunt,
2489 4701 2577 4755 ubi
2626 4700 2919 4755 remedium
2980 4699 3080 4753 sibi
3124 4699 3432 4753 refectionis
3476 4688 3734 4759 cujusdam

2175 4810 2238 4853 ex
2270 4795 2469 4857 doloris
2488 4792 2821 4862 itnpensione
2847 4790 3085 4860 exigunt.
3118 4790 3353 4844 Fuerunt
3376 4787 3517 4843 enim
3543 4780 3735 4836 cuidam

2175 4890 2428 4960 lacryma:
2481 4901 2592 4940 suae
2652 4898 2819 4954 panes
2876 4882 2962 4936 die
3012 4897 3074 4935 ac
3129 4891 3286 4935 nocte
3323 4878 3493 4949 (Psal.
3537 4864 3733 4934 11.1.4)-

2176 4983 2444 5056 Egyptus
2510 4987 2687 5035 autem
2721 4987 2775 5033 et
2821 4975 3221 5031 tribulationem
3275 4982 3328 5030 et
3391 4980 3579 5027 caetera
3628 4969 3735 5032 quiﬁ

2175 5075 2535 5147 praemisimus
2562 5073 2781 5129 nomine
2800 5078 2973 5129 sonat.

1484 5394 1733 5441 EXPLICIT
1773 5403 1931 5443 LIBER
1969 5403 2243 5446 MORALlI'II
2283 5403 2545 5446 GENESEOS
2577 5402 2763 5445 NONUS.
