3978 6332
597 316 706 376 287

1370 312 1430 371 V.
1473 312 1797 370 GUIBERTI
1834 312 2125 374 ABBATIS
2162 316 2221 375 S.
2266 308 2505 373 ΜΑΒΙᾹΞ
2548 316 2635 374 DE
2717 308 3109 380 NOVIGENTO

3747 328 3841 395 283

598 443 752 487 cutus
808 448 943 500 sum,
998 429 1347 500 exploratores
1390 430 1510 482 estis
1543 428 1679 500 (14).
1731 427 1956 486 Tharsis
1976 432 2174 487 dicitur
2200 435 2247 494 Α
2277 440 2453 488 zetur.
2483 431 2535 484 in
2564 438 2827 486 aeternum
2864 446 3086 487 carnem
3104 447 3209 489 non
3251 436 3538 495 manducat
3563 441 3842 512 Apostolus

593 526 892 595 exploratio
921 525 1117 596 gaudii,
1150 524 1199 576 in
1228 521 1418 589 spiritu
1448 532 1628 576 autem
1658 524 1961 580 vehementi
1987 535 2173 582 conte-

592 616 670 671 rit
701 619 837 673 Deus
871 630 1031 669 naves
1064 613 1287 668 'l‘harsis
1331 612 1503 686 (Psal.
1545 631 1715 682 XLVII,
1754 617 1829 688 8).
1872 615 1990 673 Jam
2028 636 2171 677 nunc

592 712 1012 781 experimentum
1042 707 1252 777 capiam
1290 708 1682 765 mundanavos
1708 712 1881 766 adhuc
1912 715 2169 784 aucupari

593 802 803 873 gaudia.
825 798 1007 865 (Vens.
1035 799 1145 867 l5.)
1173 797 1276 854 Per
1302 801 1524 856 salutem
1552 800 1867 871 Pharaonis,
1892 822 1995 860 non
2027 824 2170 877 egre-

591 893 803 945 diemini
827 891 967 956 hinc,
991 891 1154 946 donec
1205 896 1374 949 veniat
1408 894 1573 961 frater
1594 907 1756 951 vester
1778 898 2042 955 minimus.
2070 901 2168 955 Sa-

586 982 667 1036 lus
692 982 987 1039 Pharaonis
1012 993 1114 1049 est,
1147 1000 1253 1041 non
1280 1003 1382 1056 qua
1408 986 1622 1042 Pharao
1645 988 1909 1056 solvatur,
1938 992 2030 1047 scd
2062 1007 2167 1063 qua

584 1074 762 1143 potius
794 1090 823 1127 a
856 1077 1019 1146 typiei
1058 1077 1357 1133 Pharaonis
1402 1080 1708 1136 incursione
1746 1082 2034 1138 solvamur.
2066 1084 2163 1153 Ita,

583 1164 777 1234 inquit,
808 1181 835 1219 a
865 1168 1126 1223 bonorum
1151 1172 1391 1226 omnium
1423 1172 1747 1240 dissipatore
1788 1174 1982 1243 salver,
2021 1179 2166 1246 quod

588 1272 696 1313 non
751 1260 896 1326 hinc,
952 1262 1003 1315 id
1062 1271 1144 1317 est
1193 1264 1260 1318 ab
1304 1265 1541 1334 appetitu
1587 1265 1822 1323 caelestis
1869 1271 2165 1339 augmenti,

582 1352 843 1407 excedere
871 1352 935 1407 ad
970 1361 1182 1409 terrena
1228 1371 1325 1411 vos
1368 1356 1548 1425 liceat,
1595 1360 1766 1415 donec
1796 1360 1908 1431 spei
1947 1371 2164 1418 aeternae

582 1440 811 1509 fructus,
845 1445 934 1513 qni
964 1445 1014 1499 in
1066 1446 1218 1502 caelis
1257 1449 1398 1517 apud
1426 1449 1642 1505 Patrem
1688 1451 2034 1511 absconditus
2063 1465 2163 1525 est,

580 1535 782 1590 veniat.
826 1536 1079 1592 Minimus
1102 1540 1263 1594 etiam
1293 1541 1413 1597 ideo
1443 1554 1546 1609 est,
1575 1544 1699 1614 quia
1730 1553 1784 1600 et
1813 1547 2020 1602 minimi
2049 1564 2166 1603 am-

581 1626 723 1694 plius
755 1627 921 1699 diligi,
950 1638 1004 1685 et
1030 1632 1206 1686 curari
1235 1634 1431 1700 solent,
1462 1637 1605 1707 quod
1655 1647 1825 1694 totum
1873 1640 2067 1696 attinet
2096 1643 2165 1697 ad

579 1730 749 1787 spem.

657 1808 821 1867 Vens.
853 1812 940 1868 16.
972 1841 1042 1857 --
1075 1814 1268 1873 Mittite
1311 1836 1376 1874 ex
1415 1820 1554 1877 vobis
1617 1839 1802 1889 unum,
1856 1835 1901 1879 et
1941 1826 2169 1881 adducat
2203 1793 2246 1852 Β

584 1916 701 1954 eum
732 1915 750 1954 .'
787 1920 871 1959 ros
895 1916 1066 1961 autent
1107 1911 1252 1964 eritis
1298 1911 1350 1965 in
1397 1914 1636 1980 uinculis,
1687 1914 1850 1970 donec
1887 1918 2171 1986 probentur

584 2008 701 2063 qum
734 1994 889 2066 153
919 1998 1149 2065 dixistis,
1181 2012 1355 2055 utrum
1408 2021 1527 2058 vera
1557 2022 1625 2059 an
1656 2006 1796 2073 falsa
1847 2008 1969 2061 sint.
2018 2009 2168 2065 Illum

584 2099 744 2138 unum
775 2088 1127 2157 principalem
1157 2094 1362 2157 mittite.
1395 2110 1459 2149 ac
1482 2097 1525 2151 si
1560 2107 1901 2167 sequestrum
1934 2102 2172 2157 charita-

582 2176 651 2232 tis
680 2176 954 2246 affectum,
987 2191 1045 2237 ut
1075 2185 1218 2252 quod
1245 2188 1553 2256 prospicitis
1597 2204 1689 2259 spe
1740 2191 1992 2246 exhibeat
2017 2194 2169 2250 vobis

577 2267 631 2321 in
674 2284 753 2324 re.
816 2268 921 2325 Vos
963 2282 1163 2340 autem,
1212 2275 1431 2332 interim
1462 2295 1491 2333 a
1524 2282 1770 2337 szeculari
1814 2284 2165 2353 cohibendos,

578 2357 679 2412 sub
708 2358 1002 2430 disciplina:
1027 2365 1254 2421 vinculis
1299 2368 1491 2424 scitote
1533 2369 1775 2437 lascivia,
1817 2384 1873 2428 ut
1903 2377 2165 2446 probetur

581 2448 681 2503 sub
708 2451 845 2508 meis
866 2457 1327 2525 accusationibus,
1355 2470 1549 2519 vestrm
1575 2465 1873 2523 devotionis
1893 2483 1956 2523 ac
1981 2484 2168 2537 perse-

578 2544 838 2599 verantiae
890 2546 1131 2605 defensio
1188 2550 1348 2608 facta.
1407 2555 1595 2626 (Vens.
1631 2561 1718 2625 l7,
1760 2561 1868 2630 l8.)
1926 2562 2167 2619 Tradidit

578 2646 699 2701 ergo
723 2649 810 2688 eos
851 2635 906 2690 in
935 2640 1171 2696 custodia
1220 2644 1385 2699 tribus
1416 2647 1616 2702 diebus.
1648 2651 1744 2706 Die
1791 2663 1963 2708 autem
2013 2658 2165 2710 tertio

578 2723 775 2779 eductis
801 2742 827 2779 e
850 2742 1075 2795 carcere,
1125 2733 1200 2786 ait
1230 2748 1249 2786 :
1281 2734 1466 2793 Facite
1500 2741 1639 2810 quod
1680 2743 1810 2807 dixi,
1845 2754 1892 2799 et
1937 2748 2112 2801 vivetis
2144 2761 2164 2802 :

578 2809 745 2867 Deum
777 2817 915 2871 enim
936 2820 1109 2876 timeo.
1138 2821 1319 2879 Prima
1344 2827 1456 2881 dies
1470 2809 1879 2899 eStconversio;
1904 2838 2161 2905 secunda,

576 2902 839 2961 virtutum
890 2913 1185 2981 prontotio;
1243 2918 1430 2985 tertia,
1487 2921 1726 2978 ccelestis
1777 2929 2160 2983 remuneratio.

578 2993 691 3051 Sub
732 3002 1103 3059 conversionis
1152 3023 1279 3079 ergo
1314 3012 1612 3079 vocatione,
1666 3018 1765 3071 sub
1809 3019 2160 3089 promotionis

570 3088 980 3164 justifieatione,
1028 3100 1127 3155 sub
1174 3106 1629 3163 remunerationis
1654 3109 1828 3167 adhuc
1858 3120 2036 3167 tamen
2064 3130 2161 3184 per

575 3196 724 3252 spem
756 3186 1164 3257 glorificatione,
1196 3195 1422 3253 rationis
1448 3200 1823 3271 mancipamur
1868 3206 2155 3272 custodiat;

572 3276 668 3329 sed
700 3292 822 3332 cum
851 3280 917 3335 de
952 3282 1160 3341 timoris
1202 3288 1287 3342 die
1317 3292 1469 3344 tertio
1499 3293 1743 3349 eruimur
1771 3312 2011 3363 carcere,
2043 3298 2157 3368 jam

572 3363 837 3433 placidius
862 3379 1044 3428 monet
1075 3374 1242 3432 vitam
1268 3379 1648 3437 mandatorum
1682 3384 1990 3456 impletione
2022 3406 2164 3446 mer-

574 3457 709 3512 cari.
740 3458 909 3515 Deum
933 3466 1093 3529 enim,
1123 3467 1320 3538 inquit,
1364 3474 1541 3541 timeo,
1569 3491 1676 3531 non
1708 3479 1994 3548 poenaliter
2023 3482 2158 3553 jam,

569 3550 668 3603 sed
698 3566 767 3605 ex
816 3564 969 3622 parte
1005 3563 1348 3627 paternitatis
1379 3565 1667 3624 desiderio.
1723 3569 1910 3638 (Vens.
1947 3550 2056 3645 19.)
2101 3550 2159 3630 Si

568 3654 700 3714 ergo
720 3658 906 3714 pacem
939 3664 967 3703 a
989 3651 1135 3707 vitiis
1159 3670 1367 3711 mecum
1384 3656 1497 3727 jam
1520 3660 1722 3717 habere
1752 3665 2022 3735 cmpistis,
2050 3666 2163 3736 fra-

571 3741 650 3787 ter
673 3744 836 3790 vester
857 3756 989 3794 unus
1018 3741 1224 3813 ligetur,
1271 3747 1508 3806 charitas
1547 3751 1635 3806 illa
1666 3753 1738 3807 nil
1763 3753 1876 3822 jam
1907 3765 2157 3827 suspecta

571 3824 639 3879 de
678 3827 939 3897 supplicio
980 3847 1254 3892 carcerem
1279 3841 1472 3897 amodo
1510 3842 1710 3914 lugeat,
1763 3860 1868 3915 quo
1898 3824 2161 3902 retinetur

570 3927 601 3969 a
628 3929 823 3987 regno;
857 3936 944 3976 vos
983 3934 1157 3980 autem
1204 3930 1340 3985 abite
1365 3932 1433 3987 ab
1460 3934 1761 3991 intentione
1796 3937 2074 4003 forastica,
2103 3948 2160 3995 et

572 4009 740 4067 divini
780 4017 988 4086 saporis
1034 4021 1100 4075 ad
1141 4023 1472 4096 singularum
1507 4028 1826 4085 diverticula
1861 4031 2154 4101 virtutum;

573 4102 703 4172 ferte
732 4104 1015 4174 frumenta.
1046 4112 1233 4184 (Vens.
1269 4117 1385 4187 20.)
1419 4119 1498 4175 Ex
1534 4137 1641 4191 quo
1674 4122 1933 4180 minimus
1961 4123 2154 4192 frater,

574 4207 697 4264 spes
733 4198 983 4257 videlicet
1018 4205 1148 4260 mihi
1191 4209 1445 4280 ampliata
1485 4213 1791 4281 proveniat,
1827 4222 1882 4269 et
1907 4216 2158 4273 veracior

570 4295 763 4344 vestra:
789 4289 1129 4363 allegationis
1178 4299 1246 4354 ad
1276 4300 1397 4355 vita:
1431 4302 1713 4372 praemium
1756 4305 2025 4376 professio
2059 4323 2161 4378 pa-

569 4386 699 4436 teat.

643 4471 806 4531 Vens.
830 4477 921 4534 2i.
952 4479 1306 4537 —Fecerunt
1355 4494 1412 4538 ut
1461 4484 1688 4555 dixerat,
1745 4499 1794 4544 et
1835 4490 1999 4546 locuti
2029 4501 2152 4547 sunt

571 4565 641 4620 ad
671 4569 887 4624 inuicem
912 4586 929 4624 :
955 4571 1145 4629 Merito
1171 4577 1282 4633 [nec
1310 4580 1561 4650 patimur,
1592 4583 1716 4653 quia
1738 4585 2061 4654 peccavimus
2091 4587 2147 4640 in

573 4656 791 4727 fratrem
846 4675 1122 4734 nostrum,
1168 4670 1395 4727 videntes
1444 4677 1745 4746 angustiam
1789 4679 1981 4733 anima:
2031 4678 2147 4749 ejus

562 4762 683 4802 cum
705 4751 1070 4824 deprecaretur
1093 4774 1206 4824 nos,
1225 4771 1272 4816 et
1296 4779 1401 4818 non
1430 4766 1753 4821 audivimus.
1775 4766 1983 4822 Idcirco
2012 4769 2147 4824 venit

563 4838 665 4928 ista
707 4846 977 4902 tribulatio
1006 4866 1162 4920 super
1193 4870 1307 4911 nos.
1351 4854 1648 4928 Postquam
1702 4859 1974 4915 desiderio
2032 4874 2148 4916 co:-

563 4927 684 4989 lesti
715 4936 873 4994 factis
906 4942 1322 5011 acquiescimus,
1362 4956 1419 5002 et
1444 4927 1841 5018 gravitudincm
1871 4951 1996 5005 vitae
2028 4967 2146 5006 mu-

566 5028 790 5085 tationis
808 5033 1160 5104 attendimus,
1186 5036 1327 5093 intra
1352 5053 1450 5095 nos
1476 5041 1580 5096 ista
1608 5042 1945 5098 conferimus
1974 5058 1988 5097 :
2015 5042 2145 5099 Hazc

563 5118 748 5174 merito
796 5122 1174 5182 difﬁcultatum
1222 5129 1362 5183 mala
1397 5132 1656 5201 patimur,
1688 5134 1812 5203 quia
1842 5144 2031 5189 contra
2062 5136 2143 5191 iu-

561 5211 817 5267 teriorem
864 5214 1138 5272 hominem
1175 5221 1538 5290 peccavimus,
1589 5242 1706 5280 cum
1742 5227 1855 5296 ipse
1883 5226 1986 5299 legi
2014 5229 2139 5296 Dei;

561 5307 818 5373 quoniam
844 5309 989 5363 bona
1026 5319 1130 5377 est,
1161 5316 1529 5384 consentiens,
1551 5318 1693 5374 inter
1716 5322 1993 5390 angustias
2023 5332 2144 5378 teu-

561 5398 786 5455 tationis
825 5399 1053 5461 invitus,
1091 5411 1147 5456 et
1177 5407 1333 5475 quasi
1365 5410 1702 5468 ratiocinans
1738 5413 2043 5470 traheretur
2074 5416 2143 5471 ad

560 5486 797 5558 culpam,
826 5499 874 5543 et
906 5504 1010 5542 non
1036 5492 1352 5551 audivimus.
1378 5498 1587 5557 Idcirco
1627 5505 1681 5559 in
1730 5520 1839 5575 quo
1880 5509 2049 5579 gratis
2084 5517 2143 5565 et

557 5578 706 5633 nullo
728 5587 955 5649 cogente
987 5582 1215 5649 ruimus,
1235 5586 1380 5658 juste
1400 5594 1500 5650 sub
1530 5596 1857 5654 indesinenti
1876 5602 2138 5659 malorum

552 5669 751 5725 tributa
766 5669 1036 5738 iacemus.
1061 5672 1294 5748 Propter
1322 5682 1466 5740 hunc
1503 5685 1751 5760 fratrem,
1784 5705 1849 5748 ne
1876 5695 2137 5752 scandali-

627 5802 745 5882 (M)
783 5802 1040 5864 Nonnihil
1073 5811 1160 5872 hic
1192 5814 1379 5879 deesse
1404 5824 1635 5885 videtur.

2278 520 2332 587 (1
2363 520 2486 575 Cor.
2511 538 2631 587 vm,
2666 523 2776 593 15).
2811 524 2997 594 (Vens.
3028 525 3147 592 22.)
3191 525 3240 580 E
3266 531 3455 599 quibus
3493 549 3625 589 unus
3666 535 3841 597 Ruben

2275 613 2351 666 ait
2395 629 2412 666 :
2442 612 2697 683 Nunquid
2726 631 2829 669 non
2865 615 2977 670 dixi
3006 618 3146 671 vobis
3170 633 3188 672 :
3212 618 3390 675 Nolite
3417 640 3628 691 peccare
3651 628 3704 680 in
3733 647 3823 698 pne

2275 719 2412 770 rum,
2443 714 2491 759 et
2521 721 2623 759 non
2655 705 2878 760 audistis
2906 708 3027 761 me?
3064 725 3127 762 en
3150 714 3366 782 sanguis
3392 713 3505 783 ejus
3538 719 3820 789 exquiritur

2274 795 2689 866 Conqueramur
2734 799 2916 855 taliter
2960 800 3246 858 adversum
3293 820 3350 860 se
3394 817 3575 863 motus
3628 811 3818 869 interni

2274 888 2366 942 sed
2391 887 2604 955 Ruben,
2634 890 2726 959 qui
2752 892 2951 945 dicitur
2977 892 3158 947 videns
3189 894 3241 947 in
3274 896 3467 963 medio,
3501 897 3552 953 id
3576 911 3658 956 est
3688 904 3818 961 ratio

2273 996 2393 1051 qum
2421 982 2726 1052 corporalia
2752 986 3116 1040 communiter
3139 986 3548 1059 spiritualiaque
3575 990 3837 1061 diiudicat,

2275 1089 2438 1143 super
2482 1091 2579 1130 sua
2624 1091 2717 1130 eos
2765 1076 3151 1146 redargutione
3189 1088 3597 1143 commemorat.
3625 1084 3765 1152 quod
3794 1086 3839 1141 in

2272 1181 2330 1222 se
2362 1167 2608 1222 hebetem
2635 1168 2842 1223 scilicet
2869 1168 3067 1233 adhuc,
3091 1177 3145 1223 et
3169 1170 3237 1224 ad
3266 1169 3611 1227 conﬂictuum
3638 1173 3839 1232 labores

2273 1263 2513 1311 tenerum
2565 1271 2789 1324 peccare
2835 1258 3069 1313 vetuerit
3114 1268 3169 1315 et
3219 1260 3428 1325 audire,
3470 1264 3841 1332 spernentibus

2272 1346 2500 1415 peccati,
2535 1348 2677 1416 quod
2716 1358 2797 1404 est
2827 1349 3125 1420 sanguinis,
3178 1352 3322 1406 Deus
3357 1366 3549 1421 poenas
3590 1353 3834 1412 intulerit.

2344 1461 2507 1516 Vens.
2548 1461 2641 1526 25,
2671 1463 2762 1528 24,
2796 1463 2886 1519 25.
2918 1495 2986 1504 —
3012 1463 3328 1519 Nesciebant
3376 1473 3550 1519 autem
3589 1465 3726 1535 quod
3765 1468 3836 1523 in-

2272 1551 2524 1621 telligeret
2571 1550 2790 1624 Ioseph,
2829 1570 2887 1608 eo
2911 1555 3049 1625 quod
3074 1573 3166 1625 per
3190 1556 3521 1625 interpretem
3559 1558 3840 1630 loqueretur

2273 1644 2341 1697 ad
2384 1660 2493 1698 eos.
2536 1644 2834 1716 Avertitque
2861 1664 2915 1700 se
2941 1664 3241 1716 parumper,
3266 1658 3312 1702 et
3340 1650 3512 1719 ﬂevit;
3546 1661 3594 1704 et
3621 1668 3839 1707 reversus

2276 1735 2485 1791 locutus
2522 1746 2597 1791 est
2641 1739 2713 1792 ad
2757 1756 2864 1793 eos.
2918 1739 2959 1792 Τ
2962 1740 3133 1794 ollens
3181 1740 3414 1808 Simeon,
3457 1756 3505 1798 et
3546 1744 3715 1815 ligans
3748 1746 3838 1801 illis

2274 1829 2637 1899 prwsentibus.
2685 1829 2821 1883 Dum
2872 1830 2945 1884 ita
2992 1832 3057 1886 de
3106 1832 3410 1887 animorum
3449 1834 3841 1905 aegritudinibus

2275 1936 2468 1977 sensus
2498 1922 2699 1975 interni
2730 1923 3028 1993 iugemunt,
3062 1923 3201 1977 hanc
3232 1923 3404 1992 ipsam
3439 1924 3833 1995 intelligentiam

2274 2029 2305 2066 a
2336 2014 2568 2083 mystico
2599 2012 2797 2083 Joseph
2832 2014 2931 2069 sibi
2974 2012 3183 2068 infundi
3214 2013 3531 2086 plerumque
3562 2017 3834 2077 nesciunt:

2274 2102 2379 2156 nisi
2427 2102 2571 2157 enim
2624 2102 2993 2173 Spiritualibus
3048 2105 3351 2176 augmentis
3386 2106 3677 2173 instarent,
3719 2118 3837 2162 nun-

2272 2209 2432 2264 quam
2465 2210 2557 2249 cos
2585 2196 2887 2266 corporalia
2915 2196 3047 2249 vitia
3078 2196 3384 2267 fatigarent,
3417 2212 3482 2253 eo
3507 2199 3655 2267 quod
3683 2199 3836 2254 media

2271 2286 2415 2341 inter
2453 2297 2715 2357 utrosque
2760 2288 3107 2358 cogitationis
3152 2289 3373 2359 querela
3411 2291 3703 2357 discurrit,
3735 2308 3837 2361 qua:

2275 2384 2457 2432 tamen
2510 2378 2743 2449 idipsum
2774 2380 2915 2449 quod
2947 2378 3170 2435 fastidio
3206 2382 3551 2450 praesentium
3586 2383 3835 2453 tangitur,

2271 2469 2526 2540 quodque
2555 2472 2621 2527 de
2652 2473 2756 2528 hoc
2783 2473 2898 2542 ipso
2938 2473 3078 2544 apud
3109 2487 3168 2528 se
3197 2473 3510 2540 altercatur,
3541 2475 3611 2531 ab
3647 2476 3836 2543 eodem,

2271 2561 2364 2631 qui
2411 2562 2731 2619 melioribus
2762 2564 2946 2635 augeri
2988 2573 3233 2635 exoptat,
3277 2564 3605 2621 infunditur.
3650 2567 3838 2623 Avertit

2268 2664 2398 2719 ergo
2438 2669 2491 2706 se
2530 2670 2812 2724 parumper
2850 2663 2905 2709 et
2933 2653 3044 2722 flet,
3088 2670 3211 2711 cum
3250 2672 3279 2710 a
3317 2657 3482 2712 corde
3535 2642 3859 2715 transitoria.

2270 2740 2529 2806 dimovet,
2578 2752 2633 2797 et
2679 2744 2943 2815 quidquid
2992 2745 3140 2800 noxii
3188 2746 3242 2800 in
3294 2743 3574 2804 affectibus
3612 2749 3836 2807 humoris

2267 2831 2471 2896 existit,
2501 2848 2531 2886 a
2561 2848 2619 2888 se
2648 2844 2901 2903 patenter
2926 2845 3236 2907 extorquet.
3258 2836 3554 2910 Parumper
3573 2839 3631 2894 id
3658 2841 3834 2909 agitur,

2268 2924 2396 2992 quia
2430 2932 2577 2979 tanta
2607 2927 2690 2981 sui
2719 2928 3018 2985 auctoritas
3046 2945 3154 2985 non
3184 2930 3274 2986 diu
3305 2934 3474 2989 menti
3502 2936 3825 2998 conceditur,

2265 3016 2410 3070 unde
2432 3025 2486 3071 et
2509 3032 2744 3073 reversus
2771 3020 2841 3073 ad
2872 3038 2958 3075 eos
2983 3021 3247 3092 loquitur,
3278 3024 3405 3092 quia
3430 3026 3589 3081 citius
3610 3029 3689 3107 ad
3712 3041 3833 3098 prte-

2268 3108 2411 3163 dicla
2455 3110 2741 3167 ratiocinia
2783 3113 2912 3169 velit
2956 3116 3091 3171 nolit
3132 3130 3437 3175 revocatur.
3472 3119 3718 3188 Simeon,
3756 3122 3834 3193 qui

2266 3200 2465 3256 dicitur
2512 3207 2732 3260 audiens
2764 3208 3054 3277 tristitiam,
3101 3211 3216 3281 ipse
3254 3214 3478 3284 spiritus
3525 3225 3636 3283 est,
3661 3216 3747 3287 qui
3778 3215 3832 3272 de

2266 3307 2363 3347 sua
2408 3309 2623 3367 semper
2670 3296 3025 3355 instabilitatc
3077 3303 3341 3359 tristatur.
3382 3306 3429 3360 ls
3460 3306 3690 3374 tollitur,
3726 3322 3831 3362 cum

2266 3384 2336 3440 ab
2381 3385 2583 3443 inlimis
2627 3387 2892 3458 elevatur,
2934 3393 3040 3448 illis
3089 3397 3432 3465 prwsentibus
3461 3398 3683 3471 ligatur,
3721 3400 3830 3469 quia

2265 3479 2559 3533 contractis
2600 3481 2667 3533 ad
2707 3481 2848 3535 hunc
2880 3482 3053 3550 ipsum
3083 3486 3323 3541 externis
3358 3487 3699 3559 internisque
3723 3504 3830 3543 sen-

2264 3569 2436 3636 sibus,
2470 3571 2638 3627 divini
2690 3573 2902 3628 timoris
2952 3575 3121 3632 clavis
3173 3579 3509 3651 astringitur.
3566 3580 3749 3636 Potest
3783 3588 3830 3635 et

2263 3675 2366 3731 per
2395 3659 2709 3717 Simeonem
2752 3663 2977 3720 affectus
3006 3666 3243 3723 carnalis
3273 3668 3467 3739 accipi,
3502 3668 3598 3739 qui
3634 3670 3832 3725 crebras

2265 3755 2624 3810 tentationum
2658 3758 2936 3827 experitur
2976 3761 3251 3817 tristitias.
3285 3760 3559 3834 Jussitque
3588 3764 3830 3818 ministris

2264 3854 2321 3899 ut
2350 3845 2588 3916 impleret
2616 3865 2793 3904 saccos
2830 3868 3011 3906 eorum
3048 3853 3247 3922 tritico,
3278 3865 3325 3909 et
3355 3867 3664 3925 reponerent
3692 3872 3832 3933 pecu-

2264 3937 2379 3991 nias
2408 3939 2731 4009 singulorum
2770 3944 2821 3997 in
2855 3944 3081 4000 sacculis
3115 3947 3245 4013 suis,
3275 3947 3413 4003 datis
3444 3965 3607 4018 supra
3636 3950 3831 4005 cibariis

2261 4026 2315 4080 in
2340 4026 2573 4099 via;qui
2602 4030 2834 4100 fecerunt
2880 4034 2975 4088 ita.
3029 4036 3259 4093 Ministri
3311 4039 3673 4109 cogitationes
3700 4051 3829 4105 sunt,

2264 4116 2462 4186 quibus
2492 4116 2735 4186 jubetur,
2775 4132 2833 4177 ut
2861 4138 3048 4180 saccos
3086 4127 3267 4181 tritico
3309 4128 3589 4199 impleant,
3640 4131 3831 4186 scilicet

2261 4210 2627 4279 corporalium
2680 4215 2991 4284 passionum
3038 4216 3314 4273 molestias
3350 4219 3516 4274 divini
3560 4223 3711 4277 verbi
3748 4237 3831 4292 pr

2259 4299 2386 4356 bulo
2419 4302 2686 4359 consolari
2728 4305 3002 4373 studeant,
3051 4316 3113 4362 ut
3158 4307 3459 4375 Psalmistte
3503 4312 3825 4367 concinant:

2265 4390 2583 4447 Conscidisti
2604 4412 2813 4450 saccum
2842 4414 3032 4464 meum,
3068 4409 3113 4453 et
3140 4399 3530 4456 circumdedisti
3552 4418 3636 4458 me
3658 4402 3830 4457 laetitia

2262 4483 2435 4553 (Psal.
2461 4502 2615 4553 xxix,
2647 4487 2756 4559 l2).
2785 4488 2891 4545 Per
2915 4491 3013 4545 hos
3042 4491 3326 4549 ministros
3361 4495 3617 4565 quaelibet
3643 4497 3826 4551 hausta

2254 4575 2557 4634 forinsecus
2606 4592 2970 4651 suggeruntur
3002 4587 3285 4642 tractanda
3321 4587 3540 4643 rationi.
3579 4587 3829 4644 Pecunias

2256 4669 2584 4739 singulorum
2631 4673 2686 4725 in
2732 4675 2958 4731 sacculis
3005 4688 3312 4748 reponunt,
3361 4696 3486 4738 cum
3539 4680 3827 4738 sententias

2257 4762 2561 4833 quibusque
2607 4767 2859 4822 sensibus
2907 4770 3213 4827 muniendis
3255 4780 3406 4844 aptas
3450 4772 3507 4830 in
3561 4773 3829 4830 memoriis

2265 4855 2525 4910 condunt.
2565 4855 2783 4912 Cibaria
2831 4859 3051 4932 insuper
3102 4863 3254 4931 dant,
3309 4880 3430 4920 cum
3480 4866 3694 4922 debitas
3740 4880 3829 4920 su-

2253 4960 2436 5015 perna:
2458 4949 2643 5017 gratiae
2669 4948 2991 5008 refcctiones
3009 4953 3061 5008 in
3084 4955 3244 5025 hujus
3258 4957 3438 5013 saeculi
3453 4966 3651 5025 tractu,
3678 4955 3828 5013 intel-

2250 5035 2425 5093 lectus
2491 5040 2776 5099 desideriis
2833 5042 3065 5102 fideliter
3109 5050 3455 5107 obaudiendo
3503 5052 3825 5107 ministrant.

2327 5128 2487 5186 Vens.
2517 5132 2608 5187 26.
2641 5164 2710 5173 —--
2738 5136 2803 5189 At
2842 5136 2942 5205 illi,
2988 5148 3257 5209 portantes
3283 5141 3547 5211 frumenta
3570 5143 3624 5197 in
3646 5141 3825 5205 asinis,

2243 5222 2468 5292 profecti
2497 5238 2639 5292 sunt,
2678 5226 2730 5281 id
2752 5237 2837 5283 est
2863 5229 2914 5283 in
2946 5232 3285 5300 corporibus,
3317 5250 3438 5305 quae
3467 5245 3731 5305 quantum
3772 5233 3823 5286 in

2246 5332 2307 5373 se
2354 5330 2470 5385 est,
2530 5320 2665 5375 rude
2705 5322 2961 5390 quiddam
2996 5324 3050 5378 in
3083 5324 3300 5381 modum
3349 5328 3621 5383 asinorum
3676 5334 3818 5391 sunt,

2257 5410 2541 5467 thesauros
2593 5413 2791 5469 divina:
2838 5416 3117 5485 sapientiae
3169 5429 3329 5475 caute
3380 5435 3445 5475 ea
3488 5419 3721 5492 regendo
3764 5430 3824 5471 ac

2245 5503 2544 5576 premendo
2596 5503 2664 5559 ad
2715 5508 2989 5575 proposita
3047 5510 3297 5566 tendunt.
3350 5512 3541 5583 (Vens.
3573 5511 3662 5575 27,
3712 5508 3823 5577 28.)

2246 5598 2550 5670 Apertoque
2580 5616 2713 5654 unus
2748 5617 2919 5667 sacco,
2955 5613 3010 5657 ut
3052 5604 3198 5658 daret
3224 5606 3461 5676 jumento
3493 5606 3739 5675 pabulum
3774 5602 3826 5654 in

2246 5690 2551 5760 diversorio,
2568 5693 2951 5767 contemplatus.
2961 5697 3231 5767 pecuniam
3249 5698 3305 5752 in
3325 5714 3413 5755 ore
3437 5696 3656 5765 saeculi,
3693 5691 3824 5751 dixit
