3982 6360
22 351 191 411 289

1172 336 1536 399 MORALIUM
1568 335 1637 393 IN
1675 335 1971 395 GENESIN
2010 336 2137 393 LIB.
2164 338 2237 396 Χ.

3306 345 3416 411 290

34 464 393 535 fratribus
424 475 447 519 :
480 458 708 516 Reddita
730 465 803 516 est
838 458 1217 530 mibi'pecunia
1246 474 1383 523 mea,
1411 473 1475 511 en
1508 455 1733 510 habetur
1761 460 1810 521 Α
1840 455 2054 521 nititur,
2088 464 2143 509 et
2170 455 2327 525 quasi
2354 454 2430 511 nil
2455 468 2513 513 se
2536 455 2861 528 explicuisse
2884 456 3053 516 videt.
3084 460 3304 534 Ioseph,

35 558 125 610 in
162 572 391 610 sacco.
440 553 593 608 Unus
636 565 854 607 saccum
905 549 1100 619 aperit,
1145 563 1268 604 cum
1304 562 1495 603 sensus
1529 547 1730 601 mentis

41 646 361 718 quilibet
404 643 697 716 cujuslibet
735 642 1013 715 passionis
1053 650 1304 696 naturam
1346 641 1451 696 sibi
1496 640 1597 710 ipsi
1634 654 1732 710 per

45 737 535 808 experientiam
578 734 851 807 patefacit.
908 735 1036 791 lude
1071 735 1165 789 dat
1192 734 1437 803 jumento
1477 732 1732 803 pabulum

49 830 135 883 in
178 830 539 894 diversorio,
577 829 703 897 quia
735 844 803 883 ex
835 827 953 898 ipsa
988 827 1411 899 impugnationis
1434 825 1725 882 occasione

63 918 283 991 154
309 919 583 990 pabulum
605 919 823 975 rteleste
844 933 1088 988 quzerere
1109 919 1339 989 cogitur,
1361 917 1506 988 quod
1531 932 1727 989 corpo-

62 1013 201 1066 rali
228 1012 523 1083 appetitui
544 1010 767 1080 objiciat
788 1012 843 1066 in
868 1013 1093 1067 remotis
1113 1011 1481 1067 conscientiae.
1505 1010 1580 1067 Os
1608 1025 1732 1067 sac-

69 1103 240 1166 culi,
304 1103 504 1158 aditus
547 1114 632 1157 est
689 1103 925 1173 peccati,
960 1102 1049 1156 ubi
1078 1103 1239 1158 debet
1272 1102 1499 1172 pecunia
1535 1102 1731 1157 divinae

77 1194 433 1249 sententiae
468 1194 536 1248 ad
584 1192 727 1249 idem
776 1192 1130 1250 refellendum
1160 1194 1413 1249 inveniri.
1445 1194 1730 1248 Redditam

91 1280 413 1337 fratribus
453 1283 740 1352 pecuniam
783 1284 1021 1348 nuntiat,
1073 1284 1199 1339 dum
1252 1282 1495 1353 ejusdem
1535 1284 1732 1340 mentis

84 1374 378 1430 motibus
404 1384 711 1445 opportune
742 1375 866 1441 sibi,
904 1374 1223 1431 tentationis
1253 1374 1462 1431 scilicet
1490 1384 1733 1446 tempore

88 1465 401 1532 oblatam,
442 1464 739 1534 Scripturae
776 1465 1077 1520 testimonii
1117 1467 1556 1523 recordationem
1599 1467 1730 1522 inti-

91 1567 259 1623 mat,
296 1566 359 1612 et
385 1557 456 1611 ad
490 1555 723 1626 idipsum
749 1558 1078 1627 gratulando
1111 1560 1455 1614 corroborat.
1489 1558 1733 1613 [labetur

93 1647 158 1702 in
194 1661 406 1711 sacco,
432 1661 555 1701 cum
582 1648 662 1703 vis
687 1647 856 1703 divini
884 1652 1164 1720 praecepti,
1189 1664 1256 1704 ne
1280 1650 1418 1705 forte
1445 1648 1734 1720 perelllua-

93 1752 262 1801 mus,
304 1739 582 1795 inseritur
607 1742 813 1796 carnali
838 1743 1130 1799 desiderio.
1158 1744 1227 1798 Et
1254 1745 1598 1814 obstupefacti
1621 1755 1736 1799 tur-

98 1830 373 1902 batique,
401 1832 650 1887 dixerunt
677 1846 862 1889 mutuo
881 1849 901 1887 :
927 1834 1193 1901 Quidnam
1216 1846 1289 1892 est
1314 1837 1414 1891 hoc
1440 1837 1581 1908 quod
1611 1837 1732 1906 fecit
1767 1836 1810 1891 B

101 1923 273 1979 nobis
342 1923 528 1979 Deus?
584 1924 893 1981 Mirandum
950 1927 1110 1997 plane
1158 1930 1292 1983 satis
1344 1938 1429 1984 est
1480 1929 1735 1985 humanis

112 2014 433 2079 sensibus,
494 2029 619 2068 cum
670 2014 830 2083 ligari
881 2031 911 2069 a
958 2015 1068 2071 Deo
1110 2032 1169 2071 se
1212 2018 1399 2071 vident
1450 2020 1733 2073 mandato-

106 2117 253 2158 rum
322 2120 553 2161 suorum
611 2106 1006 2175 compedibus,
1062 2108 1155 2177 qui
1214 2108 1508 2163 absterreri
1563 2124 1736 2177 quon-

116 2192 260 2249 dam
302 2196 404 2249 vix
443 2195 636 2267 gladiis
673 2195 1107 2267 impendentibus
1150 2206 1406 2269 poterant
1447 2200 1516 2255 ab
1559 2197 1732 2255 scele-

111 2284 308 2340 ribus.

202 2397 382 2453 Vens.
422 2397 512 2463 29,
556 2397 648 2453 50.
688 2429 759 2439 -—
810 2397 1183 2471 Veneruntque
1225 2400 1294 2452 ad
1330 2399 1497 2454 Jacob
1532 2408 1736 2470 patrem

112 2506 287 2545 suum
340 2491 398 2543 iu
448 2500 642 2545 terram
678 2490 958 2556 Chanaan,
1005 2500 1053 2545 et
1093 2501 1438 2545 narraverunt
1470 2492 1518 2546 ei
1557 2494 1735 2547 omnia

114 2598 247 2652 qua:
301 2582 644 2637 accidissent.
676 2581 909 2638 Locutus
946 2594 1020 2638 est
1052 2584 1223 2649 nobis,
1249 2584 1528 2654 inquiunt,
1560 2586 1733 2639 dumi-

118 2689 226 2727 nus
276 2681 439 2727 terra:
478 2674 628 2740 dure,
674 2682 777 2729 etc.
825 2673 894 2728 In
938 2685 1132 2729 terram
1178 2673 1437 2729 Chanaan
1485 2676 1730 2743 veniunt,

124 2780 257 2820 cum
315 2764 623 2820 affectionis
676 2766 1052 2821 terreuitatcm
1086 2769 1153 2822 ad
1183 2768 1441 2837 peccandi
1468 2769 1731 2838 concupi-

125 2858 378 2913 scentias
407 2873 529 2913 sese
567 2859 798 2930 turpiter
831 2859 1230 2927 demittentem,
1270 2877 1540 2933 germanae
1568 2862 1735 2917 ratio-

127 2950 429 3006 nalitatum
460 2950 626 3016 vires,
676 2952 849 3008 donec
896 2952 963 3007 ad
1016 2953 1536 3023 supereminentiam
1569 2967 1731 3009 acce-

131 3038 268 3096 dant
314 3040 643 3104 intellectus,
685 3043 776 3112 qui
820 3043 1236 3099 universitatem
1283 3043 1544 3099 vitiorum
1597 3060 1730 3115 sup-

131 3130 363 3199 plantet,
415 3131 747 3202 irrumpunt.
789 3132 1103 3189 Intellectus
1133 3134 1278 3188 enim
1310 3129 1729 3205 contemplativa

138 3220 235 3277 Dei
276 3224 472 3277 notitia
511 3224 734 3289 dicitur,
772 3233 827 3278 ct
861 3225 983 3279 ideo
1007 3234 1225 3279 omnem
1257 3227 1486 3281 rationis
1518 3228 1737 3280 modum

140 3314 574 3380 supergreditur.
620 3313 759 3368 Huic
801 3322 1028 3390 narrant
1079 3329 1201 3382 quae
1252 3316 1353 3369 sibi
1408 3315 1731 3383 acciderint,

143 3402 271 3472 quia
332 3402 399 3456 ad
442 3402 587 3456 hunc
642 3401 953 3457 referuntur
1014 3402 1354 3458 discutienda
1400 3420 1738 3475 quaecunque

145 3494 247 3549 sibi
301 3495 527 3549 adversa
577 3494 662 3550 vel
711 3511 968 3567 prospera
1021 3495 1344 3567 ingruerint.
1388 3496 1619 3551 Locutus
1663 3506 1739 3553 est

146 3583 292 3637 nobis
334 3584 575 3639 dominus
628 3597 782 3640 terrm
832 3590 991 3653 dure,
1050 3588 1263 3643 scilicet
1299 3588 1602 3659 Spiritualis
1642 3591 1739 3645 dc-

157 3676 410 3731 siderium
442 3675 789 3742 incrementi,
829 3679 970 3748 quod
1009 3680 1377 3750 supereminet
1404 3681 1551 3735 omni
1577 3690 1739 3739 terra:

158 3768 373 3839 gloriae,
436 3767 633 3837 objecit
701 3769 858 3825 nobis
912 3770 1066 3825 initia
1128 3772 1267 3827 bene
1332 3772 1546 3829 vivendi
1607 3789 1738 3845 pro-

152 3857 465 3927 ponentibus
509 3857 855 3914 incommoda
892 3858 1241 3927 ,diﬁicultatis
1285 3870 1548 3918 ventura).
1609 3864 1732 3919 Ca3-

163 3957 271 4003 tera
304 3964 417 4019 qute
445 3960 749 4019 sequuntur
770 3951 1020 4021 superius
1048 3960 1301 4019 tractata,
1328 3968 1435 4009 non
1463 3962 1642 4025 egent,
1676 3960 1737 4010 ut

158 4041 353 4113 opinor,
385 4044 575 4113 repeti.

233 4153 380 4211 Vsus.
410 4155 502 4223 55,
539 4155 629 4211 '56.
660 4187 729 4197 —-
752 4156 853 4212 His
882 4159 1060 4225 dictis,
1106 4175 1224 4214 cum
1268 4160 1533 4230 frumenta
1561 4164 1734 4231 e/fuu-

164 4244 350 4310 tierent,
390 4245 585 4316 singuli
629 4258 931 4317 repererunt
982 4248 1038 4303 in
1080 4265 1168 4303 ore
1221 4266 1495 4304 saecorum
1539 4250 1731 4321 ligatas

168 4335 411 4402 pecunias.
430 4334 810 4406 Exterritisque
830 4337 988 4391 simul
1013 4338 1272 4400 omnibus,
1298 4339 1430 4392 dixit
1460 4350 1608 4409 pater
1634 4341 1733 4395 Ja-

168 4426 501 4499 cob:Absque
528 4428 707 4483 liberis
740 4447 820 4485 me
848 4448 957 4486 esse
992 4432 1209 4501 fecistis.
1258 4430 1454 4502 Ioseph
1506 4450 1609 4487 non
1647 4444 1722 4489 est

1834 548 1970 618 quit,
2023 562 2154 603 cura
2201 547 2458 605 videlicet
2501 550 2740 607 caelestis
2773 554 3414 631 augmenti,visibilium,

1832 650 1891 697 ut
1921 641 2141 709 assolet,
2194 656 2437 695 amorem
2482 657 2590 697 non
2639 652 2860 712 superat
2902 644 3149 717 affectus,
3202 650 3293 719 qui
3336 653 3407 709 ob

1833 733 2052 806 pietatis
2100 732 2362 800 gemitum
2405 730 2629 788 Simeon
2672 734 2803 790 olim
2856 738 3052 794 merito
3100 740 3401 812 dicebatur,

1834 826 2069 883 vinculis
2096 825 2437 882 carnalitatis
2462 826 2806 896 astringitur.
2835 828 3137 901 Beujamin,
3181 834 3274 903 qui
3296 850 3421 905 spes

1833 919 2134 984 electionis,
2178 934 2301 990 quae
2346 933 2443 990 per
2489 919 2774 975 dexteram
2819 920 3086 992 signatur,
3132 925 3418 996 accipitur,

1834 1013 1999 1069 vultis
2044 1012 2283 1078 auferre,
2333 1000 2460 1083 quia
2505 1014 2688 1067 omnia
2742 1017 3128 1087 praesumptive
3172 1021 3422 1089 aggredi-

1835 1110 1990 1179 mini,
2020 1127 2049 1165 a
2081 1111 2300 1181 quibus,
2334 1125 2457 1165 cum
2507 1123 2605 1165 vos
2644 1107 2815 1165 relabi
2862 1111 3177 1182 contigerit,
3216 1113 3424 1183 eogetis

1836 1219 1925 1260 me
1978 1204 2141 1259 etiam
2166 1202 2235 1259 de
2278 1201 2455 1257 salute
2501 1201 2813 1271 desperare.
2846 1200 2974 1257 llaec
3003 1203 3322 1261 humanitus
3348 1205 3419 1261 ad

1836 1309 1895 1352 se
1945 1296 2204 1352 decidens
2251 1293 2701 1350 intellectualitas
2744 1296 2881 1350 solet
2920 1293 3126 1350 dicere.
3163 1294 3424 1362 llaec,in-

1844 1389 1982 1459 quit,
2026 1388 2206 1443 omnis
2257 1385 2610 1442 sanctitatum
2657 1383 2985 1442 excellentia
3035 1384 3090 1439 in
3124 1397 3242 1439 mea
3276 1382 3421 1438 mala

1835 1480 2063 1538 recidet.

1908 1575 2072 1630 Vsus.
2103 1572 2194 1630 57.
2228 1604 2292 1614 --
2314 1570 2413 1628 Cui
2436 1571 2641 1639 Ruben,
2676 1570 2770 1642 qui
2806 1570 3004 1627 dicitur
3023 1569 3204 1626 videns
3228 1569 3424 1640 ﬁlium,

1837 1664 1953 1736 ipsa
2000 1664 2246 1734 profecto
2294 1662 2742 1719 intellectualitas
2790 1662 2969 1732 seipsa
3024 1662 3276 1718 subtilior
3309 1661 3421 1731 jam

1836 1758 2037 1829 corrigi
2082 1758 2371 1828 incipiens,
2422 1765 2478 1813 et
2523 1756 2819 1812 intendens
2869 1757 3033 1825 εωριί
3076 1756 3278 1811 laboris
3312 1755 3427 1811 fru-

1837 1861 2004 1915 ctum,
2056 1852 2185 1921 quia
2236 1867 2344 1906 non
2392 1851 2513 1905 sine
2566 1848 2753 1905 dolore
2784 1850 3027 1920 parimus
3057 1848 3318 1919 quidquid
3343 1856 3428 1904 est

1836 1943 2101 1997 bonorum
2133 1957 2380 2012 operum,
2406 1941 2671 2011 respondit
2697 1957 2715 1995 :
2749 1941 2893 1995 Duos
2919 1940 3060 2010 ﬁlios
3085 1957 3225 1996 meos
3264 1942 3426 1996 inter-

1837 2033 1955 2101 ﬁce,
1980 2035 2152 2086 sinon
2186 2032 2446 2085 reduxero
2485 2048 2604 2084 eum
2635 2031 2748 2084 tibi.
2790 2029 2963 2084 Trade
3001 2032 3057 2085 in
3090 2048 3252 2085 manu
3285 2048 3426 2096 mea,

1838 2132 1886 2178 et
1918 2139 2010 2193 ego
2048 2139 2166 2176 eum
2190 2122 2464 2176 restituam
2493 2122 2608 2174 tibi.
2640 2121 2719 2176 Ac
2745 2121 2792 2176 si
2823 2122 3031 2176 diceret
3060 2140 3073 2176 :
3108 2124 3253 2176 Duos
3278 2123 3431 2192 prin-

1841 2214 2045 2285 cipales
2104 2212 2391 2268 cbaritatis
2445 2212 2703 2277 allectus,
2765 2213 2833 2267 ad
2887 2213 3059 2267 Deum
3115 2213 3325 2268 scilicet
3370 2223 3431 2270 et

1838 2308 2187 2379 proximum,
2240 2321 2379 2377 quos
2421 2305 2599 2372 foveo,
2653 2306 2779 2360 dum
2825 2304 3182 2376 perfectionis
3231 2305 3426 2361 futura:

1840 2400 2007 2456 robur
2033 2400 2320 2469 attingant,
2344 2399 2400 2453 in
2425 2406 2593 2454 temet
2620 2398 2893 2464 interime,
2918 2399 2963 2454 si
2988 2398 3277 2454 tradideris
3298 2414 3425 2455 eum

1842 2492 2029 2548 manui
2054 2507 2208 2557 mere,
2248 2492 2299 2546 id
2328 2499 2409 2547 est
2438 2490 2483 2546 si
2515 2491 2814 2546 secundum
2863 2490 3248 2547 rationalitatis
3296 2506 3429 2562 ope-

1840 2585 2111 2639 rationem
2146 2596 2209 2636 ac
2240 2579 2615 2651 magisterium
2663 2580 2932 2636 direxeris
2973 2596 3145 2652 spem,
3180 2596 3281 2652 per
3317 2582 3431 2637 elli-

1838 2675 2090 2733 cientiam
2123 2681 2431 2729 consecutae
2459 2672 2810 2729 beatitudinis
2837 2688 2959 2727 eam
2994 2672 3091 2730 tibi
3123 2687 3428 2743 repraesen-

1839 2768 1985 2832 tabo,
2034 2767 2178 2836 quod
2225 2766 2407 2822 credis
2445 2773 2539 2820 aut
2587 2780 2778 2836 speras
2804 2764 3138 2820 veriﬁcando
3163 2780 3261 2836 per
3290 2780 3428 2821 rem.

1838 2857 2028 2931 (Vens.
2068 2857 2181 2927 48.)
2233 2856 2358 2911 Νοη
2405 2855 2702 2924 descendet,
2751 2857 2940 2927 inquit,
2987 2855 3133 2925 ﬁlius
3169 2872 3314 2911 meus
3340 2872 3429 2911 uo-

1838 2948 2061 3005 biscum.
2107 2947 2396 3003 Alternare
2420 2947 2517 3003 tali
2548 2947 2713 3004 modo
2744 2947 2926 3003 solent
2952 2947 3005 3001 in
3034 2947 3219 3002 animo
3245 2945 3428 3002 divina

1840 3057 1906 3098 ac
1950 3042 2189 3097 humana
2236 3041 2498 3106 rationes,
2549 3041 2678 3096 dum
2710 3039 2801 3096 illa
2832 3040 3067 3096 sublime
3090 3039 3350 3097 admonet
3377 3047 3428 3095 et

1838 3133 2079 3204 suggerit
2114 3134 2215 3189 sub
2240 3132 2586 3188 discretionis
2630 3133 2849 3188 nomine
2885 3132 2990 3187 ista
3020 3140 3256 3202 tepores.
3316 3129 3428 3186 Vos

1842 3225 2010 3281 nimie
2036 3225 2273 3296 propriis
2297 3220 2528 3281 ﬁdentes
2559 3225 2770 3280 viribus
2802 3225 2911 3280 alta
2946 3225 3300 3295 praesumitis,
3338 3224 3429 3281 sed

1840 3318 1969 3371 vitae
2012 3330 2146 3373 mea:
2181 3316 2527 3385 exercitium,
2561 3318 2706 3387 quod
2731 3326 2817 3373 est
2840 3318 2984 3373 ﬁlius
3011 3317 3270 3385 dexteras,
3308 3331 3429 3387 spes

1844 3407 2096 3462 videlicet
2134 3408 2506 3476 promerendae
2540 3408 2825 3463 electionis
2853 3424 2960 3463 non
2994 3408 3279 3463 nobiscum
3306 3423 3417 3477 pro

1846 3499 2097 3571 greditur
2124 3502 2191 3554 ad
2224 3499 2414 3566 ardua,
2465 3499 2558 3554 sed
2610 3498 2751 3554 sicut
2794 3498 3058 3569 scriptum
3107 3508 3191 3556 est
3229 3514 3245 3554 :
3278 3499 3426 3556 Onus

1841 3607 2002 3662 super
2063 3600 2111 3645 te
2159 3605 2223 3645 ne
2276 3588 2524 3644 levaveris
2560 3587 2675 3660 (IV
2704 3588 2833 3659 Reg.
2876 3605 2955 3656 is,
2999 3591 3143 3661 25);
3196 3591 3261 3645 ad
3303 3604 3428 3660 pro.

1840 3683 2081 3755 positum
2137 3682 2321 3738 tendet
2364 3696 2486 3735 cum
2532 3696 2808 3748 mensura,
2842 3682 2968 3752 quia
3006 3682 3127 3738 talis
3156 3698 3419 3740 ascensus

1840 3791 1951 3831 non
1985 3775 2129 3830 aliud
2161 3788 2323 3844 quam
2373 3773 2667 3829 descensus
2704 3784 2851 3830 esset
2880 3774 2947 3828 ad
2977 3774 3184 3829 inﬁma.
3238 3772 3429 3830 Frater

1839 3868 1956 3937 ejus
1983 3908 1998 3934 ,
2035 3864 2343 3921 intellectus
2388 3864 2689 3919 secundum
2739 3864 2842 3919 sibi
2892 3863 3072 3919 debite
3127 3862 3429 3933 majestatis

1839 3959 2128 4030 imperium
2152 3967 2389 4012 mortuus
2422 3966 2518 4022 est,
2544 3956 2645 4011 iste
2667 3955 2835 4021 solus,
2866 3971 2991 4025 spes
3015 3955 3223 4011 scilicet
3274 3954 3429 4010 futu-

1838 4068 2024 4109 rorum
2065 4050 2351 4115 remansit;
2386 4051 2431 4103 si
2477 4049 2605 4118 quid
2628 4049 2674 4103 ei
2704 4048 2953 4103 acciderit
2980 4049 3032 4100 in
3057 4059 3219 4112 terra,
3254 4048 3307 4101 id
3345 4052 3427 4101 est

1839 4154 2029 4201 contra
2060 4144 2435 4199 terrenitatem
2483 4141 2639 4196 vobis
2683 4139 3019 4194 certantibus
3048 4139 3115 4193 ad
3140 4152 3302 4208 quam
3325 4138 3425 4194 ob—

1837 4235 2114 4290 tinendam
2159 4234 2398 4300 tenditis,
2448 4248 2608 4287 canos
2652 4247 2815 4297 meos,
2851 4230 2905 4285 id
2939 4239 3023 4285 est
3062 4228 3422 4285 defectionem

1837 4338 2276 4398 vetustatemque
2300 4342 2478 4382 meam
2526 4327 2595 4380 ad
2628 4326 2827 4395 inferos
2855 4324 3060 4378 ultimae
3088 4322 3423 4392 desperatio-

1836 4419 1920 4474 nis
1938 4419 2242 4486 deponetis.
2270 4417 2326 4472 lu
2356 4416 2571 4473 inferno
2594 4417 2738 4471 enim
2765 4416 2887 4484 quis
2916 4411 3267 4468 conﬁtebitur
3292 4411 3425 4481 tibi?

170 4533 326 4587 super,
358 4517 565 4575 Simeon
603 4531 809 4576 tenetur
848 4523 903 4576 in
945 4525 1184 4591 uinculis,
1233 4535 1282 4579 et
1320 4520 1602 4596 Benjamin
1630 4544 1727 4581 au-
1752 4544 1805 4605 ι)
1839 4510 1911 4581 (Ρ
1913 4510 2015 4566 “1’-
2042 4526 2117 4578 νιν
2150 4508 2231 4580 δ’)

174 4610 329 4682 feretis
351 4629 367 4667 :
390 4614 441 4666 in
470 4630 550 4668 me
578 4616 688 4670 [nec
715 4615 857 4671 mala
889 4619 1064 4672 omnia
1092 4619 1407 4673 reciderunt.
1429 4617 1725 4689 Postquam

172 4706 261 4763 sub
305 4705 598 4761 intellectus
645 4706 802 4763 lance
858 4712 1038 4763 omnia
1090 4710 1462 4775 trutinantur,
1516 4709 1718 4781 singuli

174 4798 411 4853 frumenta
465 4797 773 4865 effundunt,
804 4801 950 4855 'cum
994 4802 1163 4857 divini
1220 4802 1463 4858 subsidia
1511 4803 1725 4860 consilii

178 4890 496 4960 sibimetipsis
519 4890 815 4946 interiores
842 4906 1034 4946 sensus
1056 4901 1371 4963 aspergunt.
1400 4892 1469 4948 In
1492 4910 1582 4948 ore
1609 4910 1729 4948 sac-

179 4998 334 5037 rorum
379 4981 569 5053 ligatas
599 4983 850 5051 pecunias
882 4983 1178 5052 reperiunt,
1209 5000 1333 5038 cum
1362 4985 1416 5039 in
1442 4986 1557 5056 ipsa
1593 5001 1723 5057 sug-

182 5074 395 5147 gestione
426 5075 634 5141 carnis,
671 5075 986 5145 passionum
1024 5076 1257 5132 insertas
1290 5077 1546 5134 salutaris
1587 5096 1726 5150 prte-

181 5168 433 5224 dicamenti
464 5183 749 5234 censuras,
781 5184 901 5238 quae
928 5168 1015 5222 his
1042 5168 1283 5237 obvient,
1328 5183 1397 5225 ex
1427 5180 1721 5228 consuetu-

181 5259 287 5317 dine
321 5261 601 5316 resistendi
641 5261 743 5316 sibi
785 5260 1009 5318 inclitas
1044 5262 1377 5317 custodiunt.
1409 5262 1580 5317 Simul
1610 5279 1727 5319 om-

182 5360 267 5407 nes
303 5358 660 5414 exterrentur,
708 5367 831 5406 cum
885 5351 1115 5409 sollicite
1160 5352 1438 5409 interioris
1483 5355 1720 5411 hominis

184 5446 302 5503 acies
329 5447 575 5504 adversus
607 5448 854 5518 corporis
892 5449 1180 5506 illecebras
1222 5450 1521 5507 secundum
1574 5450 1722 5507 Scri-

183 5546 420 5610 pturarum
458 5538 675 5594 decreta
718 5539 1039 5594 redduntur.
1084 5539 1191 5596 Sed
1238 5541 1367 5597 dum
1412 5541 1724 5599 intellectus

188 5638 253 5686 tot
281 5631 621 5686 custodiarum
655 5632 942 5688 vexatione
978 5634 1255 5702 turbatur,
1305 5638 1578 5706 quondam
1608 5635 1719 5692 fra-

188 5731 285 5777 ctus
324 5721 588 5779 fastidiose
650 5724 857 5793 absque
904 5724 1130 5791 liberis,
1188 5726 1453 5783 bonorum
1506 5728 1721 5784 scilicet

187 5828 369 5886 operum
402 5814 689 5884 fructibus,
737 5806 938 5880 factum
979 5816 1255 5888 perhibet,
1280 5818 1408 5877 dum
1438 5820 1505 5877 ad
1533 5820 1713 5877 omnia

2386 4597 2615 4655 CAPUT
2660 4596 2847 4653 XLIII.

1908 4693 2071 4749 Vsus.
2099 4693 2152 4759 I,
2184 4693 2241 4748 2.
2263 4722 2335 4733 —
2357 4690 2579 4746 Interim
2609 4691 2777 4762 {ames
2811 4705 3016 4747 omnem
3048 4700 3245 4748 terram
3274 4694 3424 4750 vehe-

1830 4800 2033 4846 menter
2055 4785 2341 4857 premebat.
2382 4781 2820 4855 Consumptisque
2848 4784 2977 4838 cibis
3005 4801 3135 4855 quos
3158 4801 3224 4841 ex
3246 4784 3420 4856 digg-

1829 4893 1919 4953 pto
1943 4880 2238 4935 detulerant
2263 4879 2398 4934 dixit
2431 4877 2598 4933 Iacob
2623 4879 2692 4932 ad
2712 4878 2854 4947 ﬁlios
2876 4893 3033 4934 suos:
3051 4879 3419 4947 Reuertimini,

1828 4985 1879 5031 et
1912 4974 2070 5030 emite
2104 4973 2403 5044 pauxillum
2442 4988 2705 5028 escarum.
2762 4973 2993 5028 Animus
3023 4988 3146 5027 cum
3190 4971 3420 5025 nimium

1829 5071 2132 5126 tentatioue
2161 5067 2427 5139 pulsatur,
2458 5067 2511 5121 in
2540 5065 2698 5137 155
2726 5067 2991 5122 desidiam
3023 5062 3332 5128 resolvitur,
3361 5072 3418 5118 et

1830 5162 1931 5219 sub
1960 5160 2359 5217 mediocritatis
2394 5158 2579 5214 colore
2607 5173 2670 5211 ea
2698 5172 2818 5226 quae
2851 5154 3108 5225 praedicta
3144 5162 3270 5207 sunt
3300 5151 3416 5208 elo-

1826 5254 2035 5325 quitur.
2083 5250 2319 5306 Fructus
2357 5259 2560 5317 tamen,
2610 5246 2703 5316 qui
2752 5260 2817 5298 ex
2855 5245 3030 5313 prima
3077 5242 3417 5300 confessione

1825 5351 2176 5420 provenerat,
2229 5339 2512 5397 humilitas
2553 5353 2618 5392 ac
2666 5334 3038 5403 compunctio,
3073 5342 3187 5390 tota
3215 5350 3413 5391 consu-

1825 5443 2017 5510 mitur,
2073 5450 2127 5498 et
2179 5436 2335 5511 quasi
2386 5449 2451 5488 ex
2484 5429 2718 5501 Egypto
2759 5426 2923 5483 delati
2950 5426 3059 5484 cibi
3087 5429 3409 5499 depereunt,

1825 5537 1954 5594 dum
1995 5528 2335 5606 poenitentiae
2372 5530 2723 5594 peccatorum
2767 5519 2972 5576 utilitas
2997 5519 3314 5591 abrogatur,
3352 5528 3411 5574 et

1826 5627 2045 5685 interim
2074 5637 2227 5680 mens
2253 5618 2464 5677 consilii
2510 5621 2753 5687 egestate
2778 5614 3055 5671 atteritur.
3110 5615 3215 5672 Sed
3243 5611 3407 5668 intel.

1824 5719 1996 5775 lectus
2042 5730 2102 5771 se
2157 5711 2321 5777 vinci,
2346 5718 2402 5765 et
2449 5707 2707 5782 languere
2736 5707 3097 5777 conspiciens,
3146 5704 3298 5775 ﬁliis,
3349 5701 3408 5761 id

1822 5822 1904 5873 est
1930 5811 2035 5885 piis
2058 5806 2443 5881 cogitationum
2474 5803 2733 5873 motibus,
2758 5808 2818 5858 ut
2840 5806 3181 5860 revertantur
3209 5797 3281 5872 ad
3298 5794 3388 5866 sui

3948 5248 3955 5325 l

3942 5490 3955 5605 κέ

3962 5746 3963 5819 l
