3978 6332
455 377 552 433 291

1259 368 1320 425 ν.
1362 367 1692 425 GUIBERTI
1725 365 2013 422 ABBATIS
2055 361 2113 417 S.
2152 362 2392 419 MARIIE
2426 363 2515 420 DE
2553 362 2953 425 NOVIGENTO

3633 374 3749 432 29!

458 492 825 565 cognitionem
868 488 1061 543 iterum
1110 478 1415 537 confitendo
1460 464 1770 546 submonet,
1816 488 1875 534 ut
1914 493 2039 533 cum
2067 482 2117 538 Α
2145 478 2307 535 fessio
2348 481 2399 533 in
2422 483 2723 551 przeteritas
2748 483 2917 539 relabi
2949 500 3143 542 verens
3165 490 3354 545 sordes
3382 504 3539 562 spem
3573 493 3747 575 dirigi

459 587 728 641 redierint
772 582 838 635 ad
860 594 955 634 cor
978 576 1061 631 vel
1086 575 1297 629 modica
1330 573 1535 629 interni
1564 575 1773 647 saporis
1798 588 1891 630 eos
1911 588 2035 629 esca

460 678 723 734 sublevet.

542 771 696 825 Vitas.
722 764 774 828 3,
803 763 857 827 4,
889 760 939 815 5.
963 789 1035 801 -—
1072 759 1138 813 At
1171 757 1345 813 Judas
1374 774 1391 814 :
1420 758 1759 815 Denuntiavit
1792 759 1937 815 nobis
1962 759 2045 814 vir

456 861 543 915 ille
584 857 678 912 sub
717 852 1082 920 testificatione
1111 851 1306 923 jurans
1340 866 1358 904 :
1399 851 1523 907 Non
1569 853 1807 909 videbitis
1855 854 2046 922 faciem

454 969 620 1008 meam
651 949 751 1004 nisi
790 949 1011 1019 fratrem
1042 957 1265 1001 vestrum
1298 947 1570 1000 minimum
1600 945 1952 1002 adduxeritis.
1985 945 2044 1002 Si

452 1059 571 1113 ergo
619 1043 722 1106 vis,
764 1041 909 1095 mitte
945 1056 1065 1094 eum
1106 1039 1404 1101 nobiscum,
1440 1048 1488 1091 et
1517 1054 1788 1108 pergemus
1825 1039 2042 1107 pariter,

451 1148 781 1203 ememusqtte
830 1132 951 1186 usui
989 1130 1305 1185 necessaria.
1339 1126 1400 1183 Si
1430 1137 1604 1181 autem
1653 1142 1757 1182 non
1786 1129 1891 1192 vis,
1940 1144 2045 1182 non

452 1226 661 1279 ibimus.
694 1225 863 1281 Judas
890 1233 944 1280 et
968 1224 1175 1286 Ruben,
1208 1221 1477 1277 confessio
1500 1221 1751 1276 videlicet
1776 1229 1830 1275 et
1856 1222 2045 1293 gratize

452 1317 810 1387 experientia,
848 1316 992 1387 quod
1027 1322 1111 1369 est
1140 1313 1234 1367 lilii
1273 1312 1429 1377 visio,
1482 1309 1650 1367 Iacob
1698 1310 2041 1366 intellectua-

453 1408 557 1462 lem
597 1417 845 1462 nostrum
885 1404 1197 1475 specialiter
1220 1403 1587 1472 alloquuntur,
1634 1403 1764 1472 quia
1787 1418 1855 1457 ne
1890 1402 2047 1456 labor

454 1501 811 1556 confessionis
849 1514 912 1554 ac
968 1497 1319 1567 paenitudinis
1361 1504 1496 1550 actae
1542 1497 1813 1564 depereat,
1851 1503 1907 1548 et
1943 1495 2047 1548 hoc

453 1596 630 1663 ipsum
656 1592 799 1662 quod
844 1591 954 1660 jam
1005 1590 1200 1644 divinae
1229 1582 1616 1642 mise‘ricordia‘
1643 1602 1706 1640 ac
1744 1585 2046 1641 dulcedinis

452 1688 623 1744 sensit
654 1701 718 1741 ac
750 1684 951 1755 sapuit,
982 1692 1126 1749 ruat,
1156 1682 1427 1752 praecipue
1453 1681 1803 1751 recogitantis
1846 1680 2046 1734 intelli-

450 1780 648 1850 gentiae
689 1791 879 1841 canos,
909 1775 1026 1845 qui,
1052 1774 1207 1844 juxta
1247 1774 1586 1843 prophetam,
1619 1787 1740 1826 eam
1763 1772 1877 1842 jam
1916 1787 2042 1842 per-

2146 572 2200 626 in
2233 574 2399 627 Deum
2428 574 2703 641 admonet,
2732 586 2792 630 ut
2816 577 2882 631 ad
2911 577 3173 635 virtutum
3205 581 3386 637 studia
3418 572 3707 654 provehat:
3732 615 3747 629 -

2148 672 2254 728 tur,
2282 672 2338 717 ut
2359 663 2524 718 vitam
2550 665 2776 721 interius
2804 668 3105 735 obtineant,
3129 680 3184 725 et
3208 672 3336 741 ipsae
3365 674 3513 730 vires
3534 677 3739 744 animi,

2145 767 2268 808 cum
2310 755 2567 824 primaeva
2592 756 2805 825 piorum
2836 768 3052 813 actuum
3086 760 3421 819 exhibitione
3442 779 3553 820 non
3584 768 3743 823 occi-

2146 842 2296 897 dant.
2321 843 2555 900 Puerum
2601 846 2806 902 idcirco
2834 862 2984 917 spem
3029 851 3241 921 accipe,
3272 854 3398 922 quia
3448 870 3570 911 eam
3597 873 3744 928 opus

2146 942 2230 989 est
2259 948 2326 990 ex
2355 950 2580 1005 operum
2602 936 2864 993 bonorum
2891 941 3071 1010 specie
3094 941 3269 1012 seipsa
3306 959 3522 1015 semper
3542 950 3746 1004 novio—

2147 1039 2264 1080 rem
2296 1042 2433 1082 esse.
2461 1028 2575 1099 Ego
2601 1030 2830 1100 suscipio
2869 1047 3108 1100 puerum,
3140 1034 3266 1089 dum
3297 1036 3399 1091 sub
3444 1053 3539 1109 spe
3562 1040 3746 1096 venize

2145 1121 2480 1189 paenitentiae
2504 1124 2715 1193 pondus
2738 1125 2969 1194 excipio.
3009 1125 3066 1180 Si
3097 1127 3277 1196 perire
3313 1130 3623 1202 contigerit,
3667 1134 3744 1189 ab

2147 1211 2309 1267 inerti
2358 1216 2671 1284 operatione
2700 1232 2819 1272 mea
2870 1217 3095 1273 exitium
3164 1219 3299 1288 ejus
3330 1224 3499 1293 repeti
3540 1225 3744 1281 debere

2149 1318 2367 1370 censeo,
2391 1307 2433 1360 si
2460 1322 2606 1376 spem
2640 1322 2746 1363 non
2781 1309 2875 1364 tibi
2906 1309 3206 1365 exhibuero
3230 1327 3327 1381 per
3350 1329 3486 1379 rem,
3516 1324 3570 1369 et
3594 1318 3745 1386 quod

2150 1409 2335 1464 speras
2367 1413 2474 1451 non
2503 1399 2599 1453 tibi
2626 1399 2902 1456 tradidero
2932 1399 3221 1457 fruendum
3245 1402 3385 1460 facie
3425 1407 3493 1461 ad
3516 1406 3739 1473 faciem,

2150 1489 2297 1542 omni
2344 1490 2666 1545 saeculorum
2721 1499 2965 1563 tempore
3018 1492 3163 1547 luam
3220 1497 3485 1566 supplicia
3527 1500 3747 1569 peccati

2150 1586 2333 1633 reatus
2363 1579 2419 1633 in
2474 1588 2547 1645 te,
2604 1579 2759 1649 cujus
2796 1582 3229 1651 promotionibus
3260 1586 3443 1642 destiti
3502 1587 3742 1645 inhiare.

2151 1667 2208 1723 Si
2255 1659 2359 1724 rion
2389 1672 2763 1727 intercessisset
2815 1673 3131 1731 humanitus
3166 1684 3327 1732 mota:
3365 1677 3750 1736 altercationis

2149 1763 2356 1829 dilatio,
2383 1764 2495 1832 jam
2528 1764 2701 1819 altera
2750 1765 2894 1821 facta
2939 1767 3133 1824 fuisset
3177 1783 3277 1839 pro
3316 1770 3422 1826 hoc
3450 1770 3566 1841 ipso
3596 1770 3749 1841 quod

452 1840 737 1935 fuderant,
764 1877 819 1923 et
849 1869 1224 1938 ignoraverat,
1252 1873 1577 1920 vetustatem
1627 1864 1834 1919 scilicet
1861 1881 1923 1919 ac
1951 1865 2041 1919 de-

2158 1856 2384 1926 patimur
2433 1866 2651 1927 torpore
2688 1858 2991 1926 confessio;
3027 1862 3171 1930 quod
3209 1869 3313 1927 est,
3344 1864 3411 1917 ad
3442 1840 3748 1934 Egyptum

452 1964 657 2017 fectum
697 1960 918 2029 stringit
954 1966 1009 2014 et
1046 1959 1288 2011 innovat.
1322 1957 1420 2010 Vir
1448 1956 1536 2010 ille
1574 1956 1665 2024 qui
1690 1963 1907 2011 terrena
1935 1970 2046 2011 ote-

454 2052 671 2107 lestium
724 2051 1061 2104 incremento
1117 2048 1394 2119 postponit
1441 2047 1673 2102 viriliter
1719 2046 2047 2102 effeminatis

453 2142 756 2206 denuntiat,
786 2148 843 2194 et
870 2140 971 2194 sub
1023 2139 1409 2194 testificatione
1435 2138 1758 2207 Scripturze,
1790 2146 1843 2193 et
1877 2139 2047 2209 ipsius

452 2235 699 2290 veritatis
720 2241 1019 2298 asseverat,
1047 2232 1189 2302 quod
1227 2245 1388 2286 nemo
1414 2231 1464 2286 ei
1495 2232 1686 2285 intima
1715 2232 2047 2301 cogitatione

452 2323 806 2393 complaceat,
850 2324 957 2379 nisi
986 2337 1136 2395 spem
1164 2338 1286 2393 quae
1323 2337 1419 2392 pro
1444 2338 1555 2378 sure
1592 2323 1912 2379 subtilitatis
1953 2339 2051 2394 pe-

455 2432 551 2472 nes
599 2418 769 2472 Deum
823 2432 945 2472 sese
988 2417 1282 2470 vivacitate
1324 2416 1576 2481 collocat,
1618 2417 1824 2484 pariter
1862 2430 2047 2471 secum

454 2508 649 2573 ducat;
691 2522 812 2575 quae
842 2506 1061 2575 quidem
1107 2505 1254 2559 nulla
1282 2514 1396 2571 est,
1438 2514 1533 2559 aut
1561 2521 1785 2575 prorsus
1826 2507 2050 2575 puerilis

454 2605 510 2652 et
536 2598 719 2651 infima
739 2635 755 2662 ,
787 2598 892 2652 nisi
923 2597 1180 2662 fratrem,
1213 2597 1265 2651 id
1293 2605 1380 2651 est
1425 2596 1741 2651 meritorum
1772 2598 1915 2651 hanc
1961 2611 2050 2652 so-

454 2691 646 2758 cietas,
669 2691 872 2761 cingat.
900 2690 1031 2745 Sine
1064 2692 1165 2744 hac
1186 2703 1318 2760 ergo
1346 2689 1424 2743 ire
1444 2702 1549 2743 non
1582 2703 1892 2757 possumus,
1921 2689 2050 2759 quia

454 2782 666 2837 fatuum
690 2791 776 2837 est
797 2797 1065 2851 quaerere,
1092 2782 1136 2836 si
1162 2796 1269 2836 non
1292 2782 1519 2850 quaesita
1546 2794 1850 2849 speramus.
1880 2780 2050 2849 Spera

455 2890 695 2945 namque
722 2875 776 2929 in
816 2875 1065 2940 Domino,
1093 2885 1142 2928 et
1173 2875 1258 2943 fac
1287 2874 1566 2926 bonitatem
1598 2870 1771 2943 (Psal.
1806 2889 1938 2938 xxx,
1966 2871 2044 2941 5),

455 2966 615 3020 nobis
667 2965 871 3020 dictum
912 2966 1159 3035 legimus.
1194 2963 1381 3045 (Vens.
1411 2962 1492 3033 6.)
1533 2962 1599 3016 In
1627 2979 1821 3031 meam,
1850 2962 2052 3032 inquit,

456 3057 553 3110 hoc
585 3056 783 3125 fecistis
820 3056 1119 3120 miseriam,
1157 3065 1213 3107 ut
1243 3054 1550 3108 iudicaretis
1585 3066 1633 3109 et
1669 3055 1833 3108 alium
1861 3055 2052 3107 habere

456 3165 544 3203 vos
591 3148 831 3217 fratrem.
867 3147 1044 3203 Verba
1087 3147 1415 3203 fastidientis
1451 3155 1610 3210 sunt,
1643 3147 1737 3216 qui
1766 3162 1865 3201 nec
1894 3147 2048 3202 initia

454 3242 584 3296 boni
613 3241 959 3311 proposuisse
988 3241 1259 3305 maluerit,
1289 3255 1412 3310 quae
1439 3240 1753 3310 incoepisse,
1776 3256 1927 3310 spem
1963 3257 2055 3295 su-

455 3346 755 3402 pernorum
794 3332 1060 3402 appetitui
1106 3332 1379 3387 indicasse
1420 3331 1518 3395 sit,
1558 3339 1615 3385 et
1661 3330 1730 3385 ab
1769 3330 1855 3387 his
1882 3333 2055 3387 desci-

457 3423 602 3478 visse
630 3424 849 3478 miseria
884 3424 1079 3479 iterum
1109 3424 1200 3478 sit.

530 3515 693 3570 Vsus.
726 3516 781 3569 7.
807 3545 881 3558 -—
916 3515 1268 3588 Interrogavit
1315 3533 1407 3571 nos
1441 3518 1619 3584 homo,
1649 3517 1926 3587 inquiunt,
1961 3537 2057 3574 no-

459 3613 625 3659 stram
648 3607 968 3676 progeniem,
989 3624 1080 3676 per
1110 3609 1370 3673 ordinem,
1398 3610 1443 3662 si
1475 3619 1623 3678 pater
1651 3612 1857 3677 viveret,
1886 3612 1931 3666 si
1962 3614 2058 3666 ha-

463 3696 700 3751 beremus
731 3696 986 3766 fratrem;
1016 3707 1065 3753 et
1090 3715 1185 3752 nos
1214 3701 1579 3768 respondimus
1608 3701 1656 3755 ei
1686 3714 2058 3774 consequenter

455 3789 621 3859 juxta
656 3790 709 3843 id
737 3791 877 3859 quod
906 3791 1079 3859 fuerat
1110 3792 1426 3847 sciscitatus.
1469 3793 1727 3865 Nunquid
1751 3797 1886 3850 scire
1914 3810 2058 3867 pote-

463 3896 644 3935 ramus
664 3883 805 3951 quod
843 3883 1079 3937 dicturus
1107 3895 1235 3939 esset
1262 3901 1281 3938 :
1303 3885 1560 3940 Adducite
1594 3889 1811 3957 fratrem
1832 3901 2058 3944 uestrum

465 3974 776 4028 vobiscum?
814 3975 987 4029 Homo
1038 3979 1349 4047 progeniem
1401 3991 1642 4035 nostram
1688 3997 1786 4051 per
1810 3983 2058 4038 ordinem

464 4065 787 4138 interrogat,
822 4084 944 4123 cum
973 4070 1175 4124 interni
1199 4073 1473 4127 studiosus
1495 4076 1769 4144 augmenti
1818 4078 2060 4131 rationa-

465 4157 534 4213 lis
570 4162 864 4229 appetitus,
905 4163 1093 4217 modos
1117 4164 1423 4235 gradusque
1447 4175 1649 4220 nostrae
1686 4167 2059 4221 conversatio-

465 4248 573 4316 nis,
616 4265 681 4304 ac
721 4253 1096 4309 conversionis
1136 4256 1422 4321 eventilat;
1478 4255 1629 4324 cujus
1658 4258 1789 4312 ordo
1835 4265 1919 4312 est
1959 4275 1970 4310 :
2016 4258 2061 4311 si

465 4350 617 4411 pater
647 4352 703 4397 et
730 4353 912 4401 rector
939 4348 1193 4403 mentalis
1244 4348 1461 4403 familia:
1503 4334 1810 4405 intellectus
1836 4352 2013 4421 vigeat
2044 4368 2055 4405 :

468 4433 514 4487 si
557 4434 833 4491 individue
864 4436 1129 4493 bonorum
1186 4439 1441 4505 ﬁliorum,
1490 4441 1541 4494 id
1572 4449 1654 4496 est
1682 4457 1903 4511 operum
1935 4458 2061 4513 ger—

2149 1966 2246 2020 pro
2273 1951 2354 2006 sui
2382 1952 2740 2021 vestigatione
2773 1955 3057 2025 ingressio,
3089 1965 3145 2011 et
3175 1972 3363 2013 rursus
3385 1958 3453 2013 ad
3484 1960 3750 2015 sanctita-

2150 2045 2218 2099 tis
2248 2059 2411 2115 opera
2435 2047 2778 2115 exsequenda
2811 2049 3073 2105 reversio.

2222 2180 2389 2236 Vens.
2424 2182 2512 2237 ll.
2541 2212 2611 2224 -—-
2662 2181 2839 2253 Igitur
2870 2182 3043 2239 Israel
3089 2193 3241 2256 pater
3286 2202 3468 2242 eorum
3512 2190 3644 2245 dixit
3670 2195 3751 2247 ad

2150 2288 2236 2325 eos
2265 2287 2285 2326 :
2317 2270 2378 2326 Si
2406 2273 2483 2325 sic
2514 2289 2718 2327 necesse
2740 2266 2846 2339 est,
2890 2275 3050 2343 facite
3077 2276 3217 2344 quod
3247 2277 3436 2344 vultis;
3466 2282 3651 2336 sumite
3675 2285 3752 2339 de

2150 2366 2357 2436 aptimis
2380 2377 2531 2420 teme
2560 2365 2818 2435 fructibus
2840 2367 2893 2420 in
2922 2369 3059 2422 vasis
3081 2370 3286 2432 vestris,
3319 2381 3366 2423 et
3401 2371 3599 2440 deferte
3630 2376 3747 2429 viro

2150 2473 2392 2523 munera,
2411 2458 2674 2510 modicum
2704 2458 2910 2523 resima,
2937 2467 2983 2511 et
3004 2458 3195 2525 mellis,
3219 2470 3267 2513 et
3291 2463 3534 2527 storacis,
3562 2473 3610 2516 et
3634 2472 3751 2517 sta-

2150 2556 2277 2613 ctes,
2304 2555 2352 2601 et
2380 2547 2675 2601 tlterebintii
2699 2557 2746 2601 et
2777 2549 3204 2618 amygdalarum.
3232 2549 3343 2616 Ille,
3378 2552 3469 2621 qui
3494 2555 3751 2624 superius

2151 2637 2322 2693 Jacob
2346 2637 2575 2693 forsitan
2611 2638 2682 2693 ob
2728 2638 2810 2694 sui
2842 2639 3014 2709 ipsius
3042 2641 3535 2711 supplantationem
3582 2660 3752 2699 voca-

2152 2731 2339 2796 batur,
2360 2729 2474 2800 jam
2501 2744 2648 2783 nunc
2678 2744 2802 2785 cum
2830 2730 2899 2784 ab
2923 2729 3163 2783 humana
3191 2731 3569 2802 suggillatione
3592 2749 3755 2789 com-

2152 2822 2416 2893 pescitur,
2464 2820 2659 2887 Israel,
2690 2822 2744 2877 id
2792 2832 2875 2877 est
2928 2824 3168 2878 directus
3207 2839 3331 2879 cum
3361 2824 3473 2881 Deo
3499 2837 3755 2895 vocatur,

2152 2915 2297 2969 unde
2338 2923 2393 2969 et
2425 2922 2581 2983 pater
2606 2927 2796 2968 eorum
2825 2930 2945 2984 quae
2982 2915 3122 2971 bene
3169 2931 3329 2971 sensa
3354 2925 3480 2973 sunt
3526 2919 3756 2974 dicitur.

2155 3006 2218 3062 Si
2248 3007 2347 3072 sic,
2380 3006 2574 3078 inquit,
2610 3022 2759 3078 spem
2793 3007 2912 3063 sine
2940 3008 3207 3064 bonorum
3255 3025 3319 3065 ac
3341 3011 3759 3067 rationabilium

2155 3101 2459 3156 studiorum
2486 3117 2607 3157 esse
2642 3103 2900 3157 comitatu
2946 3102 3030 3159 fas
3070 3120 3178 3159 non
3207 3114 3309 3172 est,
3336 3115 3393 3160 ut
3425 3107 3762 3165 alterutrum

2080 3180 2123 3238 C
2158 3192 2278 3247 sine
2328 3192 2499 3246 altera
2551 3193 2750 3261 valeat,
2781 3195 2925 3266 agite
2965 3197 3109 3265 quod
3155 3199 3537 3267 proposuistis,
3580 3209 3636 3256 et
3697 3202 3761 3258 in

2159 3284 2570 3355 conceptabulis
2620 3287 2966 3342 conscientiae
3008 3288 3073 3342 de
3122 3291 3327 3359 optimis
3364 3300 3541 3358 terrae,
3571 3292 3625 3347 id
3666 3302 3765 3349 est

2158 3376 2361 3431 Christi
2384 3377 2647 3448 exemplis
2678 3392 2742 3432 ac
2771 3378 3082 3443 virtutibus,
3109 3378 3264 3449 cujus
3295 3385 3364 3436 ad
3389 3384 3607 3439 modum
3640 3394 3765 3439 ter-

2160 3484 2235 3523 ra:
2288 3468 2579 3525 feracitate
2619 3472 2911 3536 nutrimur,
2945 3474 3165 3539 sumite,
3197 3481 3253 3528 et
3306 3475 3433 3544 quia
3465 3475 3533 3530 ad
3571 3475 3763 3532 locum

2160 3562 2305 3617 unde
2337 3571 2537 3617 exeunt
2588 3563 2839 3630 flumina,
2890 3574 3237 3621 revertuntur
3295 3566 3495 3637 (Eccle.
3547 3586 3589 3637 ι,
3657 3571 3767 3641 7),

2161 3652 2263 3721 ipsi
2295 3669 2358 3707 ea
2388 3670 2506 3723 qua:
2552 3656 2619 3710 ab
2664 3655 2782 3724 ipso
2831 3658 3138 3728 sumpsistis
3172 3659 3477 3726 attribuite,
3527 3657 3762 3732 Joseph,

2162 3742 2431 3813 spirituali
2477 3744 2685 3800 scilicet
2711 3754 2895 3801 vestro
2941 3746 3242 3814 desiderio,
3277 3756 3334 3801 ut
3361 3763 3427 3802 ex
3456 3747 3767 3806 benefactis

2163 3834 2229 3888 ad
2254 3835 2475 3890 meliora
2502 3836 2730 3905 feratur,
2775 3838 3050 3910 apponite.
3089 3838 3192 3893 Per
3220 3839 3481 3903 resinam,
3508 3856 3629 3911 qua:
3656 3842 3770 3897 ali-

2162 3927 2483 3996 quantulum
2526 3927 2763 3996 redolet,
2823 3932 3021 3985 bonam
3057 3929 3217 4003 156
3258 3931 3324 3985 ad
3353 3932 3631 4002 proximos
3674 3932 3771 3988 fa-

2162 4031 2330 4080 mam,
2366 4015 2421 4070 in
2471 4018 2625 4073 melle
2653 4036 2862 4073 morttm
2908 4021 3300 4090 benignitatem
3355 4021 3613 4093 intellige,
3655 4038 3772 4091 per

2164 4118 2360 4164 caetera
2407 4110 2669 4165 virtutum
2726 4111 3115 4182 fragrantiam,
3175 4122 3229 4167 et
3274 4113 3512 4179 fructus,
3565 4116 3618 4169 id
3671 4128 3773 4173 cst

2163 4201 2396 4255 actionis
2447 4202 2737 4258 utilitatem
2779 4205 2982 4274 accipe.
3016 4204 3143 4258 llaec
3190 4204 3420 4259 viriliter
3468 4206 3772 4262 terrenita-

2166 4301 2276 4346 tum
2310 4292 2450 4346 fluxa
2492 4297 2721 4363 regenti,
2753 4296 2963 4363 piorum
3003 4304 3355 4365 provectuum
3384 4298 3629 4351 studioso
3652 4315 3771 4352 no-

2164 4394 2277 4440 stro
2314 4386 2575 4455 appetitui
2606 4385 2785 4441 offerri
2818 4396 2873 4441 et
2893 4388 3109 4459 suggeri
3140 4387 3299 4458 digna
3329 4388 3603 4442 videntur.

467 4540 684 4592 manus,
713 4528 829 4596 spei
878 4529 1131 4584 videlicet
1159 4541 1358 4585 nostra:
1386 4548 1556 4602 usque
1618 4534 1671 4587 in
1711 4534 1892 4587 divina
1933 4550 2054 4588 con-

2239 4523 2405 4578 Vau's.
2439 4523 2524 4578 12.
2556 4553 2627 4564 —-
2665 4523 2957 4580 Pecuniam
3006 4525 3268 4591 duplicem
3304 4525 3434 4594 ferte
3469 4526 3771 4593 vobiscum,

468 4616 657 4679 tuitus,
686 4617 843 4671 nobis
868 4619 1169 4685 adhaereat;
1199 4621 1263 4674 ad
1287 4637 1408 4691 quae
1432 4637 1657 4677 necesse
1686 4632 1787 4689 est,
1806 4632 1915 4678 tota
1945 4624 2063 4678 ani-

470 4704 543 4757 mi
579 4706 662 4759 vis
707 4720 770 4760 ac
814 4709 1171 4776 rationalitas,
1220 4726 1325 4766 non
1377 4714 1573 4779 verbo,
1616 4714 1711 4768 sed
1764 4714 2063 4769 studiorum

472 4793 669 4849 aﬂ‘ectu
708 4810 766 4850 se
796 4796 884 4853 his
928 4814 1033 4852 non
1076 4816 1267 4856 carere
1294 4805 1648 4872 respondeat,
1699 4806 1817 4860 sine
1867 4806 2066 4874 quibus

472 4898 829 4957 augmentum
857 4891 1140 4959 spirituale
1174 4894 1316 4963 quod
1362 4896 1657 4964 quaerimus
1683 4896 1918 4951 obtineri
1972 4910 2066 4949 ne-

471 4989 656 5049 queat.
717 4981 1010 5053 Nunquid,
1057 4994 1349 5055 antequam
1405 4989 1636 5057 gratiam
1691 4987 2067 5043 conversionis

469 5083 809 5143 peteremus,
835 5078 969 5131 scire
998 5086 1324 5146 poteramus,
1356 5082 1485 5149 quid
1529 5096 1559 5134 a
1592 5080 1747 5135 nobis
1772 5079 2067 5151 professio-

472 5182 602 5222 num
633 5170 851 5226 devotio
875 5170 1155 5240 religionis
1178 5174 1465 5243 exigeret?

546 5260 712 5317 Vsns.
748 5264 801 5330 8,
834 5264 888 5330 9,
923 5261 1011 5315 10.
1039 5291 1111 5303 -
1150 5263 1319 5331 Mitte,
1352 5267 1428 5320 ait
1477 5264 1673 5335 Iudas,
1707 5282 1925 5335 puerum
1958 5283 2068 5322 me-

474 5364 614 5415 cum,
652 5361 709 5405 ut
738 5351 1166 5422 proﬁciscamur,
1194 5366 1241 5408 et
1282 5357 1542 5424 possimus
1566 5357 1750 5424 vivere,
1784 5375 1848 5412 ne
1869 5362 2068 5415 moria-

474 5458 613 5508 mur,
649 5460 742 5498 nos
783 5452 831 5497 et
858 5442 1067 5513 parvuli
1096 5450 1281 5502 nostri.
1315 5448 1429 5520 Ego
1458 5452 1683 5521 suscipio
1727 5470 1976 5522 puerum;
2003 5456 2067 5511 de

474 5551 637 5588 manu
673 5550 789 5588 mea
815 5532 1021 5601 require
1045 5533 1217 5591 illum.
1254 5540 1375 5595 Nisi
1406 5543 1683 5610 rcduxero,
1721 5555 1768 5599 et
1799 5548 2067 5603 tradidero

476 5639 596 5676 eum
631 5622 746 5684 tibi,
780 5637 871 5674 ero
892 5624 1094 5688 peccati
1122 5641 1239 5682 reus
1272 5633 1329 5686 in
1351 5641 1399 5685 te
1428 5636 1569 5688 omni
1596 5645 1842 5707 tempore.
1878 5637 1939 5693 Si
1964 5656 2069 5693 non

475 5712 849 5767 intercessisset
880 5711 1092 5781 dilatio,
1122 5718 1237 5787 jam
1270 5725 1375 5779 uice
1407 5726 1573 5783 altera
1600 5738 1934 5788 venissemus.
1966 5732 2067 5787 Ju-

472 5802 578 5881 ‘das
594 5816 822 5873 puerum
856 5803 999 5861 mitti
1021 5821 1176 5881 rogat
1215 5824 1276 5870 ut
1296 5820 1737 5895 proficiscantur,
1770 5841 1897 5883 cum
1934 5841 2068 5883 con-

2166 4625 2225 4672 ut
2249 4616 2328 4672 sic
2358 4616 2492 4671 alios
2518 4616 2819 4673 forinsecus
2845 4618 3088 4674 doceatis
3109 4630 3378 4688 quatenus
3400 4634 3494 4673 vos
3519 4619 3771 4688 primum

2167 4710 2395 4765 interius
2444 4724 2542 4779 per
2566 4710 2757 4765 eadem
2787 4711 3113 4766 documenta
3139 4711 3396 4780 paseatis.
3431 4711 3772 4766 Deriveutur

2165 4802 2345 4858 fontes
2392 4803 2466 4855 tui
2497 4802 2665 4868 foras,
2709 4810 2763 4855 et
2817 4804 2965 4859 solus
2992 4816 3171 4858 tamen
3202 4818 3295 4859 eos
3339 4803 3547 4873 absque
3572 4812 3774 4859 extra-

2165 4894 2284 4948 neis
2333 4893 2508 4947 bibas.
2564 4890 2633 4946 Et
2682 4893 2826 4946 illam
2858 4911 3018 4964 quam
3062 4895 3329 4950 invenistis
3374 4905 3652 4964 reportate,
3700 4912 3775 4949 ne

2169 4985 2302 5054 forte
2342 5001 2519 5039 errore
2572 4987 2637 5040 sit
2670 4986 2889 5055 factum.
2943 4986 3001 5041 Si
3049 4988 3179 5057 quid
3228 4989 3573 5043 discretionis
3624 5003 3775 5057 erga

2166 5078 2479 5148 passionum
2512 5079 2856 5135 insolentiam
2878 5080 3201 5147 carnalium,
3228 5097 3459 5150 quarum
3490 5081 3774 5151 asperita-

2169 5181 2223 5227 te
2250 5171 2542 5243 eingimur,
2574 5188 2669 5228 vos
2712 5173 2915 5230 habere
2940 5177 3164 5245 putatis,
3196 5177 3263 5231 ad
3286 5177 3569 5246 sapientiae
3591 5176 3776 5231 caele-

2166 5264 2269 5319 stis
2290 5276 2515 5320 cxamen
2551 5263 2769 5330 referte,
2803 5279 2870 5319 ne
2910 5282 3016 5337 qua
3066 5282 3162 5323 vos
3209 5266 3356 5336 ipsos
3403 5267 3640 5321 humana
3670 5280 3774 5320 ra-

2169 5358 2315 5414 tione
2343 5358 2561 5413 fallatis.
2588 5358 2767 5429 Ipsum
2793 5361 2937 5414 enim
2964 5359 3188 5429 Joseph,
3217 5376 3377 5430 quem
3418 5369 3773 5429 augmentum

2169 5452 2418 5515 dicimus,
2453 5454 2519 5507 ad
2551 5453 2961 5521 intelligentiam
2987 5468 3363 5523 supernorum,
3391 5452 3587 5522 quibus
3626 5452 3776 5511 solis
3844 5522 3857 5542 Κ

2169 5547 2355 5618 augeri
2378 5547 2578 5601 bonum
2607 5556 2711 5611 est,
2738 5546 3046 5603 referimus.
3080 5546 3334 5602 Terrenis
3358 5560 3553 5614 nempe
3570 5544 3774 5614 augeri

2170 5639 2445 5695 neminem
2493 5638 2665 5694 facilis
2693 5639 2939 5709 probatio
2967 5648 3070 5695 est.
3120 5638 3310 5713 (Vens.
3354 5639 3465 5707 15.)
3501 5637 3584 5692 Ad
3616 5638 3773 5694 hunc

2169 5731 2372 5796 virum,
2407 5746 2528 5785 cum
2570 5728 2818 5793 fratrem,
2850 5732 2917 5786 ab
2953 5731 3139 5785 eadem
3172 5730 3419 5785 videlicet
3441 5727 3661 5783 calitus
3702 5728 3776 5783 il-

2174 5825 2403 5881 lustrata
2438 5824 2647 5880 ratione
2674 5824 2911 5893 genitam
2942 5839 3093 5894 spem
3139 5824 3207 5879 ab
3246 5822 3429 5878 infima
3449 5822 3775 5892 cupiditate
