3982 6360
91 278 223 342 293

1194 279 1557 338 MORALIUM
1588 280 1657 336 1N
1704 278 2001 338 GENESIN
2044 282 2176 338 LIB.
2202 282 2273 340 Χ.

3296 283 3404 346 ass

94 398 445 463 tulerimus,
476 396 747 452 continuis
791 396 1125 466 profectibus
1175 397 1349 462 imus,
1388 397 1514 453 dum
1544 398 1717 467 magis
1744 403 1797 462 Α
1824 399 1891 453 ad
1921 398 2352 469 dispensatorem
2386 398 2714 467 accedimus,
2761 416 2883 455 cum
2927 407 3076 462 metu
3108 400 3291 460 divino
3320 421 3407 462 re-

100 507 181 547 ae
214 492 403 561 magis
430 490 540 544 Deo
578 498 632 543 et
660 489 820 543 saluti
850 490 1114 544 viciniora
1146 490 1434 544 sentimus.

196 582 369 637 Vens.
406 583 492 635 M.
543 612 614 621 —
657 582 796 636 Deus
823 591 996 635 autem
1038 599 1183 636 meus
1220 583 1383 651 faciat
1419 599 1537 636 eum
1584 580 1722 638 vobis

100 674 479 746 placabilem;
537 682 587 728 et
643 676 870 728 remittat
922 677 1185 729 vobiscum
1227 676 1446 745 fratrem
1500 686 1727 731 vestrum

104 786 283 839 quem
335 777 503 833 tenet,
550 777 599 822 et
651 770 789 823 hunc
824 768 1127 840 Benjamin.
1176 769 1261 824 Fit
1316 771 1473 826 nobis
1522 769 1725 840 Ioseph

108 858 439 930 placabilis.
468 872 611 923 cum,
641 860 930 914 mundanis
964 861 1155 929 sopitis
1198 860 1535 929 impulsibus,
1566 859 1727 931 spiri-

120 952 304 1007 tualis
335 951 657 1006 incrementi
704 951 962 1020 majestas
985 968 1090 1006 non
1123 960 1203 1006 est
1263 952 1418 1009 nobis
1468 951 1721 1007 dillicilis.

112 1046 332 1100 Frater
370 1059 530 1114 quem
565 1050 744 1109 tenet,
786 1045 1111 1109 remittitur,
1156 1059 1276 1098 cum
1321 1043 1566 1109 allectus,
1596 1044 1727 1098 veli-

116 1152 254 1191 mus
286 1136 543 1199 nolimus,
571 1149 827 1204 evagans,
858 1143 911 1189 et
941 1143 1117 1190 tamen
1151 1136 1409 1204 praedicta
1443 1136 1728 1204 majestate

119 1228 292 1297 quasi
322 1226 519 1281 mentis
559 1227 674 1294 lege
703 1226 990 1292 coercitus,
1016 1227 1260 1281 interiori
1294 1228 1585 1297 aliquando
1636 1230 1728 1284 bo-

120 1320 296 1385 miui,
332 1321 448 1374 sine
490 1319 597 1373 ulla
621 1318 733 1387 jam
761 1319 811 1373 vi
840 1321 1142 1375 obedicndo
1176 1320 1409 1387 laxatur,
1449 1320 1725 1389 Benjamin

122 1413 469 1479 remittitur,
518 1428 641 1467 cum
682 1413 895 1467 fructus
925 1414 1039 1482 spei
1075 1421 1274 1468 nostra:
1328 1414 1396 1468 ad
1447 1414 1726 1469 dexteram

121 1507 297 1561 nobis
326 1506 639 1561 constitutis
676 1505 731 1559 in
780 1520 946 1574 regno
988 1514 1342 1559 monstratur.
1385 1504 1501 1576 Ego
1550 1517 1727 1560 autem

122 1598 350 1650 orbatus
382 1597 573 1667 absque
604 1596 780 1649 liberis
811 1612 922 1650 ero.
944 1595 1110 1663 Quasi
1133 1598 1383 1650 orbatum
1417 1598 1635 1652 interim
1669 1611 1728 1651 se

120 1694 313 1756 putat,
342 1687 469 1740 dum
504 1686 556 1739 in
607 1685 861 1740 conflictu
911 1687 1125 1741 animus
1151 1687 1357 1756 positus
1392 1688 1466 1741 nil
1498 1703 1557 1742 se
1582 1702 1725 1753 esse,

1825 490 2003 545 stricti
2065 491 2292 546 liberius
2337 489 2453 559 jam
2523 491 2857 544 ordinarium
2913 493 3057 549 illam
3124 499 3401 553 rationem

1825 583 2192 652 aggredimur.
2227 581 2352 636 Iam
2391 592 2532 649 ante,
2566 582 2840 650 inquiunt,
2883 598 2979 651 per
3006 586 3401 644 confessionem

1828 673 2000 742 culpae
2029 689 2129 728 nos
2158 674 2584 742 bumiliavimus,
2616 683 2676 728 ut
2707 672 2904 729 divinis
2935 675 3107 743 epulis
3146 680 3407 736 allevare-

1827 780 1972 819 mur.
2014 764 2216 834 (Vens.
2266 766 2388 833 2i.)
2432 766 2639 833 Quibus
2688 766 2944 832 obtentis,
2996 781 3119 821 cum
3168 770 3236 824 ad
3280 785 3408 828 eon-

1828 858 2072 912 scientiae
2128 858 2471 913 diversorum
2532 858 2778 914 sacculos
2842 859 3407 928 concupiscentiarum

1829 948 2223 1015 examinandos
2253 949 2722 1018 expandissemus,
2766 951 2935 1006 divini
2964 948 3165 1019 eloquii
3197 958 3413 1007 senten-

1831 1040 1934 1095 tias
1982 1054 2083 1094 nos
2137 1040 2271 1110 ipsis
2329 1056 2623 1111 pravorum
2676 1050 2917 1097 motuum
2967 1042 3411 1114 suggestionibus

1829 1133 2114 1203 objecisse,
2158 1136 2341 1189 animo
2379 1142 2556 1202 teste,
2600 1135 2973 1212 meminimus;
3018 1152 3181 1206 quam
3222 1133 3416 1206 mysti-

1828 1241 1945 1281 cam
1973 1227 2262 1296 pecuniam
2302 1229 2491 1283 eodem
2527 1242 2776 1296 superate
2819 1230 3121 1286 dilectionis
3168 1230 3414 1300 pondere

1830 1320 2108 1392 gravidam
2141 1323 2208 1376 ad
2248 1322 2323 1376 tui
2349 1319 2614 1390 judicium
2656 1330 3016 1390 reportamus,
3058 1333 3115 1377 ut
3146 1332 3198 1378 te
3223 1321 3412 1393 judice

1831 1421 2036 1483 pateat,
2074 1414 2118 1469 si
2156 1414 2284 1483 quid
2316 1414 2535 1481 indigne
2584 1413 2820 1484 egimus;
2864 1414 3030 1483 (Vens
3080 1414 3171 1483 εἰ)
3204 1416 3301 1471 sed
3351 1422 3408 1470 et

1830 1505 1976 1560 aliud
2026 1517 2312 1576 argentum
2372 1506 2592 1575 copiose
2649 1505 2892 1560 scientia:
2940 1520 3109 1573 usque
3157 1508 3221 1559 ad
3260 1508 3415 1563 bona:

1833 1598 2066 1653 actionis
2106 1597 2355 1653 ell‘ectum
2397 1597 2680 1652 attulimus
2706 1639 2720 1664 ,
2783 1606 2842 1651 ut
2888 1596 3081 1663 Deum,
3122 1596 3212 1665 qui
3254 1611 3416 1666 super

1832 1691 2018 1746 omnia
2058 1690 2214 1746 nobis
2250 1700 2335 1745 est
2385 1691 2756 1758 necessarius,
2800 1690 2965 1746 totius
2996 1703 3174 1757 operae
3213 1689 3420 1756 impen-

123 1779 209 1834 nil
242 1779 462 1836 ellieere
490 1780 646 1853 quasi
676 1780 731 1835 in
758 1781 992 1851 quadam
1018 1780 1251 1849 caligine
1288 1782 1615 1838 constitutus
1645 1798 1732 1837 re-
1761 1767 1809 1826 Β
1840 1782 1943 1838 diis
2000 1798 2266 1838 eluamus.
2308 1781 2425 1837 Non
2465 1791 2549 1837 est
2586 1783 2641 1837 in
2680 1791 2867 1838 nostra
2907 1781 3243 1837 conscientia
3283 1780 3410 1850 quis
3499 1834 3513 1847 ,

120 1879 313 1939 putat.

209 1962 380 2018 Vsus.
411 1964 497 2018 l5.
535 1995 603 2005 —
653 1962 1048 2018 Descenderunt
1091 1979 1213 2032 ergo
1253 1964 1308 2017 in
1342 1963 1631 2034 zEgyptum
1681 1975 1732 2019 et

129 2062 399 2107 steterunt
444 2070 620 2108 coram
658 2053 875 2124 Ioseph.
918 2054 1284 2109 llumiliautur
1316 2056 1383 2109 ad
1425 2058 1735 2111 considera-

132 2147 348 2201 tionem
381 2148 748 2202 tribulationis
785 2148 1048 2219 Egyptiaa,
1095 2155 1151 2202 et
1194 2163 1302 2217 quo
1330 2150 1500 2221 magis
1536 2151 1589 2205 in
1637 2166 1735 2206 sua

131 2237 607 2306 contemplatione
629 2235 946 2302 ﬂectuntur,
965 2244 1116 2292 tanto
1133 2237 1365 2293 alacrius
1385 2239 1452 2294 ad
1477 2241 1734 2309 sapienda

129 2330 387 2384 caelestia
413 2344 597 2383 coram
626 2328 849 2398 Josepb,
892 2328 945 2381 id
980 2336 1064 2383 est
1093 2330 1147 2383 in
1185 2331 1552 2398 provectionis
1585 2332 1733 2386 desi-

131 2420 292 2473 derio
321 2420 622 2489 eriguntur.
664 2417 855 2489 (Vens.
902 2418 1013 2490 l6.)
1046 2418 1189 2483 Quos
1234 2436 1352 2473 cum
1379 2420 1470 2474 ille
1500 2422 1732 2491 vidisset,

134 2523 185 2563 et
227 2508 513 2577 Benjamin
542 2509 718 2575 simul,
737 2510 981 2579 praecepit
1004 2510 1353 2578 dispensatori
1367 2511 1553 2566 domus
1581 2529 1692 2567 sum
1714 2530 1733 2568 :

135 2598 404 2652 Introduc
441 2599 578 2652 viros
618 2600 674 2652 in
723 2600 969 2666 domum,
1011 2608 1059 2653 et
1097 2601 1301 2653 instrue
1343 2603 1653 2666 convicium,
1686 2612 1736 2657 et

139 2690 323 2743 occide
353 2691 612 2756 victimas,
654 2691 900 2760 quoniam
929 2707 1131 2746 mecum
1161 2702 1280 2746 sunt
1317 2694 1605 2749 comessuri
1626 2711 1733 2749 me-

143 2782 299 2835 ridie.
333 2780 535 2852 Ioseph
572 2796 664 2837 eos
690 2799 812 2837 cum
839 2782 1123 2852 Beujamin
1154 2785 1316 2848 videt,
1349 2801 1471 2840 cum
1494 2786 1608 2855 jam
1632 2788 1735 2843 sibi

143 2871 248 2940 ipsi
289 2872 594 2927 intellectus
622 2882 678 2929 et
710 2876 940 2929 rationis
967 2876 1224 2942 motibus,
1254 2886 1307 2932 ct
1338 2880 1448 2949 spei
1477 2879 1737 2948 profecti-

145 2963 248 3017 bus
284 2965 353 3018 ad
383 2965 742 3034 aggredienda
773 2967 1096 3034 ;cmlestium
1128 2971 1467 3027 incrementa
1497 2988 1603 3027 non
1650 2974 1736 3027 in-

148 3054 314 3108 videt.
346 3054 699 3125 Dispensator
726 3057 918 3125 domus
958 3060 1181 3128 spiritus
1206 3071 1393 3117 noster
1419 3072 1521 3129 est,
1556 3065 1642 3117 cui
1670 3066 1738 3119 ab

152 3160 340 3200 amore
374 3162 608 3216 superno
640 3149 915 3217 indicitur,
945 3160 1005 3205 ut
1031 3151 1087 3205 hi
1108 3152 1292 3209 viriles
1324 3164 1496 3209 status
1527 3156 1581 3210 in
1611 3171 1742 3210 cou-

155 3238 438 3292 scientiam
486 3241 841 3309 inducantur;
898 3245 1136 3298 victimae
1194 3250 1403 3314 peccati
1450 3250 1744 3316 carnisque

159 3328 466 3395 caedantur,
501 3339 561 3383 ut
591 3346 714 3385 cum
766 3331 876 3388 Deo
920 3336 1265 3403 postmodum
1308 3339 1536 3394 interius
1560 3341 1747 3393 convi-

158 3421 305 3474 vium
351 3423 685 3488 iustruatur,
716 3432 777 3477 ut
822 3424 877 3477 in
916 3426 1137 3480 meridie
1186 3425 1491 3483 dilectionis
1520 3429 1747 3486 fervidae

159 3522 356 3577 coenet,
381 3512 536 3581 juxta
560 3513 961 3586 Apocalypsim,
988 3517 1269 3573 nobiscum
1297 3520 1479 3589 ipseet
1500 3537 1600 3579 nos
1623 3539 1746 3579 cum

161 3602 279 3673 ipso
314 3605 623 3659 reficiamur
651 3606 833 3677 (Apoc.
869 3622 955 3674 Ill,
988 3608 1103 3679 20).

232 3694 393 3751 Vens.
435 3698 519 3761 17,
573 3699 658 3754 18.
690 3728 761 3739 -
793 3698 943 3754 Fecit
982 3701 1073 3756 ille
1103 3712 1156 3756 ut
1182 3702 1358 3772 fuerat
1409 3706 1745 3776 imperatum,

163 3789 287 3857 quia
319 3796 497 3844 tactus
524 3805 554 3843 a
586 3790 695 3845 Deo
742 3791 965 3862 spiritus
996 3794 1250 3849 mandata
1285 3796 1353 3850 ad
1382 3797 1614 3853 celerem
1646 3801 1745 3855 du-

164 3878 237 3932 cit
271 3876 541 3933 effectum.
582 3878 766 3950 Ibique
810 3882 1048 3935 exterriti
1076 3884 1321 3939 dixerunt
1347 3897 1527 3942 mutuo
1559 3904 1578 3943 :
1608 3889 1749 3943 Pro-

167 3978 277 4037 pter
303 3971 599 4037 pecuniam,
626 3988 783 4041 quam
816 3973 1093 4029 retulimus
1115 3980 1260 4047 prius
1280 3980 1335 4032 in
1365 3983 1529 4034 saccis
1558 3984 1749 4036 nostris

168 4063 449 4117 introducti
490 4082 700 4130 sumus,
741 4078 796 4120 ut
836 4067 1076 4123 devolvat
1106 4072 1161 4124 in
1202 4089 1294 4127 nos
1329 4073 1671 4140 calumniam,
1702 4086 1752 4130 et

173 4154 411 4223 subjiciat
440 4172 535 4209 nos
581 4159 839 4224 servituti,
885 4169 931 4212 et
973 4161 1150 4214 asinos
1200 4172 1424 4217 nostros.
1453 4164 1751 4221 introducti

174 4251 528 4313 exterrentur,
566 4247 693 4315 quia
730 4261 852 4301 cum
879 4249 1238 4318 spiritualitcr
1266 4255 1567 4309 examinari
1602 4272 1752 4312 mens

175 4336 413 4403 coeperit,
436 4337 697 4405 quidquid
723 4340 983 4394 virtutum
1015 4341 1168 4396 nobis
1200 4343 1363 4413 inest.
1391 4345 1533 4403 illico
1560 4340 1753 4405 timore

1836 1892 1957 1931 eam
1986 1877 2227 1947 posuerit
2260 1876 2319 1931 in
2348 1875 2640 1944 marsupiis
2678 1876 2901 1944 nostris,
2940 1876 2993 1930 id
3014 1882 3098 1929 est
3124 1889 3232 1929 non
3265 1873 3422 1929 nobis

1837 1985 2185 2041 arrogamus,
2246 1982 2345 2023 nec
2399 1968 2685 2038 cuiquam,
2743 1969 3027 2023 hominum
3073 1966 3426 2024 attribuimus

1838 2063 1980 2117 hanc
2008 2056 2103 2115 Del
2134 2062 2411 2128 notitiam,
2442 2074 2605 2129 quam
2632 2059 2913 2116 memoriae
2941 2059 3136 2116 loculis
3159 2060 3426 2117 insertam

1840 2162 2111 2219 tenemus,
2154 2151 2254 2206 soli
2279 2151 2354 2204 illi
2378 2150 2741 2222 gratulamur.

1910 2244 2075 2298 Vens.
2105 2242 2196 2296 25.
2228 2272 2299 2283 —
2344 2240 2500 2309 Pax,
2542 2242 2744 2311 inquit,
2776 2242 3056 2298 vobiscum.
3100 2243 3168 2297 Et
3222 2244 3268 2297 si
3319 2259 3428 2313 pax

1841 2332 2302 2388 reconciliationis
2340 2347 2403 2386 ac
2448 2331 2755 2387 concordiae
2808 2333 2983 2399 adest,
3022 2333 3173 2390 locus
3217 2334 3431 2393 timoris

1838 2441 1947 2479 non
1979 2432 2081 2479 est.
2124 2423 2267 2477 Deus
2293 2434 2476 2491 vester,
2506 2435 2551 2478 et
2593 2424 2735 2479 Deus
2763 2426 2931 2494 patris
2960 2427 3150 2491 vestri;
3189 2428 3282 2497 qui
3314 2427 3425 2482 sci-

1844 2518 1966 2572 licet
2001 2532 2124 2572 cum
2153 2515 2397 2585 panibus
2425 2515 2564 2570 mira
2596 2516 2726 2587 egit,
2754 2525 2809 2570 et
2831 2516 3026 2573 vestris
3046 2517 3430 2587 magniﬁcatur

1842 2608 2197 2676 temporibus,
2214 2606 2328 2676 ipse
2343 2606 2787 2675 deditpecuniam
2802 2606 2856 2660 in
2869 2605 3099 2661 sacculis
3115 2622 3129 2672 ;
3145 2606 3431 2663 scientiam

1839 2700 2089 2769 proiecto
2112 2696 2643 2767 discretivaml57
2676 2712 2739 2751 ac
2763 2696 2811 2751 si
2832 2707 3105 2752 monetam
3131 2696 3430 2766 legitimam

1840 2792 2035 2849 veSIris
2073 2790 2459 2844 tentationibus
2508 2789 2901 2845 discernendis.
2938 2789 3091 2844 Unde
3145 2797 3197 2843 et
3249 2789 3431 2859 sequi-

1842 2890 1934 2934 tur
1961 2898 1973 2933 :
2011 2879 2153 2932 Nam
2185 2879 2463 2948 pecuniam
2488 2894 2644 2949 quant
2666 2879 2907 2947 dedistis,
2938 2879 2991 2934 id
3018 2886 3102 2935 est
3133 2878 3431 2950 prudentiae

1841 2974 1974 3040 vim,
2007 2986 2167 3040 quam
2200 2986 2322 3024 meo
2368 2970 2561 3038 exagio
2605 2969 2885 3039 attulistis,
2910 2984 3010 3041 ego
3038 2972 3317 3039 probatam
3346 2984 3431 3023 ra~

1852 3062 2182 3119 tio-abilitcr
2212 3061 2438 3129 accipio.
2467 3059 2731 3131 Duxitque
2755 3062 2823 3114 ad
2846 3078 2932 3116 eos
2955 3060 3184 3115 Simeon.
3212 3059 3432 3117 Simeon

1853 3156 1920 3209 ad
1961 3170 2052 3210 eos
2094 3156 2370 3219 educitur,
2438 3168 2562 3207 cum
2592 3152 2817 3207 aliectus
2874 3154 3080 3223 pridem
3137 3155 3433 3210 carnaliter

1848 3244 2116 3312 obligatus
2143 3243 2210 3296 ad
2243 3255 2568 3295 consensum
2595 3241 2822 3295 rationis
2854 3250 3096 3295 motuum
3128 3243 3432 3309 expeditur.

1851 3330 2037 3403 (Vens.
2070 3329 2188 3398 24.)
2226 3326 2289 3380 Et
2313 3329 2627 3381 introductis
2665 3329 2899 3394 domum,
2935 3328 3111 3381 attulit
3138 3344 3358 3397 aquam,
3386 3337 3435 3383 et

1850 3424 2089 3478 laverunt
2116 3421 2293 3492 pedes,
2318 3430 2363 3473 et
2393 3420 2536 3473 dedit
2567 3419 2762 3491 pabula
2795 3421 2959 3474 asinis
2993 3435 3194 3475 eorum.
3226 3419 3434 3490 integre

1853 3515 1922 3570 ad
1949 3514 2127 3569 cordis
2156 3513 2374 3567 domum
2407 3512 2642 3566 reversis
2672 3510 2871 3566 undam
2895 3510 3322 3580 compunctionis
3352 3511 3436 3565 in-

1850 3618 2038 3662 ternus
2064 3586 2407 3673 dispensator
2431 3603 2691 3674 suggerit,
2719 3618 2824 3673 qua
2849 3603 3181 3657 inundantur
3211 3601 3436 3671 vestigia

1852 3698 2178 3763 affectionis,
2214 3697 2355 3752 unde
2388 3696 2500 3767 jam
2532 3696 2830 3751 succedunt
2860 3693 3086 3750 consilia
3131 3709 3286 3761 sana,
3318 3693 3436 3762 qui-

1850 3796 1973 3860 bus,
2017 3807 2080 3847 ac
2101 3792 2144 3846 si
2168 3790 2386 3860 pabulo,
2416 3797 2735 3846 occurratur
2777 3786 3147 3859 corporalibus
3172 3786 3435 3842 lasciviis.

1924 3885 2089 3940 Vens.
2114 3884 2204 3939 25.
2233 3914 2303 3924 ——
2335 3882 2430 3936 Illi
2460 3883 2720 3953 parabant
2743 3897 2980 3945 munera,
3012 3881 3175 3933 donec
3200 3880 3437 3949 ingrede~

1855 3988 2001 4032 retur
2030 3978 2225 4047 Ioseph
2251 3976 2501 4040 meridie;
2534 3974 2811 4028 audierant
2849 3974 2985 4027 enim
3007 3972 3147 4042 quod
3171 3973 3243 4026 ibi
3267 3987 3437 4026 come-

1854 4072 1989 4126 sturi
2039 4078 2228 4123 essent.
2281 4067 2503 4121 Munera
2550 4080 2669 4133 qua:
2714 4074 2998 4135 parantur,
3056 4065 3144 4133 pia
3185 4064 3437 4133 quaelibet

1854 4161 2296 4234 compunctionis
2330 4158 2598 4214 incentiva
2628 4167 2773 4223 sunt,
2819 4158 3017 4227 quibus
3039 4158 3220 4212 acrius
3243 4169 3437 4211 accen-

1854 4256 2035 4321 datur,
2066 4263 2120 4308 et
2148 4252 2344 4322 quibus
2381 4250 2583 4320 Joseph
2612 4258 2801 4305 noster
2828 4249 2881 4302 in
2904 4256 3040 4304 aestu
3070 4247 3210 4301 sacri
3233 4246 3439 4301 deside-

1854 4350 1922 4404 rii
1948 4348 2299 4418 provehatur.
2349 4343 2537 4416 (Vens.
2566 4341 2687 4410 26.)
2735 4340 2910 4411 Igitur
2943 4342 3204 4408 ingressus
3233 4348 3307 4392 est
3336 4336 3436 4391 Jo-

174 4427 540 4495 perturbatur.
595 4427 893 4497 Trepidant
924 4446 1021 4499 pro
1073 4434 1300 4502 pecunia
1348 4452 1507 4505 quam
1556 4440 1753 4495 retule—
1786 4456 1832 4516 ι)
1858 4442 1978 4511 seph
2002 4442 2216 4493 domum
2258 4453 2432 4499 suam,
2460 4432 2855 4500 obtuleruntque
2877 4433 2923 4485 ei
2946 4446 3183 4494 munera,
3209 4440 3437 4485 tenentes

180 4517 303 4585 rint,
350 4518 479 4586 quia
508 4530 770 4575 verentur
806 4537 874 4575 ne
909 4524 1087 4577 minus
1118 4525 1309 4580 idonea
1343 4542 1504 4596 quam
1543 4546 1755 4601 compe-

178 4608 270 4675 tit,
318 4610 491 4665 saccis
539 4613 921 4668 carnalitatum
977 4617 1217 4671 scientia:
1262 4630 1462 4673 sanctae
1502 4624 1762 4690 praedica-

179 4709 352 4755 menta
385 4702 719 4760 induxeriut.
751 4705 969 4762 Timent
998 4708 1208 4764 devolvi
1240 4710 1292 4764 in
1322 4726 1381 4767 se
1409 4712 1757 4785 calumniam,

183 4803 235 4849 et
264 4795 503 4850 servituti
536 4796 729 4867 subjici
773 4806 829 4851 et
866 4813 924 4853 se
953 4806 1007 4853 et
1039 4801 1235 4869 asinos,
1272 4802 1396 4857 dum
1425 4804 1591 4859 divini
1620 4805 1765 4874 judi-

185 4886 249 4940 cii
293 4887 716 4959 indignationem
772 4888 874 4943 sibi
908 4889 1239 4959 incumbere,
1272 4903 1324 4947 et
1361 4897 1553 4951 merito
1581 4898 1663 4951 sui
1696 4898 1762 4951 ad

186 4976 307 5030 vitia
336 4980 542 5047 teporis
570 4995 761 5034 eorum
795 4980 1031 5035 dominia
1071 4983 1271 5049 subire,
1292 4993 1365 5039 et
1393 4988 1556 5042 animi
1592 4990 1757 5057 vires,

156 5146 157 5149 η
189 5074 241 5122 el
263 5071 441 5125 carnis
468 5080 647 5126 motus
670 5080 923 5126 metuunt
948 5074 1303 5129 succumbere
1335 5077 1579 5133 stolidos.

255 5162 416 5218 Vens.
446 5164 535 5231 l9,
562 5164 653 5219 20.
684 5194 754 5205 --
784 5163 1136 5229 Quamobrem
1163 5168 1217 5218 in
1235 5168 1362 5236 ipsis
1388 5168 1587 5235 foribus
1616 5188 1764 5226 acce-

193 5252 355 5308 dentes
389 5256 457 5308 ad
489 5257 903 5325 dispensatorem
936 5257 1096 5311 locuti
1121 5269 1243 5312 sunt
1266 5276 1285 5314 :
1314 5257 1562 5328 Oramus,
1600 5264 1765 5317 domi-

194 5362 269 5413 ne,
294 5355 350 5400 ut
388 5349 579 5403 audias
609 5366 724 5404 nos.
757 5349 885 5403 .lam
925 5361 1045 5404 ante
1083 5351 1444 5405 descendimus
1486 5362 1540 5406 ut
1571 5371 1766 5409 emere-

197 5453 301 5492 mus
340 5456 507 5509 escas,
555 5450 661 5497 etc.
710 5441 899 5509 Fores,
954 5442 1170 5499 habitus
1221 5454 1348 5498 sunt
1394 5445 1623 5514 timoris,
1671 5463 1769 5517 per

200 5544 325 5598 quos
372 5544 502 5589 sunt
552 5537 616 5590 ad
670 5536 969 5605 penetralia
1025 5538 1307 5593 charitatis
1349 5538 1503 5607 quasi
1548 5540 1767 5608 quidam

203 5620 367 5679 aditus
391 5642 406 5691 ;
431 5642 568 5696 quas
605 5638 792 5698 portas
820 5628 1109 5684 Psalmista
1140 5646 1239 5686 nos
1267 5631 1520 5685 admonet
1545 5633 1770 5689 introire

203 5714 255 5769 in
290 5718 714 5787 confessionibus
745 5722 917 5795 (Psal.
961 5736 1108 5790 xcrx,
1153 5724 1229 5793 4).
1271 5725 1329 5781 in
1358 5725 1460 5798 ‘his
1488 5726 1768 5781 constituti

1863 4536 1919 4588 in
1966 4531 2251 4593 manibus;
2278 4537 2325 4581 et
2375 4526 2725 4579 adoraverunt
2751 4525 2904 4593 proni
2927 4525 2980 4576 in
3001 4531 3212 4577 terram.
3242 4521 3438 4593 Ioseph

1863 4624 2077 4675 domum
2102 4635 2253 4672 suam
2282 4616 2605 4687 ingreditur,
2634 4629 2759 4669 cum
2781 4613 3015 4669 ctelestis
3033 4630 3161 4669 cura
3176 4616 3439 4671 crementi

1863 4710 2169 4782 penetralia
2222 4708 2421 4763 mentis
2476 4707 2741 4761 adoritur.
2785 4706 3009 4761 Munera
3038 4723 3157 4777 qua:
3182 4707 3434 4773 offerunt,

1867 4812 2051 4859 tenent
2083 4804 2138 4855 in
2168 4801 2426 4866 manibus,
2477 4814 2601 4854 cum
2626 4814 2745 4869 quae
2779 4799 3011 4854 interius
3036 4808 3220 4856 sancta
3244 4814 3437 4869 propo-

1866 4907 2000 4953 nunt
2048 4903 2306 4953 exercent
2349 4893 2619 4964 operibus.
2664 4892 2828 4948 Proni
2869 4894 2925 4947 in
2953 4902 3147 4946 terram
3190 4890 3437 4955 adorant,

1865 5002 1989 5042 cum
2023 5000 2134 5039 sua:
2166 4984 2534 5038 inﬁrmitatem
2559 4982 2898 5037 carnalitatis
2934 4982 3076 5035 inter
3105 4980 3215 5034 Deo
3237 4978 3442 5048 suppli-

1866 5077 2098 5134 candum
2150 5076 2517 5131 considerant.
2570 5073 2895 5145 (Vens.27.)
2925 5070 3124 5135 Atille,
3172 5070 3444 5123 clementer

1867 5171 2166 5226 resalutatis
2188 5169 2286 5232 eis,
2305 5168 2642 5238 interrogavit
2667 5182 2687 5221 :
2712 5164 2898 5222 Salvus
2929 5179 2993 5217 ne
3019 5171 3093 5217 est
3115 5173 3265 5231 pater
3284 5172 3443 5216 uester

1866 5280 2043 5327 senex,
2076 5263 2139 5317 de
2172 5278 2274 5333 quo
2303 5261 2555 5315 dixeratis
2586 5259 2715 5312 mihi
2743 5259 2769 5311 .9
2796 5257 2982 5309 Adhuc
3003 5257 3121 5311 vivit
3145 5256 3171 5310 2’
3195 5257 3443 5312 Clemen-

1868 5366 1954 5413 ter
1978 5356 2259 5419 resalutat,
2298 5370 2421 5409 cum
2446 5352 2670 5408 effectus
2700 5350 3000 5406 devotionis
3030 5350 3098 5405 ab
3117 5349 3308 5406 allectu
3336 5365 3445 5404 non

1869 5452 2162 5520 discrepat.
2196 5449 2271 5503 De
2297 5457 2451 5518 patre
2493 5460 2622 5501 sene
2647 5458 2714 5499 au
2744 5440 2927 5511 salvus
2956 5444 3047 5509 sit,
3075 5454 3253 5499 utrum
3278 5443 3443 5507 vivat,

1872 5544 2189 5614 interrogat,
2218 5542 2345 5595 dum
2386 5544 2439 5593 in
2476 5546 2735 5609 provectu
2790 5538 2998 5608 positus
3026 5538 3092 5592 de
3122 5544 3264 5592 statu
3292 5534 3444 5590 defe-

1874 5637 2069 5701 etibili,
2101 5636 2153 5689 in
2181 5649 2341 5703 quem
2372 5648 2507 5703 pene
2536 5633 2743 5704 pridem
2771 5634 2957 5705 lapsus
2986 5632 3183 5695 fuerat,
3214 5645 3281 5685 an
3306 5628 3446 5683 revi—

1874 5727 2083 5781 viscere
2105 5725 2274 5795 possit
2293 5739 2415 5780 cum
2446 5726 2657 5783 ratione
2687 5726 2905 5797 propria
2932 5718 3149 5780 tractat.
3176 5721 3272 5775 Cui
3291 5718 3445 5789 juxta
