3978 6332
498 314 611 377 295

1309 305 1369 362 γ.
1403 303 1727 363 GUIBERTI
1756 298 2048 359 ABBATIS
2076 297 2136 357 S.
2177 252 2421 357 MARIIE'
2449 299 2538 357 DE
2574 278 2963 361 NOVIGENTO

3662 310 3767 372 296

505 446 741 491 sensum.
779 429 870 503 qui
898 429 952 487 in
973 424 1377 500 praesentiarum
1402 420 1841 491 persentiscitur,
1869 433 1991 489 spes
2017 419 2083 473 de
2112 415 2162 475 Δ
2184 418 2546 489 hujuscemodi
2575 422 2895 487 convivium;
2917 420 3236 498 valdeenim
3258 424 3487 482 horrent
3505 425 3686 481 fatuos
3711 426 3764 483 in

504 526 774 594 sospitale
805 522 1073 578 tribuitur.
1104 517 1292 587 (Vens.
1326 512 1444 582 ‘28.)
1467 512 1655 583 Sospes
1677 524 1776 579 est,
1808 511 2081 583 inquiunt,

504 632 687 672 servus
712 626 851 669 tuus.
880 612 997 681 Ipse
1022 622 1152 664 sane
1183 620 1392 669 servus,
1426 605 1515 660 cui
1555 614 1883 661 teteruorum
1913 607 2086 677 impe-

506 720 594 765 rat
625 709 916 778 appetitus.
943 702 1011 756 Et
1043 700 1301 754 incurvati
1327 715 1507 753 rursus
1535 715 1653 753 eum
1680 700 1927 765 adorant,
1955 700 2085 770 quia

506 801 598 872 qui
633 800 809 871 primo
846 804 1028 850 mente
1081 793 1498 859 descenderant,
1555 794 1823 849 evidentia
1867 794 2085 850 demum

504 894 687 966 operis
753 890 986 945 fructum
1034 896 1309 958 conceptae
1384 887 1708 944 humilitatis
1782 887 2084 944 insinuant.

505 986 639 1043 Eum
670 995 853 1039 autem
879 992 965 1039 est
1010 984 1259 1049 adorare,
1294 983 1649 1038 reverentiam
1687 983 1963 1053 proposito
1991 997 2088 1053 per

503 1074 681 1131 cilicia
715 1076 976 1147 prtebere.
1012 1076 1167 1132 Unde
1216 1074 1285 1129 ab
1310 1075 1568 1146 Apostolo
1604 1074 1770 1131 Jacob
1801 1078 1969 1149 virgae
2000 1075 2086 1130 fa-

503 1168 725 1242 stigium
749 1169 949 1242 Josepb
990 1170 1189 1227 dicitur
1211 1169 1469 1225 adorasse
1502 1168 1688 1241 (Hebr.
1721 1185 1799 1237 χι,
1829 1170 1944 1240 21).

576 1304 744 1360 Vens.
776 1304 869 1360 29.
907 1334 967 1346 --
1002 1304 1254 1360 Attat/ens
1282 1313 1454 1358 autem
1489 1302 1683 1373 Ioseph
1724 1303 1924 1370 oculos,
1957 1304 2088 1357 vidit

507 1393 792 1464 Benjamin
811 1395 1029 1464 fratrem
1045 1411 1199 1449 suum
1222 1396 1503 1459 uterinum,
1530 1403 1578 1447 et
1600 1395 1674 1447 ait
1704 1406 1722 1444 :
1747 1393 1857 1447 Iste
1876 1402 1951 1448 est
1976 1393 2090 1462 fra-

508 1497 590 1543 ter
627 1497 790 1543 vester
829 1489 1111 1554 minimus,
1146 1489 1209 1542 de
1234 1505 1336 1559 quo
1369 1488 1621 1541 dixeratis
1674 1487 1801 1541 mihi
1830 1487 1854 1541 ?
1879 1486 2089 1542 Attollit

509 1581 706 1646 oculos,
752 1583 879 1636 dum
933 1581 1001 1635 ab
1032 1582 1157 1636 imis
1187 1582 1520 1652 profectibus
1568 1580 1899 1637 intentiones
1928 1582 2090 1652 erigit

507 1672 574 1727 ad
602 1687 885 1742 supernos.
916 1672 1075 1728 Videt
1097 1673 1312 1743 fratrem
1337 1674 1624 1738 uterinum,
1654 1672 1780 1743 quia
1813 1672 2091 1743 perspica-

507 1764 644 1818 citer
671 1763 954 1818 attendere
1007 1762 1202 1818 sufﬁcit
1240 1763 1351 1833 spei
1384 1774 1599 1819 acterna:
1630 1763 1863 1819 fructum
1902 1780 1969 1819 ex
1994 1779 2086 1819 su-
2115 1775 2165 1836 Β

430 1892 439 1897 -
510 1854 847 1925 percoelestis
906 1854 1163 1910 Ecclesiae
1197 1871 1379 1910 secum
1413 1871 1542 1910 vere
1574 1856 1765 1910 matris
1788 1856 2088 1925 exemplari

510 1953 668 2000 utero
717 1944 983 2016 genitum,
1041 1944 1282 2001 dextera:
1328 1946 1579 2001 videlicet
1615 1944 1805 2000 filium.
1846 1945 1952 2000 ista
1981 1955 2087 2011 est,
2166 1962 2184 1977 θ

509 2038 707 2107 inquit,
741 2037 857 2109 spei
902 2046 1108 2093 sancta:
1136 2038 1429 2104 subtilitas,
1468 2054 1631 2108 quam
1661 2038 1879 2107 quidem
1904 2039 2091 2094 hacte-

509 2147 613 2187 nus
636 2146 770 2186 aure
801 2139 956 2186 tenus
991 2130 1171 2199 attigi,
1210 2131 1303 2186 sed
1335 2146 1480 2185 nunc
1525 2116 1763 2201 primum
1793 2130 2090 2187 exhibitam

510 2225 748 2293 experiri
800 2224 927 2295 quid
959 2225 1137 2295 sapiat
1166 2223 1361 2279 merui.
1391 2223 1555 2289 Deus,
1586 2238 1753 2293 penes
1780 2239 1941 2295 quem
1968 2226 2092 2280 talia

510 2314 714 2382 valent,
764 2316 1078 2371 misereatur
1123 2316 1221 2381 tui,
1255 2331 1375 2386 qum
1397 2317 1522 2386 quia
1554 2331 1618 2372 ex
1670 2332 1790 2372 meo
1819 2317 2092 2373 intellectu

511 2412 869 2483 processeris,
918 2409 1098 2465 locum
1154 2409 1439 2479 vicemque
1470 2411 1611 2478 apud
1639 2424 1723 2463 me
1743 2411 1950 2465 obtinet
1976 2410 2090 2477 filii,

512 2518 618 2559 non
646 2502 861 2558 femina:
889 2501 1118 2568 desidia,
1156 2503 1250 2558 sed
1301 2503 1598 2559 masculina
1628 2503 1910 2559 alacritate
1932 2505 2095 2575 digna

514 2593 714 2647 notari.
780 2592 976 2660 (VI-:ns.
1029 2592 1144 2665 50.)
1193 2593 1606 2666 Festinat-itque,
1660 2597 1785 2661 quia
1839 2606 2095 2651 connnota

516 2683 725 2741 fuerant
776 2684 975 2738 viscera
1006 2683 1123 2755 ejus
1168 2701 1326 2755 super
1346 2684 1509 2754 fratre
1546 2702 1662 2751 suo,
1692 2695 1740 2739 et
1761 2687 2095 2756 erumpebant

514 2774 783 2846 Iacrymw,
815 2786 862 2831 et
894 2777 1143 2832 introiens
1175 2776 1468 2831 cubiculum
1495 2779 1651 2847 ﬂevit.
1677 2778 1938 2845 Festinat,
1969 2777 2096 2833 dum

516 2869 582 2924 ad
621 2884 854 2939 superna
901 2885 1020 2940 quae
1065 2868 1235 2925 semel
1287 2868 1543 2940 gustavit,
1589 2878 1867 2939 properat.
1926 2867 2098 2939 Super

515 2961 684 3031 fratre
712 2963 912 3016 viscera
949 2970 1254 3029 moventur,
1309 2970 1364 3016 et
1409 2961 1605 3016 interni
1639 2962 1959 3017 incrementi
1983 2970 2099 3018 stu-

518 3052 665 3107 dium
713 3066 875 3121 super
933 3065 1120 3107 eorum
1161 3051 1251 3121 qui
1274 3051 1385 3122 jam
1437 3051 1503 3105 ad
1542 3050 1782 3106 coelestia
1817 3060 2100 3107 transeunt

519 3143 859 3199 fraternitate
888 3143 1167 3207 incitatur,
1205 3157 1327 3197 cum
1360 3156 1417 3197 se
1439 3142 1493 3197 in
1524 3142 1760 3197 miseriis
1792 3142 1969 3213 posito
1990 3143 2092 3212 ipsi
2120 3143 2167 3207 C
2198 3190 2261 3240 η,
2292 3142 2373 3241 ω’

518 3251 639 3292 cum
673 3236 782 3291 Deo
810 3236 1128 3305 glorientur.
1166 3232 1442 3306 Lacrynuc
1468 3233 1773 3304 erumpunt,
1810 3249 1934 3289 cum
1963 3236 2098 3291 inte-

517 3333 647 3388 riori
669 3348 772 3402 qua
796 3331 1132 3387 infundimur
1163 3332 1335 3403 gratia
1365 3330 1715 3391 exuberante,
1738 3329 1946 3385 interna
1972 3344 2099 3399 pro—

517 3426 692 3501 posita
740 3425 806 3479 ad
832 3423 1197 3480 exhibitiones
1226 3438 1290 3477 ac
1322 3421 1365 3478 si
1397 3420 1661 3478 violenter
1690 3421 1976 3491 prodeunt.
2004 3421 2099 3475 In-

520 3516 713 3569 troiens
733 3515 786 3571 in
810 3514 1104 3568 cubiculum
1145 3512 1260 3580 flet,
1292 3528 1415 3568 cum
1448 3512 1501 3567 in
1533 3512 1718 3569 abdito
1749 3513 2099 3569 conscientiae

522 3606 775 3665 desiderii
805 3614 961 3662 tenor
993 3605 1187 3662 fervet.

592 3748 758 3803 Vsus.
781 3746 870 3813 51,
896 3745 1065 3802 52.-—-
1092 3743 1399 3813 Rursusque
1419 3743 1525 3798 lota
1547 3743 1684 3813 facie
1703 3756 1958 3811 egressus,
1976 3756 2101 3795 con-

521 3843 676 3897 tinuit
702 3858 777 3907 se,
802 3850 850 3895 et
872 3841 946 3894 ait
969 3856 987 3894 :
1012 3836 1202 3895 Ponite
1227 3854 1408 3907 panes.
1453 3835 1654 3902 Quibus
1680 3834 1930 3903 appositis
1960 3848 2104 3887 seor—

523 3951 640 3991 sum
679 3933 895 4003 Joseph,
946 3941 994 3987 et
1040 3947 1275 3986 seorsum
1298 3927 1574 3998 fratribus,
1611 3924 1878 3996 Afgypliis
1900 3941 2103 3995 quoque

520 4028 610 4100 qui
640 4027 973 4083 vescebantur
999 4039 1233 4079 seorsum
1267 4020 1530 4090 (illicitum
1567 4026 1641 4072 est
1669 4018 1806 4071 enim
1833 4016 2102 4087 zEgyptiis

522 4120 789 4174 comedere
836 4134 958 4172 cum
986 4112 1269 4183 Hebra’is).
1313 4111 1547 4165 Rursum
1571 4108 1767 4165 faciem
1789 4108 1954 4174 lavat,
1979 4125 2102 4164 eum

522 4220 646 4283 post
674 4208 1109 4281 compunctionis
1155 4202 1476 4260 munditiam
1528 4202 1895 4273 intelligentiae
1918 4202 2001 4257 vis
2035 4202 2103 4258 ab

523 4304 669 4359 omni
693 4304 865 4359 laudis
891 4301 1131 4371 appetitu
1149 4313 1207 4353 se
1233 4307 1448 4369 purgat.
1477 4294 1767 4365 Egreditur
1780 4304 1835 4350 et
1863 4294 2105 4351 continet

523 4399 809 4462 se,cumin
836 4408 1002 4465 opera
1030 4391 1333 4462 procedens
1363 4405 1394 4445 a
1416 4388 1690 4446 favoribus
1719 4397 1869 4445 arcet
1898 4388 2123 4442 fluxum

2184 510 2287 565 hoc
2317 512 2517 566 mundo
2542 527 2602 568 se
2627 513 2743 569 fieri
2774 525 2994 585 prepter
3013 514 3310 572 Christum.

2256 602 2419 660 Vnus.
2450 604 2540 671 35,
2566 605 2657 662 54.
2686 635 2756 646 —
2784 606 3044 663 Sederuut
3083 625 3204 680 ergo
3236 626 3414 665 coram
3444 628 3529 677 eo,
3570 612 3765 681 primo-

2183 695 2386 766 genitus
2398 695 2555 765 juxta
2586 697 2933 768 primogenita
2959 715 3075 760 sua,
3110 708 3157 753 et
3180 701 3426 755 minimus
3444 701 3610 771 juxta
3640 713 3765 759 arta-

2186 795 2290 842 tem
2340 804 2511 843 suam.
2551 788 2623 843 Et
2657 789 2986 844 mirabantur
3037 791 3214 857 nimis,
3254 793 3475 862 sumptis
3521 794 3762 862 partibus

2184 897 2315 952 quas
2338 882 2402 937 ab
2424 899 2484 937 eo
2505 892 2809 953 acceperant
2828 900 2847 948 ;
2869 883 3142 956 majorque
3161 901 3283 954 pars
3307 885 3440 939 venit
3463 884 3765 956 Benjamin,

2186 972 2262 1028 ita
2287 982 2344 1028 ut
2374 974 2599 1045 quinque
2637 976 2874 1045 partibus
2924 976 3210 1033 excederet.
3247 976 3438 1033 Coram
3474 994 3535 1032 eo
3559 978 3761 1047 sedent,

2188 1066 2315 1123 dum
2342 1083 2448 1139 quo
2472 1068 2701 1138 amplius
2724 1067 2927 1139 Ioseph
2958 1083 3083 1123 vere
3114 1078 3306 1125 auctus
3336 1070 3594 1142 intelligit
3613 1074 3764 1141 quid-

2188 1161 2319 1231 quid
2362 1160 2625 1216 bonarum
2666 1162 2832 1218 menti
2881 1159 3094 1231 adiacet
3132 1161 3535 1231 fortitudinum,
3568 1166 3764 1234 pariter

2190 1268 2412 1309 necesse
2432 1263 2537 1319 est,
2564 1254 2681 1324 ipso
2701 1254 3057 1324 spiritualiter
3072 1266 3351 1326 pascente,
3376 1272 3434 1312 se
3459 1258 3757 1316 humilient.

2191 1346 2393 1405 Sedere
2457 1363 2651 1419 nempe
2702 1348 2973 1403 humiliari
3033 1349 3324 1420 significat.
3385 1350 3760 1423 Primogenitus

2188 1439 2564 1510 primogenilis
2590 1438 2702 1494 suis
2722 1440 2978 1505 adhaeret,
3006 1455 3129 1495 cum
3156 1442 3316 1499 homo
3342 1442 3589 1507 interior,
3612 1444 3762 1515 158

2191 1532 2283 1601 qui
2335 1529 2578 1601 perfecte
2625 1532 2801 1601 primo
2830 1532 2898 1587 ad
2919 1532 3014 1587 Dei
3055 1534 3346 1604 imaginem
3387 1536 3640 1592 conditus
3666 1545 3760 1604 est,

2190 1620 2566 1691 spiritualibus
2591 1622 2766 1685 bonis,
2791 1636 2910 1691 qtue
2952 1630 3005 1677 et
3025 1622 3139 1692 ipsa
3171 1623 3445 1694 primitiva
3475 1635 3766 1683 noscuntur

2192 1715 2411 1770 assidet.
2451 1715 2569 1770 Non
2602 1715 2748 1770 enim
2790 1716 2971 1771 carnis
2995 1719 3293 1772 maceratio
3333 1719 3510 1789 primo
3534 1719 3758 1788 homini,

2192 1805 2287 1861 sed
2311 1820 2400 1861 res
2439 1805 2759 1876 spiritualis,
2801 1806 3112 1862 obedientia
3138 1808 3349 1864 scilicet
3386 1807 3629 1877 injuncta
3659 1819 3760 1866 est.

2192 1895 2444 1952 Minimus
2486 1912 2616 1953 vero
2641 1898 2801 1968 juxta
2830 1909 3035 1955 (etatem
3076 1903 3246 1967 sedet,
3284 1918 3405 1957 cum
3440 1903 3605 1959 homo
3627 1912 3768 1962 exte-

2193 1986 2306 2042 rior
2333 1987 2566 2043 debitam
2590 1988 2834 2058 corporis
2854 1988 2924 2043 ob
2943 1989 3026 2045 sui
3055 1991 3232 2047 adhuc
3254 1991 3523 2048 lubricum
3560 2004 3767 2067 tempus

2192 2080 2574 2136 abstinentiam
2596 2079 2791 2150 explet.
2821 2080 3258 2153 Corruptibilitas
3282 2095 3462 2142 autem
3485 2087 3600 2157 ipsa
3629 2104 3769 2145 nunc

2194 2172 2310 2243 ejus
2338 2181 2591 2238 estretas,
2620 2173 2810 2229 tribuit
2838 2174 2925 2229 cui
2948 2175 3118 2231 sessio
3135 2185 3328 2233 metas.
3358 2178 3627 2235 Mirantur
3650 2180 3771 2238 inde

2195 2266 2370 2332 nimis,
2393 2264 2520 2336 quia
2553 2264 2644 2335 qui
2673 2266 3106 2323 extraordinarie
3131 2269 3339 2339 pridem
3372 2270 3512 2325 intra
3540 2281 3595 2327 et
3625 2282 3771 2328 extra

2193 2369 2420 2426 quaeque
2473 2354 2815 2421 habuerant,
2868 2357 3256 2427 obstupescunt
3309 2360 3573 2417 miraculo
3626 2378 3775 2420 novae

2194 2444 2353 2515 hujus
2384 2445 2757 2501 institutionis.
2785 2444 3017 2517 Sumptis
3044 2450 3280 2518 partibus
3301 2468 3433 2521 quas
3457 2453 3523 2506 ab
3543 2470 3603 2507 eo
3633 2471 3778 2509 acce-

2196 2544 2404 2603 perant,
2430 2535 2602 2604 major
2630 2552 2753 2604 pars
2779 2535 3060 2607 Benjamin
3083 2540 3240 2605 venit,
3270 2542 3392 2609 quia
3428 2541 3573 2596 inter
3594 2543 3778 2597 omnia

2197 2625 2393 2695 quibus
2418 2625 2789 2695 temporaliter
2816 2625 2870 2680 in
2902 2628 3102 2684 virtute
3125 2640 3474 2701 augmentum
3491 2620 3779 2703 sumimus,

2197 2717 2369 2772 multo
2415 2715 2588 2786 major
2640 2726 2723 2773 est
2769 2718 3050 2775 electionis
3075 2721 3295 2778 dextera
3321 2739 3483 2794 quam
3505 2735 3780 2794 optamus.

2197 2808 2273 2863 lbi
2315 2823 2549 2878 namque
2597 2808 2793 2864 divina:
2831 2809 3106 2868 ﬁliationis
3151 2822 3236 2868 est
3283 2830 3501 2870 munus.
3543 2814 3785 2887 Quinque

2196 2902 2434 2972 partibus
2486 2902 2724 2968 excellit,
2783 2904 3045 2973 quidquid
3093 2906 3238 2961 enim
3268 2907 3509 2977 quinque
3533 2909 3786 2965 sensibus

2199 2992 2442 3061 corporis
2494 2991 2611 3062 capi
2669 2999 2868 3063 potest,
2925 3008 3150 3061 prorsus
3205 2996 3438 3051 excedit.
3486 2994 3666 3065 Ipsum
3702 3004 3787 3052 est

2200 3096 2352 3145 sane,
2382 3081 2534 3147 Quod
2565 3082 2745 3136 oculus
2770 3098 2874 3136 non
2901 3082 3050 3151 vidit,
3072 3099 3163 3139 nec
3192 3085 3339 3139 auris
3367 3085 3566 3139 audivit
3592 3084 3642 3155 (I
3658 3085 3783 3139 Cor.

2406 3182 2512 3229 etc.
2566 3173 2920 3244 Biberuntque
2968 3184 3016 3229 et
3068 3175 3311 3229 inebriati
3350 3184 3678 3230 suutcoram
3704 3193 3783 3232 eo.

2198 3266 2330 3322 illud
2386 3265 2627 3334 profecto
2686 3266 2871 3320 vinum
2922 3266 3067 3336 quod
3114 3266 3352 3321 laetiﬁcat
3400 3280 3495 3321 cor
3545 3267 3784 3323 hominis

2201 3356 2375 3431 (Psaf.
2396 3373 2512 3422 CIII,
2537 3357 2650 3428 15),
2672 3368 2728 3413 et
2754 3357 3019 3413 malorum
3045 3358 3317 3414 oblivione
3339 3368 3575 3423 serenat,
3604 3371 3660 3415 et
3686 3361 3789 3416 hoc

2200 3465 2385 3506 coram
2419 3464 2507 3515 eo,
2551 3450 2605 3504 in
2652 3448 2744 3505 illo
2778 3449 2937 3519 plane
2989 3450 3159 3506 beatae
3208 3450 3712 3520 intellectualitatis,
3738 3461 3790 3509 et

2200 3550 2419 3601 aeternae
2447 3541 2904 3614 augtuentationis
2926 3543 3254 3611 spectaculo.

2768 3632 2995 3689 CAPUT
3036 3633 3217 3689 XLIV.

2275 3725 2440 3782 Vens.
2473 3727 2528 3793 Ι,
2554 3725 2609 3779 2.
2634 3754 2703 3770 --
2725 3725 2981 3796 Pra’cepit
3025 3736 3200 3781 autem
3219 3726 3415 3798 Ioseph
3437 3727 3791 3797 dispensatori

2203 3836 2320 3886 suo,
2349 3820 2567 3874 dicens:
2597 3818 2763 3887 Imple
2797 3834 2978 3873 saccos
3009 3835 3189 3874 eorum
3220 3820 3505 3889 frumento,
3532 3832 3791 3891 quantum

2200 3922 2420 3984 possunt
2474 3928 2656 3982 capere
2693 3920 2741 3965 et
2770 3927 2903 3981 pone
2930 3912 3207 3981 pecuniam
3241 3913 3297 3967 in
3321 3919 3626 3969 summitate
3656 3914 3791 3969 sacci

2204 4005 2555 4076 singulorum.
2580 4004 2845 4076 Scyphum
2871 4016 3048 4085 autem
3070 4022 3243 4060 meum
3258 4019 3584 4079 argenteum,
3605 4020 3656 4064 et
3681 4027 3795 4079 pre-

2204 4099 2337 4154 tium
2367 4097 2505 4168 quod
2556 4096 2720 4163 dedit,
2780 4114 2912 4167 pone
2955 4098 3011 4152 in
3041 4114 3129 4152 ore
3165 4100 3307 4153 sacci
3336 4100 3599 4168 junioris.
3635 4102 3792 4157 Ratio

2206 4197 2418 4254 nostra,
2465 4204 2584 4259 qua:
2631 4197 2688 4243 et
2713 4188 2939 4259 spiritus
2976 4188 3195 4257 dicitur,
3239 4191 3452 4245 interna
3481 4200 3531 4246 el
3566 4204 3793 4249 externa

2208 4280 2552 4351 dispensans,
2604 4294 2793 4335 saccos
2842 4294 3049 4349 asperae
3075 4280 3232 4348 hujus
3264 4282 3608 4339 carnalitatis
3628 4285 3792 4339 divini

2208 4374 2481 4430 frumento
2510 4371 2743 4438 consilii,
2774 4380 3032 4442 quantum
3060 4374 3371 4430 humanitas
3393 4376 3595 4432 divinis
3619 4386 3796 4447 potest

525 4462 887 4559 cogitationis
900 4500 1072 4540 vanae.
1106 4481 1495 4553 Dispensatrici
1518 4480 1902 4552 mysteriorum
1933 4479 2098 4534 ratio-

2212 4464 2389 4521 fulciri
2445 4464 2676 4534 legibus,
2735 4462 2956 4534 opplere
2995 4464 3252 4533 jubetur;
3289 4466 3423 4521 etin
3452 4466 3572 4535 ipso
3597 4468 3827 4539 sugge?

528 4580 581 4634 ni
632 4586 692 4632 ut
729 4584 897 4647 ponat
940 4574 1052 4645 jam
1075 4588 1241 4644 panes
1260 4571 1587 4644 praecipitur,
1620 4570 1771 4642 quia,
1803 4585 1925 4627 cum
1954 4584 2107 4625 mens

528 4671 686 4742 plene
713 4668 1092 4740 restringitur,
1128 4677 1256 4723 tunc
1285 4682 1453 4739 panes
1494 4676 1549 4722 et
1575 4667 1872 4738 gratiarum
1898 4673 1953 4719 et
1983 4664 2108 4719 vitae

532 4761 726 4816 merito
752 4759 1001 4831 gustandi
1028 4767 1389 4830 apponuntur.
1415 4758 1664 4814 Seorsum
1703 4756 1904 4827 Joseph
1940 4769 2107 4825 appo-

530 4863 753 4919 nuntur,
775 4853 903 4925 quia
929 4853 1086 4923 longe
1124 4852 1284 4908 altius
1322 4851 1625 4922 spiritualia
1656 4849 1985 4905 charismata
2015 4862 2108 4903 ca-

529 4942 750 5013 piuntur
798 4944 867 5000 ab
919 4943 1196 5000 intellectu
1249 4943 1417 5016 (unde
1449 4951 1506 4997 et
1537 4939 1737 5009 Joseph
1764 4947 1944 5012 °typus
1967 4937 2105 5007 ejus,

530 5035 923 5105 interpretatur
966 5036 1256 5106 adaugens)
1300 5050 1463 5104 quam
1504 5050 1536 5088 a
1568 5033 1797 5088 rationis
1850 5032 2106 5097 motibus,

529 5126 655 5196 quia
689 5127 755 5182 ab
789 5127 982 5182 eadem
1011 5135 1137 5183 sunt
1166 5127 1346 5181 anima
1378 5124 1557 5195 geniti'
1586 5122 1863 5178 fratribus.
1894 5122 2109 5179 Intelle—

530 5230 652 5274 ctus
672 5220 874 5275 ctenim
909 5219 977 5275 ad
1019 5218 1222 5284 divina,
1253 5218 1394 5272 ratio
1431 5216 1648 5288 proprie
1689 5216 1880 5272 attinet
1916 5216 1983 5271 ad
2005 5218 2108 5273 hu-

532 5323 716 5364 mana.
751 5307 995 5379 Egyptii
1020 5318 1222 5373 autem,
1270 5307 1550 5363 stecularis
1577 5307 1831 5365 videlicet
1858 5309 2104 5365 scientia:

534 5402 770 5467 habitus,
801 5418 1035 5456 seorsum
1070 5408 1198 5455 sunt
1246 5400 1484 5470 penitus,
1528 5402 1653 5471 quia
1682 5417 1782 5458 nec
1809 5402 2102 5472 quidquam

535 5499 774 5546 tractare
801 5490 1080 5553 divinitus,
1125 5504 1225 5545 nec
1246 5492 1415 5561 probe
1444 5491 1648 5562 aliquid
1675 5492 1987 5547 discernere
2011 5492 2111 5547 hu—

536 5678 623 5751 est
655 5668 841 5723 mundi
898 5672 1297 5738 transitoribns,
1326 5675 1503 5733 nullus
1537 5694 1657 5734 cum
1684 5679 1951 5751 Egyptiis
1974 5677 2124 5751 refe:

534 5741 738 5818 Bionis
760 5760 987 5819 interna:
1013 5764 1154 5822 valet
1195 5780 1313 5831 esse
1338 5767 1507 5827 locus.
1534 5772 1600 5826 Et
1624 5741 1907 5843 profanum
1928 5781 2110 5831 nutant

2212 4558 2428 4623 stionis,
2481 4572 2546 4611 ac
2589 4556 2635 4611 si
2664 4570 2876 4611 summo
2920 4556 3089 4622 aditu,
3120 4572 3290 4613 sacrae
3316 4559 3624 4615 sententias
3656 4560 3795 4615 Scri-

2208 4664 2382 4727 pturaa
2426 4651 2654 4721 singulis
2700 4650 3091 4706 tentationibus
3141 4660 3534 4722 congruentes,
3592 4668 3798 4723 ponere

2210 4746 2521 4809 mandatur,
2573 4743 2770 4798 nedum
2816 4742 2871 4797 in
2916 4742 3113 4797 divinis
3157 4743 3550 4814 aliquantisper
3580 4746 3798 4803 dilatari

2208 4835 2565 4911 permittitur,
2598 4849 2889 4905 pravorum
2923 4834 3014 4903 qui
3046 4849 3172 4889 mox
3198 4836 3454 4906 subsequi
3480 4837 3665 4893 solent
3688 4854 3799 4895 mo-

2210 4940 2362 4986 tuum
2417 4928 2645 4983 nimium
2700 4927 2765 4981 de
2795 4942 2853 4982 se
2875 4927 2985 4994 jam
3012 4925 3112 4981 fisa
3133 4927 3509 4984 obliviscatur.
3542 4929 3799 5001 Scyphus

2207 5024 2407 5096 Joseph
2461 5029 2770 5093 argenteus,
2817 5022 2959 5076 sacri
2994 5021 3195 5090 eloquii
3224 5031 3307 5077 est
3329 5022 3719 5079 intellectualis
3745 5033 3798 5079 et

2211 5119 2536 5190 anagogicus
2583 5130 2793 5172 sensus.
2829 5114 2878 5170 ls
2910 5115 3129 5185 ponitur
3158 5116 3215 5170 in
3261 5132 3351 5169 ore
3373 5117 3513 5170 sacci
3532 5117 3797 5184 junioris,

2210 5228 2334 5271 cum
2352 5210 2775 5268 inseritur-initio
2806 5209 3037 5264 suliortae
3059 5208 3470 5279 desperationis,
3491 5226 3620 5279 qua:
3642 5210 3801 5264 valde

2211 5305 2457 5361 imminet
2515 5303 2626 5374 spei
2671 5300 3025 5372 profectibus,
3055 5299 3151 5354 filii
3176 5300 3388 5357 scilicet
3410 5303 3584 5357 nostri
3614 5302 3797 5358 subti-

2142 5386 2154 5438 “-
2211 5402 2386 5466 lioris,
2434 5408 2489 5455 et
2515 5398 2635 5452 ideo
2659 5395 2943 5451 cliarioris.
2978 5394 3226 5449 Minimos
3266 5395 3410 5450 enim
3434 5396 3664 5451 charius
3685 5411 3798 5452 am-

2212 5493 2517 5566 plectimur,
2570 5498 2626 5545 et
2674 5503 2771 5543 nos
2799 5488 2972 5557 magis
2998 5486 3269 5557 diligimus
3316 5487 3461 5558 quod
3484 5503 3797 5559 speramus.

536 5582 714 5636 manis
760 5588 964 5634 norunt
1005 5581 1071 5636 de
1106 5583 1371 5649 moribus,
1396 5593 1451 5639 et
1478 5584 1601 5642 ideo
1627 5602 1746 5641 cum
1772 5584 2028 5650 Hebrau's,
2060 5586 2111 5640 id
2132 5570 2350 5663 Spes
2396 5585 2561 5640 etiam
2606 5591 2821 5637 nostras
2858 5581 2995 5636 filios
3024 5581 3345 5636 vocitamus.
3374 5579 3625 5636 Pretium
3656 5580 3804 5652 quod

2214 5680 2360 5735 dedit
2388 5677 2595 5747 pariter
2618 5676 2672 5728 in
2692 5674 2832 5728 sacci
2863 5689 2951 5727 ore
2985 5674 3221 5742 ponitur,
3252 5673 3377 5743 quia
3405 5687 3529 5742 spes
3553 5685 3803 5743 praesen-

2216 5770 2372 5836 tium,
2405 5782 2567 5840 quam
2590 5764 2837 5840 deposuit
2894 5763 3088 5844 fiducia
3111 5762 3438 5831 futurorum,
3463 5777 3657 5833 pravae
3689 5762 3805 5819 illa-
