3982 6360
60 406 199 467 297

1338 394 1703 457 MORALIUM
1741 393 1811 452 ιΝ
1854 395 2150 453 GENESIN
2178 397 2305 453 LIB.
2345 396 2413 453 Χ.

3283 406 3391 465 298

63 524 271 581 tionis
304 521 577 595 principio
612 527 669 578 et
698 519 831 592 ipsa,
863 532 1027 591 quam
1053 516 1182 574 fecit
1210 496 1697 573 mundiabrenun-
1724 513 1773 572 A
1869 511 2034 568 Vens.
2085 512 2135 569 9.
2180 545 2252 554 —
2295 514 2449 586 Apud
2498 531 2853 590 quemcunque
2901 518 3164 575 inventum
3233 522 3393 592 fuerit

66 618 287 683 tiatio,
312 615 465 686 juste
495 612 769 684 objicitur.

163 709 355 765 Vens.
386 710 441 775 5,
463 708 601 763 4.-
627 704 960 776 Factumque
980 715 1053 760 est
1077 706 1172 759 ita.
1202 702 1273 759 Et
1294 714 1411 759 orto
1439 720 1591 759 mane
1617 704 1700 758 di-

68 801 255 857 missi
278 809 406 856 sunt
429 816 548 855 cum
578 798 742 854 asinis
759 799 891 853 suis.
919 797 1145 870 Jamque
1165 796 1344 851 urbem
1376 797 1631 863 exierant,
1656 804 1703 851 et

71 900 477 966 processerant
502 890 802 963 paululum.
830 888 1021 947 Oritur
1050 905 1226 956 mane,
1252 903 1375 944 cum
1400 887 1493 943 lux
1523 888 1706 942 animo

77 987 413 1044 innovatur
440 993 633 1042 contra
657 984 812 1050 vitia,
840 981 1214 1053 inspirationis
1242 980 1460 1047 divinae,
1483 978 1563 1034 illi
1587 995 1707 1034 cum

82 1081 278 1136 asinis
332 1078 703 1143 dimittuntur,
750 1077 877 1147 quia
907 1084 1084 1132 motus
1114 1075 1311 1130 interni
1352 1072 1464 1143 jam
1493 1073 1708 1129 caelitus

24 1244 29 1261 _
86 1173 284 1239 docti,
331 1171 632 1228 secundum
682 1169 990 1225 libertatem
1041 1166 1251 1223 arbitrii
1309 1166 1483 1223 acturi
1520 1174 1711 1222 contra

24 1322 31 1351 i

24 1418 35 1451 i

24 1508 35 1545 Ξ

24 1882 37 1913 Ρ

24 1978 35 2013 ξ

24 2070 35 2105 Ι

30 2166 37 2197 ἦ

24 2260 35 2293 Ι

88 1265 465 1322 carnalitatis
510 1264 738 1335 ineptias
776 1250 1187 1331 relinquuntur,
1216 1275 1286 1316 ne
1305 1260 1373 1317 de
1394 1259 1566 1331 gloria
1592 1259 1713 1313 diu-

24 1352 33 1428 μ
93 1366 300 1413 turnae
324 1357 478 1428 pacis
501 1355 774 1411 inﬂentur.
797 1355 923 1409 Jam
943 1354 1124 1407 urbem
1138 1353 1397 1418 exierant,
1413 1350 1712 1423 quimundi

94 1450 281 1520 hujus
311 1467 435 1507 sese
461 1452 667 1507 ambitu
696 1457 981 1506 exuerant.
1012 1445 1317 1502 Paululum,
1328 1452 1710 1516 processerant,

97 1543 204 1613 qui
231 1558 297 1599 se
310 1542 427 1613 jam
452 1543 765 1600 coelestibus
783 1540 1088 1615 cogitandis
1111 1549 1167 1597 et
1189 1538 1497 1609 quaerendis
1526 1538 1715 1593 admo-

98 1644 334 1691 verant.
354 1634 497 1690 Tunc
521 1634 717 1705 Ioseph
739 1635 991 1689 accersito
1006 1632 1386 1701 dispensatore,
1401 1628 1505 1684 ait:
1523 1626 1713 1697 Surge,

98 1735 152 1779 et
175 1740 496 1795 persequere
515 1726 681 1791 uiros,
710 1734 761 1779 et
782 1722 1118 1795 apprehensis
1144 1721 1305 1775 dicito
1337 1733 1357 1772 :
1391 1720 1570 1786 Quare
1593 1719 1711 1772 red-

99 1816 331 1872 didistis
382 1816 583 1873 malum
608 1833 703 1888 pro
736 1816 915 1873 bono?
941 1814 1129 1887 (Vens.
1170 1813 1252 1883 5.)
1282 1811 1541 1884 Scyphus,
1562 1826 1716 1882 quem

1802 622 2067 661 servorum
2100 616 2331 675 tuorum,
2369 611 2649 675 moriatur,
2682 621 2732 665 et
2767 629 2857 666 nos
2888 613 3020 667 servi
3054 615 3248 670 erimus
3287 617 3386 672 do-

1804 700 1935 754 mini
1972 700 2155 755 nostri.
2210 699 2267 756 Si
2320 700 2375 755 in
2426 702 2669 772 quolibet
2709 703 3127 762 iuterioritatum
3177 718 3396 765 tuarum

1807 806 1926 861 qua)
1953 789 2050 845 tibi
2081 790 2465 861 obtemperant
2496 804 2644 849 motu
2668 797 2994 867 arrogantiae
3019 807 3178 870 typus
3204 811 3397 872 patue-

1808 883 1904 950 rit,
1953 884 2351 955 exslinguatur,
2385 892 2439 939 et
2477 894 2755 955 perpetua:
2800 889 3055 960 deinceps
3104 893 3172 948 ad
3216 894 3399 952 divina

1809 978 2204 1049 penetrandum
2234 976 2562 1034 humilitatis
2597 979 2938 1049 professione
2961 983 3264 1042 flectemur.
3296 989 3403 1044 Ab-

1812 1068 2149 1123 sconduntur
2187 1082 2384 1138 nempe
2432 1068 2789 1139 prudentibus
2827 1080 2881 1126 et
2918 1076 3228 1132 revelantur
3278 1095 3405 1150 par-

1812 1159 1952 1216 vulis
1980 1158 2199 1229 (Matth.
2239 1175 2294 1223 ιι,
2324 1158 2427 1225 25;
2473 1158 2603 1214 Luc.
2640 1175 2695 1226 x,
2727 1161 2841 1231 21).
2885 1161 3071 1233 (Vens.
3108 1169 3221 1240 10.)
3252 1168 3405 1238 Fiat,

1814 1251 2013 1322 inquit,
2046 1252 2209 1321 juxta
2255 1262 2482 1307 vestram
2525 1254 2837 1308 sententiam
2866 1258 3008 1326 apud
3055 1277 3204 1329 quem
3246 1263 3406 1331 fuerit

1814 1343 2098 1410 inventum,
2123 1343 2231 1412 ipse
2245 1343 2314 1397 sit
2332 1359 2508 1398 servus
2531 1360 2696 1411 meus,
2714 1362 2801 1400 vos
2824 1356 2999 1401 autem
3014 1349 3159 1404 eritis
3179 1351 3404 1409 innoxii.

1815 1434 1875 1489 In
1900 1450 2248 1505 quocunque,
2278 1435 2480 1505 inquit,
2510 1436 2702 1493 habitu
2730 1439 2899 1494 animi
2925 1443 3279 1499 cervicositas
3302 1446 3408 1501 ista

1817 1528 2084 1597 sacrilega
2117 1529 2451 1599 apparuerit,
2480 1529 2709 1585 rationis
2734 1532 2958 1589 servitio
2981 1534 3285 1604 addicatur,
3322 1538 3410 1593 in-

1818 1620 1997 1676 noxiae
2024 1630 2210 1691 partes
2240 1621 2467 1692 reliqua:
2489 1622 2828 1691 judicentur.
2862 1626 3049 1698 (Vens.
3083 1630 3197 1702 11.)
3223 1631 3412 1704 Itaque

1818 1711 2133 1783 deponentes
2182 1714 2237 1768 in
2286 1724 2484 1769 terram
2556 1715 2803 1786 festinato
2866 1737 3045 1776 saccos
3096 1737 3413 1793 aperuerunt

1818 1806 2037 1878 singuli.
2064 1806 2133 1861 In
2155 1815 2351 1862 terram
2379 1824 2561 1863 saccos
2586 1810 2832 1880 festinato
2861 1812 3155 1884 deponere,
3189 1826 3272 1873 est
3296 1834 3414 1874 om-

102 1908 288 1978 furati
321 1908 467 1975 estis,
520 1879 631 1978 ipse
653 1920 729 1962 est
756 1909 813 1961 in
833 1879 959 1978 quo.
979 1906 1103 1960 bibit
1128 1904 1372 1960 dominus
1402 1920 1568 1969 meus,
1597 1912 1645 1958 et
1664 1904 1721 1957 in
1752 1879 1796 1935 Β
1823 1913 1923 1955 nes
1955 1899 2333 1967 tentationum,
2362 1915 2497 1970 quas
2526 1902 2783 1971 patimur,
2828 1905 3065 1963 vilitates
3096 1909 3290 1966 humili
3320 1928 3412 1968 se-

106 2015 219 2069 quo
248 2000 513 2070 augurari
559 2000 709 2054 solet.
738 1998 822 2054 Ab
850 1996 1131 2054 intellectu
1161 1996 1358 2053 rationi
1384 1995 1719 2067 praecipitur,

107 2098 177 2144 ut
214 2099 434 2159 surgat,
463 2090 517 2146 id
546 2098 630 2145 est
675 2090 743 2146 ad
773 2090 1002 2145 tumoris
1042 2088 1243 2143 interni
1265 2089 1724 2158 compressionem

115 2197 183 2236 se
236 2180 449 2251 erigat;
495 2181 632 2236 viros
678 2187 1062 2252 persequatur,
1092 2179 1354 2249 quidquid
1392 2178 1602 2235 scilicet
1630 2193 1724 2233 ro-

117 2271 282 2327 busti
337 2279 516 2326 status
564 2271 797 2337 obtinet,
844 2270 1156 2327 indivisibili
1189 2284 1404 2340 semper
1429 2269 1726 2339 investiga-

121 2363 282 2419 tione
338 2363 588 2418 rimetur.
646 2364 997 2434 Apprehensis
1042 2362 1190 2418 dicat
1234 2378 1404 2432 quare
1445 2376 1547 2432 pro
1584 2362 1728 2417 bono

123 2454 344 2510 malum
397 2455 755 2520 reddiderint,
792 2455 1061 2511 restrictis
1092 2455 1251 2525 plane
1278 2464 1441 2525 atque
1472 2453 1729 2509 cohibitis

124 2546 470 2618 arrogantiae
517 2544 753 2602 ﬂuxibus
805 2553 1021 2617 arguat,
1075 2555 1136 2600 ut
1170 2546 1298 2617 quid
1326 2560 1515 2601 eorum
1546 2560 1667 2616 quae
1696 2560 1727 2599 a

128 2638 251 2694 Deo
291 2638 418 2693 data
449 2637 550 2694 sibi
582 2647 708 2694 sunt
734 2638 1011 2709 quidpiam
1059 2639 1162 2694 sibi
1186 2639 1556 2694 attribuerint.
1587 2637 1727 2705 Quid

130 2732 286 2789 enim
328 2733 556 2800 habent,
602 2732 745 2803 quod
768 2748 876 2789 non
908 2732 1263 2804 acceperint?
1293 2731 1345 2799 (I
1382 2730 1504 2787 Cor.
1544 2748 1618 2799 IV,
1648 2731 1727 2804 7.)

129 2825 269 2892 Cur,
306 2825 503 2895 inquit,
531 2824 1018 2881 intellectualitatis
1050 2824 1334 2882 scientiam
1371 2824 1526 2881 vobis
1553 2824 1729 2880 ascri-

129 2916 268 2973 bitis
297 2916 322 2970 ?
351 2915 603 2988 Scyphus
631 2924 810 2972 autem
846 2926 1158 2989 argenteus,
1189 2917 1490 2987 perspicuae
1514 2916 1731 2987 capaci-

132 3008 271 3063 tatis
297 3015 381 3063 est
410 3008 581 3064 sinus.
623 3006 681 3061 In
720 3007 825 3064 isto
857 3007 981 3062 bibit
1024 3008 1271 3063 dominus
1311 3024 1476 3073 meus,
1506 3008 1635 3078 quia
1664 3022 1732 3064 ex

139 3098 246 3153 hoc
270 3098 452 3153 haurit
474 3099 618 3154 unde
639 3113 827 3155 omnes
840 3097 1037 3154 mentis
1066 3107 1231 3170 queat
1250 3099 1429 3168 rigare
1458 3112 1729 3164 recessus,

139 3187 235 3244 ille
268 3190 357 3244 cui
391 3190 657 3246 dominari
699 3192 955 3251 convenit
976 3190 1302 3257 intellectus,
1330 3190 1542 3246 cunctis
1568 3190 1732 3245 etiam

143 3280 420 3336 rationum
470 3294 720 3336 mearum
762 3282 994 3337 viribus.
1035 3281 1113 3336 lbi
1139 3281 1268 3336 solet
1299 3282 1578 3351 augurari,
1603 3280 1733 3336 dum

147 3385 400 3440 supernae
428 3372 669 3428 innitens
689 3372 991 3441 prudentiae
1020 3372 1088 3427 de
1134 3379 1352 3427 aeterna:
1383 3370 1737 3428 beatitudinis

152 3458 352 3516 futuris
380 3460 610 3517 statibus
630 3461 775 3517 valet
798 3463 1130 3517 commutari.

222 3550 387 3609 Vens.
416 3553 472 3621 6,
494 3553 543 3618 7,
571 3553 625 3609 8.
654 3583 727 3595 —-
756 3551 1053 3608 Pessimum
1081 3535 1190 3608 rem
1218 3553 1453 3623 fecistis;
1473 3554 1566 3624 qui
1596 3554 1739 3624 quod

152 3644 249 3700 Dei
276 3653 361 3701 est
387 3645 543 3701 vobis
571 3645 891 3717 arrogastis.
917 3643 1069 3700 Fecit
1090 3644 1179 3700 ille
1199 3654 1257 3700 ut
1266 3646 1523 3716 jusserat.
1548 3644 1621 3700 Et
1643 3664 1739 3717 ap-

153 3739 415 3808 prehensis
459 3754 553 3809 per
576 3738 814 3793 ordinem
849 3738 1052 3793 locutus
1082 3748 1156 3793 est
1190 3737 1437 3806 ?Quare,
1462 3739 1735 3810 inquiunt,

155 3829 228 3882 sic
265 3828 497 3899 loquitur
519 3828 765 3883 dominus
802 3839 995 3894 noster,
1038 3837 1095 3883 ut
1120 3829 1255 3884 servi
1280 3829 1359 3883 tui
1392 3838 1598 3884 tantum
1630 3831 1738 3900 [la-

157 3920 263 3991 gitii
308 3921 679 3976 commiserint.
710 3920 1020 3987 Pecuniam,
1056 3937 1214 3993 quam
1247 3922 1306 3976 in
1344 3937 1432 3977 ore
1465 3938 1739 3977 saccorum

159 4014 466 4082 invenimus,
515 4013 889 4084 reportavimus
943 4014 1013 4068 ad
1044 4023 1092 4069 te
1120 4014 1185 4069 de
1213 4023 1354 4069 terra
1384 4013 1663 4082 Chanaan,
1691 4023 1739 4070 et

162 4104 412 4175 quomodo
443 4121 759 4177 consequens
804 4115 879 4161 est
899 4116 957 4160 ut
990 4106 1157 4176 furati
1185 4106 1351 4162 simus
1372 4108 1435 4162 de
1457 4107 1612 4163 domo
1639 4107 1738 4161 do-

165 4197 286 4252 mini
312 4199 390 4253 tui
414 4214 606 4253 aurum
638 4198 716 4254 vel
758 4207 1035 4270 argentum
1065 4198 1090 4252 Ρ
1119 4197 1606 4254 lntellectualitatis
1626 4200 1740 4269 spi-

167 4289 295 4345 ritus
321 4289 509 4344 obedit
534 4290 785 4360 imperio,
819 4290 949 4359 quia
978 4289 1240 4360 quidquid
1269 4289 1431 4360 justas
1468 4289 1633 4344 habet
1655 4289 1740 4344 di-

170 4379 446 4435 scretionis
480 4378 547 4434 ab
577 4393 640 4435 ea
674 4379 895 4449 accipit,
943 4393 1007 4434 ac
1040 4379 1140 4434 sia
1171 4377 1322 4434 fonte
1351 4393 1608 4450 superno.
1634 4378 1743 4449 Ap-

169 4472 447 4541 prebensio
475 4487 624 4545 ergo,
657 4472 710 4529 id
744 4482 829 4529 est
858 4472 1101 4531 collectis
1131 4474 1522 4545 cogitationum
1553 4490 1744 4531 excur-

1827 1990 2052 2047 dulitate
2079 1992 2240 2047 nobis
2268 1992 2405 2062 ipsis
2433 1994 2611 2049 adhuc
2639 2004 2841 2051 terram
2879 1999 3215 2069 sapientibus
3242 2006 3415 2062 ascri-

1826 2083 1977 2138 bere.
2017 2082 2285 2153 Aperiunt
2325 2084 2550 2155 singuli,
2598 2102 2720 2142 cum
2776 2090 2975 2160 quique
3021 2108 3081 2148 se
3120 2093 3418 2153 discutiunt

1829 2182 2011 2229 motus
2036 2173 2224 2229 animi.

1905 2262 2067 2320 Vsus.
2084 2265 2393 2332 i2.—-—Quos
2406 2276 2687 2335 scrutatus,
2702 2270 2953 2342 incipiens
2981 2291 3014 2328 a
3034 2276 3236 2346 majore
3260 2294 3421 2350 usque

1830 2355 1899 2410 ad
1926 2356 2207 2411 minimum
2248 2356 2443 2412 invenit
2483 2359 2734 2429 scyphum
2765 2362 2821 2416 in
2868 2379 3021 2418 sacco
3044 2363 3345 2436 Benjamin.
3375 2370 3424 2423 Α

1832 2448 2042 2516 majore
2073 2464 2245 2519 usque
2272 2450 2339 2505 ad
2369 2450 2657 2506 minimum
2684 2463 2986 2522 scrutatur,
3023 2472 3144 2512 cum
3177 2474 3209 2513 a
3232 2460 3422 2517 visibi-

1831 2539 1994 2607 iibus,
2038 2556 2159 2610 qua:
2198 2542 2357 2613 quasi
2398 2543 2768 2614 grossitudine
2808 2556 3091 2616 prmstant,
3134 2565 3305 2620 usque
3355 2553 3426 2608 ad

1831 2633 2128 2690 invisibilia
2159 2644 2213 2691 et
2235 2633 2563 2705 spiritualia,
2588 2651 2711 2707 qua:
2738 2638 2990 2694 subtilius
3012 2649 3250 2704 exstant,
3284 2642 3426 2699 ratio

1832 2726 2002 2781 totius
2026 2726 2112 2782 sui
2146 2727 2329 2797 operis
2364 2727 2675 2782 machinam
2705 2723 2959 2783 riniatur.
2993 2728 3061 2784 In
3097 2748 3251 2786 sacco
3286 2731 3426 2787 Ben-

1824 2818 2000 2889 jamin
2026 2820 2265 2891 scyphus
2288 2820 2589 2887 invenitur,
2617 2835 2742 2876 cum
2774 2821 2831 2876 in
2858 2824 2974 2892 ipsa
2997 2822 3255 2889 dexterae,
3281 2826 3428 2893 quod

1833 2921 1919 2966 est
1966 2910 2249 2966 electionis
2304 2920 2361 2966 et
2396 2911 2582 2983 gloriae
2615 2910 2836 2978 fiducia,
2880 2912 3049 2967 nimia
3100 2914 3341 2969 scientiae
3372 2923 3429 2968 et

1833 3001 2035 3072 eloquii
2063 3001 2202 3058 solet
2232 3017 2515 3073 emergere
2539 3002 2876 3074 arrogantia.
2912 3002 3102 3062 Solent
3123 3005 3267 3060 enim
3292 3005 3429 3061 tales

1835 3095 1990 3165 quasi
2018 3110 2117 3165 pro
2150 3096 2443 3152 securitate
2476 3096 2591 3166 jam
2634 3096 2990 3153 auctoritates
3021 3098 3124 3154 sibi
3163 3114 3431 3170 usurpare

1836 3197 1893 3244 et
1924 3188 2240 3259 magisteria
2294 3189 2360 3242 At
2409 3186 2531 3256 illi,
2580 3189 2757 3244 scissis
2798 3190 3043 3257 vestibus,
3101 3194 3431 3262 oneratisque

1837 3297 2050 3335 rursum
2093 3281 2281 3346 asinis,
2304 3282 2495 3335 reversi
2536 3292 2657 3375 su.nt
2685 3281 2742 3336 in
2780 3283 3052 3353 oppidum.
3085 3282 3277 3353 (Vsus.
3315 3283 3431 3353 15.)

1838 3373 1973 3429 Cum
2021 3388 2051 3426 a
2078 3374 2188 3428 Deo
2219 3373 2491 3429 subtiliter
2525 3390 2555 3428 a
2596 3373 2793 3444 Spiritu
2840 3374 3143 3429 animorum
3173 3376 3300 3430 vitia
3331 3376 3401 3431 de
3422 3407 3434 3420 ο

1842 3464 2275 3533 prehenduntur,
2319 3465 2474 3534 quasi
2503 3465 2761 3534 quiddam
2795 3465 3172 3522 inextricabile
3216 3467 3434 3523 virtutis

1841 3552 2081 3609 studium
2119 3564 2427 3622 accusatur,
2476 3563 2641 3626 atque
2680 3555 2876 3626 saepius
2913 3555 3205 3612 deseritur.
3243 3557 3433 3614 Vestes

1840 3659 1972 3716 ergo
2018 3644 2368 3712 scinduntur,
2413 3661 2537 3701 cum
2584 3662 2748 3718 Opera
2808 3648 3031 3703 fastidio
3079 3648 3431 3705 dirimuntur.

1840 3737 1997 3792 Asini
2047 3751 2261 3792 rursum
2310 3748 2625 3805 onerantur,
2655 3754 2777 3794 cum
2819 3739 3003 3796 stolidi
3038 3740 3223 3797 carnis
3253 3751 3433 3797 motus

1839 3827 2024 3897 pravis
2062 3837 2122 3883 ut
2157 3827 2451 3899 aliquando
2489 3829 2950 3887 sollicitudinibus
2977 3832 3215 3904 opprimi
3240 3842 3431 3905 gratu-

1838 3917 2042 3973 lantur.
2107 3918 2167 3974 In
2218 3921 2476 3992 oppidum
2531 3930 2898 3989 revertuntur,
2963 3939 3090 3979 cum
3145 3926 3431 3993 saeculum,

1842 4011 1986 4082 quod
2024 4011 2243 4069 diabolo
2289 4012 2607 4084 opitulatur,
2659 4026 2908 4089 repetere
2951 4015 3313 4072 delectantur.
3356 4016 3434 4073 De

1842 4119 1949 4175 quo
1999 4104 2211 4161 duobus
2259 4106 2585 4176 quibusdam
2628 4108 2829 4164 dicitur
2881 4126 2894 4162 :
2951 4107 3031 4163 Ite
3068 4110 3123 4164 in
3161 4108 3433 4165 castellum

1843 4196 1985 4267 quod
2014 4207 2196 4251 contra
2226 4214 2314 4252 vos
2345 4211 2422 4254 est
2464 4199 2683 4271 (Matth.
2714 4217 2825 4266 xxr,
2857 4202 2923 4269 2;
2956 4201 3126 4256 Marc.
3153 4218 3233 4269 χι,
3264 4202 3342 4274 2).
3422 4202 3425 4203 ⁷

1916 4286 2082 4343 Vens.
2111 4288 2200 4343 14.
2222 4320 2295 4330 -
2323 4290 2538 4345 Primus
2584 4292 2758 4347 Judas
2788 4310 2906 4347 cum
2943 4294 3200 4365 fratribus
3232 4297 3433 4365 ingres-

1843 4396 1932 4436 sus
1980 4392 2056 4436 est
2108 4383 2178 4437 ad
2226 4382 2423 4455 Ioseph
2468 4384 2712 4455 (necdum
2761 4389 2897 4440 enim
2939 4388 3003 4441 de
3046 4387 3161 4441 loco
3212 4387 3432 4458 abierat)

1843 4488 2121 4544 omnesque
2147 4475 2202 4527 in
2232 4483 2426 4528 terram
2454 4485 2574 4529 ante
2599 4491 2719 4529 eum
2753 4485 3084 4530 corruerunt.
3128 4475 3264 4532 Cum
3294 4491 3435 4547 pene

171 4564 332 4631 sibus,
373 4579 471 4633 per
523 4566 669 4636 ipsos
732 4566 1097 4622 intentionum
1140 4566 1481 4638 singularum
1518 4567 1740 4624 ordines
1772 4594 1819 4651 Β
1847 4575 2133 4621 moventur
2172 4567 2361 4636 pedes,
2382 4582 2522 4638 pene
2562 4566 2903 4622 turbatorum
2933 4568 3223 4623 ati‘ectuum
3256 4567 3433 4626 efl‘uu-

172 4656 315 4726 ponit
337 4656 532 4713 edicta.
566 4656 673 4714 Sed
704 4660 884 4716 minus
907 4659 1253 4729 perspicaces
1281 4660 1447 4716 animi
1469 4661 1523 4715 in
1545 4675 1607 4716 se
1631 4676 1739 4716 non

175 4748 599 4819 deprehendunt,
636 4751 783 4822 quod
834 4767 1045 4807 summa
1074 4751 1447 4823 intelligentiae
1492 4752 1741 4808 acumina

175 4840 439 4911 colligunt.
489 4840 623 4910 Nos,
673 4844 846 4913 aiunt,
876 4843 970 4914 qui
1008 4843 1368 4900 rationalitati
1391 4842 1625 4900 fideliter
1654 4845 1741 4899 in-

176 4936 445 5003 servimus,
498 4945 554 4993 et
586 4945 766 4993 tecum
792 4936 1101 4993 intellectus
1127 4937 1268 4994 sacri
1300 4937 1541 4995 dominio
1569 4937 1740 5010 subji-

175 5026 353 5083 cimur.
386 5027 463 5084 De
489 5037 631 5084 terra
652 5027 933 5097 Chanaan,
966 5029 1022 5085 id
1040 5037 1125 5085 est
1146 5029 1215 5086 de
1235 5038 1453 5086 terreno
1480 5030 1573 5087 ubi
1597 5030 1744 5086 vitiis

178 5117 583 5174 humiliabamur
606 5118 828 5187 affectu,
846 5120 1015 5176 divini
1030 5120 1230 5193 eloquii
1253 5121 1562 5191 pecuniam,
1579 5138 1743 5194 quam

178 5210 239 5265 ad
271 5212 475 5280 peccati
514 5212 799 5269 introitum
822 5213 1178 5285 cognovimus
1202 5228 1304 5284 pro
1328 5215 1627 5291 munimine
1649 5231 1745 5287 op-

178 5305 484 5376 ponendam,
533 5306 603 5362 ad
646 5316 795 5362 tuum
845 5323 1076 5365 examen
1132 5318 1411 5380 reportare
1468 5317 1742 5377 curamus,

178 5398 428 5468 quomodo
453 5401 806 5470 consequitur
825 5410 884 5456 ut
906 5404 1053 5473 quod
1068 5402 1137 5459 ad
1160 5412 1213 5459 te
1245 5402 1407 5475 159
1435 5403 1742 5473 referimus,

179 5490 241 5545 ad
266 5506 355 5548 nos
405 5490 614 5549 referre
646 5492 875 5550 velimus
903 5496 927 5550 ?
953 5495 1175 5552 Certum
1214 5507 1300 5554 est
1326 5513 1587 5569 namque,
1617 5501 1745 5569 quia

178 5584 306 5654 quod
321 5584 413 5641 tibi
433 5585 649 5654 damus,
673 5587 831 5642 nobis
852 5586 1227 5647 subtrahimus
1246 5608 1260 5660 ;
1276 5593 1420 5649 unde
1435 5608 1535 5648 nec
1554 5609 1745 5649 aurum

179 5677 457 5747 sapientiae,
516 5695 617 5737 nec
669 5681 911 5739 scientiae
947 5696 1229 5756 argentum
1266 5687 1399 5755 Deo,
1432 5688 1523 5758 qui
1553 5688 1747 5745 domus

179 5769 338 5827 omnis
370 5769 474 5842 piae
522 5770 1002 5833 intellectualitatis
1035 5785 1092 5832 et
1125 5776 1390 5838 habitatio
1418 5789 1531 5851 est,
1580 5780 1744 5837 furati

181 5880 369 5923 sumus.

460 5981 738 6042 ΡΑτιιοι.
787 5978 986 6044 CLVI.

1845 4657 2049 4711 duntur
2070 4672 2311 4726 gressus,
2350 4656 2516 4714 Judas
2551 4667 2753 4726 tamen,
2802 4657 2855 4713 id
2898 4668 2984 4715 est
3021 4660 3308 4726 confessio,
3343 4678 3434 4720 re-

1845 4747 2051 4804 strictis
2100 4749 2168 4805 ad
2208 4762 2267 4803 se
2315 4749 2479 4804 sociis
2528 4749 2696 4805 animi
2747 4751 3003 4820 motibus,
3051 4753 3227 4823 prima
3272 4754 3435 4811 intel-

1843 4840 2070 4907 lectum,
2102 4840 2193 4912 qui
2227 4841 2457 4898 necdum
2480 4857 2511 4897 a
2541 4841 2635 4898 Dei
2662 4843 2986 4911 intentione,
3013 4845 3105 4916 qui
3128 4846 3281 4903 locus
3304 4862 3436 4903 suus

1844 4940 1949 5000 est,
1981 4942 2187 4990 motum
2218 4937 2449 5001 fecerat,
2489 4937 2820 5008 aggreditur,
2850 4938 2980 5009 quia
3011 4953 3179 5009 penes
3213 4953 3336 4993 eum
3367 4938 3437 4994 de

1846 5041 1945 5083 sua
1975 5031 2279 5083 mutatione
2309 5029 2682 5100 conqueritur.
2724 5028 2917 5084 Omnes
2956 5039 3136 5084 autem
3170 5040 3291 5084 ante
3316 5045 3438 5083 eum

1844 5120 2045 5191 pariter
2081 5125 2367 5184 corruunt,
2400 5134 2524 5175 cum
2579 5118 2802 5189 indigne
2848 5134 2907 5174 se
2945 5119 3125 5189 egisse
3159 5117 3438 5173 humiliter

1846 5212 2114 5279 fatentur,
2148 5212 2217 5267 ad
2254 5211 2372 5283 ejus
2394 5211 2760 5269 intellectuale
2781 5210 3070 5281 judicium.
3102 5209 3290 5281 (Vens.
3322 5210 3436 5279 15.)

1847 5305 1977 5375 Cur,
2020 5306 2231 5377 inquit,
2270 5306 2345 5361 sic
2385 5322 2536 5376 agere
2585 5302 2867 5359 uoluistis?
2900 5302 2982 5355 An
3014 5302 3269 5372 ignoratis
3296 5303 3438 5375 quod

1847 5417 1952 5456 non
2001 5400 2069 5455 sit
2106 5398 2295 5455 similis
2330 5400 2431 5453 mei
2470 5398 2525 5452 in
2561 5395 2863 5468 augurandi
2893 5396 3149 5450 scientia?
3191 5395 3303 5451 Cur
3337 5397 3436 5452 ad—

1847 5492 2014 5549 missa
2037 5491 2139 5548 etsi
2162 5490 2372 5548 occulte
2394 5487 2709 5554 defenditis,
2738 5502 2862 5543 cum
2893 5502 2979 5544 me
3007 5487 3245 5561 singulos
3268 5505 3437 5560 quos-

1848 5604 1954 5659 que
1997 5587 2272 5644 subtiliter
2302 5582 2563 5652 aucupari
2589 5582 3010 5650 mentis-status,
3057 5582 3208 5638 etde
3236 5580 3439 5653 abditis

1848 5680 2210 5736 intentionum
2259 5676 2567 5733 recessibus
2611 5676 2925 5750 specialiter
2963 5677 3217 5749 judicare
3264 5690 3438 5731 nove-

1849 5773 2006 5831 ritis?

1921 5869 2086 5927 Vens.
2128 5865 2216 5924 16.
2279 5898 2328 5908 -
2377 5865 2475 5923 Cui
2506 5865 2739 5943 Judas:
2791 5868 2931 5934 Quid
2982 5863 3434 5936 respondebimus,

2968 5984 3042 6047 ’10
