3978 6332
518 318 632 374 299

1392 304 1455 358 V.
1496 300 1824 360 GUIBERTI
1848 297 2146 355 ABBATIS
2171 298 2233 356 S.
2261 296 2505 354 MARIAE
2539 297 2629 354 DE
2658 297 3058 361 NOVIGENTO
3680 324 3770 389 δυο

516 436 713 504 inquit,
745 432 953 486 domino
1000 432 1175 482 nostra
1201 423 1225 475 ?
1267 419 1344 475 vel
1388 418 1511 488 quid
1541 417 1674 487 justi
1707 417 1990 487 poterimus
2030 415 2119 469 ob-
2148 416 2199 473 A
2223 414 2586 472 cinationibus
2617 432 2736 473 eam
2761 420 2980 510 genuit,
3011 421 3125 492 spei
3152 423 3320 483 solius
3350 429 3539 492 divinae
3559 454 3764 510 praesto-

519 526 772 583 tendere?
796 524 936 578 Deus
966 516 1154 573 invenit
1187 511 1513 582 iniquitatem
1556 524 1823 563 servorum
1861 516 2106 571 tuorum;

518 637 583 676 en
617 633 792 674 omnes
825 611 957 669 servi
986 608 1063 661 tui
1096 620 1276 659 sumus
1314 612 1362 657 et
1413 617 1528 669 nos,
1561 611 1608 655 et
1649 600 1791 671 apud
1835 616 1986 671 quem
2026 599 2109 653 in-

518 723 703 767 ventus
741 718 815 762 est
853 702 1097 772 scyphus.
1148 699 1226 753 Ac
1274 699 1319 753 si
1354 696 1504 753 dicat
1538 713 1550 748 :
1587 692 1723 749 Cum
1778 694 1887 748 vita
1921 700 2106 749 nostra

516 805 704 874 lapsus
734 808 787 854 et
821 794 1047 851 tentatio
1098 792 1169 846 sit
1216 806 1378 862 super
1428 801 1649 855 terram,
1683 802 1843 859 quam
1893 786 2004 841 Deo
2040 786 2108 843 de

515 892 676 949 nobis
720 886 1023 960 poterimus
1090 881 1294 939 inferre
1357 881 1666 937 excusando
1736 877 2106 935 sententiam?

512 987 661 1043 Deus
707 998 831 1037 cum
881 978 1172 1051 praesentia
1202 977 1501 1034 universali
1556 985 1729 1033 totum
1786 975 2103 1045 pervideat,

513 1077 681 1133 etiam
705 1089 802 1146 per
828 1072 1190 1128 illumiuatam
1213 1071 1279 1126 ad
1314 1085 1371 1125 se
1394 1069 1658 1124 rationem
1684 1081 1929 1138 quasque
1956 1081 2106 1122 men-

510 1168 584 1224 tis
624 1166 897 1237 nequitias
945 1165 1232 1237 perSpicue
1265 1162 1577 1234 investigat.
1631 1160 1749 1216 Jam
1780 1169 1834 1215 et
1882 1175 2005 1227 nos,
2049 1168 2106 1215 et

512 1260 844 1333 arrogantiae
877 1274 1029 1314 reum
1062 1256 1313 1313 servituti
1347 1255 1559 1310 timoris
1590 1254 1732 1327 apud
1761 1253 2104 1309 intellectua-

514 1354 731 1411 litatem
788 1362 936 1407 tuam
979 1349 1259 1415 addicito,
1322 1362 1390 1402 ne
1443 1355 1617 1402 status
1657 1344 1825 1399 animi
1881 1359 2104 1415 prorsus

514 1448 731 1504 decidat
756 1443 999 1500 facinore
1029 1441 1280 1512 repetito.
1316 1438 1504 1511 (Vens,
1536 1436 1650 1507 i7.)
1698 1434 1978 1506 Respondit
2006 1435 2103 1489 Jo-

510 1540 636 1609 seph
663 1551 682 1590 :
708 1537 843 1590 absit
869 1552 901 1589 a
936 1550 1017 1588 nte
1048 1545 1104 1587 ut
1140 1534 1215 1587 sic
1246 1532 1446 1604 agam!
1480 1530 1585 1597 Qui
1623 1530 1833 1601 furatus
1875 1540 1948 1583 est
1985 1546 2101 1599 scy-

509 1631 697 1704 phum,
727 1631 835 1700 ipse
883 1631 1160 1685 sitiservus
1193 1644 1375 1693 meus;
1412 1643 1500 1681 vos
1542 1635 1744 1693 autem,
1783 1624 1918 1680 abite
1954 1624 2105 1680 liberi

509 1722 580 1778 ad
608 1732 812 1797 patrem
847 1730 1076 1776 vestrum
1108 1717 1251 1786 Non,
1299 1717 1497 1788 inquit,
1539 1715 1755 1785 justum
1782 1726 1885 1784 est,
1922 1724 1982 1771 ut
2019 1716 2104 1770 in-

509 1830 717 1872 nocens
760 1814 992 1887 quisque
1032 1813 1198 1869 animi
1245 1813 1299 1867 in
1344 1810 1588 1882 qualibet
1633 1811 1831 1865 virtute
1880 1810 2105 1866 aﬂ‘ectus

508 1910 792 1980 puniatur,
825 1909 923 1964 sed
948 1906 1037 1962 ille
1062 1906 1150 1962 cui
1183 1904 1453 1976 superbiae
1490 1902 1713 1960 foeditas
1743 1903 1984 1971 inhaesit,
2014 1903 2107 1958 de-

508 2003 640 2058 bitae
662 1999 1139 2071 bumilitatisjugo
1170 1999 1478 2070 plectatur;
1509 2013 1607 2054 vos
1628 1999 1811 2068 itaque
1835 1998 2107 2054 immunes

510 2110 540 2147 a
573 2095 758 2166 culpa,
797 2086 1191 2164 prosequimini
1224 2099 1416 2161 coeme
1444 2089 1828 2146 rationalitatis
1873 2104 1983 2146 ’ωε
2012 2106 2107 2146 νος

506 2186 594 2245 liis
624 2189 1001 2260 patrocinatur
1028 2186 1282 2257 vestigia.

528 2338 533 2339 “
583 2335 749 2393 Vnus.
780 2338 868 2393 18.
895 2334 1235 2390 —-Accedens
1265 2340 1437 2388 autem
1466 2335 1681 2406 propius
1708 2334 1906 2403 Iudas,
1940 2337 2109 2406 con/i-

507 2428 691 2484 denter
725 2428 797 2481 ait
826 2445 844 2483 :
874 2427 1001 2491 Oro,
1033 2426 1243 2481 domine
1273 2426 1629 2497 mi,loquatur
1654 2445 1828 2483 servus
1855 2439 1975 2484 tuus
1998 2446 2108 2485 ver-

512 2528 636 2580 bum
690 2525 745 2578 in
789 2522 1011 2576 auribus
1055 2522 1182 2587 tuis,
1238 2530 1285 2576 et
1337 2539 1399 2577 ne
1438 2523 1688 2578 irascaris
1737 2524 1938 2593 famulo
1992 2534 2103 2579 tuo.

510 2614 675 2675 ludas
708 2616 938 2688 propius
967 2614 1199 2682 accedit,
1236 2630 1357 2671 cun:
1407 2616 1474 2672 ad
1514 2616 1664 2688 ipsas
1702 2633 1993 2689 compages
2051 2627 2108 2675 ct

510 2711 779 2767 medullas
829 2710 1220 2782 cogitationum
1266 2720 1320 2764 et
1354 2711 1737 2778 intentionum,
1763 2727 1861 2783 per
1887 2712 2103 2767 confes-

510 2803 722 2861 sionem
762 2802 1110 2874 retcgendas,
1157 2801 1356 2855 mentis
1398 2800 1574 2857 virtus
1616 2801 1821 2861 intrare
1867 2803 2101 2877 satagit;
2179 2829 2183 2833 η

509 2898 654 2954 unde
696 2907 749 2953 et
778 2913 845 2952 ex
873 2897 986 2966 ipsa
1014 2894 1252 2966 puritate
1278 2893 1535 2953 ﬁdentius
1567 2910 1733 2970 agens
1756 2941 1771 2967 ,
1813 2900 1984 2969 ipsam
2016 2899 2103 2953 in-

510 2987 939 3047 tellectualitatis
991 3001 1297 3054 summam,
1354 2988 1440 3044 his
1493 3004 1600 3043 non
1662 2998 1771 3043 tam
1826 2987 2100 3055 affatibus,

511 3098 673 3153 quam
699 3081 983 3137 effectibus
1020 3078 1296 3135 convenit.
1336 3077 1494 3147 Quia,
1529 3079 1729 3150 inquit,
1760 3079 1982 3149 speciali
2010 3094 2102 3132 ca-

507 3176 747 3249 pacitate
783 3175 1087 3230 caelestium
1127 3173 1344 3229 cunctis
1378 3173 1575 3228 merito
1605 3172 1833 3226 internis
1861 3171 2098 3228 motibus

508 3269 828 3335 dominaris,
868 3265 1089 3338 pietatis
1139 3262 1389 3327 allectus,
1429 3263 1518 3334 qui
1557 3264 1662 3318 tuis
1694 3262 1928 3319 deservit
1970 3261 2095 3317 otti-

507 3362 630 3428 ciis,
660 3360 792 3416 illud
832 3360 1083 3425 verbum,
1122 3372 1226 3413 non
1251 3356 1597 3422 elementale,
1642 3372 1747 3412 non
1787 3356 2094 3426 spirituale,

508 3452 605 3509 sed
645 3451 1032 3516 intellectuale,
1082 3466 1190 3521 quo
1223 3448 1432 3504 falsitas
1461 3449 1637 3505 locum
1668 3464 1773 3504 non
1804 3450 1988 3515 habet,
2019 3449 2097 3505 lo-

509 3553 708 3615 quatur
733 3543 785 3596 in
824 3541 1197 3612 intelligentiae
1226 3550 1330 3595 ture
1362 3541 1762 3612 penetralibus;
1800 3550 1859 3597 ut
1887 3541 2098 3598 scilicet

507 3634 625 3705 ejus
647 3631 961 3688 veriticetur
987 3630 1341 3697 desiderium,
1367 3639 1426 3685 ut
1450 3631 1531 3686 sic
1557 3641 1610 3687 te
1644 3632 1838 3702 illapsu
1863 3632 2098 3687 assidua:

510 3723 812 3779 dulcedinis
853 3720 1236 3791 prmsentiscat
1278 3721 1381 3775 sibi
1434 3721 1783 3788 benevolum,
1827 3729 1887 3776 ut
1920 3722 1965 3776 si
2001 3723 2098 3778 tibi

512 3817 626 3871 ﬁcri
666 3814 968 3886 gratuletur
992 3814 1271 3869 famulum.
1318 3811 1506 3886 (Vens.
1546 3814 1659 3886 19.)
1702 3812 1779 3868 Tu
1815 3817 1953 3869 enim
1983 3827 2098 3885 post

510 3910 845 3964 Pharaonem
890 3909 1142 3963 Dominus
1182 3926 1349 3964 meus.
1404 3908 1702 3980 Postquam
1736 3925 1869 3966 sane
1909 3909 2099 3965 diabo-

506 4001 640 4067 lum,
688 4011 781 4057 aut
816 4001 1196 4072 dissipatorem
1226 4001 1356 4057 boni
1396 4001 1697 4073 appetitum
1740 4001 1976 4067 deserui,
2005 4009 2097 4057 tuo

505 4113 595 4154 me
623 4094 861 4153 dominio
886 4094 1206 4151 eontradidi.

580 4235 744 4289 Vsus.
777 4232 867 4289 20.
891 4262 959 4275 --
987 4230 1338 4301 Interrogasti
1355 4230 1505 4301 prius
1526 4245 1699 4284 servos
1725 4239 1865 4296 tuos,
1894 4229 2095 4286 habetis

503 4337 706 4399 patrem
742 4334 834 4379 aut
874 4325 1133 4395 fratrem?
1164 4333 1211 4377 et
1252 4339 1345 4377 nos
1385 4322 1747 4391 respondimus
1780 4322 1871 4375 tibi
1903 4322 2094 4376 domno

504 4430 683 4476 nostra
718 4437 730 4450 ο
762 4418 860 4473 Est
896 4420 1045 4473 nobis
1081 4427 1230 4488 pater
1254 4433 1433 4482 senex,
1471 4426 1519 4471 et
1561 4433 1690 4487 puer
1720 4417 1968 4488 parvulus
2004 4418 2093 4487 qui

2212 510 2375 578 latur,
2401 519 2457 565 et
2487 510 2721 566 intendit
2749 509 3007 567 fructum.

2283 600 2451 658 Vens.
2478 603 2571 658 21.
2597 633 2669 644 —
2692 604 2891 660 Dixisti
2918 608 3081 662 servis
3113 611 3217 665 tuis
3250 628 3267 666 :
3300 612 3557 677 Adducite
3577 642 3686 684 eum
3710 636 3768 690 ad

2211 712 2313 762 me,
2336 705 2385 751 et
2414 713 2609 767 ponam
2634 696 2813 753 oculos
2843 715 2987 755 meos
3011 718 3169 773 super
3195 720 3333 760 eum.
3364 706 3503 767 Dicit
3545 730 3601 771 ut
3623 722 3770 782 addu-

2211 795 2367 841 catur
2401 788 2585 857 adse,
2622 803 2748 844 cum
2780 789 3091 849 intellectus
3128 809 3282 864 spem
3311 803 3532 868 provehi
3572 815 3770 874 mandat

2210 895 2310 950 per
2357 882 2750 954 cogitationum
2789 898 3078 955 processus
3117 888 3185 944 ad
3213 904 3430 949 sensum
3472 907 3773 977 contempla-

2211 974 2376 1031 tionis
2407 991 2654 1033 summae.
2684 977 2843 1034 Ponit
2874 980 3061 1037 oculos
3095 997 3258 1052 super
3287 1001 3432 1053 eum,
3478 1006 3595 1047 cum
3634 974 3771 1057 initel.

2209 1066 2532 1124 lectualibus
2572 1069 2969 1127 intentionibus
3012 1073 3184 1143 ipsius
3224 1078 3339 1147 spei
3374 1085 3605 1154 protegit
3648 1088 3772 1147 desi-

2210 1157 2439 1214 derium.
2475 1159 2661 1232 (Vens.
2687 1161 2803 1235 2‘2.)
2838 1163 3207 1235 Suggessimus
3232 1169 3443 1226 domino
3480 1191 3588 1230 mea
3619 1193 3635 1230 :
3664 1180 3772 1240 Non

2206 1262 2373 1322 potest
2384 1269 2516 1323 puer
2541 1254 2831 1326 relinquere
2855 1268 3057 1327 patrem
3080 1276 3268 1328 suum;
3292 1263 3338 1316 si
3374 1265 3510 1319 enim
3530 1268 3673 1325 illum
3702 1276 3771 1329 di-

2208 1343 2432 1412 miserit,
2452 1345 3139 1407 morietur.Teneritudinis
3155 1352 3385 1410 interna:
3407 1367 3583 1414 motus
3601 1364 3771 1423 anima:

2208 1437 2415 1493 conscii
2441 1438 2729 1505 rationem,
2757 1456 2877 1510 quae
2906 1442 3085 1499 adhuc
3112 1446 3507 1505 interlmmana
3530 1466 3773 1528 versatur,

2207 1545 2362 1601 spem
2402 1547 2510 1587 non
2551 1546 2711 1602 posse
2751 1532 3059 1603 relinquere
3105 1539 3422 1609 perhibent,
3450 1558 3569 1614 quae
3602 1548 3666 1603 ob
3703 1551 3774 1607 sui

2206 1624 2500 1693 pueritiam
2534 1627 2721 1682 utendi
2764 1628 2935 1684 solido
2970 1633 3403 1701 speeulationum
3434 1639 3553 1696 cibo
3593 1643 3775 1704 viribus

2207 1727 2377 1773 caret.
2422 1718 2479 1774 Si
2523 1720 2669 1775 enim
2720 1721 3014 1779 mediocria
3062 1725 3352 1795 dimiserit,
3408 1740 3467 1787 et
3512 1747 3572 1789 se
3612 1751 3775 1807 super-

2210 1813 2539 1880 extenderit,
2592 1814 2747 1884 quasi
2793 1827 3007 1872 mortua
3050 1833 3116 1874 ac
3158 1829 3353 1877 neutra
3382 1823 3500 1893 jam
3543 1831 3771 1899 assurgit.

2212 1902 2397 1976 (Vsus.
2427 1904 2567 1975 25.).
2593 1903 2675 1974 Si,
2700 1906 2895 1977 inquit,
2919 1925 3025 1963 non
3043 1912 3236 1965 venerit
3262 1914 3431 1982 {rater
3451 1926 3611 1971 vester
3640 1921 3775 1975 mini-

2210 2008 2327 2046 mus
2366 1992 2656 2060 vobiscum,
2686 2010 2791 2048 non
2838 1995 3075 2050 videbitis
3112 1999 3338 2069 amplius
3372 2001 3570 2070 faciem
3605 2023 3774 2078 meam,

2212 2085 2265 2141 id
2293 2094 2378 2141 est
2402 2084 2506 2141 nisi
2546 2100 2718 2155 spem,
2752 2102 2874 2157 quae
2900 2089 3056 2145 vobis
3087 2091 3156 2145 ad
3200 2091 3371 2147 Deum
3404 2109 3506 2165 pes
3530 2097 3777 2156 subtiliter

2212 2180 2495 2252 gradiendi
2528 2195 2649 2236 esse
2683 2181 2865 2248 debet,
2895 2182 3153 2238 comitem
3194 2188 3619 2257 contemplando
3646 2193 3779 2249 vobis

2214 2273 2543 2337 asciveritis,
2595 2273 2848 2328 notitiam
2881 2274 3012 2341 mei,
3049 2290 3170 2345 quae
3215 2275 3357 2333 facie
3382 2278 3717 2351 designatur,
3735 2283 3779 2337 id

2212 2378 2298 2426 est
2326 2368 2718 2439 experientiam
2743 2367 2958 2424 decoris
2982 2369 3180 2436 intimi,
3200 2386 3485 2442 nunquam
3512 2376 3779 2431 secundum

2212 2461 2530 2532 ampliorem
2554 2460 2952 2532 proﬁcientium
2982 2471 3184 2519 statum
3213 2467 3521 2538 attingetis.

2286 2554 2451 2610 Vens.
2477 2553 2569 2608 24.
2596 2584 2666 2594 —
2692 2552 2826 2608 Cum
2855 2571 2976 2625 ergo
3007 2558 3437 2613 ascendissemus
3460 2561 3529 2615 ad
3548 2561 3780 2632 famulum

2212 2654 2361 2698 tuum
2390 2656 2593 2716 patrem
2622 2655 2884 2711 nostrum,
2919 2648 3256 2706 narrauimus
3284 2651 3331 2706 ei
3359 2652 3548 2708 omnia
3583 2671 3691 2725 quae
3717 2656 3782 2709 lo-

2212 2746 2367 2797 cutus
2393 2749 2469 2797 est
2505 2740 2751 2799 dominus
2774 2761 2940 2800 meus.
2972 2746 3294 2805 Asceudunt
3327 2751 3395 2805 ad
3426 2761 3650 2821 patrem,
3677 2768 3782 2808 cum

2211 2834 2578 2903 cogitationes
2598 2836 2668 2892 de
2691 2835 2926 2908 singulis
2951 2853 3072 2893 eam
3118 2840 3478 2909 consultura,
3502 2860 3653 2900 suum
3677 2860 3783 2916 pro-

2209 2924 2354 2982 fecto
2385 2929 2659 2998 superius,
2709 2938 2973 3000 expetunt
2997 2931 3288 2988 rationem.
3323 2933 3530 2991 Omnia
3573 2952 3686 3007 qua:
3708 2938 3783 2992 do-

2212 3017 2396 3072 minus
2426 3016 2519 3072 ille
2544 3018 2786 3090 loquitur
2810 3020 2915 3075 sibi
2940 3032 3190 3090 narrant,
3226 3036 3451 3081 cum‘ea
3482 3042 3601 3097 qua:
3628 3028 3688 3083 de
3710 3028 3783 3082 in»

2129 3148 2173 3207 α
2210 3113 2624 3171 tellectualitate
2663 3116 2889 3186 capiunt
2918 3120 3310 3177 mediocritatis
3351 3123 3595 3193 propriae
3620 3138 3783 3193 respe-

2204 3215 2319 3274 ctu,
2352 3221 2476 3262 cum
2531 3208 2645 3279 ipsa
2680 3210 2895 3265 ratione
2940 3226 3009 3266 an
3058 3212 3170 3268 sint
3202 3215 3577 3285 aggredienda
3625 3216 3785 3272 discu-

2204 3298 2366 3353 tiunt.
2412 3298 2726 3355 intellectus
2774 3309 2956 3356 autem
3003 3303 3256 3358 dominus
3305 3314 3393 3359 est
3449 3306 3694 3371 rationis,
3740 3306 3786 3360 iu

2158 3390 2161 3391 ⁷
2201 3398 2465 3459 quantum
2495 3391 2585 3446 ille
2616 3392 2682 3447 de
2704 3392 3041 3461 coelestibus,
3086 3394 3192 3449 ista
3228 3396 3481 3466 disputat
3521 3399 3587 3454 de
3619 3400 3788 3454 huma-

2201 3483 2310 3539 nis.
2345 3483 2534 3555 (Vnns.
2578 3484 2695 3557 ἢεί.)
2746 3485 2886 3540 Dicit
2931 3498 3080 3558 pater
3110 3501 3287 3544 noster
3325 3507 3344 3546 .'
3393 3492 3727 3548 Revertimini
3747 3502 3786 3546 et

2202 3574 2358 3628 eruite
2380 3575 2528 3629 nobis
2550 3592 2741 3646 parum
2772 3576 2953 3631 tritici.
2984 3577 3201 3636 Reverti
3231 3590 3391 3651 pater
3414 3593 3478 3637 ut
3504 3591 3689 3639 emant
3712 3583 3791 3636 tri-

2203 3665 2370 3720 ticum
2416 3666 2671 3736 imperat.
2698 3668 2824 3723 dum
2873 3669 2939 3725 ab
2969 3669 3165 3726 altiora
3213 3674 3577 3744 aggrediendi
3626 3674 3788 3730 studio

2203 3767 2535 3814 revocantur
2562 3760 2726 3816 nimis
2769 3762 3006 3817 humana
3049 3764 3379 3822 discretione
3404 3768 3567 3838 quasi
3596 3769 3663 3824 ad
3692 3783 3791 3822 mo-

2204 3846 2355 3913 dum,
2388 3857 2447 3902 ut
2470 3848 2668 3905 divinae
2709 3851 3061 3920 aspirationis
3101 3854 3225 3911 ﬁdei
3252 3855 3451 3912 saltem
3487 3860 3661 3928 pretio
3685 3858 3789 3912 exi-

2203 3948 2335 4007 gant
2359 3939 2638 4008 pabulum,
2671 3942 2854 3997 ethoc
2876 3958 3068 4013 parum
3106 3955 3164 4000 ut
3200 3947 3416 4004 scilicet
3460 3950 3614 4004 ilium
3662 3964 3794 4004 asse-

2201 4040 2475 4100 quantur,
2563 4049 2726 4104 quem
2790 4035 3087 4105 praeferunt
3161 4040 3354 4110 tepidae
3429 4042 3793 4113 temperantiae

2199 4125 2447 4194 gradum.

2273 4215 2435 4271 Vsus.
2467 4216 2556 4271 26.
2587 4248 2657 4258 -
2686 4215 2784 4272 Cui
2808 4219 3038 4275 diximus
3068 4237 3086 4275 :
3113 4221 3202 4276 Ire
3227 4240 3331 4278 non
3358 4243 3673 4295 possumus,
3704 4226 3796 4280 nisi

2199 4307 2365 4377 frater
2396 4318 2570 4364 noster
2608 4311 2886 4366 descendat
2933 4314 3200 4369 nobiscum
3241 4302 3694 4387 :pro/iciscemur
3738 4319 3797 4374 ti-

2200 4398 2341 4465 mul;
2364 4400 2597 4472 alioquin
2628 4400 2717 4455 illo
2740 4403 2970 4473 absente,
2996 4423 3099 4461 non
3127 4408 3383 4464 audemus
3407 4412 3592 4467 videre
3618 4413 3797 4482 faciem

503 4515 559 4568 in
582 4522 844 4568 senectute
871 4510 1012 4566 illius
1055 4520 1209 4564 natus
1235 4518 1331 4564 est.
1369 4509 1513 4565 Bene
1548 4525 1740 4580 nempe
1779 4523 1938 4580 agere
1965 4524 2092 4579 pro-
2120 4525 2174 4587 ι)
2200 4496 2319 4550 υῖΥί·
2349 4496 2431 4551 [re
2458 4512 2518 4553 se
2549 4514 2654 4554 "0“
2680 4516 2838 4571 ροεεθ
2883 4505 3230 4573 respondent,
3264 4507 3366 4561 ιιὶδί
3416 4508 3600 4564 frater
3644 4506 3800 4564 mini-

500 4606 863 4677 ponentibus,
903 4619 1062 4675 quem
1112 4605 1439 4673 paternitate
1480 4603 1640 4674 160
1672 4604 1917 4659 interiori
1960 4619 2092 4659 cen-

503 4711 749 4753 seremus
774 4705 959 4751 nostra
990 4696 1179 4750 donari
1208 4702 1263 4748 tu
1303 4696 1516 4750 ratione
1554 4696 1847 4766 interprete
1876 4712 1905 4749 a
1936 4696 2093 4752 nobis

504 4792 770 4861 quzesisti,
817 4800 864 4845 et
905 4806 998 4843 nos
1044 4788 1440 4858 respondimus,
1492 4789 1795 4854 rationem,
1844 4789 2092 4858 quamvis

503 4899 708 4948 senem,
750 4892 806 4940 et
835 4882 1070 4939 defectui
1104 4881 1366 4936 acclinem
1397 4881 1531 4936 velle
1559 4882 1853 4950 suscipere,
1880 4891 1935 4935 et
1964 4883 2091 4951 quia

503 4976 845 5045 antiquatur,
882 4985 937 5027 et
969 4972 1211 5026 interitui
1255 4973 1357 5028 nisi
1405 4988 1503 5044 per
1546 4981 1597 5027 te
1648 4973 1940 5028 reviviscat
1967 4988 2092 5043 pro-

501 5068 766 5138 pinquare
790 5067 1025 5129 videtur,
1051 5079 1198 5133 spem
1228 5065 1406 5119 adhuc
1429 5075 1668 5120 teneram
1692 5075 1745 5119 et
1762 5065 2090 5122 imbecillam

501 5175 601 5229 pro
624 5159 706 5213 sui
741 5157 937 5211 merito
967 5155 1170 5210 habere
1201 5155 1435 5225 cogitur.
1474 5155 1640 5225 Cujus
1669 5158 1904 5209 ulerinus
1926 5156 2091 5226 {mter

2198 4603 2320 4642 mus
2350 4588 2662 4657 descendat,
2689 4592 2815 4661 quia
2841 4604 3020 4650 motus
3043 4595 3239 4651 interni
3264 4614 3332 4653 ex
3361 4600 3567 4658 eadem
3597 4600 3799 4655 ratione

2200 4680 2502 4752 colligendo
2532 4683 2801 4751 referunt,
2833 4702 2891 4743 se
2918 4688 3283 4747 interiusnou
3315 4706 3491 4762 posse
3523 4692 3689 4762 plene
3715 4691 3802 4746 de-

2196 4772 2438 4828 siderare
2485 4773 2636 4831 reﬁci
2667 4777 2961 4847 (proﬁcisci
3009 4781 3153 4835 enim
3192 4780 3455 4839 aﬂ‘ectare
3509 4781 3803 4856 signiﬁcat)

2196 4867 2300 4923 nisi
2333 4869 2447 4937 spei
2474 4869 2670 4924 divinae
2700 4872 2922 4929 adnisus
2947 4888 3016 4929 ex
3044 4875 3148 4931 hoc
3193 4876 3260 4931 ad
3289 4891 3498 4946 supera
3551 4875 3804 4932 alacriter

2197 4961 2487 5031 erigendus
2537 4963 2604 5017 ab
2653 4966 2799 5020 omni
2849 4966 3149 5050 ambitione
3201 4977 3418 5025 terrena
3481 4969 3804 5026 descendat.

2195 5056 2326 5113 lude
2351 5059 2511 5115 simul
2538 5060 2978 5131 proﬁciscuntur,
3009 5079 3133 5119 cum
3161 5074 3216 5120 et
3258 5065 3626 5122 rationaliter
3673 5063 3806 5119 vivi-

2199 5158 2304 5216 tur,
2335 5161 2389 5206 et
2418 5166 2525 5206 non
2551 5152 2653 5207 nisi
2685 5154 2828 5224 quod
2865 5155 3115 5227 congruit
3140 5154 3317 5211 beata:
3337 5157 3656 5211 aeternitati
3689 5170 3808 5226 spe-

2194 5251 2369 5298 ratur.
2417 5243 2513 5299 lllo
2550 5246 2773 5301 absente
2797 5245 2992 5303 {aciem
3033 5248 3139 5303 viri
3180 5248 3365 5304 videre
3404 5264 3530 5304 non
3583 5249 3806 5314 audent,

2193 5336 2319 5406 quia
2374 5336 2572 5407 quibus
2619 5338 2815 5393 ﬁducia
2863 5341 3145 5408 speranda:
3200 5341 3577 5398 beatitudinis
3635 5343 3807 5406 deest,

2193 5428 2436 5497 aspirare
2484 5428 2552 5483 ad
2604 5429 2853 5483 notitiam
2908 5432 3377 5500 contemplationis
3438 5433 3810 5488 tenicrarium

2190 5522 2353 5576 nimis
2390 5530 2491 5576 est.

2263 5617 2428 5671 Vens.
2458 5616 2549 5681 27,
2573 5615 2663 5679 28,
2695 5615 2784 5671 99.
2810 5648 2878 5655 —
2905 5617 2984 5670 Ad
3011 5635 3128 5689 qua:
3155 5619 3420 5690 respondit
3460 5634 3481 5671 :
3529 5619 3642 5675 Vos
3670 5618 3811 5673 scitis

2189 5709 2329 5781 quod
2353 5709 2484 5762 duos
2509 5708 2742 5779 genuerit
2765 5710 2894 5763 mihi
2916 5727 3049 5766 uxor
3068 5728 3203 5767 mea.
3236 5711 3510 5783 Egressus
3540 5725 3624 5769 est
3654 5729 3812 5778 unus,

2189 5820 2234 5865 ct
2261 5808 2471 5865 dixistis
2500 5827 2517 5867 :
2546 5807 2723 5863 Bestia
2748 5809 3011 5866 devoravit
3051 5828 3200 5880 cum;
3230 5821 3277 5867 et
3323 5812 3429 5865 huc
3484 5828 3671 5883 usque
3712 5825 3814 5865 non

500 5260 577 5305 est
596 5260 856 5314 mortuus,
879 5261 926 5304 et
948 5251 1119 5319 ipsum
1142 5249 1313 5303 solum
1337 5250 1488 5304 habet
1512 5260 1679 5304 mater
1698 5268 1818 5305 sua.
1844 5249 2088 5305 Uterinus

501 5342 669 5413 frater
721 5341 972 5403 moritur,
1034 5355 1156 5394 cum
1186 5341 1237 5395 in
1284 5351 1487 5409 mente,
1529 5359 1649 5414 quae
1702 5344 1814 5414 spei
1862 5346 2088 5415 gemina:

494 5446 677 5491 mater
703 5442 805 5496 est,
845 5434 959 5502 spei
1001 5434 1222 5489 omnino
1266 5438 1551 5493 mundana
1591 5439 1819 5494 interius
1864 5438 2087 5497 affectus

499 5525 887 5594 exstinguitur.
921 5524 1073 5578 lllum
1106 5526 1255 5580 habet
1280 5528 1448 5582 solum
1480 5540 1647 5585 mater
1673 5548 1791 5597 sua,
1822 5547 1943 5587 cum
1972 5535 2085 5603 spei

498 5631 753 5689 supernae
781 5616 990 5671 cultum
1020 5618 1176 5673 unice
1199 5619 1345 5677 fovet
1376 5637 1547 5691 mens,
1579 5626 1661 5680 vel
1684 5627 1863 5695 potius
1890 5627 2083 5683 volun-

496 5719 587 5765 tas
614 5708 816 5762 utentis
862 5708 1024 5764 bona.
1080 5706 1241 5763 Pater
1268 5729 1384 5767 vero
1414 5717 1564 5771 unice
1584 5717 1751 5789 diligit
1781 5735 1922 5784 eum,
1958 5719 2081 5788 quia

488 5799 726 5871 spiritus
752 5808 958 5868 noster,
995 5801 1086 5869 qui
1115 5802 1266 5869 quasi
1293 5803 1516 5873 quidam
1551 5807 1668 5878 ejus
1694 5819 1885 5866 auctor
1915 5812 2081 5869 ratio-
