3978 6332
305 392 398 447 δθι
1538 383 1905 448 MORALIUM

2042 386 2340 449 GENESIN
2379 394 2507 455 LIB.
2540 396 2609 453 Χ.

3505 410 3611 472 502

315 518 599 577 comparet.
634 508 698 565 Si
744 509 973 567 tuleritis
1020 518 1067 565 et
1097 510 1275 580 istum,
1322 519 1369 565 et
1412 508 1612 582 aliquid
1652 509 1698 563 ei
1740 507 1798 560 in
1832 507 1916 559 via
1942 506 1999 568 Α
2023 510 2375 579 compendio;
2406 514 2496 569 ubi
2526 515 2853 574 calamitatis
2899 529 3139 589 paternae
3195 527 3346 583 testis
3385 530 3611 601 assistit,

319 600 587 671 acciderit,
638 604 916 660 deducetis
956 622 1111 659 canos
1138 620 1277 659 meos
1311 621 1429 658 cum
1476 619 1693 658 maerore
1722 602 1791 657 ad
1827 602 1912 656 in-

324 695 475 767 feros.
508 695 717 763 Nolite,
773 698 975 768 inquit,
1024 697 1227 767 majora
1280 698 1431 754 vobis
1478 697 1735 770 aggredi,
1770 696 1914 752 scitis

323 791 462 845 enim
483 792 737 861 geminos
762 792 1033 863 appetitus
1056 792 1151 857 illi,
1183 808 1302 863 quae
1333 792 1463 847 mihi
1494 792 1690 847 rationi
1722 790 1914 846 uxorio

317 883 438 953 jure
477 882 769 951 subiuncta
808 894 923 950 est,
975 883 1151 940 inesse
1193 884 1475 939 voluntati.
1516 881 1661 938 Uxor
1692 883 1909 948 dicitur,

320 977 445 1046 quia
494 975 545 1031 ei
597 976 816 1031 subdita
856 977 1077 1047 spiritus
1120 978 1325 1032 semine
1375 975 1713 1032 fecundatur.
1765 973 1912 1031 Unus

321 1068 616 1138 egreditur,
660 1069 790 1123 dum
830 1069 1102 1124 szecularis
1145 1071 1415 1140 appetitus
1459 1070 1753 1125 secundum
1782 1069 1912 1125 cha-

319 1160 536 1214 ritatem
569 1160 848 1215 dualitatis
879 1160 1165 1231 impatiens
1190 1161 1255 1216 ad
1286 1161 1591 1217 extrinseca
1625 1161 1737 1217 sola
1767 1176 1911 1231 quae-

320 1250 488 1305 renda
541 1249 786 1307 effertur.
837 1253 881 1306 A
919 1253 1090 1308 bestia
1142 1253 1458 1309 devoratum
1499 1255 1746 1322 dixistis,
1787 1271 1910 1310 cum

324 1341 465 1413 quod
514 1341 751 1397 humana
786 1344 853 1397 ad
905 1344 1127 1411 malum,
1172 1355 1230 1400 ut
1265 1345 1345 1401 sic
1394 1347 1609 1414 dicam,
1641 1349 1912 1417 pronitate

319 1433 542 1503 egistis,
601 1435 707 1489 hoc
754 1436 1033 1491 diabolicae
1098 1436 1163 1492 ad
1212 1447 1449 1493 vestram
1503 1440 1907 1495 excusationem

319 1525 593 1580 atrocitati
622 1526 949 1597 imputastis.
989 1527 1219 1585 Nomine
1245 1547 1479 1601 namque
1502 1530 1692 1586 bestia:
1723 1533 1911 1588 diabo-

317 1617 429 1673 lum
454 1619 510 1673 in
539 1616 839 1689 Scripturis
866 1620 1161 1691 significari
1186 1622 1357 1693 liquet
1382 1624 1450 1679 ob
1475 1626 1760 1680 saevitiam.
1789 1625 1909 1681 Huc

317 1727 479 1782 usque
527 1721 708 1768 autem
755 1731 858 1769 non
906 1728 1196 1787 comparet,
1249 1719 1375 1787 quia
1432 1720 1664 1775 terrenis
1715 1722 1910 1790 quibus

318 1804 680 1877 immergitur,
710 1821 818 1862 non
854 1809 1235 1877 supereminet.
1264 1809 1321 1865 Si
1352 1828 1480 1882 ergo
1513 1813 1613 1867 hoc
1638 1814 1907 1869 tantillum

2022 602 2238 669 quando
2277 610 2332 659 et
2362 605 2741 667 miserabiliter
2787 613 3057 684 spirituali
3108 618 3349 690 languori
3387 623 3613 684 subesse

2021 707 2079 749 se
2108 694 2275 764 videt,
2303 711 2404 754 nec
2438 702 2665 758 resistit.

2596 794 2824 854 CAPUT
2864 799 3023 858 XLV.

2090 881 2257 940 Vsus.
2301 885 2355 940 1.
2385 916 2449 926 -
2481 885 2603 941 Νοη
2629 907 2684 945 se
2704 902 2907 961 poterat
2934 896 3074 953 ultra
3100 903 3365 959 continere
3384 905 3604 977 Ioseph,

2018 974 2200 1030 multis
2228 993 2408 1031 coram
2450 981 2764 1036 astantibus.
2816 981 2965 1040 Unde
3018 994 3260 1062 prcecepit
3297 1005 3354 1050 ut
3392 974 3609 1069 egrede;

2018 1075 2201 1119 rentur
2230 1068 2402 1121 cuncti
2428 1069 2595 1137 foras,
2623 1082 2671 1124 et
2702 1072 2879 1127 nullus
2905 1076 3175 1137 interesset
3195 1086 3400 1143 alienus
3426 1068 3606 1163 agni-

2017 1157 2150 1211 tioni
2181 1169 2398 1214 mutate.
2417 1161 2591 1217 Verba
2623 1166 2874 1235 superius
2904 1184 2934 1223 a
2967 1169 3105 1227 Juda
3133 1177 3201 1230 ad
3230 1188 3439 1246 patrem
3462 1157 3605 1242 dicta

2019 1249 2097 1306 sic
2129 1266 2159 1304 a
2189 1252 2345 1306 nobis
2370 1268 2529 1310 sensa
2559 1264 2842 1325 putentur,
2884 1276 2991 1316 non
3042 1267 3185 1333 quod
3224 1269 3397 1325 virtus
3423 1275 3601 1346 aliqua

2019 1346 2376 1404 confessionis
2404 1349 2522 1405 sine
2544 1352 2754 1409 ratione
2792 1367 3017 1424 parente
3044 1359 3137 1427 sit,
3173 1363 3267 1416 sed
3297 1367 3439 1435 quod
3490 1369 3606 1439 ipse

2017 1439 2263 1508 spiritus,
2290 1442 2382 1511 qui
2409 1451 2461 1496 et
2498 1445 2657 1510 ratio,
2694 1447 2921 1514 dicitur;
2964 1460 3018 1504 et
3052 1452 3105 1506 in
3159 1454 3339 1525 seipso
3367 1460 3604 1528 seipsum

2017 1530 2071 1584 iu
2102 1532 2331 1603 diversis
2357 1535 2612 1602 statibus,
2645 1548 2737 1592 aut
2766 1539 3025 1597 divinitus
3046 1547 3247 1601 excitet
3285 1564 3384 1619 per
3411 1549 3606 1621 impul-

2017 1640 2135 1678 sum
2168 1625 2359 1692 animi,
2393 1639 2489 1683 aut
2536 1630 2853 1688 humanitus
2889 1635 3085 1692 obruat
3128 1652 3227 1708 per
3275 1640 3605 1700 lenocinium

2016 1721 2218 1775 carnis.
2254 1721 2375 1777 Non
2419 1742 2472 1779 se
2517 1736 2724 1795 poterat
2774 1732 3039 1786 continere
3074 1732 3272 1806 Joseph
3309 1738 3489 1794 multis
3518 1756 3606 1794 co-

2016 1830 2130 1867 ram
2156 1816 2469 1883 astantibus,
2500 1820 2625 1889 quia
2646 1822 3234 1895 virtusintellectualis,
3262 1830 3349 1901 pia
3371 1835 3609 1902 quadam

318 1896 431 1965 spei
457 1897 602 1966 quod
626 1896 710 1953 vel
741 1899 794 1951 in
828 1900 1163 1971 resurgendo
1191 1902 1258 1956 ab
1286 1903 1391 1970 bis,
1426 1903 1508 1958 vel
1544 1919 1610 1959 ex
1640 1904 1913 1974 aliquibus
1946 1904 1991 1958 B
2017 1908 2359 1964 vehementia
2417 1912 2613 1969 divina:
2673 1917 3056 1987 aspirationis,
3120 1933 3306 1980 contra
3367 1936 3609 1997 teporem

316 1986 613 2043 benefactis
643 1989 874 2054 obtinui,
905 1991 972 2045 ad
1002 1991 1364 2063 itnportabilia
1407 1994 1742 2052 sustollendo
1775 1997 1911 2053 tule-

319 2079 458 2145 ritis,
500 2097 658 2135 canos
708 2083 1122 2153 immutationis,
1154 2084 1603 2154 defectibilitatis,
1640 2103 1705 2143 ac
1743 2091 1912 2145 ruinae

323 2176 735 2246 propinquitatis
788 2192 949 2243 meat,
1013 2177 1230 2235 dolente
1290 2181 1344 2235 in
1410 2191 1671 2252 quantum
1735 2186 1912 2242 adhuc

325 2266 579 2323 scintillat
628 2269 1024 2339 rationalitate,
1072 2274 1165 2329 sed
1208 2273 1379 2329 obniti
1417 2291 1522 2331 non
1568 2277 1809 2346 valente,
1841 2285 1909 2333 ad

318 2356 515 2425 inferos
540 2359 934 2431 desperationis
969 2363 1253 2420 deducetis.
1291 2364 1418 2422 limo
1454 2369 1619 2424 verba
1645 2380 1773 2425 sunt
1800 2372 1910 2442 spi-

316 2447 477 2515 ritus,
521 2459 703 2522 tepere
737 2454 1049 2512 humanitus
1086 2472 1249 2528 quam
1281 2458 1539 2516 divinitus
1577 2463 1768 2519 ardere
1796 2481 1911 2518 ma-

316 2540 497 2597 lentis.

388 2634 557 2691 Vens.
612 2637 710 2705 '50,
759 2641 846 2697 51.
879 2673 948 2684 -
984 2640 1158 2715 Igitur
1206 2646 1254 2700 si
1289 2647 1550 2703 intravero
1582 2650 1652 2703 ad
1700 2668 1908 2707 servum

315 2739 487 2799 tuum,
527 2743 577 2788 et
617 2752 749 2805 puer
788 2738 1015 2809 defuerit
1056 2750 1210 2813 (cum
1251 2745 1433 2799 anima
1472 2746 1617 2801 illius
1648 2764 1712 2802 ea:
1748 2750 1908 2820 hujus

316 2824 497 2881 anima
536 2829 782 2903 pendeat)
825 2834 1106 2907 videritque
1152 2854 1270 2897 eum
1321 2857 1424 2894 non
1468 2858 1578 2897 esse
1615 2844 1903 2915 nobiscum,

314 2916 593 2971 morietur.
646 2920 729 2975 Ad
783 2934 993 2994 patrem
1049 2927 1167 2998 ejus
1214 2930 1381 2987 Judas
1419 2932 1622 3003 intrat,
1677 2954 1800 2993 cum
1838 2942 1905 2995 ad

314 3010 621 3075 penetralia
658 3013 904 3083 spiritus,
948 3021 1039 3090 qui
1092 3023 1368 3081 deservire
1418 3028 1786 3101 intelligentia:
1820 3049 1909 3089 su-

317 3113 500 3169 pernae
550 3104 713 3162 debet
742 3108 1052 3183 obsequiis,
1101 3116 1275 3172 virtus
1320 3135 1379 3174 se
1424 3133 1667 3193 reportat
1707 3129 1904 3198 saepius

317 3194 655 3261 paenitentia:
676 3214 741 3255 ac
769 3202 1139 3261 confessionis.
1176 3208 1253 3277 Si,
1280 3211 1470 3281 inquit,
1504 3217 1900 3276 confessionem

2016 2002 2297 2070 proprium
2326 2000 2607 2073 eﬂeratur,
2643 2009 2827 2067 multis
2859 2013 3118 2070 virtutum
3145 2019 3317 2089 copiis
3342 2021 3396 2076 in
3427 2037 3609 2092 prom-

2016 2100 2111 2160 ptu
2140 2099 2571 2156 occursantibus.
2605 2100 2780 2158 Foras
2806 2108 2988 2177 egredi
3019 2120 3242 2167 cunctos
3266 2114 3440 2184 jubet,
3480 2119 3608 2174 dum

2016 2202 2177 2241 onme
2199 2191 2342 2258 quod
2372 2192 2541 2248 ollieit
2567 2210 2596 2248 a
2626 2200 2790 2252 corde
2818 2200 3101 2259 eliminare
3131 2208 3326 2263 studet.
3354 2210 3610 2281 Alioquin

2014 2282 2282 2337 interesset
2312 2284 2516 2340 alienus
2552 2291 2804 2359 agnitioni
2840 2306 3058 2363 mutua’,
3091 2298 3137 2352 si
3164 2304 3507 2368 permitteret
3554 2305 3611 2359 in

2015 2372 2350 2429 conscientia
2398 2378 2485 2463 ad.
2514 2383 2940 2452 recognitionem
2986 2390 3233 2447 veritatis
3281 2406 3610 2468 preperante

2015 2461 2220 2531 aliquid
2245 2468 2419 2535 partis
2445 2461 2739 2527 contrarize
2762 2478 3025 2536 residere.

2084 2551 2250 2609 Vens.
2289 2557 2347 2624 2,
2374 2557 2513 2612 5.-
2542 2560 2878 2636 Etevavitque
2908 2586 3083 2625 vocem
3109 2587 3228 2628 cum
3253 2578 3402 2646 ﬂetu.
3433 2579 3609 2647 Quam

2013 2647 2295 2705 audierunt
2351 2652 2611 2724 Egyptii,
2650 2660 2919 2730 omnisque
2965 2663 3151 2721 domus
3178 2664 3499 2729 Pharaonis.
3539 2675 3613 2731 Et

2013 2739 2147 2793 dixit
2178 2741 2436 2810 fratribus
2476 2748 2625 2803 suis:
2656 2748 2771 2821 Ego
2824 2770 2940 2807 sum
2981 2755 3211 2829 Ioseph;
3266 2764 3439 2819 adhuc
3462 2777 3613 2836 pater

2013 2844 2190 2887 noster
2215 2836 2378 2891 vivit?
2405 2837 2518 2893 Nec
2544 2853 2785 2910 poterant
2840 2855 3150 2919 respondere
3202 2855 3415 2928 fratres,
3449 2862 3612 2919 nimio

2014 2935 2212 2980 terrore
2242 2932 2505 2987 concussi.
2558 2933 2744 2991 Vocem
2774 2955 2891 2994 cum
2937 2943 3065 3011 ﬂetu
3114 2945 3310 3015 elevat,
3366 2967 3488 3007 cum
3530 2955 3613 3009 in-

2016 3017 2153 3071 terni
2208 3018 2468 3078 desiderii
2519 3026 2811 3084 clamorem
2871 3033 2986 3103 (qui
3035 3036 3184 3094 solus
3233 3056 3301 3096 ex
3335 3044 3612 3102 anxietate

2011 3112 2267 3179 pauperis
2294 3112 2347 3166 in
2379 3116 2604 3173 auribus
2635 3121 2753 3185 Dei,
2784 3123 2941 3193 juxta
2968 3128 3157 3196 psalmi
3191 3132 3402 3188 titulum
3433 3132 3605 3204 (Psal.

2012 3215 2090 3267 Cl,
2120 3203 2196 3274 1),
2233 3205 2472 3280 insonat)
2501 3226 2600 3281 per
2623 3218 2912 3273 exterioris
2956 3221 3328 3282 beneﬁcentiae
3379 3230 3610 3299 gratiam

320 3296 382 3337 ag
412 3286 804 3354 ρωηειυαίηεηι
848 3311 1009 3365 super
1036 3299 1176 3354 male
1205 3303 1459 3373 cogitatis
1504 3309 1721 3376 rationi,
1750 3314 1905 3383 cuius
1933 3283 1976 3340 C
2012 3299 2379 3353 commendat.
2416 3299 2602 3357 Fletus
2628 3306 2773 3360 enim
2804 3324 2833 3361 a
2873 3311 3052 3379 capite
3082 3315 3148 3367 ad
3178 3314 3375 3372 faciem
3400 3320 3607 3376 delabi-

321 3383 516 3442 motus,
549 3392 610 3434 ac
648 3380 692 3436 si
724 3381 868 3439 filius
915 3403 1067 3453 sum,
1116 3390 1377 3459 intulero,
1426 3406 1482 3450 et
1513 3399 1666 3469 16]
1703 3380 1905 3458 nullum

321 3478 418 3533 pro
466 3475 618 3527 tanto
660 3471 847 3531 labore
896 3479 1010 3548 spei
1055 3479 1291 3538 fructum
1334 3487 1541 3555 pariter
1584 3492 1904 3563 obtendere,

320 3570 445 3611 cum
473 3574 541 3614 ex
570 3561 744 3620 vivaci
791 3581 884 3636 spe
920 3570 1150 3627 rationis
1177 3575 1286 3629 vita
1316 3577 1634 3650 dependeat,
1679 3594 1735 3639 et
1764 3587 1908 3644 inter

321 3664 425 3705 nos
451 3652 595 3723 ipsos
619 3657 708 3727 qui
733 3657 964 3717 ell'ectivi
995 3662 1235 3734 ejusdem
1267 3685 1448 3727 mores
1479 3688 1695 3741 sumus,
1730 3678 1906 3734 inani-

324 3750 493 3800 tatem
540 3748 934 3821 desperationis
982 3760 1292 3825 attenderit,
1340 3771 1396 3818 et
1438 3764 1551 3835 ipsa
1597 3769 1905 3828 exanimata

322 3835 499 3893 vitalis
524 3842 725 3897 amoris
755 3844 934 3901 calore
960 3849 1278 3917 privabitur.

394 3930 553 3988 Vsus.
592 3933 682 4001 52,
714 3937 802 3993 55.
827 3970 896 3978 -—
927 3938 1040 4013 Ego
1064 3947 1269 4014 proprie
1297 3964 1473 4003 servus
1499 3961 1623 4006 tuus
1671 3954 1791 4019 sint,
1816 3958 1907 4026 qui

326 4024 375 4076 in
406 4043 570 4082 meam
618 4031 757 4085 Iutnc
782 4037 947 4104 recepi
971 4036 1148 4104 ﬁdem,
1181 4050 1226 4093 et
1253 4044 1505 4112 spopondi
1532 4046 1709 4101 dicens
1738 4067 1749 4101 :
1784 4048 1906 4104 Nisi

328 4118 576 4175 reduxere
611 4140 748 4189 eum,
772 4127 970 4194 peccati
1002 4144 1120 4183 reus
1144 4147 1231 4184 ero
1259 4133 1312 4187 in
1336 4145 1538 4203 patrem
1564 4154 1736 4192 meum
1765 4143 1907 4196 omni

329 4217 565 4280 tempore.
591 4213 818 4271 Manebo
854 4218 1030 4287 itaque
1050 4238 1228 4277 servus
1274 4235 1418 4289 tuus,
1474 4244 1530 4281 tu
1559 4230 1904 4287 ministerium

329 4299 518 4359 domini
560 4308 693 4374 mei,
738 4319 786 4362 et
821 4326 954 4379 puer
992 4316 1240 4370 ascendat
1288 4335 1405 4372 cum
1464 4320 1718 4389 fratribus
1767 4326 1901 4382 suis.

328 4393 452 4465 Ego,
482 4399 678 4470 inquit,
726 4406 973 4473 perpetui
1006 4407 1215 4463 timoris
1250 4411 1344 4466 tibi
1375 4414 1598 4469 servitio
1651 4418 1902 4486 speciali-

329 4497 405 4543 ter
434 4509 545 4561 pra:
593 4495 806 4550 caeteris
849 4499 1016 4553 animi
1064 4502 1298 4559 motibus
1328 4506 1634 4563 confitendo
1660 4525 1902 4567 errorem

325 4595 532 4655 semper
559 4586 799 4653 addicar,
834 4590 925 4660 qui
950 4591 1019 4646 ob
1049 4607 1198 4662 spem
1230 4598 1399 4653 venia:
1429 4608 1483 4653 et
1539 4604 1727 4669 gratiae
1756 4619 1904 4659 eme-

326 4679 496 4732 renda:
525 4679 684 4734 fidem
722 4683 1082 4741 confessionis
1111 4689 1323 4758 excepi,
1345 4699 1401 4745 et
1441 4696 1700 4761 spopondi
1732 4698 1901 4766 quod,

322 4768 421 4822 nisi
478 4771 649 4840 ipsam
708 4788 858 4843 spem
905 4793 1077 4846 usque
1126 4780 1194 4833 ad
1244 4781 1403 4838 realis
1442 4784 1689 4839 veritatis
1752 4788 1902 4841 exhi-

323 4858 570 4917 bitionem
602 4878 1019 4934 perseveranter
1052 4878 1316 4938 tenerem,
1373 4877 1581 4943 peccati
1619 4886 1673 4930 et
1720 4878 1904 4935 inobe-

323 4953 530 5010 dientire
558 4974 683 5014 reus
710 4960 940 5017 habercr
967 4979 1136 5033 penes
1185 4982 1454 5037 cumquae
1485 4970 1623 5025 bona
1652 4973 1737 5042 agi
1771 4974 1902 5027 sub-

321 5063 499 5109 monet
526 5055 815 5111 rationem.
856 5058 1079 5115 Manebo
1101 5063 1272 5132 itaque
1325 5064 1419 5119 tibi
1460 5067 1905 5135 ptenitentialiter

322 5144 634 5217 inserviens,
669 5158 729 5204 ut
750 5168 879 5219 puer
908 5151 995 5207 ille
1022 5156 1279 5226 mysticus
1302 5156 1371 5211 ab
1402 5159 1585 5214 intima
1614 5177 1710 5215 sua
1755 5174 1903 5219 tene-

320 5241 547 5299 ritudine
579 5248 828 5301 ascendat
858 5249 1060 5304 intima:
1086 5251 1301 5307 virtutis
1329 5262 1536 5319 evectu,
1566 5271 1686 5311 cum
1745 5268 1905 5313 caete-

322 5337 390 5391 ris
422 5339 700 5396 interioris
724 5343 960 5399 hominis
987 5345 1192 5401 viribus
1228 5347 1294 5401 ad
1328 5362 1595 5403 summam
1625 5352 1904 5419 gustandas

322 5439 418 5484 lllzt:
443 5432 946 5492 intellectualitatis.
978 5438 1302 5509 (Vsas.54.)
1342 5438 1465 5494 Non
1510 5443 1646 5495 enim
1691 5459 1911 5511 possum

318 5523 482 5578 redire
506 5526 574 5579 ad
596 5538 797 5596 patrem
822 5546 1009 5595 meum,
1037 5531 1246 5585 absente
1268 5549 1429 5601 puero
1452 5549 1470 5586 .'
1494 5550 1556 5586 ne
1584 5533 1905 5591 calamitatis

316 5625 429 5675 qute
471 5628 786 5681 oppressura
844 5626 915 5670 est
955 5627 1156 5685 patrem
1190 5636 1392 5685 meum,
1444 5621 1585 5675 testis
1636 5624 1901 5680 assistant.

312 5694 535 5758 Reditus
577 5709 645 5760 ad
667 5718 867 5776 patrem
895 5709 1103 5765 absente
1140 5729 1321 5781 puero,
1351 5713 1597 5769 collectio
1622 5716 1906 5785 cogitatio—

311 5812 439 5851 num
469 5810 554 5855 est
591 5802 643 5855 in
692 5802 938 5871 spiritus,
979 5804 1069 5874 qui
1099 5805 1417 5861 interiorum
1446 5818 1602 5877 pater
1632 5818 1735 5873 est,
1779 5826 1905 5883 exa-

308 5904 475 5958 mine,
533 5894 675 5947 inter
708 5894 919 5950 infirma
948 5912 1110 5967 opera
1146 5898 1351 5967 absque
1382 5899 1544 5955 ullius
1593 5902 1745 5957 bonae
1788 5904 1903 5971 spei

1931 4640 1986 4701 D

2015 3397 2123 3452 tur,
2157 3398 2212 3443 et
2246 3405 2368 3444 cum
2400 3408 2495 3447 cor
2522 3396 2757 3453 hominis
2783 3401 2987 3466 vinum,
3013 3407 3157 3473 quod
3183 3407 3606 3469 lattilicatDeum

2013 3488 2067 3534 et
2107 3482 2355 3539 homines
2384 3485 2536 3556 (Jud.
2570 3505 2650 3554 υς,
2683 3492 2794 3563 15),
2823 3493 3224 3565 clariﬁcaverit,
3280 3500 3345 3555 ad
3396 3503 3607 3561 exhila-

2015 3576 2241 3630 randam
2286 3579 2450 3633 etiam
2504 3584 2795 3641 exterioris
2840 3589 3076 3644 hominis
3128 3590 3323 3648 faciem
3370 3611 3469 3666 per
3502 3599 3609 3655 olei

2014 3665 2186 3738 (Psat.
2236 3687 2351 3737 cm,
2388 3674 2496 3745 l5),
2530 3676 2584 3729 id
2635 3688 2718 3732 est
2762 3681 2950 3749 gratia:
3000 3682 3229 3741 internae
3278 3665 3604 3748 suavitatem

2012 3760 2276 3817 decurrit.
2307 3763 2501 3821 Solent
2526 3769 2671 3823 enim
2714 3772 2817 3840 piae
2862 3776 3127 3830 mentium
3157 3778 3447 3848 qualitates
3484 3800 3609 3856 gra-

2014 3856 2222 3913 tissime
2253 3859 2304 3912 in
2331 3860 2572 3917 vultibus
2600 3864 2827 3921 enitere.
2866 3864 3052 3923 Vocem
3102 3886 3229 3927 vero
3286 3874 3484 3943 elevat,
3512 3881 3604 3948 qui

2012 3949 2080 4003 ab
2110 3951 2230 4006 imis
2257 3952 2589 4011 desiderium
2615 3958 2838 4013 exaltat.
2873 3961 3117 4019 Andium
3153 3967 3292 4022 hanc
3339 3970 3603 4043 ngyptii,

2012 4045 2283 4114 omnisque
2313 4048 2497 4102 domus
2555 4049 2875 4118 Pharaonis,
2929 4072 3050 4111 cum
3096 4060 3305 4117 cmlesti
3357 4066 3409 4119 in
3450 4068 3606 4124 nobis

2010 4137 2269 4204 appetitui
2324 4140 2615 4207 suscitato,
2666 4145 2958 4213 patienter,
3006 4149 3174 4206 velint
3219 4154 3413 4223 nolint,
3467 4157 3602 4214 obe-

2012 4226 2188 4292 diunt,
2217 4238 2269 4283 et
2298 4232 2576 4287 saecularia
2607 4235 2874 4292 desideria
2903 4255 3026 4295 cum
3059 4247 3272 4301 caeteris
3315 4250 3602 4306 mundiali-

2010 4315 2112 4372 bus
2138 4319 2302 4375 vitiis.
2356 4321 2588 4378 Mundus
2634 4341 2869 4397 namque
2916 4331 3107 4387 domus
3144 4344 3225 4389 est
3276 4337 3601 4397 Pharaonis.

2009 4409 2215 4466 Deinde
2232 4427 2291 4466 se
2314 4427 2434 4469 esse
2463 4415 2660 4486 Joseph
2696 4427 2947 4485 testatur,
2972 4423 3096 4491 quia
3121 4425 3233 4494 jam
3265 4436 3389 4484 tttnc
3413 4432 3602 4501 sopitis
3636 4459 3646 4466 -

2009 4503 2347 4572 strepitibus,
2386 4516 2439 4561 et
2466 4508 2933 4567 iutellectualitate
2959 4515 3310 4573 rationalitati
3334 4523 3600 4591 apposita,

2010 4596 2285 4664 augmenti
2340 4600 2559 4666 superni
2610 4601 2887 4670 plenitudo
2939 4615 3297 4665 monstratur.
3350 4613 3599 4685 Videtur,

2010 4684 2214 4753 inquit,
2270 4688 2424 4743 vobis
2490 4699 2646 4759 pater
2697 4693 3079 4752 interioritatis
3127 4710 3323 4756 vestrae
3374 4684 3601 4775 spiritus
3652 4738 3655 4741 λ

2008 4787 2297 4847 postquam
2328 4780 2477 4847 hinc,
2508 4782 2559 4837 id
2588 4793 2671 4838 est
2705 4786 3191 4847 intellectualitatis
3244 4796 3349 4849 vim
3399 4801 3598 4872 attigit,

2008 4874 2281 4929 veraciter
2312 4876 2527 4932 vivere?
2558 4876 2778 4935 Fratres
2814 4886 3090 4951 perterriti
3143 4892 3454 4957 respondere
3490 4909 3597 4951 non

2008 4974 2255 5036 possunt,
2286 4969 2413 5037 quia
2442 4970 2639 5025 interni
2671 4982 2850 5028 motus
2879 4976 2945 5030 de
2970 4984 3080 5031 tam
3111 4981 3391 5049 repentina
3416 4994 3596 5039 mula-

2008 5060 2157 5115 tione
2216 5062 2451 5133 stupidi,
2488 5065 2554 5119 de
2592 5067 2796 5135 proprii
2848 5070 3007 5124 modo
3069 5081 3244 5127 status
3302 5074 3599 5145 quidquam

2008 5154 2141 5208 certi
2176 5154 2369 5210 timent
2390 5157 2595 5214 referre
2619 5158 2828 5227 judicii,
2876 5169 3061 5231 utpote
3106 5163 3406 5220 futurorum
3466 5185 3591 5239 pro-

2007 5260 2263 5305 ventuum
2292 5254 2480 5307 nescii.

2081 5341 2243 5398 Vens.
2283 5343 2338 5396 4.
2372 5374 2442 5384 -
2470 5344 2553 5397 Ad
2578 5361 2708 5416 quos
2741 5345 2829 5399 ille
2860 5346 3177 5403 clementer:
3209 5349 3471 5419 Accedite,
3516 5355 3596 5406 in-

2006 5436 2136 5504 quit,
2166 5438 2234 5489 ad
2282 5453 2381 5500 me,
2429 5448 2477 5491 et
2512 5454 2628 5491 cum
2682 5439 3019 5493 accessissent
3057 5456 3215 5510 prope
3241 5457 3259 5494 :
3291 5441 3404 5512 Ego
3454 5462 3593 5512 sum,

2008 5526 2103 5589 ait,
2130 5525 2324 5596 Ioseph
2349 5526 2514 5595 frater
2541 5537 2720 5593 uester,
2753 5543 2904 5597 quem
2935 5531 3237 5586 vendidistis
3256 5534 3309 5586 in
3333 5534 3588 5606 ngypto.

2008 5619 2398 5686 Dillidentiam,
2427 5621 2520 5683 ait,
2558 5622 2723 5675 futuri
2755 5632 2929 5679 status
2948 5629 3195 5695 recutite,
3221 5639 3276 5683 et
3297 5630 3362 5684 ad
3382 5632 3594 5700 sapien-

2011 5711 2097 5766 tiae
2151 5712 2492 5767 clementiam
2548 5714 2787 5770 cmlestis
2837 5718 3099 5775 accedite.
3161 5721 3402 5791 Cumque
3448 5723 3595 5776 hunc

2010 5807 2254 5863 adieritis
2279 5822 2501 5862 accessu
2529 5808 2831 5865 devotionis
2856 5804 3101 5877 interna),
3131 5825 3256 5868 tunc
3279 5813 3593 5884 intelligetis

1946 5952 1963 5957 η
2010 5918 2113 5958 non
2147 5902 2381 5959 alienum
2406 5919 2513 5971 me,
2545 5920 2666 5960 cutn
2701 5906 2855 5961 vobis
2886 5908 3158 5977 proprium
3194 5909 3282 5973 sit,
3312 5917 3363 5961 et
3404 5910 3593 5961 Imma-
