3978 6332
453 326 565 383 301"

1323 323 1382 378 V.
1408 320 1735 378 GUIBERTI
1760 319 2050 377 ABBATIS
2087 321 2143 378 S.
2178 321 2415 378 MAIU/E
2440 324 2528 381 DE
2565 324 2961 386 NOVIGENTO

3624 337 3723 397 304

454 460 538 499 na:
572 456 893 516 germanum
922 449 1150 503 natura),
1185 435 1429 491 caelestia
1463 449 1638 499 nosse,
1667 443 1722 489 et
1742 435 1826 489 his
1867 434 2031 488 adau~
2065 442 2115 498 Α
2143 434 2319 489 habitu
2350 437 2404 490 in
2440 447 2580 491 terra
2615 437 2842 505 Gessen;
2880 440 3083 511 erisque
3107 439 3269 510 juxta
3302 459 3405 510 me,
3430 452 3512 511 tu,
3541 454 3592 499 et
3630 449 3722 517 ﬁlii

451 537 573 609 geri
633 536 801 600 velle,
854 547 973 603 qua}
1008 530 1274 599 quondam
1327 540 1433 581 non
1486 527 1677 596 puduit
1707 527 2041 582 saeculariter

452 628 718 684 oblivioni
774 640 837 680 ac
865 619 1204 690 negligentiae
1237 618 1468 673 tradere.
1516 618 1705 689 (Vens.
1735 619 1814 689 5.)
1862 619 2041 673 Nolite

452 736 665 792 pavere,
680 735 770 774 nec
786 718 974 770 durum
1004 713 1143 768 vobis
1161 713 1397 767 videatur
1414 714 1553 783 quod
1574 714 1873 768 vendidistis
1887 732 1966 768 me
1987 716 2041 767 in

453 811 536 868 his
565 812 895 882 regionibus;
923 825 1017 878 pro
1039 806 1207 862 salute
1236 808 1374 863 enim
1402 818 1567 863 vestra
1593 808 1734 863 misit
1759 825 1841 863 me
1862 809 2044 863 Domi-

455 922 557 960 nus
587 913 708 956 ante
730 917 814 956 vos
844 901 899 954 in
924 898 1237 971 Ai'gyptum.
1268 900 1383 955 Non
1414 901 1483 955 ad
1513 903 1903 972 desperationis
1931 919 2043 957 ma-

455 996 565 1050 lum
600 992 757 1049 vobis
804 992 1053 1059 accedat,
1109 994 1252 1064 quod
1305 1008 1405 1063 pro
1457 994 1695 1064 appetitu
1736 997 2043 1050 extrinseco

453 1088 670 1143 interna
718 1085 847 1141 olim
881 1086 1167 1142 destitistis
1196 1096 1472 1157 appetere,
1528 1102 1627 1157 pro
1681 1087 1854 1143 salute
1901 1089 2043 1143 enim

452 1186 637 1233 vestra
667 1186 850 1233 actum
884 1186 969 1233 est
1012 1188 1072 1231 ut
1114 1179 1506 1248 experientiam
1553 1180 1728 1248 primo
1768 1180 2045 1235 haberetis

455 1270 835 1336 tenebrarum,
889 1279 944 1326 et
974 1269 1342 1326 tribulationis
1390 1269 1677 1341 Egyptize,
1711 1272 1788 1325 uti
1828 1271 2045 1326 demum

457 1363 760 1421 ferventius
788 1364 1002 1421 sciretis
1036 1364 1179 1419 viam
1210 1378 1353 1420 vera:
1389 1362 1677 1429 libertatis,
1702 1379 1768 1419 ac
1791 1363 1925 1419 lueis
1955 1379 2046 1418 ex-

457 1456 703 1526 quirere.

528 1546 696 1603 Vzus.
733 1545 788 1610 ὕ,
833 1545 886 1597 7.
910 1573 980 1584 —-
1002 1542 1285 1598 Biennium
1306 1555 1380 1598 est
1405 1544 1546 1614 quod
1569 1546 1718 1615 cwpit
1741 1562 1853 1599 esse
1876 1546 2044 1615 fames

456 1642 515 1695 in
541 1650 713 1705 terra;
740 1648 787 1693 et
827 1637 999 1691 adhuc
1050 1639 1281 1709 quinque
1308 1638 1434 1691 anni
1465 1648 1683 1701 restant,
1730 1640 1917 1709 quibus
1955 1655 2048 1693 nec

457 1734 607 1788 arari
630 1733 821 1804 poterit
849 1749 941 1787 nec
968 1734 1113 1787 meti.
1152 1731 1525 1803 Prwmisitque
1564 1749 1645 1786 me
1688 1732 1964 1797 Dominus,
1996 1741 2048 1786 ut

2144 528 2243 593 tui,
2274 538 2320 581 et
2348 528 2447 596 ﬁlii
2472 529 2704 597 ﬁliorum
2726 542 2963 597 tuarum,
2990 550 3105 588 oves
3138 544 3243 589 tua:
3276 546 3322 589 et
3349 549 3591 592 armenta
3616 550 3720 609 tua,

2144 630 2191 674 et
2219 622 2461 675 universa
2493 639 2608 689 qute
2628 625 2883 693 possides.
2914 624 3098 696 Ibique
3141 636 3188 680 te
3226 644 3463 697 pascam.
3493 628 3550 683 Si
3574 632 3725 687 attin-

2145 727 2271 782 gere
2304 714 2370 767 ad
2403 714 2506 767 mei
2541 715 2790 770 notitiam
2821 718 2999 788 cupis,
3051 717 3365 787 humiliare,
3400 736 3502 778 nec
3532 722 3587 777 in
3617 724 3726 782 dies

2145 803 2467 862 descensum
2500 807 2634 863 velis
2655 808 2893 866 differre.
2928 809 3064 866 Nam

2290 898 2393 964 Qui
2423 916 2525 954 non
2556 910 2632 955 est
2655 902 2829 970 hodie,
2868 920 2983 957 cras
3025 905 3198 961 minus
3224 915 3376 976 aptus
3402 908 3520 963 erit.

2998 995 3097 1051 Ov.
3141 997 3206 1051 It.
3244 1015 3349 1053 ant.
3392 998 3484 1052 94.

2221 1081 2426 1138 Gesscn
2453 1124 2467 1150 ,
2527 1087 2957 1156 appropinquans
3003 1087 3296 1158 palpationi
3333 1105 3515 1144 eorum
3564 1090 3729 1145 inter-

2147 1185 2415 1245 pretatur.
2466 1176 2523 1230 in
2579 1186 2723 1231 terra
2765 1194 2897 1250 ergo
2944 1177 3152 1234 Gessen
3208 1179 3449 1247 habitat,
3491 1180 3732 1251 quisquis

2148 1282 2349 1338 corpus
2381 1284 2562 1334 suum,
2596 1284 2659 1325 ac
2687 1271 2734 1325 si
2764 1280 2967 1325 terram
2993 1287 3168 1337 suam,
3199 1273 3281 1326 sic
3312 1273 3452 1342 regit
3488 1281 3545 1328 et
3591 1273 3734 1328 ordi-

2151 1367 2264 1424 nat,
2292 1368 2350 1414 ut
2380 1360 2696 1429 palpationi,
2738 1363 2790 1417 id
2820 1371 2906 1418 est
2929 1363 3237 1431 tentationi,
3266 1362 3507 1419 ﬂuxuum
3539 1380 3734 1421 carna-

2151 1450 2280 1506 lium
2343 1454 2783 1524 appmpinquare
2848 1456 3211 1513 discernenda
3275 1457 3511 1512 studeat.
3577 1456 3738 1513 Juxta

2151 1560 2307 1599 usum
2336 1546 2533 1601 divina:
2562 1548 2775 1617 paginae
2801 1550 3053 1616 verbum,
3078 1549 3222 1619 quod
3248 1562 3333 1606 est
3360 1550 3587 1615 habitat,
3614 1550 3739 1620 poni

2153 1636 2289 1692 solet
2318 1651 2417 1706 pro
2449 1652 2515 1693 eo
2545 1639 2690 1707 quod
2726 1649 2811 1695 est
2852 1640 3181 1708 dominatur,
3219 1648 3280 1695 ut
3324 1650 3451 1696 est:
3491 1638 3741 1694 Inhabita

2154 1738 2371 1796 terram,
2401 1740 2449 1784 et
2489 1734 2723 1801 pasceris
2764 1732 2818 1787 in
2847 1733 3040 1787 divitiis
3080 1735 3193 1804 ejus
3231 1732 3403 1805 (Psal.
3438 1750 3630 1801 xxxvr,
3668 1734 3741 1806 5).

457 1800 845 1897 super-terram
873 1823 1166 1890 servemini,
1198 1833 1245 1878 et
1275 1840 1421 1878 escas
1438 1800 1520 1879 ad
1566 1824 1835 1878 vivendum
1863 1824 2051 1880 habere
2081 1800 2128 1860 Β
2159 1821 2257 1889 Tu,
2294 1822 2478 1895 itaque
2529 1826 2667 1883 ratio
2712 1842 2836 1882 cum
2886 1800 3131 1896 subjecto
3183 1800 3278 1884 tibi
3327 1800 3741 1898 cogitationum,

458 1919 694 1991 possitis.
727 1916 939 1972 Biennii
969 1916 1139 1972 fames
1177 1925 1279 1982 est,
1311 1931 1433 1971 cum
1471 1916 1651 1985 inopia
1684 1917 1883 1972 terreni
1936 1932 2053 1973 cor-

463 2010 549 2066 dis
580 2008 818 2064 absumit
844 2007 1109 2079 quidquid
1140 2007 1193 2062 in
1220 2007 1377 2079 162
1401 2007 1701 2062 intentione
1740 2016 1796 2062 et
1818 2009 2054 2079 cogitatu

461 2101 686 2159 luminis
740 2109 796 2156 et
832 2100 1161 2171 integritatis
1188 2108 1290 2156 est.
1320 2101 1514 2157 Adhuc
1539 2102 1779 2172 quinque
1807 2103 1934 2157 anni
1969 2118 2055 2157 re-

463 2202 633 2258 stant,
651 2191 849 2262 quibus
870 2206 971 2246 nec
992 2200 1200 2257 aratur,
1220 2207 1320 2247 nec
1337 2193 1579 2259 metitur,
1609 2209 1731 2247 cum
1747 2209 1809 2249 ea
1826 2209 1944 2263 qua:
1958 2209 2057 2264 pro

463 2284 705 2354 quinque
738 2281 983 2338 exterius
1029 2298 1226 2338 sensus
1258 2283 1711 2339 administrantur
1764 2299 1929 2354 opera
1980 2286 2056 2339 ita

464 2373 707 2430 defluunt
738 2382 797 2427 ut
832 2388 933 2428 nec
974 2372 1179 2428 bonum
1212 2382 1565 2440 exerceatur,
1614 2382 1667 2429 et
1718 2374 1785 2429 de
1842 2383 2058 2430 teterna:

464 2479 810 2535 nequaquam
864 2464 1241 2519 retributionis
1301 2466 1571 2521 messione
1625 2475 1868 2520 curetur.
1907 2465 2061 2520 Prte-

464 2559 607 2614 misit
634 2574 714 2611 me
748 2556 1007 2612 Dominus
1058 2566 1117 2611 ut
1164 2574 1320 2628 super
1367 2567 1561 2612 terram
1592 2557 1905 2625 servemini,
1937 2568 2062 2613 ante

467 2649 651 2708 cordis
673 2647 886 2704 scilicet
908 2662 996 2703 me
1040 2648 1428 2719 prastituendo
1458 2650 1624 2705 vestri
1672 2649 1971 2713 contuitus,
2004 2658 2063 2704 ut

468 2759 633 2815 super
655 2751 859 2799 terram
887 2742 1129 2813 corporis
1161 2742 1514 2808 dominando,
1564 2753 1755 2798 contra
1809 2741 2063 2812 qnzelibet

468 2845 803 2894 tentamenta
827 2836 1036 2893 servari
1064 2836 1305 2907 possitis,
1340 2845 1395 2892 et
1419 2851 1547 2893 esca
1578 2836 1775 2893 divinae
1804 2836 2060 2893 consola-

470 2930 637 2987 tionis
657 2929 902 2985 vitaliter
924 2929 1198 2986 sublevari
1228 2930 1465 3000 queatis.

540 3029 707 3087 Vsus.
749 3032 803 3087 8.
829 3061 900 3070 —
922 3028 1049 3085 Non
1078 3038 1246 3084 vestro
1278 3030 1516 3092 consilio,
1549 3030 1641 3085 sed
1675 3029 1774 3085 Dei
1800 3028 2066 3084 voluntate

469 3124 663 3180 missus
692 3140 808 3178 sum
833 3140 853 3189 ,°
889 3123 976 3194 qui
1004 3121 1126 3192 fecit
1157 3138 1238 3176 me
1262 3123 1415 3192 quasi
1444 3132 1645 3193 patrem
1671 3121 1993 3187 Pharaonis,
2016 3128 2065 3175 et

470 3217 745 3271 dominum
773 3215 1031 3269 universa:
1054 3214 1241 3268 domus
1262 3212 1401 3283 ejus,
1427 3230 1489 3267 ac
1516 3212 1803 3283 principem
1841 3212 1898 3266 in
1921 3212 2064 3265 omni

471 3318 615 3364 terra
637 3307 882 3379 Αἳρῃριὶ.
913 3306 1031 3362 Non
1061 3306 1142 3361 sic
1168 3313 1349 3361 vestra
1378 3304 1719 3376 providentia
1745 3312 1926 3359 actum
1958 3311 2063 3368 est,

468 3404 570 3460 sed
597 3401 1005 3473 dispensatione
1036 3399 1151 3464 Dei,
1180 3407 1241 3454 ut
1269 3398 1416 3469 quod
1438 3396 1678 3469 [Egypto
1711 3396 1898 3452 illatus
1946 3411 2067 3451 sum

472 3493 544 3550 ad
572 3494 808 3550 salutem
837 3493 1014 3558 ﬁeret,
1052 3501 1107 3546 et
1130 3505 1293 3547 casus
1324 3490 1539 3547 occasio
1576 3489 1870 3545 erectionis
1897 3496 2065 3552 esset,

473 3586 569 3657 qui
598 3594 833 3656 patrem,
867 3599 974 3639 non
1002 3582 1230 3649 effectu,
1281 3583 1379 3638 sed
1429 3581 1773 3646 auctoritate,
1832 3590 1889 3634 et
1925 3594 2068 3649 prae-

473 3680 680 3738 stantia
718 3693 806 3733 me
852 3676 1201 3747 dissipatoris
1250 3674 1546 3746 appetitus,
1597 3671 1680 3727 vel
1733 3670 1955 3736 diaboli,
2012 3679 2073 3724 ut

474 3771 614 3828 mihi
644 3770 893 3827 subesset
930 3767 1191 3833 instituit,
1227 3775 1284 3822 et
1311 3764 1617 3837 principem
1652 3778 1741 3818 me
1768 3771 1988 3817 terreno
2014 3761 2069 3815 in

479 3880 590 3935 quo
636 3869 992 3934 angustamur
1026 3859 1272 3930 corpori,
1323 3867 1379 3913 et
1433 3856 1712 3913 dominum
1764 3853 2071 3925 praeﬁciens

478 3958 754 4014 universae
780 3954 968 4011 mundi
989 3952 1151 4022 hujus
1176 3950 1480 4021 cupiditati.
1514 3948 1731 4002 Patrem
1769 3956 1950 4001 autem
1973 3961 2071 4016 pro

479 4059 706 4106 auctore
752 4056 808 4103 et
852 4046 1115 4116 magistro
1165 4043 1295 4114 poni
1326 4042 1465 4097 liber
1510 4054 1753 4111 praesens
1785 4039 1938 4094 testis
1967 4047 2071 4105 est,

478 4146 600 4212 ubi,
629 4144 685 4198 in
712 4142 889 4207 initio,
922 4138 1083 4196 Jubal
1103 4145 1258 4208 pater
1288 4134 1601 4192 canentium
1626 4132 1757 4187 tibia
1789 4140 1845 4187 et
1870 4148 2073 4204 organo

483 4238 687 4295 dicitur
714 4232 870 4305 (Gen.
895 4248 970 4297 tv,
993 4229 1109 4297 2|).

554 4331 721 4386 Vsus.
741 4326 874 4384 9.—
896 4324 1192 4391 Festinate,
1220 4332 1267 4377 et
1293 4320 1559 4376 ascendite
1579 4319 1647 4374 ad
1665 4328 1866 4389 patrem
1880 4334 2073 4383 meum,

482 4434 529 4479 et
560 4423 718 4477 dicite
751 4420 800 4474 ei
831 4435 851 4474 :
881 4416 1015 4473 Htec
1049 4415 1267 4470 mandat
1314 4412 1458 4484 ﬁlius
1498 4422 1618 4466 tuus
1664 4410 1903 4481 Ioseph:
1938 4409 2076 4463 Deus

483 4536 564 4574 me
608 4517 729 4588 fecit
771 4515 1045 4571 dominum
1098 4512 1357 4567 universte
1409 4522 1564 4564 terra:
1623 4507 1864 4578 /Egypti.
1917 4507 2156 4602 PalerD

486 4604 977 4664 intellectualitatis
1008 4602 1172 4667 ratio,
1204 4600 1289 4656 vel
1322 4599 1545 4669 spiritus
1594 4605 1778 4652 noster
1805 4605 1908 4663 est,
1948 4597 2076 4667 quia

486 4698 799 4756 intellectus
819 4712 888 4751 ex
911 4696 1125 4751 ratione
1150 4692 1450 4764 procedere
1474 4690 1833 4759 dignoscitur,
1848 4689 1976 4745 licet
1996 4690 2079 4744 in-

487 4787 921 4847 tellectualitatis
951 4784 1266 4857 specialiter
1292 4782 1412 4837 luce
1439 4781 1722 4847 lustretur,
1756 4781 1900 4837 sicut
1939 4780 2079 4836 ratio

490 4885 609 4955 ipsa
638 4896 706 4937 ex
727 4879 933 4945 anima,
963 4876 1213 4947 quamvis
1236 4874 1419 4929 anima
1453 4874 1683 4929 rationis
1723 4873 1838 4929 solo
1863 4873 2079 4944 penitus

489 4976 701 5031 honore
744 4972 817 5028 sit
856 4970 1025 5025 clara.
1078 4967 1159 5022 Ad
1204 4966 1348 5021 hunc
1394 4965 1712 5022 festinanter
1756 4967 2078 5032 ascendunt,

490 5083 617 5124 cum
648 5063 879 5137 singulis
906 5060 1114 5117 intimae
1148 5058 1508 5131 promotionis
1539 5060 1801 5131 gradibus
1827 5059 1895 5113 ab
1932 5057 2081 5111 omni

492 5177 552 5219 se
579 5155 1005 5215 irrationalitate
1034 5152 1273 5221 erigunt.
1298 5150 1560 5207 Nuntiant
1595 5167 1664 5207 ex
1711 5149 1967 5205 mandato
1991 5146 2083 5203 Jo-

493 5253 627 5323 sepb
658 5252 930 5321 imperare
959 5260 1084 5301 eum
1106 5244 1373 5300 universa:
1404 5243 1659 5315 Egypto,
1689 5243 1817 5297 dum
1855 5240 2081 5295 interio-

492 5361 613 5399 rum
661 5356 918 5399 sensuum
948 5345 1128 5394 motus
1178 5336 1593 5408 intelligibiliter
1620 5334 1863 5405 aspirati,
1895 5341 2082 5404 gratu-

493 5435 691 5493 latorie
755 5448 877 5489 cum
939 5430 1161 5504 propria
1226 5437 1282 5484 et
1346 5428 1450 5485 sibi
1521 5427 1814 5497 praeposita
1870 5425 2084 5481 ratione

493 5530 748 5589 conferre
794 5534 1104 5590 monentur,
1136 5522 1371 5594 qualiter
1400 5522 1680 5592 insperato
1709 5519 1805 5575 Dei
1856 5535 2082 5576 munere
2130 5528 2139 5541 ’

494 5638 661 5695 super
689 5621 981 5693 Egyptum
1007 5632 1247 5683 onmem,
1281 5616 1633 5671 tenebrarum
1667 5613 1876 5670 scilicet
1918 5628 2084 5673 onera

493 5717 821 5787 diriguntur.

2155 1925 2209 1971 et
2282 1917 2692 1984 intentionum,
2759 1928 3190 1991 caeterorumque
3260 1934 3326 1976 ac
3397 1919 3444 1974 si
3510 1919 3746 1975 filiorum

2155 2011 2352 2066 mentis
2420 2012 2703 2067 habituum
2770 2014 3055 2080 examine,
3112 2022 3167 2069 et
3232 2013 3364 2084 ipsae
3417 2027 3544 2083 spes
3600 2027 3746 2068 mer-

2156 2104 2305 2159 cedis
2384 2118 2651 2173 operum,
2722 2120 2843 2177 quae
2914 2115 3039 2161 sunt
3102 2105 3198 2161 filii
3269 2105 3553 2172 filiarum;
3636 2122 3748 2161 oves

2158 2205 2285 2261 tua,
2318 2196 2534 2251 infirma
2564 2198 2794 2265 scilicet,
2819 2207 2869 2253 et
2894 2211 3133 2254 armenta
3161 2209 3273 2264 tua,
3307 2198 3472 2255 fortia
3502 2199 3749 2270 profecto

2152 2285 2422 2340 virtutum
2455 2302 2645 2358 opera,
2695 2297 2752 2343 et
2801 2303 3137 2360 quaecunque
3167 2289 3333 2359 digna
3364 2289 3592 2344 rationis
3625 2303 3750 2359 pos-

2160 2378 2404 2433 sessione
2435 2388 2583 2445 sunt,
2616 2379 2724 2435 mei
2755 2379 3113 2451 contiguitate
3142 2378 3480 2444 fovebimini,
3536 2388 3591 2433 et
3628 2379 3749 2433 illa-

2158 2485 2259 2540 psu
2283 2470 2522 2525 alemini.
2576 2471 2785 2539 (Adhuc
2811 2473 2948 2525 enim
2978 2472 3206 2543 quinque
3233 2471 3360 2525 anni
3392 2471 3590 2525 residui
3631 2481 3752 2526 sunt

2162 2560 2339 2631 famis)
2384 2577 2446 2615 ne
2505 2569 2553 2614 et
2600 2570 2657 2614 tu
2701 2577 2904 2630 pereas.
2938 2560 3132 2616 Adhuc
3185 2560 3379 2616 inediae
3428 2560 3669 2630 languor
3705 2560 3753 2613 in

2161 2652 2491 2722 cogitatione
2518 2660 2794 2708 versatur.
2830 2652 3078 2708 Pericula
3109 2667 3239 2723 ergo
3263 2662 3354 2707 tuo
3394 2651 3654 2723 provide,
3694 2665 3755 2705 ne

2163 2760 2335 2816 usque
2381 2745 2448 2801 ad
2502 2745 2796 2801 exterioris
2847 2745 3084 2802 hominis
3119 2755 3325 2816 portas,
3365 2745 3529 2800 totius
3577 2744 3757 2799 conti-

2163 2839 2362 2893 nentiae
2386 2846 2441 2893 et
2466 2837 2633 2894 studii
2672 2838 2798 2894 boni
2827 2838 3134 2909 integritas,
3165 2838 3285 2908 pari
3320 2837 3536 2893 defectu
3576 2836 3758 2907 palam

2164 2931 2462 2988 occidenda
2508 2932 2753 2987 ducatur.
2800 2931 2893 2988 Sic
2946 2933 3091 2988 enim
3151 2932 3502 2988 conscientia:
3563 2932 3761 2987 domus

2165 3024 2614 3095 exstinguitur,et
2636 3033 2865 3094 pereunt
2886 3040 3008 3097 qua:
3031 3025 3179 3081 intra
3201 3024 3288 3080 vel
3308 3032 3467 3080 extra
3492 3023 3758 3079 virtutum

2167 3115 2319 3173 lucra
2346 3116 2716 3187 possidentur.

2240 3212 2406 3268 Vens.
2451 3211 2623 3266 12.»
2659 3210 2743 3266 En
2786 3212 2927 3268 oculi
2966 3214 3143 3281 vestri,
3192 3223 3241 3268 et
3267 3212 3406 3268 oculi
3446 3212 3633 3283 fratris
3667 3210 3764 3266 mei

2170 3302 2471 3372 Benjamin,
2505 3304 2677 3358 vident
2706 3306 2847 3375 quod
2878 3321 2934 3359 as
2970 3288 3141 3360 meum
3184 3297 3417 3377 loquitur
3473 3306 3760 3359 vobiscum.

2168 3394 2289 3451 iam
2316 3395 2524 3451 directa
2557 3396 2861 3451 intentione
2887 3396 3237 3452 rationalium
3265 3411 3523 3451 sensuum
3548 3404 3764 3450 vestro-

2172 3502 2314 3553 rum,
2351 3495 2408 3541 et
2452 3487 2914 3559 contemplatione
2963 3486 3060 3543 lilii
3110 3490 3348 3543 dexterae
3398 3486 3586 3543 fratris
3630 3487 3764 3553 mei,

2172 3578 2225 3632 id
2273 3587 2358 3633 est
2405 3576 2603 3633 futurae
2651 3579 3029 3647 beatitudinis,
3068 3579 3158 3636 cui
3203 3579 3393 3634 intima
3425 3588 3767 3652 etgermana

2172 3678 2257 3726 est
2282 3670 2455 3726 virtus
2488 3670 2969 3743 intelligibilitatis,
2998 3671 3215 3738 videtis,
3241 3672 3383 3742 quod
3406 3679 3490 3727 est
3516 3671 3766 3737 creditis,

2172 3778 2268 3820 ore
2321 3764 2486 3820 totius
2534 3763 2924 3821 rationalitatis
2972 3779 3059 3820 mc
3114 3767 3219 3821 ista
3277 3764 3527 3836 proloqui
3590 3764 3768 3820 vobis.

2176 3858 2361 3930 (Vens.
2404 3858 2518 3929 15.)
2560 3857 2818 3912 Nuntiate
2850 3859 2991 3929 patri
3027 3875 3140 3912 meo
3188 3858 3487 3913 universam
3539 3856 3770 3927 gloriam

2174 3968 2363 4015 meam,
2411 3960 2459 4004 et
2500 3959 2691 4005 cuncta
2719 3966 2837 4021 qua:
2879 3950 3082 4005 vidistis
3104 3950 3158 4003 in
3188 3948 3453 4020 Egypto,
3499 3948 3770 4018 festinate,

2175 4054 2224 4099 et
2247 4043 2494 4097 adducite
2517 4060 2638 4098 eum
2663 4043 2733 4097 ad
2760 4061 2862 4099 me.
2895 4042 3024 4111 Vos,
3057 4044 3153 4110 ait,
3187 4044 3417 4099 internas
3442 4042 3625 4098 cordis
3649 4058 3775 4112 pro-

2177 4137 2421 4207 pagines,
2460 4136 2711 4190 intimate
2743 4135 2959 4206 spiritui
2996 4135 3483 4192 intelleCtualitatis
3515 4136 3772 4206 gloriam,

2178 4239 2345 4298 utque
2373 4243 2495 4283 eam
2525 4229 2735 4297 gratius
2776 4228 3036 4298 excipiat,
3072 4227 3289 4300 {Egypti
3348 4228 3451 4284 sibi
3480 4229 3776 4299 proponite

2180 4319 2480 4387 miseriam,
2532 4327 2589 4373 et
2650 4318 2717 4373 ad
2765 4319 2882 4373 haec
2927 4319 3119 4374 crebro
3181 4319 3524 4391 suggeranda
3569 4319 3777 4375 evitatc

2181 4411 2467 4467 desidiam.

2252 4500 2418 4556 Vens.
2461 4501 2549 4568 14,
2584 4502 2671 4556 15.
2711 4530 2780 4542 -—
2807 4501 3041 4575 Curaque
3086 4503 3415 4573 amplexatus
3460 4504 3683 4558 redisset
3725 4519 3779 4557 tn

2182 4592 2374 4648 collum
2408 4592 2684 4664 Benjamin
2728 4595 2912 4664 fratris
2941 4596 3045 4662 sui,
3070 4597 3241 4665 ﬂevit;
3267 4595 3359 4649 illo
3390 4612 3598 4667 quoque
3620 4597 3780 4666 ﬂente

2181 4684 2423 4739 similiter
2448 4701 2604 4753 super
2633 4684 2827 4739 collum
2858 4687 2993 4756 ejus.
3033 4683 3419 4756 Osculatusqne
3466 4695 3541 4741 est
3577 4685 3778 4755 Joseph

2182 4792 2358 4830 omnes
2380 4775 2572 4844 fratres
2597 4792 2740 4842 suos,
2775 4786 2824 4829 et
2852 4775 3075 4845 ploravit
3103 4794 3195 4846 per
3214 4777 3472 4847 singulos.
3500 4774 3633 4831 Post
3657 4793 3780 4847 qua:

2184 4868 2302 4922 ausi
2331 4878 2451 4921 sunt
2480 4865 2622 4937 loqui
2649 4868 2717 4921 ad
2740 4883 2878 4921 eum.
2911 4867 3267 4939 Amplexatur
3290 4868 3592 4938 Benjamin,
3650 4885 3780 4924 cum

2185 4958 2497 5015 intellectus
2517 4958 2702 5015 fervor
2728 4960 2920 5015 dilatat
2952 4962 3230 5017 hominem
3258 4977 3433 5033 usque
3484 4964 3550 5017 ad
3584 4978 3783 5031 opera-

2188 5052 2351 5109 tionis
2378 5052 2509 5107 vim.
2536 5052 2880 5123 Amplexatio
2909 5062 3088 5108 autem
3120 5055 3247 5124 quia
3308 5055 3551 5110 brachiis
3590 5054 3675 5125 fit,
3726 5064 3785 5110 et

2185 5154 2434 5200 amanter
2464 5145 2739 5216 astringit,
2780 5161 2903 5201 cum
2949 5161 3114 5217 opere
3148 5150 3292 5202 bono
3320 5148 3649 5203 charitatem
3697 5148 3784 5203 in-

2188 5241 2534 5312 telligendam
2563 5241 2763 5297 innuit.
2794 5241 2853 5296 In
2874 5241 3019 5297 collo
3061 5257 3191 5297 vero
3230 5242 3613 5313 longanimitas
3646 5257 3785 5299 con-

2187 5340 2294 5396 silii
2323 5340 2601 5411 signatur;
2638 5338 2778 5394 collo
2808 5338 2952 5393 enim
2986 5347 3040 5393 et
3062 5338 3218 5394 cibus
3240 5338 3570 5406 admittitur,
3590 5350 3645 5394 et
3670 5353 3785 5394 vox

2185 5433 2476 5500 emittitur,
2514 5430 2645 5485 illud
2693 5445 2911 5501 quoque
2961 5439 3017 5485 et
3074 5429 3193 5484 aliis
3230 5430 3523 5500 praebetur,
3555 5439 3610 5485 et
3637 5444 3786 5498 pra:-

2140 5580 2155 5607 ὲ
2186 5527 2339 5584 benti
2375 5542 2405 5579 a
2436 5526 2621 5595 seipse
2649 5524 2978 5594 suggeritur.
3009 5522 3066 5577 ln
3099 5521 3297 5578 collum
3328 5537 3459 5591 ergo
3489 5521 3786 5593 Benjamia

2116 5608 2133 5695 ξ’
2160 5619 2349 5695 ξτθάίι,
2387 5631 2512 5672 cum
2542 5617 2609 5670 ad
2638 5614 2927 5670 consilium
2958 5629 3204 5685 supernae
3231 5614 3345 5684 spei
3374 5627 3591 5683 semper
3616 5613 3790 5668 intel-

2173 5698 2425 5782 Iligentiaa
2447 5723 2601 5762 amor
2630 5707 2942 5763 inﬂectitur.
2973 5707 3093 5762 Flet
3120 5706 3338 5769 ibidem,
3372 5705 3465 5760 illo
3523 5706 3787 5761 similiter

570 5758 730 5865 Vitas.
774 5805 861 5876 10,
893 5806 983 5863 11.
1016 5833 1084 5846 -—
1111 5801 1375 5858 Descende
1422 5801 1491 5855 ad
1522 5817 1620 5871 me,
1673 5819 1735 5859 ne
1762 5804 2007 5872 moreris,
2036 5820 2063 5858 e
2160 5758 2353 5887 {super
2388 5800 2585 5859 collum
2630 5798 2745 5870 ejus
2790 5798 2973 5869 flente,
3022 5801 3148 5856 dum
3190 5798 3497 5856 intellectus
3544 5816 3611 5857 ex
3660 5800 3785 5873 spei
