3978 6332
211 372 313 424 505

1405 394 1770 456 MORALIUM
1801 397 1869 456 IN
1903 402 2194 465 GENESIN
2233 410 2362 469 LIB.
2396 412 2461 468 Χ.

3391 428 3500 487 506

216 493 647 603 exspectatione
692 485 952 569 allicitur,
1002 510 1057 559 et
1078 518 1200 575 spes
1246 523 1313 564 ex
1356 513 1815 586 tntelligibilitatis
1840 520 1893 580 Α
1920 529 1976 575 et
2002 530 2110 577 tota
2140 524 2459 595 supellectili
2490 528 2571 585 ire
2600 530 2866 603 praecipit,
2890 532 3017 589 dum
3053 533 3258 593 nullum
3281 538 3506 599 virtutis

222 582 633 678 consultatione
686 596 1084 667 compungitur.
1143 599 1430 659 Oseulatur
1480 582 1702 678 fratres,
1760 619 1815 666 et

224 669 393 741 plorat
429 689 536 745 per
561 680 825 753 singulos,
852 688 976 743 dum
1008 691 1201 761 spiritu
1256 695 1532 764 sapientiae
1568 669 1811 759 internos

226 766 386 822 animi
415 770 525 826 sibi
559 785 743 831 motus
773 781 1029 851 associat,
1059 792 1116 839 et
1138 786 1524 859 agglutinando
1546 794 1612 850 ad
1632 795 1811 865 cujus-

226 872 322 929 que
371 862 686 930 profectum
744 868 936 927 affectu
985 874 1204 944 pietatis
1266 891 1549 939 exaestuat.
1607 862 1809 945 Eorum

226 963 454 1020 namque
489 969 631 1025 quos
665 961 994 1031 osculamur,
1022 974 1078 1020 et
1098 968 1291 1038 spiritu
1323 987 1464 1044 saepe
1486 975 1805 1050 imbuimur,

226 1051 275 1097 et
326 1044 515 1103 salivis
563 1050 885 1123 tinguimur.
935 1056 1042 1127 Ipsi
1094 1061 1239 1116 enim
1293 1063 1420 1119 dum
1451 1044 1811 1138 spiritualiter

225 1135 454 1238 sapiunt,
490 1139 681 1198 salivis
707 1146 986 1215 sapientia:
1018 1150 1193 1224 ipsum
1221 1135 1614 1230 intelligibilem
1650 1165 1806 1238 163

226 1228 554 1289 intellectum
589 1235 816 1295 faciunt.

286 1323 454 1381 Vens.
485 1327 576 1383 16.
607 1361 677 1370 -—
706 1332 1058 1409 Auditumque
1100 1352 1207 1409 est,
1254 1354 1302 1399 et
1347 1346 1532 1403 celebri
1570 1368 1807 1409 sermone

222 1415 482 1487 vulgatum
513 1421 568 1475 in
604 1422 728 1476 aula
760 1428 893 1497 regis
921 1444 939 1483 :
984 1428 1241 1489 Venerunt
1273 1436 1464 1506 fratres
1493 1440 1717 1513 Ioseph;
1757 1455 1805 1500 et

221 1512 418 1581 gavisus
444 1525 525 1569 est
556 1514 794 1588 Pharao,
822 1533 977 1595 atque
1005 1528 1174 1582 omnis
1201 1528 1406 1596 familia
1430 1534 1563 1603 ejus.
1592 1512 1648 1590 In
1680 1538 1805 1593 aula

222 1604 356 1673 regis
406 1608 650 1675 auditur,
699 1627 821 1669 cum
870 1615 924 1671 in
975 1617 1166 1676 allecto
1212 1625 1415 1679 carnali
1466 1631 1663 1686 mentis
1700 1631 1803 1689 ista

222 1700 442 1757 mutatio
472 1706 716 1773 graviter
736 1723 1156 1781 personatur,et
1182 1720 1334 1789 quasi
1365 1737 1486 1777 mox
1513 1727 1803 1782 evertenda

223 1792 454 1851 irrisorie
485 1798 808 1857 celebratur.
836 1804 969 1861 Aula
1002 1818 1181 1864 autem
1212 1820 1314 1880 est,
1344 1816 1470 1885 quia
1506 1817 1577 1873 ibi
1610 1819 1802 1875 diabo-

1913 614 2251 684 propositum
2305 618 2391 672 vel
2437 621 2675 677 studium
2720 638 2752 678 a
2799 624 3021 681 seducta
3066 629 3279 686 ratione
3322 632 3502 702 excipi

1912 705 2211 775 permittit,
2249 723 2347 779 per
2385 712 2528 780 quod
2570 715 2639 770 ab
2668 714 2905 789 Egypto
2936 719 3125 775 redimi
3159 723 3351 792 possit.
3385 723 3500 791 Sic,

1912 798 2109 869 inquit,
2141 810 2428 872 suppetent
2459 805 2615 862 vobis
2643 808 2945 878 saacularia,
2976 822 3036 868 ut
3062 829 3170 870 non
3200 814 3381 872 doleat
3404 832 3503 874 vos

1912 889 2160 946 amisisse
2192 892 2515 962 spiritualia.

1980 982 2146 1039 Vens.
2178 983 2270 1052 2|,
2296 985 2386 1041 22.
2406 1017 2483 1032 .-—
2508 986 2768 1045 Fecerunt
2805 993 2905 1061 ﬁlii
2936 993 3107 1051 Israel
3144 1006 3202 1052 ut
3235 999 3309 1054 eis
3348 1017 3503 1055 man-

1910 1075 2091 1130 datum
2121 1077 2315 1147 fuerat.
2344 1077 2545 1146 Quibus
2565 1082 2708 1138 dedit
2727 1084 2922 1153 Ioseph
2948 1088 3185 1156 plaustra
3212 1095 3501 1149 secundum

1910 1168 2212 1227 Pharaonis
2236 1174 2533 1244 imperium,
2556 1185 2606 1231 et
2626 1176 2827 1232 cibaria
2854 1180 2907 1234 in
2932 1180 3137 1236 itinere.
3166 1183 3503 1258 Singulisque

1907 1261 2133 1330 proferri
2154 1263 2315 1332 jussit
2359 1265 2510 1320 binas
2534 1266 2699 1321 stolas
2730 1284 2749 1322 :
2772 1268 3055 1341 Benjamin
3081 1289 3199 1327 vero
3225 1275 3368 1329 dedit
3398 1288 3504 1331 tre-

1908 1363 2084 1409 centos
2126 1367 2394 1427 argenteos
2433 1376 2551 1413 cum
2588 1362 2816 1431 quinque
2863 1362 3012 1417 stolis
3059 1364 3287 1434 optimis.
3328 1356 3505 1421 Motus

1909 1444 2227 1512 rationales,
2260 1450 2351 1517 qui
2395 1464 2518 1504 cum
2554 1452 2665 1508 Deo
2714 1452 2903 1508 directi
2956 1454 3167 1525 pridem
3221 1464 3345 1511 sunt
3380 1457 3507 1528 (hoc

1907 1537 2051 1592 enim
2079 1538 2250 1594 Israel
2285 1542 2696 1614 interpretatur)
2726 1547 2967 1616 corrupti
3008 1546 3315 1603 intellectus
3346 1563 3505 1604 man-

1907 1630 2035 1687 dato
2064 1633 2343 1689 obediunt.
2371 1634 2626 1691 Plaustra
2662 1638 2776 1705 dat,
2819 1654 2942 1694 cum
2981 1640 3377 1695 circumitionis
3423 1640 3507 1696 fo-

1908 1723 2135 1781 rinsecae
2161 1726 2418 1782 materias
2445 1729 2816 1797 administrat,
2845 1741 3009 1801 prout
3033 1732 3116 1787 vel
3140 1731 3388 1800 allectus,
3419 1735 3506 1790 vel

1908 1816 2154 1873 diabolus
2202 1817 2454 1888 imperat.
2514 1818 2724 1879 Cibaria
2774 1823 2831 1878 in
2879 1823 3065 1879 itinere
3110 1834 3351 1894 praestat,
3379 1842 3506 1882 cum

223 1883 299 1941 IIIS
326 1891 594 1961 ρττροίρυθ
625 1894 951 1965 diversatur,
990 1908 1044 1956 et
1073 1904 1151 1957 uti
1192 1920 1285 1961 rex
1330 1883 1614 1977 spatiatur.
1652 1912 1801 1969 Gau-
1828 1918 1878 1979 Β
1906 1883 2302 1966 suborientium
2332 1911 2524 1967 solatia
2560 1912 2903 1970 fortunarum
2930 1915 3115 1983 infert,
3142 1926 3202 1972 ut
3235 1919 3409 1991 magis
3436 1920 3506 1975 ad

228 1978 359 2033 duint
388 1980 502 2050 ejus
541 1994 597 2041 et
631 1986 914 2058 vitiorum,
947 2008 1067 2063 quae
1105 1997 1206 2051 sibi
1250 2001 1622 2057 asseculantur
1654 2005 1802 2078 (15),

227 2083 287 2124 ex
334 2087 395 2128 eo
446 2089 776 2149 consurgere
829 2083 1069 2152 videtur,
1117 2088 1245 2157 quia
1290 2104 1493 2162 quanto
1545 2096 1804 2155 fervidior

229 2162 385 2217 animi
430 2174 598 2222 status
649 2169 969 2244 plerumque
1020 2179 1309 2248 praecedit,
1365 2192 1515 2240 tanto
1565 2188 1803 2245 rabidior

232 2256 497 2325 appetitus,
521 2268 576 2315 et
604 2266 981 2334 opportunitas
1009 2272 1353 2339 postmodum
1382 2279 1645 2346 peccandi
1674 2282 1802 2338 sub-

227 2347 469 2415 sequitur.

292 2456 437 2555 Vrns.
470 2462 559 2531 I7,
592 2464 675 2521 I8.
707 2498 778 2508 -—
804 2469 1051 2544 Dixitque
1082 2478 1151 2530 ad
1187 2475 1382 2549 Ioseph
1422 2492 1480 2536 ut
1520 2483 1802 2555 imperaret

228 2548 464 2618 fratribus
515 2557 740 2615 dicens:
775 2561 1065 2622 Onerantes
1097 2568 1339 2638 jumenta
1382 2574 1452 2628 ite
1503 2576 1559 2630 in
1605 2586 1799 2634 terram

226 2642 478 2712 Chanaan,
516 2661 564 2704 et
601 2652 765 2710 tollite
805 2656 927 2713 inde
955 2670 1157 2730 patrem
1189 2674 1412 2721 vestrum
1450 2678 1500 2723 et
1532 2673 1800 2741 cognatio-

225 2753 346 2801 nem,
377 2749 421 2793 et
451 2743 617 2797 venite
660 2747 730 2799 ad
761 2765 870 2813 me;
911 2760 960 2804 et
991 2769 1083 2821 ego
1113 2754 1248 2810 dabo
1280 2758 1421 2813 vobis
1456 2763 1632 2816 omnia
1663 2763 1799 2819 bona

228 2828 445 2902 .ﬁgypti,
480 2845 537 2889 ut
581 2840 866 2895 comedatis
916 2846 1202 2902 medullam
1258 2859 1430 2907 terrm.
1476 2853 1687 2912 Pharao
1730 2858 1800 2913 ad

226 2919 400 2995 Ioseph
433 2926 692 2998 loquitur,
728 2942 780 2987 et
811 2948 909 3003 per
937 2952 1061 2992 eum
1107 2939 1370 2998 fratribus
1400 2944 1670 3015 imperare
1709 2950 1796 3003 ni-

227 3015 363 3082 titur,
387 3018 509 3073 dum
553 3021 913 3081 all‘ectnalitas
948 3026 1234 3088 lenociniis
1272 3033 1798 3097 intellectualitatem

227 3105 467 3178 dissipare
514 3115 851 3184 aggreditur,
883 3126 934 3174 et
972 3134 1072 3190 per
1103 3136 1223 3177 eam
1271 3124 1557 3185 inferiores
1576 3132 1796 3202 cogita-

229 3197 409 3254 tiouum
445 3212 625 3259 status
658 3206 949 3279 sulrjugare
992 3223 1239 3269 conatur.
1271 3214 1505 3275 Onerate
1527 3197 1795 3291 jumenta,

227 3302 462 3361 occupate
516 3295 664 3351 euris
712 3307 766 3352 et
818 3302 1269 3363 sollicitudinibus
1317 3311 1497 3366 surculi
1546 3329 1795 3386 corpora.

225 3378 454 3441 Iumenta
506 3405 606 3460 pro
657 3395 977 3462 corporibus
1019 3399 1146 3468 poni
1191 3402 1346 3457 testis
1388 3413 1474 3460 est
1502 3378 1792 3464 Psalntus:

229 3473 337 3531 Non
366 3492 617 3551 pepel‘Cil,
657 3485 753 3553 ait,
787 3505 819 3540 a
851 3500 1018 3545 morte
1066 3492 1342 3549 animabus
1377 3512 1585 3565 eorum,
1621 3511 1670 3555 et
1701 3503 1798 3572 ju-

228 3579 383 3623 menta
421 3574 473 3627 in
510 3587 676 3631 morte
711 3578 966 3634 conclusit
993 3579 1166 3653 (Psal.
1202 3601 1406 3653 Lxxvu,
1433 3587 1544 3661 50).
1583 3588 1652 3645 In
1689 3600 1795 3646 ter-

227 3675 330 3715 ram
366 3661 610 3721 Chanaan
640 3669 730 3732 ite,
761 3669 895 3726 lucri
924 3674 1077 3730 vobis
1112 3675 1382 3745 profuturi
1424 3681 1638 3751 negotia
1667 3698 1795 3753 prn-

225 3751 419 3821 videte;
450 3754 704 3813 Chanaan
725 3761 868 3816 enim
900 3767 1191 3834 negotiator
1212 3767 1430 3823 dicitur.
1447 3769 1573 3826 Inde
1594 3751 1796 3843 patrem

229 3858 429 3905 vestrum
457 3852 638 3920 tollite,
673 3854 787 3911 solo
814 3856 1022 3913 scilicet
1050 3873 1277 3930 corpore
1305 3863 1570 3919 mundana
1598 3880 1797 3920 curan-

229 3946 317 4007 tes,
345 3951 395 3997 et
421 3944 681 4001 rationem
707 3946 816 4003 Deo
841 3948 1063 4005 liberam
1092 3967 1287 4008 vacare
1316 3954 1575 4010 sinentes.
1613 3955 1797 4012 Tollite

229 4041 271 4085 et
309 4040 694 4107 cognationem,
730 4052 779 4096 et
825 4046 990 4100 venite
1020 4046 1088 4099 ad
1119 4062 1232 4113 me,
1267 4057 1574 4104 vestrarum
1622 4050 1797 4107 incre-

228 4137 390 4184 menta
416 4131 675 4187 virtutum
699 4149 729 4189 a
751 4136 949 4191 smculo
967 4137 1232 4206 extollite,
1258 4148 1312 4195 et
1340 4141 1418 4197 sic
1435 4141 1545 4211 jam
1567 4143 1797 4213 pristina

229 4219 286 4274 de
307 4226 710 4282 conversatione
740 4229 938 4294 securi,
971 4230 1038 4285 ad
1067 4230 1246 4302 aliqua
1273 4234 1567 4289 secundum
1604 4249 1708 4299 me,
1744 4234 1798 4290 id

230 4320 300 4365 est
326 4316 645 4372 mundialem
668 4317 917 4375 affectum
942 4322 1198 4393 gerenda,
1222 4322 1451 4379 ﬁdenter
1476 4325 1640 4379 corda
1671 4340 1798 4379 con-

230 4409 430 4478 vertite;
455 4421 512 4468 et
543 4429 666 4468 cum
710 4402 786 4469 ita
819 4424 1185 4485 temperanter
1215 4418 1419 4473 mundo
1447 4418 1530 4473 usi
1562 4417 1793 4484 fueritis,

228 4502 631 4561 exuberantibus
680 4505 951 4563 bonorum
1002 4524 1342 4581 quorumque
1394 4512 1585 4581 copiis,
1634 4512 1797 4567 totius

1907 2017 2197 2058 excursum
2225 2004 2539 2075 cupiditatis
2567 2005 2794 2065 alliciat.
2824 2008 3059 2080 Singulis
3102 2011 3313 2082 profert
3356 2013 3506 2068 binas

1906 2093 2094 2162 stolas,
2118 2110 2240 2151 cum
2273 2096 2579 2168 quibusque
2605 2100 2840 2155 statibus
2865 2101 3149 2171 pollicetur
3170 2104 3314 2160 inter
3340 2121 3506 2177 agen-

1906 2186 1974 2241 da
2015 2188 2301 2244 saecularia
2339 2204 2526 2246 sacras
2556 2199 2612 2246 et
2645 2193 2992 2264 cogitationis
3048 2205 3104 2252 et
3145 2199 3329 2268 operis
3373 2215 3507 2256 con-

1906 2278 2184 2337 tinentias.
2240 2278 2523 2352 Benjamin
2572 2293 2832 2340 trecentos
2889 2296 3159 2359 argenteos
3206 2290 3327 2356 dat,
3375 2291 3504 2347 dum

1904 2373 2204 2447 ingenium,
2232 2377 2553 2433 memoriam
2600 2388 2654 2434 et
2682 2395 2858 2445 usum,
2885 2381 3003 2438 sine
3030 2382 3228 2453 quibus
3256 2385 3506 2441 numeris

1905 2477 2190 2539 argentum
2230 2470 2428 2526 divina:
2471 2471 2712 2527 scientiae
2753 2473 3000 2544 profecto
3039 2491 3148 2531 non
3188 2477 3406 2543 emicat,
3439 2492 3502 2534 se

1905 2564 1974 2618 ad
2018 2562 2400 2619 fulcimentum
2428 2565 2541 2635 spei
2568 2564 2656 2620 vel
2681 2565 2965 2623 electionis
2992 2567 3242 2623 daturum
3263 2568 3503 2640 jactitat.

1900 2655 2007 2711 Dat
2036 2667 2091 2713 et
2119 2658 2361 2728 quinque
2396 2658 2565 2714 stolas
2592 2660 2851 2730 optimas,
2892 2660 3018 2715 dum
3043 2659 3183 2715 falso
3208 2661 3373 2716 etiam
3400 2661 3506 2718 sibi

1902 2750 2136 2820 spondet
2165 2751 2502 2807 exteriorum
2536 2766 2797 2807 sensuum
2825 2751 3297 2822 impassibilitates
3342 2760 3505 2824 atque

1902 2841 2217 2898 munditias.

1972 2934 2137 2990 Vens.
2163 2933 2256 2989 2'5.
2282 2965 2353 2976 —
2382 2935 2729 2992 Tantumdem
2756 2938 2991 3009 pecunia:
3027 2946 3077 2993 et
3115 2939 3334 2994 vestium
3374 2938 3501 2992 mit-

1901 3039 2014 3085 tens
2048 3028 2189 3098 patri
2229 3045 2350 3094 suo,
2383 3031 2584 3087 addens
2610 3032 2659 3086 ei
2688 3032 2868 3086 asinos
2898 3032 3096 3099 decem,
3118 3019 3229 3104 'qui
3259 3032 3507 3088 subvehe-

1902 3130 2016 3176 rent
2054 3137 2120 3175 ea:
2162 3120 2401 3176 omnibus
2446 3122 2643 3177 divitiis
2682 3120 2907 3193 Egypti,
2942 3130 2991 3176 et
3028 3122 3243 3177 totidem
3289 3124 3504 3189 asinos,

1901 3216 2133 3271 triticum
2161 3217 2217 3271 in
2246 3216 2429 3270 itinere
2457 3230 2717 3285 panesque
2745 3222 3032 3284 portantes.
3060 3214 3209 3269 Patri
3266 3223 3508 3270 tantum-

1903 3310 2025 3365 dem
2054 3308 2241 3373 mittit,
2265 3308 2393 3378 quia
2424 3306 2640 3378 spiritui
2672 3306 2725 3362 in
2749 3308 3164 3377 praesentiarum
3192 3324 3299 3387 non
3324 3310 3505 3367 minus

1903 3400 2290 3456 diseretionum
2319 3407 2375 3456 et
2400 3400 2897 3467 scientiarum,nec
2916 3415 3024 3456 non
3052 3409 3108 3456 et
3128 3402 3508 3458 sanctimoniae

1900 3493 2171 3563 promittit
2201 3508 2363 3563 quam
2394 3492 2508 3561 spei
2547 3492 2660 3562 jam
2691 3502 2748 3548 et
2779 3492 2979 3549 futurae
3015 3494 3368 3550 beatitudinis
3402 3495 3508 3551 mi-

1902 3600 2039 3642 sera:
2082 3586 2393 3642 certitudini
2444 3586 2613 3642 dedit.
2658 3586 2848 3641 Decem
2884 3590 2935 3642 ei
2963 3588 3142 3643 asinos
3177 3588 3349 3653 addit,
3377 3603 3506 3644 cum

1903 3693 2104 3749 corpus
2153 3687 2389 3749 quatuor
2442 3678 2730 3735 elementis
2782 3689 3073 3748 constans;
3136 3690 3191 3737 et
3241 3681 3505 3751 animam,

1902 3786 2022 3840 quae
2056 3769 2254 3835 tribus,
2288 3768 2568 3826 intellectu
2607 3770 2885 3836 videlicet,
2911 3770 3192 3827 voluntate
3224 3780 3282 3828 et
3306 3771 3507 3827 allecto

1901 3876 1985 3918 est
2014 3872 2302 3935 praestans,
2327 3864 2427 3919 sub
2461 3863 2599 3919 falso
2641 3863 2927 3919 Trinitatis
2966 3880 3151 3921 amore
3190 3865 3366 3922 eidem
3394 3866 3508 3936 spi-

1902 3956 2066 4025 ritui,
2120 3966 2180 4012 ut
2233 3957 2490 4027 deinceps
2542 3958 2755 4013 asinum
2798 3958 2975 4029 juvat,
3012 3975 3121 4015 non
3176 3970 3286 4015 tam
3336 3958 3509 4015 tradit

1901 4063 2066 4119 quam
2120 4050 2461 4105 mendaciter
2514 4049 2682 4104 addit.
2736 4048 2803 4104 Hi
2855 4066 2963 4107 non
3015 4050 3352 4119 Jerusalem,
3406 4051 3506 4108 sed

1902 4141 2146 4215 Egypti,
2176 4143 2394 4198 divitias
2419 4142 2746 4208 subvehunt,
2780 4144 2907 4211 quia
2937 4159 3276 4216 quaecunque
3300 4160 3505 4216 propo-

1902 4244 2109 4290 nuntur
2142 4235 2306 4301 bona,
2340 4237 2687 4292 tenebrarum
2727 4236 3131 4293 contractiones
3168 4247 3313 4293 sunt.
3353 4237 3506 4295 Toti-

1902 4327 2024 4381 dem
2056 4327 2243 4393 asinre,
2275 4328 2509 4381 triticum
2530 4329 2586 4381 in
2612 4329 2819 4395 itinere,
2845 4337 2901 4384 et
2921 4346 3082 4397 panes
3103 4338 3348 4398 portant,
3376 4344 3501 4384 cum

1900 4418 2119 4487 lascivae
2158 4422 2405 4491 corporis
2458 4430 2514 4477 et
2563 4422 2754 4476 anima:
2796 4422 2898 4477 sub
2946 4422 3203 4477 simulato
3246 4422 3364 4488 Dei,
3398 4423 3497 4493 qui

1902 4515 2144 4571 Trinitas
2188 4525 2293 4583 est,
2333 4531 2523 4572 amore
2558 4516 2851 4581 motiones,
2882 4516 3252 4587 perfunctorie
3280 4517 3499 4588 quidem

226 4599 431 4652 terrenae
457 4598 711 4655 utilitatis
739 4601 1057 4668 medullam,
1088 4604 1230 4673 quod
1276 4614 1361 4659 est
1399 4604 1669 4675 voluptas,
1700 4622 1797 4677 pa-
1828 4638 1874 4694 ι)
1899 4617 1955 4665 et
1996 4610 2153 4680 quasi
2197 4610 2252 4663 in
2298 4609 2497 4664 itinere
2526 4606 2755 4663 verbum
2784 4607 2902 4674 Dei,
2935 4624 3044 4680 quo
3077 4609 3210 4665 alios
3241 4610 3417 4677 alunt,
3447 4619 3503 4667 et

223 4680 318 4741 lato
343 4688 530 4745 intimo
558 4692 780 4761 sapictis
807 4693 936 4763 quid
968 4694 1110 4749 intro
1136 4704 1289 4766 gerat
1316 4696 1636 4753 dulcedinis.

285 4774 437 4835 Vens.
467 4780 555 4846 19,
583 4781 673 4838 20.
702 4814 767 4822 —
798 4781 1037 4853 Prtecipe
1061 4786 1221 4840 etiam
1252 4795 1309 4840 ut
1338 4784 1525 4841 tollant
1552 4787 1792 4857 plaustra

220 4866 273 4919 de
306 4877 440 4925 terra
482 4870 725 4942 ngypti,
759 4873 829 4927 ad
867 4873 1246 4931 subvectionem
1287 4877 1627 4947 parvulorum
1669 4896 1793 4935 suo-

220 4973 341 5027 rum,
364 4971 408 5015 et
438 4963 742 5034 conjugum,
772 4974 821 5019 et
849 4965 1050 5022 dicito:
1090 4966 1277 5024 Tollite
1302 4981 1505 5040 patrem
1540 4982 1787 5041 vestrum,

218 5060 258 5103 et
276 5066 541 5121 properate
564 5058 875 5126 quantocius
899 5050 1173 5116 venientes.
1202 5061 1314 5117 Nec
1340 5065 1616 5121 dimittatis
1636 5068 1791 5137 quid—

216 5157 357 5210 quam
387 5147 449 5200 de
478 5148 789 5215 supellectili
818 5161 1010 5218 vestra,
1040 5155 1163 5223 quia
1194 5170 1371 5210 omnes
1397 5172 1517 5226 opes
1546 5156 1791 5229 .qupti,

218 5245 382 5291 vestra:
421 5250 594 5294 erant.
642 5239 891 5297 Plaustra
940 5242 1008 5300 de
1062 5244 1296 5317 Egypto
1348 5245 1634 5315 tolluntur,
1668 5263 1793 5303 cum

217 5327 565 5389 volubilitatcs
616 5335 804 5391 mundi
855 5337 1239 5394 circumituum
1289 5340 1631 5407 adamantur,
1674 5356 1795 5411 quae

218 5418 359 5475 mola:
410 5424 662 5481 asinaria:
714 5426 771 5482 in
820 5427 1115 5501 Evangelio
1151 5440 1538 5502 comparantur
1582 5432 1795 5504 (Matth.

218 5515 493 5587 xvaG).
525 5517 583 5573 ln
624 5516 709 5574 his
750 5521 1007 5593 conjuges
1053 5537 1117 5578 ac
1156 5523 1366 5593 parvuli
1401 5524 1794 5593 subvehuntur,

218 5605 331 5671 quia
364 5608 584 5682 fragiles
620 5628 743 5668 cum
772 5613 1006 5670 infirmis
1045 5618 1299 5688 operibus
1328 5617 1656 5687 voluntates,
1700 5633 1798 5689 per

218 5692 321 5755 haec
348 5702 413 5758 ad
440 5703 738 5776 Egyptum
770 5708 1057 5778 mysticam
1086 5710 1443 5769 deducuntur.
1474 5712 1610 5769 Cum
1640 5720 1799 5786 patre

1898 4704 2030 4774 ipsa:
2050 4700 2250 4771 jejunae
2280 4712 2586 4769 remanent,
2613 4710 2864 4774 portant;
2898 4713 2955 4761 et
2982 4720 3151 4777 panes
3179 4696 3500 4779 gratiarum,

1901 4802 1956 4851 et
1983 4809 2271 4850 munerum
2295 4794 2605 4850 divinorum
2636 4810 2745 4851 non
2774 4796 2902 4864 sibi,
2932 4800 3026 4855 sed
3056 4798 3178 4855 aliis
3209 4800 3373 4857 utiles
3403 4816 3505 4871 per

1899 4889 2237 4962 hypocrisim
2267 4897 2560 4946 ostentant.

1966 4982 2131 5038 Vens.
2152 4982 2244 5037 24.
2258 5014 2322 5023 —
2340 4982 2553 5040 Dimisit
2576 5002 2698 5059 ergo
2721 4988 2911 5057 fratres
2931 5003 3076 5053 suos,
3091 4995 3140 5042 et
3160 4986 3503 5057 proﬁciscen-

1895 5075 2031 5131 tibus
2057 5075 2131 5129 ait
2156 5089 2175 5126 :
2203 5073 2286 5129 Ne
2302 5076 2606 5133 irascamini
2630 5079 2689 5134 in
2708 5081 2813 5134 via.
2838 5078 3061 5135 Fratres
3085 5079 3328 5143 dimittit,
3344 5092 3466 5133 cum
3485 5102 3501 5124 ν

1898 5169 2015 5225 sine
2034 5168 2141 5223 ullo
2163 5168 2390 5225 rationis
2410 5170 2496 5225 vel
2516 5152 3002 5227 intellectualitatis
3022 5170 3259 5240 objectu,
3276 5167 3502 5223 interio-

1899 5274 1988 5315 res
2007 5268 2183 5316 coetus
2207 5259 2439 5316 arbitrio
2461 5276 2560 5317 suo
2575 5261 2797 5317 deserit.
2813 5260 3231 5316 Proﬁciscentes
3253 5272 3321 5313 ne
3342 5258 3397 5313 in
3417 5256 3503 5311 via

1900 5351 2212 5409 irascantur
2244 5353 2518 5424 prohibet,
2545 5354 2672 5425 quia
2702 5353 2771 5408 ab
2802 5351 3109 5407 intentione
3135 5360 3285 5406 recta
3311 5364 3499 5422 egres-

1902 5460 2012 5511 sos,
2053 5460 2122 5501 ne
2154 5446 2207 5500 in
2240 5446 2485 5501 avaritiae
2523 5444 2704 5502 studio
2747 5445 2816 5500 ab
2861 5444 3103 5516 appetitu
3151 5442 3502 5515 prementium

1905 5537 2227 5610 gaudiorum
2277 5537 2504 5609 alicujus
2549 5538 2890 5609 oppositione
2937 5537 3175 5592 tristitiae
3224 5534 3498 5603 deﬁciant,

1904 5641 2223 5702 praemonet.
2267 5632 2454 5701 (Vens.
2486 5632 2611 5704 25.)
2644 5631 2747 5699 Qui
2794 5633 3129 5688 ascendentes
3175 5647 3241 5687 ea:
3263 5628 3501 5701 .Egypto

1907 5733 2156 5778 venerunt
2200 5724 2255 5778 in
2295 5733 2489 5780 terram
2526 5724 2782 5781 Chanaan
2821 5726 2891 5781 ad
2924 5736 3125 5798 patrem
3153 5740 3306 5780 suum
3340 5718 3503 5793 166.

280 5884 386 5959 (15)
411 5890 785 5950 Derivaturab
813 5895 1035 5965 assecla,
1066 5896 1210 5966 quod
1239 5896 1511 5955 interdum
1544 5908 1599 5955 et
1628 5885 1868 5960 assecuta
1905 5900 2180 5963 scribitur.
