3982 6360
493 260 599 321 3H-

1284 261 1346 319 ν.
1380 261 1703 320 GUIBERTI
1737 260 2027 319 ABBATIS
2064 258 2124 317 S.
2164 258 2406 318 MANE
2450 260 2539 347 DE
2575 259 2971 319 NOVIGENTO

3760 254 3897 315 '5l2

496 377 610 437 Nos
652 379 930 436 fructuosa
979 386 1143 449 atque
1188 378 1451 451 simplicia
1487 381 1664 437 studia
1709 380 2089 452 proposuimus
2117 380 2165 437 A
2189 377 2470 461 Benedicit
2496 379 2597 446 illi,
2627 396 2750 436 cum
2789 377 3086 436 secundum
3126 375 3266 433 sacri
3294 375 3556 434 consulta
3608 375 3885 446 eloquii

498 472 778 541 enutrirc,
819 473 944 543 quia
997 473 1111 527 haec
1160 486 1258 527 nos
1303 481 1357 528 et
1407 473 1712 529 intellectus
1762 480 1815 528 ct
1862 474 2086 544 spiritus

496 574 684 636 patres
708 574 766 622 et
790 574 1037 621 auctores
1070 563 1339 619 verissimi
1371 564 1622 619 docuere.

576 660 738 715 Vens.
761 659 815 712 4.
848 689 919 700 -
950 657 1033 711 Ad
1065 657 1505 728 peregrinandum
1548 659 1604 712 in
1642 667 1782 713 terra
1822 666 1913 713 tua
1950 658 2089 713 ueni-

501 766 642 815 mus,
663 751 907 821 quoniam
940 766 1044 805 non
1092 759 1167 804 est
1205 749 1365 804 herba
1407 749 1649 820 gregibus
1682 766 1943 805 servorum
1972 760 2091 805 tuo-

504 856 640 905 rum,
665 841 1047 910 ingravescente
1074 840 1214 910 fame
1255 840 1311 893 in
1355 849 1497 893 terra
1528 839 1802 905 Chanaan,
1843 840 2091 908 petimus-

452 934 455 937 ’
502 949 599 1003 que
625 942 681 987 ut
700 952 809 989 esse
824 934 1016 1005 jubeas
1057 950 1151 988 nos
1170 950 1345 988 servos
1374 943 1492 988 tuos
1532 935 1585 987 in
1629 943 1766 988 terra
1790 929 2000 988 Gessen.
2033 932 2091 988 In

499 1024 698 1078 mundo
725 1025 813 1080 cui
857 1033 914 1079 tu
952 1024 1278 1094 principaris
1314 1039 1420 1079 non
1455 1023 1740 1091 inhaerere,
1793 1024 1886 1079 sed
1938 1038 2094 1093 pere-

498 1116 707 1187 grinari
740 1115 1060 1187 delegimus,
1091 1116 1345 1185 quoniam
1372 1116 1541 1171 herba
1573 1114 1810 1172 carnalis
1837 1116 2088 1183 lasciviis,

498 1225 665 1280 quam
700 1215 940 1274 montes,
973 1208 1129 1279 juxta
1161 1208 1291 1264 illud
1335 1210 1456 1275 Job,
1504 1211 1797 1265 Bebemoth
1832 1211 1955 1281 (Iob
1989 1227 2090 1277 xc,

503 1303 618 1371 10),
652 1301 747 1358 tibi
779 1302 984 1357 scilicet
1009 1301 1200 1368 fertur,
1226 1319 1329 1359 non
1353 1304 1588 1374 pertinet
1612 1305 1680 1359 ad
1705 1321 1801 1360 nos
1827 1306 1917 1377 qui
1947 1305 2095 1361 visco

505 1392 673 1447 divini
701 1392 908 1448 timoris
929 1394 1171 1465 gregales
1193 1395 1477 1461 eflicimur,
1512 1413 1619 1451 non
1653 1396 1794 1451 enim
1823 1413 1920 1468 per
1948 1398 2094 1453 fluxa

506 1481 791 1537 libidinum
839 1485 1060 1550 satietas
1102 1487 1293 1552 menti,
1340 1490 1434 1542 sed
1470 1487 1642 1543 fames
1676 1488 1790 1541 dira
1824 1488 2099 1559 congemi-

508 1584 695 1642 natur;
731 1585 873 1634 terra
903 1594 1096 1649 nempe
1135 1580 1395 1637 Chanaan
1431 1597 1539 1636 non
1564 1583 1829 1648 veritatis,
1879 1581 1974 1636 sed
2016 1582 2099 1637 in-

508 1670 820 1727 stabililatis
842 1681 898 1727 et
919 1674 1259 1729 verecundiae
1286 1685 1389 1740 est,
1411 1674 1563 1744 juxta
1594 1692 1812 1731 sensum
1840 1677 2093 1734 nominis.

2190 470 2306 539 ejus
2355 471 2646 542 respondet
2689 470 2939 527 illationi.
2994 471 3138 537 Quot
3182 478 3301 524 sunt
3359 470 3474 524 dies
3530 484 3883 523 annorum

2189 565 2306 620 vita:
2346 565 2666 637 interrogat,
2709 580 2831 621 cum
2871 565 2938 621 de
2978 563 3237 619 virtutum
3283 561 3669 635 perfectione
3740 560 3883 614 ani-

2190 671 2337 710 mum
2390 656 2588 726 pulsat.
2638 655 2765 712 Dies
2817 656 2961 711 enim
3013 669 3235 727 operum
3275 653 3645 717 claritatem,
3721 651 3876 705 anni

2191 763 2381 805 eorum
2436 748 2745 820 significant
2802 747 3277 820 multiplicitatem.
3349 745 3457 802 Sed
3532 744 3877 815 superbis

2194 842 2534 913 impulsibus,
2581 841 2672 897 ille
2705 850 2923 898 centum
2970 841 3188 912 triginta
3237 854 3514 895 annorum
3565 836 3875 910 peregri-

2193 935 2469 990 nationem
2498 934 2704 1005 objicit,
2729 936 2856 1006 quia
2882 935 2984 991 etsi
3013 933 3300 1005 perfectio,
3325 933 3466 1002 quod
3496 940 3599 986 est
3636 938 3869 985 cente-

2197 1030 2401 1095 narius,
2430 1030 2482 1084 in
2508 1030 2831 1100 quibusdam
2874 1038 3147 1101 suppetat,
3192 1029 3368 1085 sexies
3406 1039 3613 1084 tamen
3650 1028 3862 1097 quini.

2196 1123 2524 1194 trigenarius
2555 1124 2782 1192 scilicet,
2826 1124 2970 1193 quod
3016 1132 3099 1179 est
3131 1124 3198 1179 ab
3230 1122 3516 1179 interioris
3571 1121 3863 1178 hominis

2198 1215 2474 1271 soliditate
2517 1216 2586 1271 ad
2618 1215 2991 1271 seusualitatis
3030 1216 3329 1270 vanitatem
3376 1214 3670 1283 dilapsio,
3726 1226 3859 1266 sese

2198 1308 2326 1362 dum
2374 1308 2590 1363 animus
2621 1324 2650 1362 a
2697 1323 2757 1363 se
2804 1306 3203 1378 peregrinatur,
3252 1304 3516 1376 objectat.
3572 1301 3780 1355 Parvi
3807 1312 3855 1354 et

2199 1399 2329 1455 mali
2359 1400 2469 1455 dies
2498 1410 2639 1468 sunt,
2672 1401 2795 1470 quia
2826 1409 2979 1456 tanto
3027 1400 3199 1471 magis
3241 1406 3326 1453 est
3372 1398 3561 1451 virtus
3596 1394 3846 1464 exigua.

2200 1501 2407 1562 quanto
2440 1492 2701 1548 malorum
2754 1492 2965 1548 crebris
2996 1490 3388 1562 irruptionibus
3429 1487 3634 1553 foeda;
3688 1494 3757 1540 et
3784 1497 3847 1539 ex

2202 1588 2304 1642 hoc.
2330 1586 2551 1643 Patrum
2584 1603 2691 1642 non
2726 1588 2882 1659 167
2915 1594 3095 1657 potest
3119 1584 3325 1655 mquari
3356 1580 3843 1654 magnificentiae.

2203 1692 2432 1746 quorum
2488 1676 2705 1733 affectat
2758 1676 3036 1747 exempla,
3083 1675 3288 1746 Quibus
3318 1674 3479 1744 longe
3536 1670 3845 1726 valentius

507 1763 577 1818 de
619 1761 775 1833 cujus
822 1766 915 1835 qui
956 1765 1155 1820 biberit
1206 1781 1347 1835 aqua
1395 1742 1607 1837 semper
1648 1768 1782 1823 sitit.
1831 1766 1987 1822 Servi
2026 1768 2103 1823 tui
2134 1742 2179 1798 Β
2206 1742 2560 1839 perseverans
2597 1769 2805 1824 cxsritit
2831 1770 2884 1824 in
2909 1742 3144 1825 incolatu
3176 1768 3293 1837 ipso
3318 1742 3682 1822 constantia.

508 1859 730 1929 quidem
760 1874 971 1927 sumus,
1003 1861 1128 1931 quia
1156 1878 1253 1917 nos
1294 1863 1386 1917 tibi
1415 1863 1648 1918 servisse
1678 1863 1930 1918 fatemur.
1963 1862 2107 1918 Geuo

428 1986 432 1991 ς
510 1960 624 2007 tem
649 1967 883 2022 namque
904 1963 960 2009 et
985 1969 1210 2026 regnum
1236 1956 1378 2025 quod
1406 1971 1513 2011 non
1541 1957 1789 2012 servierit
1820 1955 2106 2013 Nabucho-

513 2041 769 2109 donosor,
790 2042 943 2113 juxta
962 2043 1279 2114 Jeremiam,
1311 2046 1571 2102 Dominus
1609 2046 1663 2102 in
1698 2045 1839 2102 fame
1876 2056 1930 2102 et
1952 2055 2107 2117 peste

510 2133 699 2188 visitat
729 2135 863 2206 (Ier.
896 2152 1029 2201 xvn,
1059 2136 1135 2209 8).

582 2223 721 2281 Iube
744 2241 871 2298 ergo
906 2235 961 2282 ut
994 2229 1047 2282 in
1075 2237 1221 2284 terra
1244 2228 1448 2286 Gessen
1473 2229 1664 2294 simus,
1690 2230 1742 2284 id
1768 2238 1852 2285 est
1876 2244 1943 2284 ne
1963 2228 2105 2285 ulte-

509 2316 625 2371 rius
650 2317 917 2374 obsistere
945 2335 1264 2390 praesumas,
1301 2321 1429 2376 licet
1466 2336 1565 2375 nos
1604 2321 1846 2388 pristinae
1871 2322 2107 2377 servitu-

511 2408 603 2473 tis,
633 2411 727 2465 sed
751 2410 1013 2480 abjuratac
1057 2426 1344 2481 coarguas,
1368 2410 1501 2481 quin
1541 2411 1595 2465 in
1633 2422 1776 2466 terra
1809 2426 1913 2465 non
1954 2411 2108 2465 infir-

511 2501 745 2567 mitatis,
778 2503 873 2558 sed
901 2503 1189 2559 soliditatis
1221 2518 1642 2570 commoremur,
1684 2503 1776 2557 ubi
1824 2503 2109 2573 appropie-

513 2608 640 2647 Inus
692 2593 987 2663 palpationi
1036 2595 1278 2651 subdolae
1336 2595 1635 2663 vitiorum,
1693 2596 1783 2652 ubi
1834 2606 1917 2652 est
1968 2610 2112 2652 veras

516 2685 864 2743 discretionis
919 2689 1190 2746 vicinitas.
1246 2689 1383 2747 Nota
1432 2700 1488 2747 et
1535 2691 1712 2747 recoie
1759 2692 1887 2762 quid
1951 2706 2113 2760 super

518 2779 729 2836 Gessen
768 2782 987 2838 nomine
1012 2784 1337 2851 dixerimus;
1376 2786 1563 2856 petitio
1589 2794 1769 2840 autem
1811 2793 1870 2838 ut
1902 2784 2112 2854 jubcat,

517 2874 914 2931 rationalisest
951 2886 1138 2934 contra
1181 2880 1551 2950 suggestiones
1594 2876 1877 2947 responsio
1924 2884 1985 2931 ut
2027 2876 2115 2930 de-

519 2968 703 3023 sistat.
734 2967 967 3025 Possunt
1016 2979 1071 3026 ct
1098 2971 1336 3042 quinque
1382 2971 1485 3026 viri
1529 2970 1618 3026 isti
1654 2970 1892 3040 quinque
1923 2982 2115 3023 sensus

521 3058 767 3130 intelligi,
795 3061 884 3131 qui
904 3076 1001 3131 per
1022 3062 1400 3118 auctoritatem
1423 3061 1726 3117 intellectus
1744 3068 2114 3131 opponuntur,

522 3154 649 3209 dum
680 3156 911 3213 viriliter
949 3172 1009 3213 se
1036 3159 1296 3215 cohibent
1317 3157 1608 3213 Pharaoni.

598 3248 761 3305 Vens.
790 3250 843 3315 5,
876 3250 927 3307 6.
958 3281 1030 3293 -—
1057 3251 1204 3307 Dixit
1228 3254 1404 3324 itaque
1453 3269 1547 3307 rea:
1582 3250 1651 3306 ad
1679 3251 1872 3321 Ioseph
1902 3266 1921 3306 :
1963 3248 2122 3304 Pater

521 3349 642 3396 tuus
667 3352 713 3396 et
740 3343 931 3413 fratres
969 3345 1050 3398 tui
1089 3354 1335 3400 uenerunt
1371 3345 1440 3398 ad
1488 3355 1557 3402 te.
1606 3342 1768 3399 Terra
1804 3342 2026 3414 nggpti
2050 3342 2121 3412 .in

521 3445 797 3505 conspectu
827 3444 917 3491 tuo
947 3452 1054 3500 est;
1096 3437 1149 3491 in
1179 3438 1374 3507 optimo
1409 3436 1521 3491 solo
1562 3446 1715 3490 terra:
1751 3435 1836 3505 {ac
1882 3434 2121 3488 habitare

522 3542 635 3593 eos,
664 3536 711 3580 et
738 3530 995 3582 trade'eis
1023 3539 1216 3583 terram
1255 3527 1467 3584 Gessen.
1503 3530 1659 3596 Quod
1698 3530 1744 3583 si
1770 3529 1906 3583 nosti
1928 3543 2037 3582 esse
2065 3528 2122 3580 in

523 3618 599 3672 eis
639 3620 773 3673 viros
809 3620 1121 3695 industrios,
1165 3621 1422 3675 constitue
1458 3620 1578 3674 illos
1609 3628 1843 3690 pastores
1877 3634 2122 3689 pecorum

524 3726 783 3766 meorum.
815 3710 1201 3766 Benevolentia
1241 3712 1384 3781 regis
1419 3713 1486 3767 ad
1529 3711 1727 3782 Ioseph
1759 3710 1831 3766 nil
1862 3719 1945 3765 est
1978 3710 2124 3766 aliud

525 3818 690 3873 quam
738 3804 1079 3861 imbecillitas
1136 3820 1201 3860 ac
1276 3804 1682 3875 impossibilitas
1751 3802 2118 3875 impugnandi.

528 3894 864 3964 Terrenitas,
900 3897 1092 3968 inquit,
1142 3897 1417 3954 saecularis
1464 3898 1521 3953 in
1561 3905 1839 3969 conspectu
1887 3907 1977 3951 tuo
2020 3905 2123 3962 est,

525 3989 633 4044 hoc
657 3997 741 4043 est
767 3990 1000 4045 examini
1020 3999 1111 4046 tuo
1130 3982 1395 4059 subjacet.
1421 3990 1574 4047 Unde
1596 3990 1857 4046 diciturin
1879 3989 2120 4061 psalmo:

526 4081 597 4137 In
626 4098 901 4156 conspectu
934 4096 1023 4139 tuo
1060 4094 1181 4141 sunt
1217 4103 1393 4141 omnes
1418 4086 1505 4156 qui
1541 4085 1792 4140 tribulant
1820 4100 1902 4138 me
1943 4080 2124 4152 (Psal.

527 4189 718 4238 vam,
747 4175 860 4245 21).
894 4175 1104 4231 Etcum
1152 4177 1333 4232 omnia
1366 4186 1457 4231 tuo
1486 4176 1701 4231 subsint
1742 4172 2014 4230 exteriora
2036 4171 2126 4241 ju-

530 4266 693 4332 dicio,
728 4268 781 4322 in
818 4268 1023 4339 optimo
1051 4268 1184 4338 solo,
1209 4270 1485 4340 praecipuo
1521 4268 1770 4325 videlicet
1808 4248 1972 4322 totius
2000 4263 2125 4321 soli-

529 4356 715 4415 ditatis
741 4366 910 4427 statu,
952 4375 1173 4416 suarum
1214 4362 1471 4433 contigua
1506 4358 1833 4415 discretione
1866 4357 2124 4413 tentatio-

2279 1861 2444 1917 Vens.
2482 1862 2563 1917 lO.
2594 1892 2665 1902 ——
2697 1860 2765 1915 Et
2797 1862 3063 1917 benedicta
3094 1877 3211 1932 rege
3247 1875 3487 1931 egressus
3530 1867 3624 1913 est
3658 1857 3839 1928 foras.

2207 1956 2544 2011 Pharaonem
2601 1955 3004 2019 benedicimus,
3040 1970 3162 2010 cum
3190 1968 3255 2011 ea
3304 1970 3423 2025 quae
3459 1951 3839 2022 dissipationi

2210 2056 2411 2103 nostra:
2466 2057 2521 2103 et
2563 2048 2762 2103 damno
2808 2048 3056 2119 ingessit,
3084 2047 3151 2102 ad
3180 2045 3419 2118 regulam
3461 2044 3719 2115 pietatis
3760 2044 3839 2098 in-

2210 2154 2549 2212 torquemus,
2578 2151 2634 2198 et
2655 2143 2899 2198 victoriae
2926 2157 2991 2198 ac
3021 2140 3245 2196 utilitati
3274 2139 3513 2195 militare
3544 2138 3836 2209 cogimus.

2212 2235 2472 2307 Tuncque
2503 2236 2647 2307 foras
2687 2236 3019 2307 egredimur,
3050 2249 3173 2291 cum
3213 2232 3282 2288 ad
3326 2231 3569 2288 rationis
3603 2230 3832 2285 liberta-

2213 2339 2344 2394 tem,
2372 2330 2439 2384 ab
2465 2327 2581 2397 ejus
2624 2329 2865 2399 captiosa
2923 2343 3085 2399 quam
3131 2324 3379 2382 obtendit
3422 2323 3831 2394 illaqueatione

2211 2419 2511 2488 prodimus.
2538 2418 2724 2490 (Vens.
2754 2417 2969 2490 ΝΛΞ.)
2991 2416 3186 2488 Ioseph
3218 2432 3334 2471 vero
3372 2414 3518 2485 patri
3547 2424 3608 2468 et
3646 2411 3827 2483 fratri

2214 2510 2309 2563 bus
2368 2507 2509 2562 dedit
2553 2509 2932 2574 possessionem
2982 2508 3037 2562 in
3087 2506 3323 2578 Egypto
3346 2506 3402 2559 in
3457 2503 3677 2574 optimo
3719 2501 3826 2557 solo

2216 2614 2405 2669 terra»,
2437 2601 2743 2668 Ramesses,
2776 2612 2831 2656 ut
2872 2610 3190 2674 prmeeperat
3238 2598 3481 2654 Pharao.
3526 2596 3603 2650 Et
3657 2596 3827 2650 alebat

2215 2710 2336 2760 eos,
2369 2710 2674 2765 omnemque
2703 2694 2918 2748 domum
2953 2692 3119 2763 patris
3170 2691 3277 2758 sui,
3322 2689 3564 2762 prrcbens
3622 2688 3823 2743 cibaria

2214 2786 2458 2857 singulis.
2488 2786 2780 2853 Ramesses
2797 2785 2997 2840 dicitur
3018 2783 3290 2854 pabulum.
3324 2780 3466 2836 Nihil
3491 2779 3619 2836 solo
3643 2791 3820 2843 terra,

2218 2874 2271 2928 id
2299 2881 2384 2928 est
2408 2873 2608 2929 mentis
2637 2872 2894 2928 cultibilis
2926 2886 2990 2927 ac
3017 2870 3215 2926 feracis
3234 2910 3250 2935 ,
3277 2867 3556 2924 soliditate
3588 2866 3819 2931 melius,

2219 2968 2344 3037 quia
2379 2968 2454 3024 ibi
2488 2967 2760 3039 reperitur
2799 2965 3055 3036 pabulum
3088 2964 3338 3019 interius.
3380 2960 3457 3017 lbi
3489 2961 3585 3015 dat
3621 2959 3819 3029 Iosepﬁ

2144 3100 2191 3163 Ο
2219 3061 2359 3131 patri
2379 3102 2393 3128 ,
2428 3079 2491 3116 ac
2514 3060 2769 3130 fratribus
2793 3058 3171 3130 possessionem
3208 3056 3266 3111 in
3304 3055 3556 3126 Aigypto,
3587 3053 3721 3124 quia
3754 3066 3819 3107 ex
3914 3088 3915 3163 ἦ

2225 3154 2329 3208 bac
2375 3169 2481 3209 non
2530 3153 2918 3225 perfunctorie,
2969 3151 3064 3208 sed
3108 3149 3287 3207 stabili
3338 3148 3631 3204 refectione
3687 3159 3821 3201 vera

2224 3248 2707 3305 inlellectualitatis
2763 3247 3130 3318 augmentatio
3186 3243 3438 3316 spiritui,
3487 3240 3823 3310 cunctisque

2225 3341 2360 3408 suis,
2376 3357 2440 3397 ac
2469 3341 2515 3396 si
2542 3340 2689 3404 filiis,
2708 3342 2944 3396 motibus
2964 3338 3258 3405 vim,unde
3280 3351 3476 3407 corpus
3493 3344 3547 3389 et
3568 3333 3815 3389 animam

2223 3433 2327 3505 legi
2358 3435 2555 3490 mentis
2581 3433 2964 3505 possidendam
2998 3429 3275 3502 subjuget,
3313 3436 3371 3485 et
3406 3427 3569 3483 etiam
3597 3425 3655 3480 in
3682 3439 3813 3495 prm-

2225 3528 2367 3584 senti
2398 3528 2628 3599 largitur
2658 3526 2876 3584 saeculo.
2906 3526 3135 3581 Domum
3157 3523 3325 3595 patris
3349 3520 3585 3585 prrebens
3611 3519 3809 3574 cibaria

2224 3621 2445 3693 singulis
2477 3621 2594 3687 alit,
2620 3621 2747 3676 dum
2769 3619 3185 3685 conscientiam,
3214 3630 3333 3687 qum
3371 3629 3401 3669 a
3430 3612 3643 3667 ratione
3666 3612 3808 3667 inha-

2224 3714 2399 3769 bitata
2446 3712 2672 3782 regitur,
2718 3710 2960 3776 roborat,
3002 3717 3056 3765 et
3084 3707 3390 3779 quibusque
3429 3702 3548 3772 ejus
3586 3703 3805 3757 statibus

2227 3804 2534 3865 consilium.
2563 3818 2670 3873 quo
2699 3802 3030 3866 reficiantur,
3060 3797 3422 3855 administrat.
3448 3795 3573 3850 Haec
3600 3792 3803 3849 Pharao

2225 3896 2500 3968 praecipit,
2549 3895 2673 3965 quia
2722 3892 2972 3949 diabolus
3019 3893 3125 3947 ista
3167 3892 3338 3947 nostri
3385 3888 3563 3944 victus
3606 3887 3802 3942 virtute

2226 3990 2488 4062 propositi
2513 3988 2811 4061 praepedire
2855 4002 2960 4043 non
3003 3987 3274 4044 sufficiens
3297 4027 3312 4053 ,
3344 3983 3473 4040 velit
3504 3981 3669 4049 nolit,
3698 3980 3802 4037 ﬁeri

2227 4084 2396 4140 libere
2428 4082 2575 4139 sinit.

2297 4176 2463 4234 Vens.
2494 4178 2588 4244 15,
2619 4176 2706 4231 M.
2741 4207 2813 4217 —
2847 4174 2915 4230 In
2950 4182 3058 4230 toto
3086 4175 3225 4229 enim
3263 4171 3386 4227 orbe
3416 4172 3571 4242 panis
3604 4170 3800 4236 deerat,

2227 4281 2275 4325 et
2305 4277 2630 4341 oppresserat
2653 4269 2819 4337 fames
2839 4278 3066 4331 terram,
3092 4263 3318 4319 maxime
3348 4261 3569 4333 .Egypti
3599 4270 3641 4315 et
3671 4258 3801 4314 Cha-

2229 4378 2392 4417 naan.
2429 4360 2479 4414 E
2498 4360 2687 4430 quibus
2713 4376 2917 4415 onmem
2941 4357 3214 4430 pecuniam
3242 4355 3568 4426 congregat-it
3589 4370 3681 4423 pro
3700 4369 3801 4408 rett-

527 4465 679 4516 ηυῐη,
706 4451 851 4521 (111οά
888 4460 971 4508 εει
999 4452 1226 4520 Gessen,
1254 4461 1434 4510 motus
1465 4452 1709 4507 internos
1733 4449 1965 4516 colloca;
1999 4457 2050 4503 et
2079 4448 2126 4505 si
2153 4465 2206 4525 ι)
2232 4457 2430 4510 ditione
2456 4455 2740 4525 frumenti,
2772 4465 2817 4509 et
2848 4452 3028 4509 intulit
3058 4468 3174 4506 eam
3201 4450 3257 4504 in
3286 4448 3537 4503 (cratium
3566 4446 3714 4517 regis.
3742 4444 3799 4498 In

529 4542 813 4601 diabolicae
846 4545 1123 4616 quidpiam
1170 4544 1538 4610 hebetudinis,
1571 4543 1712 4614 quod
1758 4550 1882 4598 sunt
1924 4554 2124 4613 pecora

528 4651 673 4703 mea,
707 4637 803 4693 tibi
835 4639 1135 4708 irrepserit,
1179 4638 1352 4694 virilis
1388 4637 1667 4693 industriae
1705 4635 1834 4691 illud
1872 4634 2127 4707 magiste-

528 4732 614 4787 rio
644 4734 830 4789 subde.
891 4734 1019 4791 Haec
1068 4734 1352 4791 effectibus
1399 4731 1641 4801 loquitur
1684 4746 1791 4786 non
1841 4743 2121 4794 conversa,

529 4828 626 4884 sed
650 4844 870 4885 cessare
889 4837 1083 4885 coacta
1117 4836 1173 4883 et
1197 4828 1374 4883 evicta
1406 4824 1734 4894 malignitas.

602 4920 767 4980 Vens.
796 4924 853 4989 7,
882 4924 935 4989 8,
961 4923 1016 4978 9.
1045 4952 1115 4962 —
1142 4918 1271 4976 Post
1319 4922 1430 4975 hwc
1469 4918 1761 4974 introduxit
1805 4914 1998 4984 Ioseph
2023 4930 2123 4984 pa—

527 5025 659 5069 trem
684 5032 840 5071 suum
873 5015 943 5070 ad
974 5030 1168 5085 regem,
1203 5023 1250 5067 et
1289 5013 1473 5068 statuit
1516 5028 1634 5066 eum
1679 5025 1855 5064 coram
1904 5024 1984 5062 eo.
2018 5006 2125 5072 Qui

530 5110 838 5165 benedicens
868 5108 950 5163 illi
979 5117 1024 5162 et
1044 5108 1400 5178 interrogatus
1427 5106 1491 5160 ab
1520 5121 1579 5159 eo
1605 5122 1617 5158 :
1649 5102 1788 5169 Quot
1810 5110 1930 5158 sunt
1960 5114 2129 5154 anno-

526 5220 647 5257 rum
679 5204 789 5256 dies
830 5201 947 5255 vita
985 5201 1139 5255 ture?
1168 5198 1454 5270 Respondit
1485 5216 1503 5254 :
1533 5197 1656 5253 Dies
1691 5196 2128 5268 peregrinationis

527 5296 649 5350 vitm
671 5303 878 5349 centum
909 5293 1125 5364 triginta
1172 5280 1431 5347 annorum
1474 5299 1615 5357 sunt,
1646 5289 1793 5361 parvi
1822 5298 1870 5345 et
1900 5286 2049 5355 mali,
2078 5296 2129 5343 et

528 5406 636 5445 non
663 5396 1007 5458 pervenerunt
1038 5404 1198 5459 usque
1232 5387 1303 5443 ad
1351 5387 1459 5442 dies
1484 5396 1691 5458 patrum
1720 5401 1979 5450 meorum,
2005 5385 2125 5456 qui-

530 5487 628 5534 bus
678 5472 996 5550 peregrinati
1042 5489 1181 5534 sunt.
1225 5478 1421 5551 Ioseph
1473 5474 1769 5536 introducit
1813 5487 2018 5544 patrem
2059 5477 2128 5531 ad

533 5590 727 5644 regem,
753 5590 873 5630 cum
918 5575 1398 5633 intellectualitatis
1443 5574 1627 5631 fervor
1656 5573 1726 5630 ad
1764 5572 2130 5645 penetrandas

531 5670 801 5726 versutias
834 5670 1030 5729 diaboli
1082 5671 1332 5743 provehit
1374 5670 1665 5725 rationem.
1699 5666 1893 5722 Coram
1924 5682 1985 5721 eo
2010 5674 2130 5721 sta-

533 5762 653 5835 tuit,
680 5779 801 5825 cum
848 5781 966 5827 eam
1007 5767 1269 5825 adversus
1295 5778 1421 5822 eum
1449 5762 1639 5836 vigore
1677 5759 1907 5833 iustitiae
1945 5758 2126 5829 erigit.

2232 4554 2336 4599 toto
2358 4544 2481 4599 orbe
2502 4543 2657 4614 panis
2676 4541 2847 4607 deest,
2872 4541 2997 4610 quia
3023 4538 3189 4594 totius
3218 4545 3420 4592 nostra?
3446 4532 3795 4605 perfectionis,

2231 4654 2351 4710 quae
2397 4653 2496 4708 per
2538 4636 2726 4693 orbem
2772 4634 3046 4705 signatur,
3084 4630 3153 4686 ab
3194 4627 3541 4686 obtinendam
3590 4626 3798 4681 internas

2231 4731 2419 4804 gratia:
2464 4728 2818 4785 refectionem
2860 4724 3006 4780 nullo
3044 4723 3204 4779 modo
3232 4730 3428 4794 potens
3467 4726 3566 4774 est.
3596 4716 3656 4771 Et
3681 4715 3798 4787 quid

2194 4874 2199 4879 .
2230 4821 2498 4893 [Egyptus
2525 4818 2805 4875 saecularis
2834 4816 3174 4889 ignorantim,
3213 4815 3349 4887 (ipsa
3389 4811 3533 4866 enim
3563 4818 3641 4865 est
3662 4819 3798 4864 tene-

2230 4913 2363 4980 brae)
2394 4920 2450 4968 et
2478 4913 2734 4967 Chanaan
2765 4909 3167 4983 negotiationis,
3190 4918 3246 4964 et
3274 4904 3610 4964 verecundiae
3629 4902 3793 4965 faciet,

2232 5008 2277 5064 si
2317 5005 2463 5062 orbis
2489 5005 2785 5061 electorum
2828 5019 2937 5059 non
2972 5002 3102 5057 fami
3142 5000 3433 5071 praevalet?
3458 4996 3676 5054 Necesse
3721 5004 3795 5051 est

2232 5117 2364 5173 ergo
2386 5110 2449 5156 ut
2473 5115 2539 5156 ex
2564 5099 2801 5172 Egypto
2827 5107 2882 5154 et
2910 5096 3199 5159 Chanaan,
3228 5093 3282 5149 in
3315 5091 3596 5162 prudentia
3627 5088 3796 5147 videli-

2233 5202 2337 5259 cet,
2365 5200 2422 5249 et
2447 5190 2716 5263 pudendis
2744 5206 2864 5260 quae
2893 5186 3167 5259 quondam
3206 5182 3547 5240 exercuimus
3581 5180 3794 5245 actibus,

2230 5283 2514 5356 pecuniam
2540 5282 2737 5337 divinae
2768 5278 3011 5335 scientiae
3055 5275 3273 5332 fortiter
3294 5273 3497 5345 exigat.
3542 5270 3793 5325 rErarium

2231 5376 2459 5433 invitam
2481 5383 2536 5432 et
2571 5371 2969 5445 quodammodo
3008 5367 3414 5425 indeiicientem
3449 5362 3582 5419 sacri
3615 5360 3793 5432 eloquii

2232 5472 2551 5529 memoriam
2574 5467 2874 5539 accipimus
2907 5483 2919 5519 :
2952 5462 3053 5519 )Es
3078 5461 3243 5525 enim,
3273 5468 3327 5515 et
3355 5456 3609 5519 durabile,
3634 5463 3682 5510 et
3710 5468 3791 5510 so-

2233 5582 2427 5624 norum
2478 5563 2757 5622 metallum
2805 5568 2907 5617 est.
2956 5558 3015 5614 ln
3058 5558 3164 5612 hoc
3210 5552 3462 5609 aerarium
3509 5549 3665 5621 regis,
3693 5564 3789 5605 non

2234 5662 2378 5734 quod
2409 5676 2506 5717 rex
2535 5657 2828 5730 possideat,
2862 5651 2955 5710 sed
2986 5649 3129 5721 quod
3153 5648 3206 5702 in
3234 5660 3393 5701 aures
3418 5641 3559 5713 regis
3583 5640 3788 5734 filiorum

2234 5732 2500 5828 superbiae
2525 5750 2811 5828 perspicua
2859 5744 3158 5805 sonoritale
3197 5737 3491 5806 retinniat,
3536 5732 3783 5807 pecuniam
