3982 6360
168 420 302 477 515

1370 418 1736 479 MORALIUM
1765 417 1836 475 IN
1875 416 2170 476 GENESIN
2201 419 2329 475 LIB.
2362 418 2430 476 Χ.

3365 419 3476 478 3M

170 538 364 595 infert
392 536 859 603 intellectualitas,
892 533 1309 608 quia'quidquid
1345 540 1585 597 scientiae
1619 541 1784 595 attin-
1808 538 1862 600 Α
1889 537 2096 604 bantur,
2133 548 2182 593 et
2234 540 2431 593 idcirco
2480 555 2583 594 non
2616 545 2738 593 sunt
2784 536 3039 619 compulsi
3086 534 3309 592 vendere
3364 553 3485 608 pos-

172 637 303 706 git,
334 651 438 690 non
463 635 530 690 ad
555 634 770 689 inanem
800 632 1163 703 eloquentiam
1193 642 1407 701 servat,
1442 635 1541 691 sed
1579 643 1639 691 ut
1666 649 1787 690 eam

171 727 545 783 suasionibus
570 726 874 782 Pharaonis
893 727 1210 782 memoriter
1235 727 1472 797 objiciat.

262 821 432 877 Vens.
462 823 560 889 15,
598 823 688 878 16.
724 851 796 866 --
835 820 1071 892 Cumque
1114 822 1420 891 defecissent
1471 822 1787 893 emptoribus

166 915 375 979 pretia,
406 916 540 970 venit
569 923 757 969 cuncta
794 914 1059 986 ngyptus
1091 915 1159 967 ad
1202 914 1420 985 Ioseph,
1447 916 1623 971 dicens
1650 930 1664 970 :
1702 914 1786 970 Da

172 1006 338 1059 nobis
361 1023 542 1075 panes.
578 1004 756 1071 Quare
784 1006 1039 1059 morimur
1064 1022 1243 1059 coram
1274 1014 1323 1060 te
1345 1047 1360 1072 ,
1391 1005 1664 1075 deficiente
1698 1021 1787 1071 pe-

171 1097 391 1150 cunia?
426 1096 713 1161 Adducite,
742 1096 939 1167 inquit,
968 1113 1156 1166 pecora
1184 1107 1376 1160 vestra,
1408 1106 1454 1151 et
1480 1097 1615 1151 dabo
1644 1096 1786 1151 vobis

170 1202 281 1255 pro
332 1188 407 1241 eis
457 1188 627 1253 cibos,
666 1189 711 1241 si
744 1188 971 1258 pretium
1030 1204 1133 1242 non
1183 1188 1403 1242 habetis.
1449 1186 1786 1255 Emptoribus

173 1280 362 1347 pretia
405 1278 695 1347 deﬁciunt,
736 1295 858 1335 cum
914 1288 1009 1334 aut
1055 1279 1331 1334 memoria:
1388 1279 1642 1341 scientia,
1692 1287 1788 1334 aut

177 1372 437 1427 scientia:
471 1374 734 1429 memoria
778 1373 994 1430 desunt.
1041 1374 1240 1428 Cuncta
1286 1374 1467 1429 tamen
1517 1373 1785 1445 JEgyptus

176 1463 327 1534 petit
357 1479 546 1534 panes,
575 1466 699 1536 quia
729 1465 1029 1521 ccclestium
1063 1465 1357 1536 gratiarum
1405 1480 1628 1530 munus,
1656 1466 1786 1533 ipsa:

178 1555 483 1610 mundialis
512 1555 743 1611 miseria:
772 1556 1015 1611 clamare
1045 1570 1104 1611 se
1150 1556 1380 1611 innuunt
1410 1557 1783 1611 necessitates.

174 1647 263 1702 Ac
294 1646 342 1702 si
376 1647 559 1703 dicat:
600 1648 790 1704 Perire
832 1657 884 1703 te
910 1648 1096 1714 vides,
1128 1664 1227 1703 cur
1256 1648 1414 1703 morti
1464 1657 1518 1703 et
1556 1647 1784 1703 inscitiae

184 1748 334 1805 ture,
366 1756 400 1797 ο
424 1742 821 1812 qualiscunque
851 1742 1234 1813 intelligentia,
1260 1758 1367 1798 non
1400 1741 1644 1797 indoles?
1680 1741 1783 1795 He—

173 1830 525 1901 betudinem,
562 1834 659 1901 ait,
687 1843 926 1890 vestram
956 1833 1088 1888 mihi
1116 1832 1405 1901 subjicitef,
1435 1841 1492 1887 et
1530 1832 1680 1887 cibos
1704 1832 1784 1886 di-

1888 632 2141 686 sessiones
2177 648 2322 686 suas.
2369 631 2586 687 Terram
2622 630 2843 703 Eggpti
2881 630 3076 701 Ioseph
3121 636 3295 687 totam
3336 630 3479 700 emit,

1888 724 2016 781 dum
2050 740 2148 795 per
2181 724 2551 795 intelligentia:
2575 724 2877 781 claritatem
2907 725 3159 781 tenebras
3187 720 3482 781 saeculares

1888 818 2195 875 intellectus
2240 818 2344 873 sibi
2392 817 2631 887 subiicit.
2662 818 2872 891 Singuli
2923 819 3300 890 possessiones
3351 832 3484 877 suas

1887 913 2146 980 vendunt,
2176 913 2304 967 dum
2334 912 2577 983 quinque
2607 911 2772 967 animi
2797 920 2996 982 motus,
3024 913 3078 969 in
3109 923 3371 984 quantum
3395 910 3480 969 sui

1889 1003 2027 1059 male
2052 1003 2417 1075 potiebantur,
2446 1016 2681 1072 superno
2709 1004 2905 1071 amori,
2928 1005 3072 1075 quod
3096 1021 3201 1061 non
3230 1013 3314 1062 est
3335 1005 3480 1061 aliud

1888 1110 2051 1168 quam
2078 1096 2400 1163 intellectus,
2426 1110 2547 1151 sese
2572 1096 2918 1152 inserviendo
2941 1100 3289 1156 contradunt.
3320 1099 3481 1157 Com-

1887 1188 2039 1258 pellit
2069 1188 2216 1243 enim
2241 1187 2437 1255 fames,
2468 1197 2524 1244 et
2558 1188 2766 1244 malunt
2797 1189 3015 1245 interim
3048 1206 3176 1249 suas
3208 1193 3478 1251 intermit-

1890 1290 2002 1335 tere
2026 1278 2359 1347 voluntates,
2390 1295 2553 1350 quam
2594 1289 2855 1351 perpetuo
2901 1283 3149 1352 corporis
3189 1292 3245 1339 et
3280 1287 3479 1342 mentis

1887 1370 2117 1425 miseras
2168 1371 2377 1442 perpeti
2427 1381 2798 1441 paupertates.
2841 1372 3134 1445 Utriusque
3175 1376 3321 1430 enim
3376 1393 3475 1431 cx-

1887 1464 2148 1530 actiones,
2164 1464 2280 1534 ipsa
2302 1475 2387 1520 est
2412 1465 2587 1520 inedia
2610 1475 2667 1521 et
2691 1467 2882 1530 fames,
2901 1466 3173 1523 Pharaoni
3183 1467 3479 1540 Egyptum

1885 1564 1933 1609 et
1963 1565 2174 1609 cunctos
2194 1555 2413 1627 populos
2435 1557 2550 1626 ejus
2579 1553 2823 1625 subjicit',
2857 1558 2984 1613 dum
3014 1573 3082 1615 ex
3104 1559 3481 1615 mundialitate

1884 1661 2004 1715 sua,
2038 1656 2091 1701 ct
2117 1648 2368 1703 omnibus
2390 1647 2507 1717 ejus
2533 1649 2700 1717 vitiis,
2724 1650 2866 1704 hanc
2892 1651 3037 1705 enim
3066 1652 3283 1707 domum
3306 1696 3319 1720 ,
3353 1653 3481 1708 ltos-

1884 1756 1989 1810 que
2017 1741 2242 1812 populos
2273 1741 2381 1797 ﬁlia
2425 1743 2567 1813 regis
2608 1743 2853 1799 oblivisci
2882 1743 3104 1812 jubetur
3129 1736 3303 1816 (Psal.
3331 1762 3477 1814 thv,

1884 1832 1997 1901 11),
2033 1847 2092 1887 se
2117 1833 2391 1888 subditum
2423 1834 2659 1902 diabolo,
2688 1835 2740 1888 in
2766 1844 3028 1905 quantum
3059 1851 3121 1891 ea
3148 1836 3250 1892 sibi
3274 1852 3481 1907 praeva-

171 1924 322 1980 vina:
349 1928 738 1982 consolationis
780 1926 1032 1996 accipite,
1066 1940 1131 1979 ex
1164 1926 1267 1981 hoc
1295 1923 1449 1980 vobis
1476 1924 1780 1979 ascribelur
1808 1907 1853 1971 C
1885 1921 2029 1990 lent,
2058 1925 2274 1979 animus
2306 1926 2669 1996 recognoscit,
2692 1930 2988 1981 secundum
3016 1928 3159 1996 quod
3183 1928 3286 1983 sibi
3316 1927 3482 1982 intel-

174 2030 281 2084 pro
312 2018 487 2086 pretio
509 2018 772 2073 scientite.
796 2016 985 2087 (Vens.
1015 2016 1103 2087 17)
1119 2016 1251 2081 Qua:
1271 2031 1389 2070 cum
1413 2016 1780 2083 adduxissent,

177 2106 331 2161 dedit
387 2108 461 2162 eis
510 2108 761 2162 alimenta
803 2124 898 2179 pro
950 2107 1123 2174 equis,
1158 2116 1205 2160 et
1251 2106 1433 2172 bobus,
1493 2117 1539 2160 et
1585 2108 1781 2173 asinis;

176 2199 597 2268 sustentavitque
628 2198 747 2254 illos
779 2215 839 2253 eo
871 2214 1010 2252 anno
1045 2214 1140 2268 pro
1185 2197 1591 2252 commutatione
1631 2214 1784 2267 peco-

180 2304 330 2344 rum.
382 2290 562 2361 Equos
615 2291 1020 2361 superbiarum,
1068 2298 1123 2345 et
1161 2288 1434 2344 fatuitatis
1469 2303 1534 2345 ac
1573 2289 1785 2344 inertia:

174 2380 385 2448 boves,
410 2396 509 2437 nec
554 2398 660 2437 non
699 2391 754 2437 et
789 2383 974 2438 asinos
1010 2382 1294 2437 libidinum
1333 2380 1627 2438 intellectui
1657 2382 1785 2438 sub-

173 2475 392 2542 dimus,
425 2485 481 2530 et
500 2476 846 2541 humilitatis,
884 2476 1166 2545 sapientia:
1196 2492 1261 2530 ac
1298 2475 1649 2546 sagacitatis,
1683 2490 1781 2531 nec

174 2582 293 2622 non
322 2577 375 2622 et
398 2568 731 2623 castimoniae
765 2567 957 2623 diebus
987 2566 1303 2638 perlucidis,
1325 2566 1544 2637 plenum
1575 2581 1779 2621 annutn

175 2659 511 2731 integritatis
549 2661 867 2731 accipimus.
904 2660 1007 2726 Qui
1051 2676 1154 2714 non
1193 2660 1425 2724 habetis,
1458 2658 1663 2728 inquit,
1693 2674 1779 2712 ar-

173 2763 427 2823 gentum,
455 2764 765 2824 properate,
809 2753 915 2809 fide
972 2760 1029 2808 et
1080 2750 1183 2822 piis
1223 2751 1454 2827 actibus.
1486 2751 1642 2805 emite
1665 2790 1680 2818 ,
1724 2756 1782 2805 et

173 2848 433 2902 comedite
457 2847 613 2919 (Isai.
646 2864 738 2916 Lv,
774 2848 850 2920 1).

249 2941 416 2996 Vens.
448 2942 534 3007 18,
567 2942 655 2999 19.
702 2970 773 2983 -—-
834 2940 1101 2997 Venerunt
1132 2957 1339 3013 quoque
1373 2957 1512 2995 anno
1548 2940 1778 2995 secundo

173 3042 223 3089 et
247 3034 537 3089 dixerunt:
569 3034 692 3089 Non
723 3034 950 3089 celamus
979 3035 1193 3090 domino
1228 3045 1439 3100 nostro,
1471 3034 1610 3105 quod
1649 3033 1779 3104 defi-

174 3125 344 3179 ciente
366 3127 609 3195 pecunia,
638 3135 684 3180 et
723 3143 911 3195 pecora
949 3127 1107 3182 simul
1148 3126 1457 3197 defecerint,
1501 3142 1593 3180 nec
1641 3125 1778 3180 clam

176 3227 227 3271 te
274 3227 381 3283 est,
418 3219 556 3289 quod
592 3219 784 3288 absque
822 3219 1124 3289 corporibus
1172 3229 1221 3272 et
1283 3229 1426 3272 terra
1459 3217 1589 3271 nihil
1615 3218 1778 3272 habe-

1884 2014 2058 2071 lectus
2090 2016 2297 2072 indicit.
2330 2015 2397 2070 Et
2428 2016 2530 2073 hoc
2562 2033 2595 2070 a
2629 2018 2920 2071 novissimis
2961 2019 3196 2072 terminis
3223 2017 3473 2089 Egypti,

1886 2120 2049 2175 usque
2078 2106 2145 2158 ad
2184 2115 2442 2160 extremos
2465 2106 2597 2175 ﬁnes
2620 2107 2756 2175 ejus,
2783 2107 2834 2160 id
2855 2117 2935 2162 est
2966 2107 3034 2162 ab
3063 2107 3308 2163 ulteriori
3350 2123 3479 2177 pro-

1885 2204 2075 2266 spectu
2128 2196 2487 2251 intentionum
2538 2212 2713 2267 usque
2759 2196 2827 2251 ad
2885 2197 3251 2267 quarumlibet
3309 2209 3482 2255 metas

1884 2288 2292 2358 operationum;
2330 2297 2562 2358 utraque
2595 2289 2741 2344 enim
2787 2289 2833 2344 si
2891 2290 3143 2345 attendas
3190 2289 3483 2347 ﬁnalitates

1885 2389 2034 2437 sunt.
2067 2380 2253 2452 (Vens.
2277 2380 2394 2451 ‘22.)
2424 2380 2595 2435 Terra
2627 2382 2993 2447 sacerdotum,
3024 2396 3141 2452 qua:
3182 2381 3256 2436 eis
3283 2383 3481 2438 tradita

1884 2490 1916 2527 a
1963 2488 2081 2543 rege
2124 2472 2328 2541 fuerat,
2359 2472 2653 2541 excipitur,
2686 2473 2814 2543 quia
2860 2472 3155 2528 soliditatis
3181 2474 3477 2543 rationum,

1882 2580 2110 2635 quarum
2140 2580 2355 2620 sacrum
2396 2565 2781 2635 prosequimur
2810 2565 2864 2620 in
2904 2564 3044 2621 bene
3081 2568 3289 2636 agendo
3321 2567 3484 2622 duca-

1882 2665 2016 2725 tum,
2047 2666 2103 2712 et
2127 2672 2247 2727 quae
2272 2672 2301 2712 a
2326 2657 2449 2728 jure
2474 2657 2746 2713 diabolico
2778 2658 2980 2726 ablata,
3004 2660 3085 2715 eis
3114 2658 3365 2728 delegata
3393 2668 3483 2716 est

1881 2749 2227 2821 possidenda,
2257 2753 2324 2805 ab
2370 2751 2473 2806 hoc
2510 2750 2753 2806 dominio
2782 2751 3120 2819 excluditur;
3162 2751 3280 2823 ipsa
3324 2768 3481 2807 nam-

1880 2854 1986 2911 que
2031 2840 2196 2895 etiam
2229 2841 2371 2896 inter
2410 2849 2656 2896 motuum
2717 2842 3018 2898 certamina
3062 2844 3302 2900 libertati
3346 2844 3483 2900 inni-

1881 2934 2038 2989 titur.
2066 2932 2274 2990 Horrea
2306 2934 2553 3005 publica,
2588 2950 2619 2991 e
2659 2935 2858 3005 quibus
2891 2936 2977 2991 his
3021 2937 3223 3004 cibaria
3255 2938 3483 3006 dantur,

1882 3014 2616 3097 Scripturarum‘communia
2640 3029 2892 3085 omnibus
2916 3029 3141 3085 consilia
3164 3038 3311 3097 sunt,
3337 3030 3482 3086 unde

1884 3119 2144 3175 interiora
2174 3119 2258 3174 bis
2290 3118 2485 3190 pabula
2522 3120 2907 3177 ministrantur
2938 3139 2952 3177 :
2994 3121 3149 3179 Unde
3184 3122 3482 3193 possessio-

1883 3226 1982 3267 nes
2010 3212 2241 3268 vendere
2270 3227 2375 3268 non
2402 3213 2818 3283 compelluntur,
2848 3216 2972 3284 quia
3000 3216 3053 3269 id
3087 3224 3296 3271 tantum
3325 3215 3478 3283 boni,

177 3326 320 3365 mus.
345 3309 456 3365 Cur
476 3328 598 3380 ergo
625 3312 937 3365 morimurte
954 3311 1259 3365 vidente?et
1276 3327 1368 3364 nos
1385 3319 1433 3365 et
1448 3320 1586 3364 terra
1604 3319 1781 3363 nostra
1807 3277 1853 3340 δ
1889 3305 2034 3374 quod
2065 3304 2117 3359 in
2162 3306 2508 3361 discretionis
2544 3306 2747 3361 virtute
2780 3307 3060 3375 possident
3085 3350 3099 3375 ,
3137 3321 3479 3377 nequaquam

183 3403 261 3457 tui
288 3405 505 3458 erimus.
540 3403 694 3458 Prior
716 3418 919 3469 annus,
969 3420 1077 3474 quo
1114 3417 1312 3473 pecora
1356 3403 1577 3467 dantur,
1606 3402 1781 3471 prima

185 3495 560 3550 conversionis
584 3495 851 3551 institutio
878 3504 987 3562 est,
1019 3496 1237 3567 quando
1279 3495 1458 3551 minus
1495 3494 1779 3562 naturalis,

184 3593 237 3639 et
267 3584 666 3653 quodammodo
703 3585 946 3641 bestialis
975 3585 1085 3640 vita
1126 3586 1435 3641 damnatur.
1477 3585 1778 3652 Secundus,

184 3673 285 3743 piae
311 3673 605 3728 voluntatis
648 3676 919 3744 promatio
956 3684 1066 3741 est,
1106 3676 1199 3732 ubi
1248 3677 1414 3731 divini
1460 3676 1657 3747 eloquii
1686 3692 1781 3747 pe-

183 3764 338 3819 cunia
368 3764 767 3835 indigentibus,
800 3775 853 3821 et
886 3776 1065 3823 tamen
1111 3767 1349 3823 studium
1378 3769 1600 3839 pecuale
1624 3785 1776 3839 sper-

183 3856 459 3924 nentibus,
488 3856 603 3927 ipsa
637 3856 748 3926 jam
777 3860 1020 3928 corporis
1057 3860 1285 3915 materia
1314 3862 1478 3916 etiam
1524 3877 1776 3919 necessa-

184 3947 275 4003 riis
301 3947 413 4003 suis
453 3948 703 4019 adempta
734 3949 1101 4007 voluntatibus
1133 3951 1430 4007 intellectui
1462 3953 1772 4024 subjicitur,

188 4052 241 4098 et
264 4041 557 4098 terrenitas
576 4057 821 4113 quaequa:
854 4040 1202 4099 aﬂ‘ectionum
1235 4043 1351 4113 ejus
1377 4044 1604 4101 arbitrio
1632 4045 1775 4101 rele-

188 4141 353 4203 gatur.
378 4133 536 4203 Cum,
570 4134 818 4204 inquiunt
872 4135 1000 4189 victi
1026 4133 1139 4202 jam
1181 4135 1533 4192 animalitatis
1564 4145 1771 4205 motus,

189 4224 310 4292 quid
337 4224 481 4280 facto
507 4240 641 4295 opus
672 4224 743 4280 sit
772 4224 1068 4293 praevideas
1088 4268 1103 4294 ,
1135 4240 1234 4281 cur
1277 4226 1456 4295 perire
1495 4227 1775 4297 obtempe-

190 4325 367 4372 rantes
399 4320 565 4372 sinas.
594 4314 675 4371 Ne
704 4331 834 4387 ergo
865 4316 1109 4372 viventes
1136 4317 1189 4371 in
1235 4317 1505 4372 infernum
1550 4320 1776 4375 descen-

188 4410 309 4463 dere
336 4405 501 4473 feras,
536 4404 733 4461 affectu
767 4416 822 4462 et
851 4404 1139 4462 emcientia
1166 4407 1409 4477 corporis
1443 4408 1519 4462 tui
1546 4409 1770 4465 erimus.

189 4498 313 4553 Eme
339 4515 432 4553 nos
463 4499 516 4551 in
558 4499 859 4553 servitutem
894 4500 1126 4569 regiam,
1177 4509 1224 4554 et
1248 4500 1418 4571 prtebe
1449 4503 1672 4570 semina,
1710 4519 1774 4557 ne

188 4600 426 4659 pereunte
460 4588 659 4645 cultore
696 4591 966 4662 redigatur
998 4601 1137 4645 terra
1178 4592 1233 4644 in
1274 4592 1629 4647 solitudinem.
1671 4594 1775 4649 lm-

187 4681 354 4751 pende
398 4681 554 4737 nobis
600 4683 833 4752 pretium
874 4682 1076 4739 interni
1113 4684 1446 4752 documenti,
1496 4693 1556 4739 ut
1593 4686 1777 4757 exigas

190 4789 217 4828 a
240 4774 393 4829 nobis
415 4773 810 4831 confessionem
834 4775 974 4845 ejus,
993 4775 1136 4845 quod
1158 4774 1372 4831 diabolo
1390 4775 1774 4847 impendimus,

189 4866 416 4933 servitii,
448 4876 496 4920 et
527 4867 700 4937 prwbe
746 4867 948 4922 semina
986 4866 1142 4923 bona:
1180 4866 1507 4937 voluntatis,
1539 4886 1601 4925 ne
1647 4870 1778 4925 deti-

189 4962 359 5016 ciente
393 4975 489 5031 per
516 4961 633 5031 ejus
659 4961 980 5016 inanitatem
1012 4962 1219 5019 cultore
1256 4964 1471 5033 spiritu,
1508 4966 1777 5037 redigatur

188 5055 357 5111 cordis
410 5054 726 5111 cultibilitas
780 5063 943 5125 atque
996 5055 1274 5125 feracitas,
1310 5057 1377 5111 ad
1426 5057 1530 5113 hoc
1576 5068 1635 5113 ut
1664 5058 1776 5116 Deo

190 5147 540 5203 inhabitatore
595 5158 823 5216 careat,
867 5156 922 5204 et
974 5148 1213 5205 fructum
1279 5152 1612 5223 operationis
1667 5170 1774 5211 non

188 5241 389 5297 habeat.

252 5333 409 5390 Vens.
436 5335 529 5403 20,
553 5335 746 5419 Ἃτ-
784 5335 925 5390 Emit
968 5353 1090 5409 ergo
1115 5333 1313 5408 Ioseph
1344 5353 1550 5394 omnem
1579 5350 1775 5399 terram

187 5426 412 5499 Egypti,
451 5429 790 5484 vendentibus
834 5430 1053 5503 singulis
1103 5431 1452 5502 possessiones
1501 5450 1627 5489 suas
1664 5452 1774 5506 pra:

187 5520 511 5575 multitudine
562 5520 741 5591 famis.
795 5520 1149 5595 Subjecitque,
1206 5540 1322 5578 eam
1367 5522 1670 5594 Pharaoni,
1724 5536 1773 5581 et

188 5621 385 5666 cunctos
414 5612 633 5682 populos
680 5614 794 5685 ejus
848 5632 877 5667 a
927 5615 1223 5670 novissimis
1265 5615 1502 5670 terminis
1528 5616 1770 5687 /Egypti,

187 5718 338 5774 usque
382 5705 449 5757 ad
496 5715 752 5761 extremos
790 5707 921 5775 fines
955 5706 1094 5776 ejus,
1128 5715 1317 5777 praeter
1355 5716 1549 5762 terram
1599 5726 1771 5763 sacer-

190 5794 391 5864 dotum,
442 5813 561 5866 qute
613 5816 644 5852 a
699 5815 816 5870 rege
865 5799 1062 5853 tradita
1099 5799 1272 5869 fuerat
1334 5801 1670 5871 eis:quibus
1721 5811 1770 5857 et

191 5897 373 5949 statuta
424 5889 626 5948 cibaria
696 5907 763 5948 ex
826 5892 1028 5949 horreis
1080 5890 1300 5966 publicis
1357 5892 1519 5967 168
1571 5894 1771 5969 praebe-

1807 4631 1852 4687 D

1886 3397 2102 3454 diabolo
2124 3400 2375 3470 subigere
2404 3401 2611 3469 peccati
2644 3400 2972 3455 admissione
3000 3409 3287 3470 coguntur.

1957 3490 2120 3546 Vens.
2149 3490 2451 3558 25,24.,—
2497 3491 2645 3546 Dixit
2697 3508 2818 3561 ergo
2862 3490 3058 3562 Ioseph
3103 3492 3173 3546 ad
3216 3495 3475 3565 populos:

1883 3580 1991 3649 En,
2023 3592 2079 3637 ut
2099 3584 2330 3652 cernitis,
2355 3593 2404 3638 et
2434 3600 2520 3639 vos
2546 3592 2593 3637 et
2624 3592 2819 3639 terram
2854 3592 3081 3638 vestram
3113 3583 3329 3641 Pharao
3359 3603 3481 3657 pos-

1881 3672 2038 3739 sidet,
2066 3674 2285 3744 accipite
2309 3674 2509 3728 semina
2530 3714 2545 3740 ,
2577 3682 2628 3731 et
2666 3674 2822 3729 serite
2866 3690 3040 3745 agros,
3079 3684 3136 3729 ut
3175 3674 3353 3747 fruges
3381 3678 3479 3732 ha-

1882 3766 1999 3820 bere
2026 3766 2260 3835 possitis.
2296 3765 2548 3831 Quintam
2578 3776 2779 3837 partem
2820 3767 2928 3838 regi
2964 3766 3156 3822 dabitis
3192 3785 3211 3823 :
3247 3779 3480 3837 quatuor

1882 3859 2116 3930 reliquas
2145 3859 2391 3928 permitto
2418 3858 2557 3913 vobis
2581 3860 2634 3913 in
2663 3867 2962 3924 sementem,
2988 3870 3036 3913 et
3063 3859 3119 3913 in
3146 3859 3287 3914 cibos
3310 3859 3475 3929 fami-

1880 3949 1969 4005 liis
2000 3958 2049 4003 et
2093 3949 2271 4003 liberis
2316 3950 2525 4003 vestris.
2580 3950 2663 4004 Ad
2704 3949 2933 4021 populos
2975 3947 3175 4019 Joseph
3213 3948 3473 4019 loquitur,

1879 4060 2001 4099 cum
2047 4043 2354 4099 intellectus
2397 4042 2571 4098 animi
2627 4045 2816 4099 turbas
2867 4042 3009 4098 datis
3047 4042 3258 4113 legibus
3285 4042 3478 4097 sedare

1878 4144 2127 4191 conatur.
2160 4136 2320 4203 Ecce,
2377 4134 2574 4203 inquit,
2632 4142 2687 4190 et
2741 4148 2857 4202 vos,
2912 4134 2966 4188 in
3008 4142 3272 4203 quantum
3307 4140 3476 4202 vestri

1878 4223 2033 4291 estis,
2060 4232 2115 4279 et
2140 4223 2487 4278 terrenitates
2509 4222 2707 4292 quibus
2730 4219 3027 4287 aliicimini,
3055 4221 3302 4278 diabolus
3332 4221 3481 4276 obti-

1877 4328 1990 4374 net.
2038 4317 2116 4374 Ne
2157 4333 2287 4390 ergo
2335 4318 2538 4373 diutius
2582 4316 2738 4372 vobis
2767 4314 3359 4387 regnet,verbi'divini
3390 4329 3478 4369 se-

1877 4414 2022 4468 mina
2059 4414 2265 4483 capite,
2299 4427 2430 4484 agro
2455 4411 2654 4466 mentis
2684 4410 2921 4478 inspergi
2950 4408 3135 4474 sinite,
3164 4416 3226 4462 ut
3248 4422 3476 4476 operum

1878 4505 2060 4576 fruges
2082 4505 2350 4561 bonorum
2382 4503 2605 4573 possitis
2628 4502 2853 4555 habere.
2904 4498 3178 4569 Quidquid
3206 4497 3274 4553 ad
3308 4497 3475 4567 quin-

1879 4606 1988 4652 tam
2011 4597 2340 4652 exteriorum
2368 4607 2625 4649 sensuum
2660 4601 2895 4661 partem,
2916 4604 3011 4659 per
3036 4603 3172 4659 quos
3192 4587 3475 4644 saecularia

1880 4688 2362 4757 concupiscuntur,
2400 4683 2625 4752 attinet,
2672 4680 2906 4749 diabolo,
2955 4679 3046 4736 cui
3087 4694 3185 4751 per
3220 4680 3478 4750 concupi-

1880 4779 2117 4835 scentias
2176 4778 2503 4845 inservitur,
2552 4774 2853 4832 attribuite.
2904 4775 3150 4843 Quatuor
3192 4773 3472 4843 reliquas,

1878 4873 2075 4945 quibus
2113 4870 2408 4928 secundum
2439 4878 2671 4940 quatuor
2700 4868 2977 4940 evangelia
3016 4867 3246 4931 vivitur,
3275 4865 3359 4921 vel
3386 4880 3476 4921 se-

1879 4968 2116 5026 cundum
2166 4972 2399 5036 quatuor
2418 4962 2746 5035 principales
2772 4961 3024 5026 virtutes,
3050 4959 3105 5014 in
3150 4964 3472 5021 sementem,

1878 5081 1986 5137 qua
2010 5063 2174 5120 corda
2209 5057 2536 5124 fecundctis,
2564 5042 2844 5123 ass'umite,
2869 5062 2924 5109 et
2959 5053 3085 5107 inde
3123 5048 3359 5137 familias
3394 5048 3477 5137 in-

1879 5136 2157 5213 ternorum
2182 5161 2442 5218 statuum,
2477 5164 2541 5205 ac
2566 5146 2956 5218 cogitationum
2983 5152 3317 5212 operumque
3350 5136 3477 5194 libe-

1876 5264 1968 5304 ros
2002 5246 2260 5302 enutrite.

1951 5339 2116 5395 Vens.
2151 5338 2244 5393 25.
2282 5367 2353 5377 -
2399 5333 2501 5401 Qui
2534 5329 2961 5403 responderunt:
2999 5320 3159 5379 Salus
3202 5331 3382 5378 nostra
3413 5323 3471 5377 in

1879 5450 2039 5490 manu
2067 5442 2157 5486 tua
2182 5440 2258 5484 est
2292 5443 2309 5481 :
2340 5427 2586 5496 respiciat
2616 5440 2708 5478 nos
2745 5428 2949 5474 tantum
2989 5417 3232 5473 dominus
3272 5424 3470 5483 noster,

1876 5536 1923 5582 et
1955 5525 2061 5579 lani
2092 5522 2371 5578 serviemus
2403 5519 2532 5588 regi.
2565 5513 2841 5571 Animales
2867 5520 3067 5580 motus,
3100 5509 3474 5579 intelligentiae

1877 5624 2039 5687 captu
2071 5614 2253 5679 ducti,
2292 5611 2524 5667 salutem
2561 5622 2712 5663 suam
2753 5606 2809 5661 in
2849 5603 3339 5660 intellectualitatis
3372 5617 3471 5672 po-

1880 5717 2072 5766 testate
2121 5708 2278 5762 sitam
2326 5704 2604 5768 fatentur;
2653 5702 2823 5773 ipsam
2873 5714 2933 5754 se
2964 5696 3260 5767 respicere,
3306 5695 3361 5752 id
3387 5703 3474 5749 est

1876 5801 1946 5856 ab
1973 5800 2088 5870 ipsa
2115 5795 2216 5853 sibi
2256 5793 2504 5850 veritatis
2532 5792 2713 5850 lumen
2746 5789 2974 5848 inﬂuere
2994 5788 3274 5859 ﬂagitant,
3313 5795 3372 5839 ut
3403 5786 3470 5840 de

1874 5891 2047 5952 veteri
2078 5906 2238 5958 quam
2280 5888 2510 5967 mystice
2546 5884 2814 5945 Pharaoni
2845 5882 3215 5943 exbibuerunt
3239 5878 3472 5938 servitu-
