  <div class='ocr_page' id='page_1' title='image "/cluster/home/n/w/nwhite01/storage/ocr_20150623/156/hvd.32044010683712/163.png"; bbox 0 0 3982 6360; ppageno 0'>
   <div class='ocr_carea' id='block_1_1' title="bbox 521 298 625 355">
    <p class='ocr_par' dir='ltr' id='par_1_1' title="bbox 521 298 625 355">
     <span class='ocr_line' id='line_1_1' title="bbox 521 298 625 355; baseline 0.01 -1"><span class='ocrx_word' id='word_1_1' title='bbox 521 298 625 355; x_wconf 73' lang='grc'><strong>315</strong></span> 
     </span>
    </p>
   </div>
   <div class='ocr_carea' id='block_1_2' title="bbox 523 411 2118 484">
    <p class='ocr_par' dir='ltr' id='par_1_2' title="bbox 523 411 2118 484">
     <span class='ocr_line' id='line_1_2' title="bbox 523 411 2118 484; baseline -0.002 -14"><span class='ocrx_word' id='word_1_2' title='bbox 523 425 600 484; x_wconf 88' lang='lat' dir='ltr'><strong>te,</strong></span> <span class='ocrx_word' id='word_1_3' title='bbox 641 411 752 469; x_wconf 70' lang='lat' dir='ltr'><strong>laeti</strong></span> <span class='ocrx_word' id='word_1_4' title='bbox 799 414 868 470; x_wconf 91' lang='lat' dir='ltr'><strong>de</strong></span> <span class='ocrx_word' id='word_1_5' title='bbox 900 429 1001 470; x_wconf 91' lang='lat' dir='ltr'><strong>sua</strong></span> <span class='ocrx_word' id='word_1_6' title='bbox 1039 414 1292 477; x_wconf 89' lang='lat' dir='ltr'><strong>evasione</strong></span> <span class='ocrx_word' id='word_1_7' title='bbox 1337 414 1698 471; x_wconf 83' lang='lat' dir='ltr'><strong>confession-is</strong></span> <span class='ocrx_word' id='word_1_8' title='bbox 1724 414 1836 472; x_wconf 86' lang='lat' dir='ltr'><strong>Deo</strong></span> <span class='ocrx_word' id='word_1_9' title='bbox 1879 413 2118 470; x_wconf 77' lang='lat' dir='ltr'><strong>hostiam</strong></span> 
     </span>
    </p>
   </div>
   <div class='ocr_carea' id='block_1_3' title="bbox 521 509 776 566">
    <p class='ocr_par' dir='ltr' id='par_1_3' title="bbox 521 509 776 566">
     <span class='ocr_line' id='line_1_3' title="bbox 521 509 776 566; baseline -0.008 0"><span class='ocrx_word' id='word_1_10' title='bbox 521 509 776 566; x_wconf 83' lang='lat' dir='ltr'><strong>reddant.</strong></span> 
     </span>
    </p>
   </div>
   <div class='ocr_carea' id='block_1_4' title="bbox 595 601 2116 677">
    <p class='ocr_par' dir='ltr' id='par_1_4' title="bbox 595 601 2116 677">
     <span class='ocr_line' id='line_1_4' title="bbox 595 601 2116 677; baseline 0.002 -18"><span class='ocrx_word' id='word_1_11' title='bbox 595 601 762 659; x_wconf 73' lang='lat' dir='ltr'><strong>Vens.</strong></span> <span class='ocrx_word' id='word_1_12' title='bbox 794 601 885 658; x_wconf 77' lang='lat'><strong>26.</strong></span> <span class='ocrx_word' id='word_1_13' title='bbox 927 633 998 644; x_wconf 91' lang='lat'><strong>-—</strong></span> <span class='ocrx_word' id='word_1_14' title='bbox 1031 601 1119 658; x_wconf 78' lang='lat' dir='ltr'><strong>Ea:</strong></span> <span class='ocrx_word' id='word_1_15' title='bbox 1146 620 1207 658; x_wconf 88' lang='lat' dir='ltr'><strong>eo</strong></span> <span class='ocrx_word' id='word_1_16' title='bbox 1251 613 1478 675; x_wconf 88' lang='lat' dir='ltr'><strong>tempore</strong></span> <span class='ocrx_word' id='word_1_17' title='bbox 1515 622 1678 675; x_wconf 82' lang='lat' dir='ltr'><strong>usque</strong></span> <span class='ocrx_word' id='word_1_18' title='bbox 1721 606 1778 660; x_wconf 87' lang='lat' dir='ltr'><strong>in</strong></span> <span class='ocrx_word' id='word_1_19' title='bbox 1805 615 2116 677; x_wconf 67' lang='lat' dir='ltr'><strong>praesentem</strong></span> 
     </span>
    </p>
   </div>
   <div class='ocr_carea' id='block_1_5' title="bbox 525 693 2114 770">
    <p class='ocr_par' dir='ltr' id='par_1_5' title="bbox 525 693 2114 770">
     <span class='ocr_line' id='line_1_5' title="bbox 525 693 2114 770; baseline 0.003 -22"><span class='ocrx_word' id='word_1_20' title='bbox 525 693 687 760; x_wconf 86' lang='lat' dir='ltr'><strong>diem,</strong></span> <span class='ocrx_word' id='word_1_21' title='bbox 721 693 776 747; x_wconf 88' lang='lat' dir='ltr'><strong>in</strong></span> <span class='ocrx_word' id='word_1_22' title='bbox 799 695 1038 748; x_wconf 82' lang='lat' dir='ltr'><strong>universa</strong></span> <span class='ocrx_word' id='word_1_23' title='bbox 1059 706 1201 751; x_wconf 88' lang='lat' dir='ltr'><strong>terra</strong></span> <span class='ocrx_word' id='word_1_24' title='bbox 1232 695 1480 768; x_wconf 57' lang='lat' dir='ltr'><strong>:Egypti,</strong></span> <span class='ocrx_word' id='word_1_25' title='bbox 1511 698 1718 768; x_wconf 77' lang='lat' dir='ltr'><strong>regibus</strong></span> <span class='ocrx_word' id='word_1_26' title='bbox 1766 697 1948 766; x_wconf 84' lang='lat' dir='ltr'><strong>quinta</strong></span> <span class='ocrx_word' id='word_1_27' title='bbox 1990 714 2114 770; x_wconf 88' lang='lat' dir='ltr'><strong>pars</strong></span> 
     </span>
    </p>
   </div>
   <div class='ocr_carea' id='block_1_6' title="bbox 523 783 2112 861">
    <p class='ocr_par' dir='ltr' id='par_1_6' title="bbox 523 783 2112 861">
     <span class='ocr_line' id='line_1_6' title="bbox 523 783 2112 861; baseline 0.005 -23"><span class='ocrx_word' id='word_1_28' title='bbox 523 783 765 851; x_wconf 77' lang='lat' dir='ltr'><strong>soluitur,</strong></span> <span class='ocrx_word' id='word_1_29' title='bbox 806 795 853 839; x_wconf 90' lang='lat' dir='ltr'><strong>et</strong></span> <span class='ocrx_word' id='word_1_30' title='bbox 883 783 1086 854; x_wconf 80' lang='lat' dir='ltr'><strong>factum</strong></span> <span class='ocrx_word' id='word_1_31' title='bbox 1113 797 1189 841; x_wconf 90' lang='lat' dir='ltr'><strong>est</strong></span> <span class='ocrx_word' id='word_1_32' title='bbox 1243 791 1397 858; x_wconf 82' lang='lat' dir='ltr'><strong>quasi</strong></span> <span class='ocrx_word' id='word_1_33' title='bbox 1449 791 1504 844; x_wconf 87' lang='lat' dir='ltr'><strong>in</strong></span> <span class='ocrx_word' id='word_1_34' title='bbox 1539 789 1726 858; x_wconf 84' lang='lat' dir='ltr'><strong>legem,</strong></span> <span class='ocrx_word' id='word_1_35' title='bbox 1756 791 1948 861; x_wconf 79' lang='lat' dir='ltr'><strong>absque</strong></span> <span class='ocrx_word' id='word_1_36' title='bbox 1973 803 2112 846; x_wconf 86' lang='lat' dir='ltr'><strong>terra</strong></span> 
     </span>
    </p>
   </div>
   <div class='ocr_carea' id='block_1_7' title="bbox 522 875 2113 950">
    <p class='ocr_par' dir='ltr' id='par_1_7' title="bbox 522 875 2113 950">
     <span class='ocr_line' id='line_1_7' title="bbox 522 875 2113 950; baseline 0.005 -20"><span class='ocrx_word' id='word_1_37' title='bbox 522 875 854 942; x_wconf 75' lang='lat' dir='ltr'><strong>sacerdotali,</strong></span> <span class='ocrx_word' id='word_1_38' title='bbox 888 893 1008 947; x_wconf 67' lang='lat' dir='ltr'><strong>qua:</strong></span> <span class='ocrx_word' id='word_1_39' title='bbox 1034 877 1203 934; x_wconf 86' lang='lat' dir='ltr'><strong>libera</strong></span> <span class='ocrx_word' id='word_1_40' title='bbox 1240 879 1305 933; x_wconf 89' lang='lat' dir='ltr'><strong>ab</strong></span> <span class='ocrx_word' id='word_1_41' title='bbox 1332 881 1431 934; x_wconf 84' lang='lat' dir='ltr'><strong>hac</strong></span> <span class='ocrx_word' id='word_1_42' title='bbox 1471 881 1766 937; x_wconf 86' lang='lat' dir='ltr'><strong>conditione</strong></span> <span class='ocrx_word' id='word_1_43' title='bbox 1798 881 1916 950; x_wconf 80' lang='lat' dir='ltr'><strong>fuit.</strong></span> <span class='ocrx_word' id='word_1_44' title='bbox 1942 883 2019 937; x_wconf 82' lang='lat' dir='ltr'><strong>Ex</strong></span> <span class='ocrx_word' id='word_1_45' title='bbox 2051 898 2113 938; x_wconf 87' lang='lat' dir='ltr'><strong>ea</strong></span> 
     </span>
    </p>
   </div>
   <div class='ocr_carea' id='block_1_8' title="bbox 523 965 2116 1045">
    <p class='ocr_par' dir='ltr' id='par_1_8' title="bbox 523 965 2116 1045">
     <span class='ocr_line' id='line_1_8' title="bbox 523 965 2116 1045; baseline 0.006 -24"><span class='ocrx_word' id='word_1_46' title='bbox 523 965 724 1032; x_wconf 67' lang='lat' dir='ltr'><strong>divina:</strong></span> <span class='ocrx_word' id='word_1_47' title='bbox 775 967 1204 1039; x_wconf 77' lang='lat' dir='ltr'><strong>dispensationis</strong></span> <span class='ocrx_word' id='word_1_48' title='bbox 1255 973 1682 1042; x_wconf 90' lang='lat' dir='ltr'><strong>temperatione,</strong></span> <span class='ocrx_word' id='word_1_49' title='bbox 1749 990 1856 1045; x_wconf 88' lang='lat' dir='ltr'><strong>qua</strong></span> <span class='ocrx_word' id='word_1_50' title='bbox 1901 984 2116 1030; x_wconf 90' lang='lat' dir='ltr'><strong>constat</strong></span> 
     </span>
    </p>
   </div>
   <div class='ocr_carea' id='block_1_9' title="bbox 521 1058 2114 1128">
    <p class='ocr_par' dir='ltr' id='par_1_9' title="bbox 521 1058 2114 1128">
     <span class='ocr_line' id='line_1_9' title="bbox 521 1058 2114 1128; baseline 0.007 -17"><span class='ocrx_word' id='word_1_51' title='bbox 521 1058 697 1113; x_wconf 86' lang='lat' dir='ltr'><strong>adhuc</strong></span> <span class='ocrx_word' id='word_1_52' title='bbox 731 1059 932 1116; x_wconf 76' lang='lat' dir='ltr'><strong>rationi</strong></span> <span class='ocrx_word' id='word_1_53' title='bbox 989 1063 1249 1118; x_wconf 80' lang='lat' dir='ltr'><strong>resistere</strong></span> <span class='ocrx_word' id='word_1_54' title='bbox 1279 1079 1523 1128; x_wconf 78' lang='lat' dir='ltr'><strong>carnem,</strong></span> <span class='ocrx_word' id='word_1_55' title='bbox 1556 1075 1609 1120; x_wconf 91' lang='lat' dir='ltr'><strong>et</strong></span> <span class='ocrx_word' id='word_1_56' title='bbox 1635 1075 1814 1121; x_wconf 88' lang='lat' dir='ltr'><strong>tamen</strong></span> <span class='ocrx_word' id='word_1_57' title='bbox 1843 1068 1993 1122; x_wconf 90' lang='lat' dir='ltr'><strong>carni</strong></span> <span class='ocrx_word' id='word_1_58' title='bbox 2025 1083 2114 1124; x_wconf 94' lang='lat' dir='ltr'><strong>su-</strong></span> 
     </span>
    </p>
   </div>
   <div class='ocr_carea' id='block_1_10' title="bbox 519 1152 2114 1229">
    <p class='ocr_par' dir='ltr' id='par_1_10' title="bbox 519 1152 2114 1229">
     <span class='ocr_line' id='line_1_10' title="bbox 519 1152 2114 1229; baseline 0.009 -26"><span class='ocrx_word' id='word_1_59' title='bbox 519 1152 881 1222; x_wconf 87' lang='lat' dir='ltr'><strong>pereminere,</strong></span> <span class='ocrx_word' id='word_1_60' title='bbox 913 1156 1070 1225; x_wconf 88' lang='lat' dir='ltr'><strong>quasi</strong></span> <span class='ocrx_word' id='word_1_61' title='bbox 1104 1157 1374 1226; x_wconf 84' lang='lat' dir='ltr'><strong>quoddam</strong></span> <span class='ocrx_word' id='word_1_62' title='bbox 1405 1159 1600 1229; x_wconf 69' lang='lat' dir='ltr'><strong>poliulo</strong></span> <span class='ocrx_word' id='word_1_63' title='bbox 1630 1163 1992 1216; x_wconf 84' lang='lat' dir='ltr'><strong>sacerdotium</strong></span> <span class='ocrx_word' id='word_1_64' title='bbox 2025 1178 2114 1217; x_wconf 87' lang='lat' dir='ltr'><strong>ra-</strong></span> 
     </span>
    </p>
   </div>
   <div class='ocr_carea' id='block_1_11' title="bbox 517 1239 2113 1319">
    <p class='ocr_par' dir='ltr' id='par_1_11' title="bbox 517 1239 2113 1319">
     <span class='ocr_line' id='line_1_11' title="bbox 517 1239 2113 1319; baseline 0.008 -25"><span class='ocrx_word' id='word_1_65' title='bbox 517 1239 744 1309; x_wconf 88' lang='lat' dir='ltr'><strong>tionem,</strong></span> <span class='ocrx_word' id='word_1_66' title='bbox 777 1259 953 1314; x_wconf 84' lang='lat' dir='ltr'><strong>usque</strong></span> <span class='ocrx_word' id='word_1_67' title='bbox 990 1245 1118 1300; x_wconf 89' lang='lat' dir='ltr'><strong>dum</strong></span> <span class='ocrx_word' id='word_1_68' title='bbox 1163 1248 1412 1303; x_wconf 87' lang='lat' dir='ltr'><strong>veniatur</strong></span> <span class='ocrx_word' id='word_1_69' title='bbox 1448 1253 1499 1306; x_wconf 92' lang='lat' dir='ltr'><strong>in</strong></span> <span class='ocrx_word' id='word_1_70' title='bbox 1547 1250 1726 1319; x_wconf 92' lang='lat' dir='ltr'><strong>illum,</strong></span> <span class='ocrx_word' id='word_1_71' title='bbox 1751 1253 1836 1307; x_wconf 90' lang='lat' dir='ltr'><strong>cui</strong></span> <span class='ocrx_word' id='word_1_72' title='bbox 1877 1268 1982 1308; x_wconf 91' lang='lat' dir='ltr'><strong>non</strong></span> <span class='ocrx_word' id='word_1_73' title='bbox 2033 1253 2113 1308; x_wconf 82' lang='lat' dir='ltr'><strong>cf-</strong></span> 
     </span>
    </p>
   </div>
   <div class='ocr_carea' id='block_1_12' title="bbox 515 1327 2102 1413">
    <p class='ocr_par' dir='ltr' id='par_1_12' title="bbox 515 1327 2102 1413">
     <span class='ocr_line' id='line_1_12' title="bbox 515 1327 2102 1413; baseline 0.012 -30"><span class='ocrx_word' id='word_1_74' title='bbox 515 1327 693 1386; x_wconf 79' lang='lat' dir='ltr'><strong>fluunt</strong></span> <span class='ocrx_word' id='word_1_75' title='bbox 711 1336 1008 1404; x_wconf 79' lang='lat' dir='ltr'><strong>praeterita,</strong></span> <span class='ocrx_word' id='word_1_76' title='bbox 1027 1355 1125 1395; x_wconf 92' lang='lat' dir='ltr'><strong>nec</strong></span> <span class='ocrx_word' id='word_1_77' title='bbox 1147 1338 1324 1394; x_wconf 83' lang='lat' dir='ltr'><strong>futura</strong></span> <span class='ocrx_word' id='word_1_78' title='bbox 1339 1343 1738 1400; x_wconf 70' lang='lat' dir='ltr'><strong>desuutdiviute</strong></span> <span class='ocrx_word' id='word_1_79' title='bbox 1758 1347 2102 1413; x_wconf 66' lang='lat' dir='ltr'><strong>aeternitatis,</strong></span> 
     </span>
    </p>
   </div>
   <div class='ocr_carea' id='block_1_13' title="bbox 521 1422 2113 1512">
    <p class='ocr_par' dir='ltr' id='par_1_13' title="bbox 521 1422 2113 1512">
     <span class='ocr_line' id='line_1_13' title="bbox 521 1422 2113 1512; baseline 0.013 -36"><span class='ocrx_word' id='word_1_80' title='bbox 521 1422 666 1476; x_wconf 90' lang='lat' dir='ltr'><strong>diem</strong></span> <span class='ocrx_word' id='word_1_81' title='bbox 702 1441 715 1477; x_wconf 92' lang='lat'><strong>:</strong></span> <span class='ocrx_word' id='word_1_82' title='bbox 761 1424 958 1490; x_wconf 82' lang='lat' dir='ltr'><strong>Quinta</strong></span> <span class='ocrx_word' id='word_1_83' title='bbox 993 1447 1120 1500; x_wconf 86' lang='lat' dir='ltr'><strong>pars</strong></span> <span class='ocrx_word' id='word_1_84' title='bbox 1173 1435 1391 1503; x_wconf 78' lang='lat' dir='ltr'><strong>regibus</strong></span> <span class='ocrx_word' id='word_1_85' title='bbox 1431 1436 1564 1492; x_wconf 89' lang='lat' dir='ltr'><strong>solvi</strong></span> <span class='ocrx_word' id='word_1_86' title='bbox 1597 1438 1777 1506; x_wconf 82' lang='lat' dir='ltr'><strong>debet,</strong></span> <span class='ocrx_word' id='word_1_87' title='bbox 1808 1439 1935 1509; x_wconf 90' lang='lat' dir='ltr'><strong>quia</strong></span> <span class='ocrx_word' id='word_1_88' title='bbox 1961 1441 2113 1512; x_wconf 86' lang='lat' dir='ltr'><strong>quid-</strong></span> 
     </span>
    </p>
   </div>
   <div class='ocr_carea' id='block_1_14' title="bbox 521 1511 2112 1597">
    <p class='ocr_par' dir='ltr' id='par_1_14' title="bbox 521 1511 2112 1597">
     <span class='ocr_line' id='line_1_14' title="bbox 521 1511 2112 1597; baseline 0.016 -35"><span class='ocrx_word' id='word_1_89' title='bbox 521 1511 653 1578; x_wconf 87' lang='lat' dir='ltr'><strong>quid</strong></span> <span class='ocrx_word' id='word_1_90' title='bbox 686 1517 1056 1576; x_wconf 84' lang='lat' dir='ltr'><strong>sensualitatis</strong></span> <span class='ocrx_word' id='word_1_91' title='bbox 1081 1525 1404 1594; x_wconf 86' lang='lat' dir='ltr'><strong>cvagatione</strong></span> <span class='ocrx_word' id='word_1_92' title='bbox 1431 1543 1742 1597; x_wconf 71' lang='grc' dir='ltr'><strong>ριιρι-ίιηιυε,</strong></span> <span class='ocrx_word' id='word_1_93' title='bbox 1775 1530 2112 1588; x_wconf 75' lang='lat' dir='ltr'><strong>dmmonibus</strong></span> 
     </span>
    </p>
   </div>
   <div class='ocr_carea' id='block_1_15' title="bbox 521 1603 2106 1694">
    <p class='ocr_par' dir='ltr' id='par_1_15' title="bbox 521 1603 2106 1694">
     <span class='ocr_line' id='line_1_15' title="bbox 521 1603 2106 1694; baseline 0.016 -37"><span class='ocrx_word' id='word_1_94' title='bbox 521 1603 613 1673; x_wconf 92' lang='lat' dir='ltr'><strong>qui</strong></span> <span class='ocrx_word' id='word_1_95' title='bbox 643 1605 773 1663; x_wconf 85' lang='lat' dir='ltr'><strong>huic</strong></span> <span class='ocrx_word' id='word_1_96' title='bbox 801 1612 916 1666; x_wconf 82' lang='lat' dir='ltr'><strong>aeri</strong></span> <span class='ocrx_word' id='word_1_97' title='bbox 946 1615 1342 1687; x_wconf 88' lang='lat' dir='ltr'><strong>principantur,</strong></span> <span class='ocrx_word' id='word_1_98' title='bbox 1383 1637 1477 1690; x_wconf 81' lang='lat' dir='ltr'><strong>per</strong></span> <span class='ocrx_word' id='word_1_99' title='bbox 1502 1639 1638 1693; x_wconf 92' lang='lat' dir='ltr'><strong>quos</strong></span> <span class='ocrx_word' id='word_1_100' title='bbox 1666 1640 1808 1694; x_wconf 56' lang='lat' dir='ltr'><strong>saepe</strong></span> <span class='ocrx_word' id='word_1_101' title='bbox 1831 1625 2106 1694; x_wconf 87' lang='lat' dir='ltr'><strong>illicimur,</strong></span> 
     </span>
    </p>
   </div>
   <div class='ocr_carea' id='block_1_16' title="bbox 519 1700 2108 1778">
    <p class='ocr_par' dir='ltr' id='par_1_16' title="bbox 519 1700 2108 1778">
     <span class='ocr_line' id='line_1_16' title="bbox 519 1700 2108 1778; baseline 0.015 -25"><span class='ocrx_word' id='word_1_102' title='bbox 519 1711 618 1766; x_wconf 88' lang='lat' dir='ltr'><strong>per</strong></span> <span class='ocrx_word' id='word_1_103' title='bbox 651 1700 890 1760; x_wconf 86' lang='lat' dir='ltr'><strong>debitam</strong></span> <span class='ocrx_word' id='word_1_104' title='bbox 927 1711 1266 1778; x_wconf 64' lang='lat' dir='ltr'><strong>patuitcntize</strong></span> <span class='ocrx_word' id='word_1_105' title='bbox 1319 1717 1728 1774; x_wconf 84' lang='lat' dir='ltr'><strong>redhibitioueni</strong></span> <span class='ocrx_word' id='word_1_106' title='bbox 1761 1722 1984 1776; x_wconf 84' lang='lat' dir='ltr'><strong>retribui</strong></span> <span class='ocrx_word' id='word_1_107' title='bbox 2016 1723 2108 1777; x_wconf 88' lang='lat' dir='ltr'><strong>de-</strong></span> 
     </span>
    </p>
   </div>
   <div class='ocr_carea' id='block_1_17' title="bbox 517 1791 2109 1872">
    <p class='ocr_par' dir='ltr' id='par_1_17' title="bbox 517 1791 2109 1872">
     <span class='ocr_line' id='line_1_17' title="bbox 517 1791 2109 1872; baseline 0.018 -29"><span class='ocrx_word' id='word_1_108' title='bbox 517 1799 625 1844; x_wconf 87' lang='lat' dir='ltr'><strong>cet.</strong></span> <span class='ocrx_word' id='word_1_109' title='bbox 667 1791 867 1853; x_wconf 84' lang='lat' dir='ltr'><strong>Beatus</strong></span> <span class='ocrx_word' id='word_1_110' title='bbox 913 1801 1057 1856; x_wconf 91' lang='lat' dir='ltr'><strong>enim</strong></span> <span class='ocrx_word' id='word_1_111' title='bbox 1108 1805 1200 1872; x_wconf 90' lang='lat' dir='ltr'><strong>qui</strong></span> <span class='ocrx_word' id='word_1_112' title='bbox 1249 1809 1512 1865; x_wconf 87' lang='lat' dir='ltr'><strong>retribuet</strong></span> <span class='ocrx_word' id='word_1_113' title='bbox 1560 1813 1640 1867; x_wconf 89' lang='lat' dir='ltr'><strong>eis</strong></span> <span class='ocrx_word' id='word_1_114' title='bbox 1695 1814 2109 1871; x_wconf 79' lang='lat' dir='ltr'><strong>retributionem</strong></span> 
     </span>
    </p>
   </div>
   <div class='ocr_carea' id='block_1_18' title="bbox 517 1892 2110 1978">
    <p class='ocr_par' dir='ltr' id='par_1_18' title="bbox 517 1892 2110 1978">
     <span class='ocr_line' id='line_1_18' title="bbox 517 1892 2110 1978; baseline 0.018 -45"><span class='ocrx_word' id='word_1_115' title='bbox 517 1892 709 1950; x_wconf 88' lang='lat' dir='ltr'><strong>suam,</strong></span> <span class='ocrx_word' id='word_1_116' title='bbox 758 1901 921 1954; x_wconf 88' lang='lat' dir='ltr'><strong>quam</strong></span> <span class='ocrx_word' id='word_1_117' title='bbox 958 1892 1326 1951; x_wconf 91' lang='lat' dir='ltr'><strong>retribuerunt</strong></span> <span class='ocrx_word' id='word_1_118' title='bbox 1375 1901 1532 1957; x_wconf 83' lang='lat' dir='ltr'><strong>nobis</strong></span> <span class='ocrx_word' id='word_1_119' title='bbox 1571 1901 1747 1973; x_wconf 81' lang='lat' dir='ltr'><strong>(I’sal.</strong></span> <span class='ocrx_word' id='word_1_120' title='bbox 1780 1920 1998 1974; x_wconf 81' lang='lat' dir='ltr'><strong>cxxxw,</strong></span> <span class='ocrx_word' id='word_1_121' title='bbox 2033 1907 2110 1978; x_wconf 87' lang='grc'><strong>8).</strong></span> 
     </span>
    </p>
   </div>
   <div class='ocr_carea' id='block_1_19' title="bbox 516 1969 2112 2068">
    <p class='ocr_par' dir='ltr' id='par_1_19' title="bbox 516 1969 2112 2068">
     <span class='ocr_line' id='line_1_19' title="bbox 516 1969 2112 2068; baseline 0.019 -45"><span class='ocrx_word' id='word_1_122' title='bbox 516 1969 606 2026; x_wconf 86' lang='lat' dir='ltr'><strong>Fit</strong></span> <span class='ocrx_word' id='word_1_123' title='bbox 633 1977 787 2042; x_wconf 86' lang='lat' dir='ltr'><strong>quasi</strong></span> <span class='ocrx_word' id='word_1_124' title='bbox 825 1977 909 2034; x_wconf 83' lang='lat' dir='ltr'><strong>lex</strong></span> <span class='ocrx_word' id='word_1_125' title='bbox 952 1982 1058 2038; x_wconf 90' lang='lat' dir='ltr'><strong>hoc</strong></span> <span class='ocrx_word' id='word_1_126' title='bbox 1093 1985 1146 2040; x_wconf 89' lang='lat' dir='ltr'><strong>in</strong></span> <span class='ocrx_word' id='word_1_127' title='bbox 1195 1989 1436 2045; x_wconf 72' lang='lat' dir='ltr'><strong>universa</strong></span> <span class='ocrx_word' id='word_1_128' title='bbox 1467 1969 1606 2048; x_wconf 84' lang='lat' dir='ltr'><strong>terra</strong></span> <span class='ocrx_word' id='word_1_129' title='bbox 1630 1994 1873 2068; x_wconf 67' lang='lat' dir='ltr'><strong>Egypti,</strong></span> <span class='ocrx_word' id='word_1_130' title='bbox 1903 1999 2030 2052; x_wconf 91' lang='lat' dir='ltr'><strong>dum</strong></span> <span class='ocrx_word' id='word_1_131' title='bbox 2059 1999 2112 2054; x_wconf 91' lang='lat' dir='ltr'><strong>in</strong></span> 
     </span>
    </p>
   </div>
   <div class='ocr_carea' id='block_1_20' title="bbox 518 2065 2114 2162">
    <p class='ocr_par' dir='ltr' id='par_1_20' title="bbox 518 2065 2114 2162">
     <span class='ocr_line' id='line_1_20' title="bbox 518 2065 2114 2162; baseline 0.018 -44"><span class='ocrx_word' id='word_1_132' title='bbox 518 2065 668 2120; x_wconf 89' lang='lat' dir='ltr'><strong>omni</strong></span> <span class='ocrx_word' id='word_1_133' title='bbox 718 2079 906 2128; x_wconf 89' lang='lat' dir='ltr'><strong>nostro</strong></span> <span class='ocrx_word' id='word_1_134' title='bbox 953 2079 1170 2148; x_wconf 79' lang='lat' dir='ltr'><strong>negotio</strong></span> <span class='ocrx_word' id='word_1_135' title='bbox 1217 2084 1476 2140; x_wconf 88' lang='lat' dir='ltr'><strong>exteriori</strong></span> <span class='ocrx_word' id='word_1_136' title='bbox 1545 2087 1813 2146; x_wconf 75' lang='lat' dir='ltr'><strong>inhaerere</strong></span> <span class='ocrx_word' id='word_1_137' title='bbox 1858 2091 2114 2162; x_wconf 85' lang='lat' dir='ltr'><strong>jubemu-r</strong></span> 
     </span>
    </p>
   </div>
   <div class='ocr_carea' id='block_1_21' title="bbox 516 2159 2111 2252">
    <p class='ocr_par' dir='ltr' id='par_1_21' title="bbox 516 2159 2111 2252">
     <span class='ocr_line' id='line_1_21' title="bbox 516 2159 2111 2252; baseline 0.017 -39"><span class='ocrx_word' id='word_1_138' title='bbox 516 2159 718 2226; x_wconf 78' lang='lat' dir='ltr'><strong>regulae</strong></span> <span class='ocrx_word' id='word_1_139' title='bbox 746 2163 854 2220; x_wconf 90' lang='lat' dir='ltr'><strong>isti.</strong></span> <span class='ocrx_word' id='word_1_140' title='bbox 885 2167 1072 2228; x_wconf 81' lang='lat' dir='ltr'><strong>Potest</strong></span> <span class='ocrx_word' id='word_1_141' title='bbox 1095 2185 1272 2231; x_wconf 89' lang='lat' dir='ltr'><strong>autem</strong></span> <span class='ocrx_word' id='word_1_142' title='bbox 1303 2189 1358 2233; x_wconf 86' lang='lat' dir='ltr'><strong>et</strong></span> <span class='ocrx_word' id='word_1_143' title='bbox 1403 2194 1500 2248; x_wconf 90' lang='lat' dir='ltr'><strong>per</strong></span> <span class='ocrx_word' id='word_1_144' title='bbox 1521 2181 1764 2250; x_wconf 87' lang='lat' dir='ltr'><strong>quintam</strong></span> <span class='ocrx_word' id='word_1_145' title='bbox 1798 2159 2004 2252; x_wconf 79' lang='lat' dir='ltr'><strong>partem</strong></span> <span class='ocrx_word' id='word_1_146' title='bbox 2035 2189 2111 2242; x_wconf 89' lang='lat' dir='ltr'><strong>vi-</strong></span> 
     </span>
    </p>
   </div>
   <div class='ocr_carea' id='block_1_22' title="bbox 514 2254 2108 2346">
    <p class='ocr_par' dir='ltr' id='par_1_22' title="bbox 514 2254 2108 2346">
     <span class='ocr_line' id='line_1_22' title="bbox 514 2254 2108 2346; baseline 0.021 -44"><span class='ocrx_word' id='word_1_147' title='bbox 514 2263 610 2304; x_wconf 88' lang='lat' dir='ltr'><strong>sus</strong></span> <span class='ocrx_word' id='word_1_148' title='bbox 630 2254 778 2310; x_wconf 89' lang='lat' dir='ltr'><strong>solus</strong></span> <span class='ocrx_word' id='word_1_149' title='bbox 799 2261 968 2331; x_wconf 86' lang='lat' dir='ltr'><strong>accipi</strong></span> <span class='ocrx_word' id='word_1_150' title='bbox 991 2265 1083 2332; x_wconf 80' lang='lat' dir='ltr'><strong>qui</strong></span> <span class='ocrx_word' id='word_1_151' title='bbox 1115 2269 1425 2336; x_wconf 83' lang='lat' dir='ltr'><strong>specialiter</strong></span> <span class='ocrx_word' id='word_1_152' title='bbox 1449 2272 1828 2346; x_wconf 73' lang='lat' dir='ltr'><strong>funestiusque</strong></span> <span class='ocrx_word' id='word_1_153' title='bbox 1850 2278 2108 2336; x_wconf 89' lang='lat' dir='ltr'><strong>damnum</strong></span> 
     </span>
    </p>
   </div>
   <div class='ocr_carea' id='block_1_23' title="bbox 516 2342 2110 2442">
    <p class='ocr_par' dir='ltr' id='par_1_23' title="bbox 516 2342 2110 2442">
     <span class='ocr_line' id='line_1_23' title="bbox 516 2342 2110 2442; baseline 0.021 -47"><span class='ocrx_word' id='word_1_154' title='bbox 516 2342 756 2414; x_wconf 75' lang='lat' dir='ltr'><strong>inﬂigere</strong></span> <span class='ocrx_word' id='word_1_155' title='bbox 787 2357 1072 2412; x_wconf 81' lang='lat' dir='ltr'><strong>consuevit</strong></span> <span class='ocrx_word' id='word_1_156' title='bbox 1121 2363 1308 2417; x_wconf 87' lang='lat' dir='ltr'><strong>menti.</strong></span> <span class='ocrx_word' id='word_1_157' title='bbox 1365 2364 1485 2434; x_wconf 86' lang='lat' dir='ltr'><strong>Ipse</strong></span> <span class='ocrx_word' id='word_1_158' title='bbox 1525 2369 1681 2421; x_wconf 83' lang='lat' dir='ltr'><strong>.enim</strong></span> <span class='ocrx_word' id='word_1_159' title='bbox 1739 2371 1807 2424; x_wconf 89' lang='lat' dir='ltr'><strong>ab</strong></span> <span class='ocrx_word' id='word_1_160' title='bbox 1851 2371 2110 2442; x_wconf 84' lang='lat' dir='ltr'><strong>Apostolo</strong></span> 
     </span>
    </p>
   </div>
   <div class='ocr_carea' id='block_1_24' title="bbox 511 2439 2112 2529">
    <p class='ocr_par' dir='ltr' id='par_1_24' title="bbox 511 2439 2112 2529">
     <span class='ocr_line' id='line_1_24' title="bbox 511 2439 2112 2529; baseline 0.019 -38"><span class='ocrx_word' id='word_1_161' title='bbox 511 2439 888 2512; x_wconf 74' lang='lat' dir='ltr'><strong>principaliter</strong></span> <span class='ocrx_word' id='word_1_162' title='bbox 925 2452 1254 2520; x_wconf 75' lang='lat' dir='ltr'><strong>exprimitur</strong></span> <span class='ocrx_word' id='word_1_163' title='bbox 1301 2457 1444 2512; x_wconf 90' lang='lat' dir='ltr'><strong>inter</strong></span> <span class='ocrx_word' id='word_1_164' title='bbox 1495 2461 1597 2514; x_wconf 87' lang='lat' dir='ltr'><strong>tria</strong></span> <span class='ocrx_word' id='word_1_165' title='bbox 1629 2461 1750 2529; x_wconf 90' lang='lat' dir='ltr'><strong>illa,</strong></span> <span class='ocrx_word' id='word_1_166' title='bbox 1777 2465 1869 2519; x_wconf 88' lang='lat' dir='ltr'><strong>ubi</strong></span> <span class='ocrx_word' id='word_1_167' title='bbox 1903 2439 2112 2522; x_wconf 79' lang='lat' dir='ltr'><strong>concu-</strong></span> 
     </span>
    </p>
   </div>
   <div class='ocr_carea' id='block_1_25' title="bbox 513 2531 2106 2627">
    <p class='ocr_par' dir='ltr' id='par_1_25' title="bbox 513 2531 2106 2627">
     <span class='ocr_line' id='line_1_25' title="bbox 513 2531 2106 2627; baseline 0.019 -44"><span class='ocrx_word' id='word_1_168' title='bbox 513 2531 780 2598; x_wconf 88' lang='lat' dir='ltr'><strong>piscentia</strong></span> <span class='ocrx_word' id='word_1_169' title='bbox 825 2541 1038 2609; x_wconf 87' lang='lat' dir='ltr'><strong>carnis,</strong></span> <span class='ocrx_word' id='word_1_170' title='bbox 1080 2547 1518 2617; x_wconf 83' lang='lat' dir='ltr'><strong>concupiscentia</strong></span> <span class='ocrx_word' id='word_1_171' title='bbox 1549 2567 1768 2623; x_wconf 86' lang='lat' dir='ltr'><strong>quoque</strong></span> <span class='ocrx_word' id='word_1_172' title='bbox 1803 2556 2106 2627; x_wconf 86' lang='lat' dir='ltr'><strong>oculorum,</strong></span> 
     </span>
    </p>
   </div>
   <div class='ocr_carea' id='block_1_26' title="bbox 514 2626 2110 2717">
    <p class='ocr_par' dir='ltr' id='par_1_26' title="bbox 514 2626 2110 2717">
     <span class='ocr_line' id='line_1_26' title="bbox 514 2626 2110 2717; baseline 0.019 -44"><span class='ocrx_word' id='word_1_173' title='bbox 514 2629 570 2690; x_wconf 86' lang='lat' dir='ltr'><strong>et</strong></span> <span class='ocrx_word' id='word_1_174' title='bbox 596 2626 848 2692; x_wconf 88' lang='lat' dir='ltr'><strong>superbia</strong></span> <span class='ocrx_word' id='word_1_175' title='bbox 877 2629 1001 2686; x_wconf 64' lang='lat' dir='ltr'><strong>vitae</strong></span> <span class='ocrx_word' id='word_1_176' title='bbox 1022 2633 1352 2691; x_wconf 88' lang='lat' dir='ltr'><strong>describitur</strong></span> <span class='ocrx_word' id='word_1_177' title='bbox 1377 2639 1428 2709; x_wconf 90' lang='grc' dir='ltr'><strong>(Ι</strong></span> <span class='ocrx_word' id='word_1_178' title='bbox 1452 2639 1615 2696; x_wconf 85' lang='lat' dir='ltr'><strong>Joan.</strong></span> <span class='ocrx_word' id='word_1_179' title='bbox 1638 2659 1698 2712; x_wconf 87' lang='lat' dir='ltr'><strong>ll,</strong></span> <span class='ocrx_word' id='word_1_180' title='bbox 1731 2647 1853 2717; x_wconf 69' lang='lat'><strong>16);</strong></span> <span class='ocrx_word' id='word_1_181' title='bbox 1877 2648 1966 2703; x_wconf 88' lang='lat' dir='ltr'><strong>ubi</strong></span> <span class='ocrx_word' id='word_1_182' title='bbox 1996 2626 2110 2703; x_wconf 89' lang='lat' dir='ltr'><strong>uui-</strong></span> 
     </span>
    </p>
   </div>
   <div class='ocr_carea' id='block_1_27' title="bbox 513 2717 2112 2801">
    <p class='ocr_par' dir='ltr' id='par_1_27' title="bbox 513 2717 2112 2801">
     <span class='ocr_line' id='line_1_27' title="bbox 513 2717 2112 2801; baseline 0.02 -34"><span class='ocrx_word' id='word_1_183' title='bbox 513 2717 749 2775; x_wconf 87' lang='lat' dir='ltr'><strong>versitas</strong></span> <span class='ocrx_word' id='word_1_184' title='bbox 803 2725 1023 2783; x_wconf 67' lang='lat' dir='ltr'><strong>ntalitize</strong></span> <span class='ocrx_word' id='word_1_185' title='bbox 1059 2733 1558 2801; x_wconf 84' lang='lat' dir='ltr'><strong>comprehenditur.</strong></span> <span class='ocrx_word' id='word_1_186' title='bbox 1599 2738 1768 2794; x_wconf 85' lang='lat' dir='ltr'><strong>Terra</strong></span> <span class='ocrx_word' id='word_1_187' title='bbox 1811 2750 1992 2797; x_wconf 89' lang='lat' dir='ltr'><strong>autem</strong></span> <span class='ocrx_word' id='word_1_188' title='bbox 2024 2759 2112 2798; x_wconf 86' lang='lat' dir='ltr'><strong>sa-</strong></span> 
     </span>
    </p>
   </div>
   <div class='ocr_carea' id='block_1_28' title="bbox 513 2807 2112 2908">
    <p class='ocr_par' dir='ltr' id='par_1_28' title="bbox 513 2807 2112 2908">
     <span class='ocr_line' id='line_1_28' title="bbox 513 2807 2112 2908; baseline 0.021 -49"><span class='ocrx_word' id='word_1_189' title='bbox 513 2807 805 2868; x_wconf 86' lang='lat' dir='ltr'><strong>cerdotalis</strong></span> <span class='ocrx_word' id='word_1_190' title='bbox 834 2813 886 2870; x_wconf 89' lang='lat' dir='ltr'><strong>id</strong></span> <span class='ocrx_word' id='word_1_191' title='bbox 915 2827 1000 2872; x_wconf 82' lang='lat' dir='ltr'><strong>est</strong></span> <span class='ocrx_word' id='word_1_192' title='bbox 1030 2821 1202 2877; x_wconf 87' lang='lat' dir='ltr'><strong>virtus</strong></span> <span class='ocrx_word' id='word_1_193' title='bbox 1231 2826 1511 2884; x_wconf 81' lang='lat' dir='ltr'><strong>rationalis</strong></span> <span class='ocrx_word' id='word_1_194' title='bbox 1543 2829 1630 2886; x_wconf 89' lang='lat' dir='ltr'><strong>his</strong></span> <span class='ocrx_word' id='word_1_195' title='bbox 1655 2847 1933 2903; x_wconf 87' lang='lat' dir='ltr'><strong>nunquam</strong></span> <span class='ocrx_word' id='word_1_196' title='bbox 1969 2838 2112 2908; x_wconf 88' lang='lat' dir='ltr'><strong>regi-</strong></span> 
     </span>
    </p>
   </div>
   <div class='ocr_carea' id='block_1_29' title="bbox 513 2896 2111 2996">
    <p class='ocr_par' dir='ltr' id='par_1_29' title="bbox 513 2896 2111 2996">
     <span class='ocr_line' id='line_1_29' title="bbox 513 2896 2111 2996; baseline 0.019 -46"><span class='ocrx_word' id='word_1_197' title='bbox 513 2896 612 2953; x_wconf 89' lang='lat' dir='ltr'><strong>bus</strong></span> <span class='ocrx_word' id='word_1_198' title='bbox 655 2903 809 2958; x_wconf 86' lang='lat' dir='ltr'><strong>subdi</strong></span> <span class='ocrx_word' id='word_1_199' title='bbox 861 2907 1137 2981; x_wconf 76' lang='lat' dir='ltr'><strong>dignatur,</strong></span> <span class='ocrx_word' id='word_1_200' title='bbox 1192 2916 1316 2983; x_wconf 82' lang='lat' dir='ltr'><strong>quia</strong></span> <span class='ocrx_word' id='word_1_201' title='bbox 1352 2919 1418 2972; x_wconf 91' lang='lat' dir='ltr'><strong>ad</strong></span> <span class='ocrx_word' id='word_1_202' title='bbox 1477 2934 1596 2976; x_wconf 90' lang='lat' dir='ltr'><strong>eam</strong></span> <span class='ocrx_word' id='word_1_203' title='bbox 1640 2896 1875 2991; x_wconf 77' lang='lat' dir='ltr'><strong>pertinet</strong></span> <span class='ocrx_word' id='word_1_204' title='bbox 1918 2937 1977 2980; x_wconf 89' lang='lat' dir='ltr'><strong>ut</strong></span> <span class='ocrx_word' id='word_1_205' title='bbox 2015 2896 2111 2996; x_wconf 54' lang='lat' dir='ltr'><strong>tier</strong></span> 
     </span>
    </p>
   </div>
   <div class='ocr_carea' id='block_1_30' title="bbox 513 3000 1781 3088">
    <p class='ocr_par' dir='ltr' id='par_1_30' title="bbox 513 3000 1781 3088">
     <span class='ocr_line' id='line_1_30' title="bbox 513 3000 1781 3088; baseline 0.02 -44"><span class='ocrx_word' id='word_1_206' title='bbox 513 3005 632 3044; x_wconf 87' lang='lat' dir='ltr'><strong>cam</strong></span> <span class='ocrx_word' id='word_1_207' title='bbox 673 3007 794 3063; x_wconf 73' lang='lat' dir='ltr'><strong>quae</strong></span> <span class='ocrx_word' id='word_1_208' title='bbox 819 3000 1144 3057; x_wconf 86' lang='lat' dir='ltr'><strong>sensualiter</strong></span> <span class='ocrx_word' id='word_1_209' title='bbox 1169 3015 1296 3061; x_wconf 91' lang='lat' dir='ltr'><strong>sunt</strong></span> <span class='ocrx_word' id='word_1_210' title='bbox 1323 3007 1446 3064; x_wconf 67' lang='lat' dir='ltr'><strong>laesa</strong></span> <span class='ocrx_word' id='word_1_211' title='bbox 1479 3022 1781 3088; x_wconf 78' lang='lat' dir='ltr'><strong>curentur.</strong></span> 
     </span>
    </p>
   </div>
   <div class='ocr_carea' id='block_1_31' title="bbox 587 3083 2100 3182">
    <p class='ocr_par' dir='ltr' id='par_1_31' title="bbox 587 3083 2100 3182">
     <span class='ocr_line' id='line_1_31' title="bbox 587 3083 2100 3182; baseline 0.02 -45"><span class='ocrx_word' id='word_1_212' title='bbox 587 3083 746 3144; x_wconf 77' lang='lat' dir='ltr'><strong>Vens.</strong></span> <span class='ocrx_word' id='word_1_213' title='bbox 781 3089 872 3160; x_wconf 76' lang='lat'><strong>27,</strong></span> <span class='ocrx_word' id='word_1_214' title='bbox 905 3093 1084 3182; x_wconf 52' lang='lat'><strong>28.:—</strong></span> <span class='ocrx_word' id='word_1_215' title='bbox 1115 3097 1383 3157; x_wconf 82' lang='lat' dir='ltr'><strong>Habitavit</strong></span> <span class='ocrx_word' id='word_1_216' title='bbox 1417 3121 1542 3176; x_wconf 83' lang='lat' dir='ltr'><strong>ergo</strong></span> <span class='ocrx_word' id='word_1_217' title='bbox 1569 3105 1743 3162; x_wconf 85' lang='lat' dir='ltr'><strong>Israel</strong></span> <span class='ocrx_word' id='word_1_218' title='bbox 1771 3086 1825 3162; x_wconf 86' lang='lat' dir='ltr'><strong>in</strong></span> <span class='ocrx_word' id='word_1_219' title='bbox 1848 3110 2100 3182; x_wconf 62' lang='lat' dir='ltr'><strong>zEgypto,</strong></span> 
     </span>
    </p>
   </div>
   <div class='ocr_carea' id='block_1_32' title="bbox 511 3170 2102 3271">
    <p class='ocr_par' dir='ltr' id='par_1_32' title="bbox 511 3170 2102 3271">
     <span class='ocr_line' id='line_1_32' title="bbox 511 3170 2102 3271; baseline 0.022 -50"><span class='ocrx_word' id='word_1_220' title='bbox 511 3170 566 3250; x_wconf 87' lang='lat' dir='ltr'><strong>id</strong></span> <span class='ocrx_word' id='word_1_221' title='bbox 599 3183 674 3228; x_wconf 84' lang='lat' dir='ltr'><strong>est</strong></span> <span class='ocrx_word' id='word_1_222' title='bbox 710 3175 762 3230; x_wconf 89' lang='lat' dir='ltr'><strong>in</strong></span> <span class='ocrx_word' id='word_1_223' title='bbox 807 3188 949 3234; x_wconf 86' lang='lat' dir='ltr'><strong>terra</strong></span> <span class='ocrx_word' id='word_1_224' title='bbox 989 3181 1204 3251; x_wconf 77' lang='lat' dir='ltr'><strong>Gessen,</strong></span> <span class='ocrx_word' id='word_1_225' title='bbox 1256 3199 1304 3242; x_wconf 88' lang='lat' dir='ltr'><strong>et</strong></span> <span class='ocrx_word' id='word_1_226' title='bbox 1335 3170 1566 3261; x_wconf 67' lang='lat' dir='ltr'><strong>possedit</strong></span> <span class='ocrx_word' id='word_1_227' title='bbox 1614 3212 1762 3261; x_wconf 85' lang='lat' dir='ltr'><strong>eam;</strong></span> <span class='ocrx_word' id='word_1_228' title='bbox 1814 3170 2102 3271; x_wconf 45' lang='lat' dir='ltr'><strong>auct&#39;usque</strong></span> 
     </span>
    </p>
   </div>
   <div class='ocr_carea' id='block_1_33' title="bbox 510 3272 2102 3350">
    <p class='ocr_par' dir='ltr' id='par_1_33' title="bbox 510 3272 2102 3350">
     <span class='ocr_line' id='line_1_33' title="bbox 510 3272 2102 3350; baseline 0.021 -33"><span class='ocrx_word' id='word_1_229' title='bbox 510 3277 604 3334; x_wconf 83' lang='lat' dir='ltr'><strong>est,</strong></span> <span class='ocrx_word' id='word_1_230' title='bbox 657 3279 708 3323; x_wconf 85' lang='lat' dir='ltr'><strong>et</strong></span> <span class='ocrx_word' id='word_1_231' title='bbox 739 3272 1120 3345; x_wconf 75' lang='lat' dir='ltr'><strong>multiplicatus</strong></span> <span class='ocrx_word' id='word_1_232' title='bbox 1143 3281 1319 3338; x_wconf 85' lang='lat' dir='ltr'><strong>nimis.</strong></span> <span class='ocrx_word' id='word_1_233' title='bbox 1357 3283 1425 3338; x_wconf 82' lang='lat' dir='ltr'><strong>Et</strong></span> <span class='ocrx_word' id='word_1_234' title='bbox 1472 3287 1600 3341; x_wconf 78' lang='lat' dir='ltr'><strong>rixit</strong></span> <span class='ocrx_word' id='word_1_235' title='bbox 1646 3288 1702 3343; x_wconf 85' lang='lat' dir='ltr'><strong>in</strong></span> <span class='ocrx_word' id='word_1_236' title='bbox 1732 3307 1793 3345; x_wconf 90' lang='lat' dir='ltr'><strong>ea</strong></span> <span class='ocrx_word' id='word_1_237' title='bbox 1849 3292 2026 3348; x_wconf 85' lang='lat' dir='ltr'><strong>decem</strong></span> <span class='ocrx_word' id='word_1_238' title='bbox 2051 3306 2102 3350; x_wconf 87' lang='lat' dir='ltr'><strong>et</strong></span> 
     </span>
    </p>
   </div>
   <div class='ocr_carea' id='block_1_34' title="bbox 507 3368 2101 3456">
    <p class='ocr_par' dir='ltr' id='par_1_34' title="bbox 507 3368 2101 3456">
     <span class='ocr_line' id='line_1_34' title="bbox 507 3368 2101 3456; baseline 0.02 -45"><span class='ocrx_word' id='word_1_239' title='bbox 507 3371 700 3430; x_wconf 82' lang='lat' dir='ltr'><strong>septem</strong></span> <span class='ocrx_word' id='word_1_240' title='bbox 747 3369 924 3424; x_wconf 83' lang='lat' dir='ltr'><strong>annis.</strong></span> <span class='ocrx_word' id='word_1_241' title='bbox 968 3368 1228 3445; x_wconf 81' lang='lat' dir='ltr'><strong>Factique</strong></span> <span class='ocrx_word' id='word_1_242' title='bbox 1277 3387 1398 3432; x_wconf 87' lang='lat' dir='ltr'><strong>sunt</strong></span> <span class='ocrx_word' id='word_1_243' title='bbox 1451 3396 1630 3436; x_wconf 87' lang='lat' dir='ltr'><strong>onmes</strong></span> <span class='ocrx_word' id='word_1_244' title='bbox 1672 3383 1782 3437; x_wconf 85' lang='lat' dir='ltr'><strong>dies</strong></span> <span class='ocrx_word' id='word_1_245' title='bbox 1832 3385 1950 3440; x_wconf 68' lang='lat' dir='ltr'><strong>vitta</strong></span> <span class='ocrx_word' id='word_1_246' title='bbox 1983 3388 2101 3456; x_wconf 86' lang='lat' dir='ltr'><strong>ejus</strong></span> 
     </span>
    </p>
   </div>
   <div class='ocr_carea' id='block_1_35' title="bbox 507 3463 2102 3540">
    <p class='ocr_par' dir='ltr' id='par_1_35' title="bbox 507 3463 2102 3540">
     <span class='ocr_line' id='line_1_35' title="bbox 507 3463 2102 3540; baseline 0.019 -35"><span class='ocrx_word' id='word_1_247' title='bbox 507 3463 712 3510; x_wconf 80' lang='lat' dir='ltr'><strong>centum</strong></span> <span class='ocrx_word' id='word_1_248' title='bbox 756 3463 1108 3532; x_wconf 78' lang='lat' dir='ltr'><strong>quadraginta</strong></span> <span class='ocrx_word' id='word_1_249' title='bbox 1161 3477 1208 3521; x_wconf 86' lang='lat' dir='ltr'><strong>et</strong></span> <span class='ocrx_word' id='word_1_250' title='bbox 1256 3480 1447 3540; x_wconf 82' lang='lat' dir='ltr'><strong>septem</strong></span> <span class='ocrx_word' id='word_1_251' title='bbox 1495 3490 1777 3532; x_wconf 84' lang='lat' dir='ltr'><strong>annorum.</strong></span> <span class='ocrx_word' id='word_1_252' title='bbox 1831 3477 2004 3534; x_wconf 86' lang='lat' dir='ltr'><strong>Israel</strong></span> <span class='ocrx_word' id='word_1_253' title='bbox 2046 3483 2102 3536; x_wconf 88' lang='lat' dir='ltr'><strong>in</strong></span> 
     </span>
    </p>
   </div>
   <div class='ocr_carea' id='block_1_36' title="bbox 509 3540 2102 3632">
    <p class='ocr_par' dir='ltr' id='par_1_36' title="bbox 509 3540 2102 3632">
     <span class='ocr_line' id='line_1_36' title="bbox 509 3540 2102 3632; baseline 0.022 -39"><span class='ocrx_word' id='word_1_254' title='bbox 509 3540 742 3614; x_wconf 63' lang='lat' dir='ltr'><strong>zEgypto</strong></span> <span class='ocrx_word' id='word_1_255' title='bbox 767 3548 996 3619; x_wconf 83' lang='lat' dir='ltr'><strong>habitat,</strong></span> <span class='ocrx_word' id='word_1_256' title='bbox 1029 3556 1156 3610; x_wconf 91' lang='lat' dir='ltr'><strong>dum</strong></span> <span class='ocrx_word' id='word_1_257' title='bbox 1203 3559 1448 3630; x_wconf 85' lang='lat' dir='ltr'><strong>spiritus,</strong></span> <span class='ocrx_word' id='word_1_258' title='bbox 1490 3564 1584 3632; x_wconf 88' lang='lat' dir='ltr'><strong>qui</strong></span> <span class='ocrx_word' id='word_1_259' title='bbox 1617 3582 1740 3620; x_wconf 86' lang='lat' dir='ltr'><strong>cum</strong></span> <span class='ocrx_word' id='word_1_260' title='bbox 1775 3569 1886 3624; x_wconf 82' lang='lat' dir='ltr'><strong>Deo</strong></span> <span class='ocrx_word' id='word_1_261' title='bbox 1919 3569 1972 3624; x_wconf 91' lang='lat' dir='ltr'><strong>in</strong></span> <span class='ocrx_word' id='word_1_262' title='bbox 2009 3586 2102 3628; x_wconf 86' lang='lat' dir='ltr'><strong>no-</strong></span> 
     </span>
    </p>
   </div>
   <div class='ocr_carea' id='block_1_37' title="bbox 507 3631 2102 3732">
    <p class='ocr_par' dir='ltr' id='par_1_37' title="bbox 507 3631 2102 3732">
     <span class='ocr_line' id='line_1_37' title="bbox 507 3631 2102 3732; baseline 0.02 -46"><span class='ocrx_word' id='word_1_263' title='bbox 507 3631 595 3689; x_wconf 87' lang='lat' dir='ltr'><strong>bis</strong></span> <span class='ocrx_word' id='word_1_264' title='bbox 634 3638 994 3712; x_wconf 86' lang='lat' dir='ltr'><strong>priucipatur,</strong></span> <span class='ocrx_word' id='word_1_265' title='bbox 1043 3650 1198 3716; x_wconf 91' lang='lat' dir='ltr'><strong>quasi</strong></span> <span class='ocrx_word' id='word_1_266' title='bbox 1250 3651 1430 3708; x_wconf 84' lang='lat' dir='ltr'><strong>lumen</strong></span> <span class='ocrx_word' id='word_1_267' title='bbox 1474 3631 1618 3710; x_wconf 87' lang='lat' dir='ltr'><strong>inter</strong></span> <span class='ocrx_word' id='word_1_268' title='bbox 1655 3660 1912 3715; x_wconf 81' lang='lat' dir='ltr'><strong>tenebras</strong></span> <span class='ocrx_word' id='word_1_269' title='bbox 1944 3662 2102 3732; x_wconf 86' lang='lat' dir='ltr'><strong>hujus</strong></span> 
     </span>
    </p>
   </div>
   <div class='ocr_carea' id='block_1_38' title="bbox 510 3729 2100 3825">
    <p class='ocr_par' dir='ltr' id='par_1_38' title="bbox 510 3729 2100 3825">
     <span class='ocr_line' id='line_1_38' title="bbox 510 3729 2100 3825; baseline 0.019 -45"><span class='ocrx_word' id='word_1_270' title='bbox 510 3729 694 3784; x_wconf 64' lang='lat' dir='ltr'><strong>saiculi</strong></span> <span class='ocrx_word' id='word_1_271' title='bbox 747 3733 1058 3793; x_wconf 84' lang='lat' dir='ltr'><strong>dominatur</strong></span> <span class='ocrx_word' id='word_1_272' title='bbox 1095 3748 1152 3794; x_wconf 90' lang='lat' dir='ltr'><strong>et</strong></span> <span class='ocrx_word' id='word_1_273' title='bbox 1195 3742 1448 3811; x_wconf 89' lang='lat' dir='ltr'><strong>imperat.</strong></span> <span class='ocrx_word' id='word_1_274' title='bbox 1478 3747 1644 3803; x_wconf 84' lang='lat' dir='ltr'><strong>Israel</strong></span> <span class='ocrx_word' id='word_1_275' title='bbox 1677 3751 1822 3806; x_wconf 88' lang='lat' dir='ltr'><strong>enim</strong></span> <span class='ocrx_word' id='word_1_276' title='bbox 1863 3729 2100 3825; x_wconf 78' lang='lat' dir='ltr'><strong>princeps</strong></span> 
     </span>
    </p>
   </div>
   <div class='ocr_carea' id='block_1_39' title="bbox 511 3826 2100 3921">
    <p class='ocr_par' dir='ltr' id='par_1_39' title="bbox 511 3826 2100 3921">
     <span class='ocr_line' id='line_1_39' title="bbox 511 3826 2100 3921; baseline 0.019 -45"><span class='ocrx_word' id='word_1_277' title='bbox 511 3839 632 3878; x_wconf 88' lang='lat' dir='ltr'><strong>cum</strong></span> <span class='ocrx_word' id='word_1_278' title='bbox 669 3826 781 3882; x_wconf 87' lang='lat' dir='ltr'><strong>Deo</strong></span> <span class='ocrx_word' id='word_1_279' title='bbox 831 3831 1059 3901; x_wconf 86' lang='lat' dir='ltr'><strong>dicitur;</strong></span> <span class='ocrx_word' id='word_1_280' title='bbox 1105 3845 1162 3892; x_wconf 83' lang='lat' dir='ltr'><strong>et</strong></span> <span class='ocrx_word' id='word_1_281' title='bbox 1197 3839 1446 3895; x_wconf 86' lang='lat' dir='ltr'><strong>habitare</strong></span> <span class='ocrx_word' id='word_1_282' title='bbox 1475 3842 1693 3912; x_wconf 89' lang='lat' dir='ltr'><strong>ponitur</strong></span> <span class='ocrx_word' id='word_1_283' title='bbox 1720 3861 1820 3916; x_wconf 89' lang='lat' dir='ltr'><strong>pro</strong></span> <span class='ocrx_word' id='word_1_284' title='bbox 1863 3864 1929 3904; x_wconf 90' lang='lat' dir='ltr'><strong>eo</strong></span> <span class='ocrx_word' id='word_1_285' title='bbox 1955 3855 2100 3921; x_wconf 88' lang='lat' dir='ltr'><strong>quod</strong></span> 
     </span>
    </p>
   </div>
   <div class='ocr_carea' id='block_1_40' title="bbox 509 3921 2097 4006">
    <p class='ocr_par' dir='ltr' id='par_1_40' title="bbox 509 3921 2097 4006">
     <span class='ocr_line' id='line_1_40' title="bbox 509 3921 2097 4006; baseline 0.021 -39"><span class='ocrx_word' id='word_1_286' title='bbox 509 3923 615 3982; x_wconf 89' lang='lat' dir='ltr'><strong>est,</strong></span> <span class='ocrx_word' id='word_1_287' title='bbox 645 3921 931 3978; x_wconf 83' lang='lat' dir='ltr'><strong>dominari.</strong></span> <span class='ocrx_word' id='word_1_288' title='bbox 987 3926 1250 3984; x_wconf 82' lang='lat' dir='ltr'><strong>Versatur</strong></span> <span class='ocrx_word' id='word_1_289' title='bbox 1278 3932 1335 3986; x_wconf 88' lang='lat' dir='ltr'><strong>in</strong></span> <span class='ocrx_word' id='word_1_290' title='bbox 1373 3943 1512 3990; x_wconf 89' lang='lat' dir='ltr'><strong>terra</strong></span> <span class='ocrx_word' id='word_1_291' title='bbox 1543 3936 1756 4006; x_wconf 81' lang='lat' dir='ltr'><strong>Gessen,</strong></span> <span class='ocrx_word' id='word_1_292' title='bbox 1798 3951 1857 3996; x_wconf 91' lang='lat' dir='ltr'><strong>ut</strong></span> <span class='ocrx_word' id='word_1_293' title='bbox 1884 3943 2097 3999; x_wconf 90' lang='lat' dir='ltr'><strong>subtili-</strong></span> 
     </span>
    </p>
   </div>
   <div class='ocr_carea' id='block_1_41' title="bbox 510 4018 2098 4110">
    <p class='ocr_par' dir='ltr' id='par_1_41' title="bbox 510 4018 2098 4110">
     <span class='ocr_line' id='line_1_41' title="bbox 510 4018 2098 4110; baseline 0.019 -44"><span class='ocrx_word' id='word_1_294' title='bbox 510 4021 599 4068; x_wconf 90' lang='lat' dir='ltr'><strong>ter</strong></span> <span class='ocrx_word' id='word_1_295' title='bbox 629 4018 914 4087; x_wconf 87' lang='lat' dir='ltr'><strong>appropiet</strong></span> <span class='ocrx_word' id='word_1_296' title='bbox 961 4021 1028 4077; x_wconf 86' lang='lat' dir='ltr'><strong>ad</strong></span> <span class='ocrx_word' id='word_1_297' title='bbox 1055 4023 1173 4078; x_wconf 85' lang='lat' dir='ltr'><strong>vitii</strong></span> <span class='ocrx_word' id='word_1_298' title='bbox 1225 4026 1484 4099; x_wconf 88' lang='lat' dir='ltr'><strong>cujusque</strong></span> <span class='ocrx_word' id='word_1_299' title='bbox 1519 4033 1889 4106; x_wconf 78' lang='lat' dir='ltr'><strong>reb-agaturus</strong></span> <span class='ocrx_word' id='word_1_300' title='bbox 1916 4039 2098 4110; x_wconf 86' lang='lat' dir='ltr'><strong>palpa-</strong></span> 
     </span>
    </p>
   </div>
   <div class='ocr_carea' id='block_1_42' title="bbox 511 4103 2101 4198">
    <p class='ocr_par' dir='ltr' id='par_1_42' title="bbox 511 4103 2101 4198">
     <span class='ocr_line' id='line_1_42' title="bbox 511 4103 2101 4198; baseline 0.019 -40"><span class='ocrx_word' id='word_1_301' title='bbox 511 4103 739 4164; x_wconf 86' lang='lat' dir='ltr'><strong>tionem.</strong></span> <span class='ocrx_word' id='word_1_302' title='bbox 785 4107 925 4166; x_wconf 86' lang='lat' dir='ltr'><strong>Eam</strong></span> <span class='ocrx_word' id='word_1_303' title='bbox 952 4116 1211 4186; x_wconf 84' lang='lat' dir='ltr'><strong>possidet,</strong></span> <span class='ocrx_word' id='word_1_304' title='bbox 1243 4135 1364 4176; x_wconf 88' lang='lat' dir='ltr'><strong>cum</strong></span> <span class='ocrx_word' id='word_1_305' title='bbox 1395 4123 1575 4180; x_wconf 82' lang='lat' dir='ltr'><strong>debito</strong></span> <span class='ocrx_word' id='word_1_306' title='bbox 1608 4103 1709 4183; x_wconf 82' lang='lat' dir='ltr'><strong>sibi</strong></span> <span class='ocrx_word' id='word_1_307' title='bbox 1747 4128 1871 4198; x_wconf 85' lang='lat' dir='ltr'><strong>jure</strong></span> <span class='ocrx_word' id='word_1_308' title='bbox 1914 4103 2101 4188; x_wconf 78' lang='lat' dir='ltr'><strong>colen-</strong></span> 
     </span>
    </p>
   </div>
   <div class='ocr_carea' id='block_1_43' title="bbox 512 4200 2096 4280">
    <p class='ocr_par' dir='ltr' id='par_1_43' title="bbox 512 4200 2096 4280">
     <span class='ocr_line' id='line_1_43' title="bbox 512 4200 2096 4280; baseline 0.019 -30"><span class='ocrx_word' id='word_1_309' title='bbox 512 4201 636 4252; x_wconf 82' lang='lat' dir='ltr'><strong>dam</strong></span> <span class='ocrx_word' id='word_1_310' title='bbox 665 4200 832 4256; x_wconf 87' lang='lat' dir='ltr'><strong>etiam</strong></span> <span class='ocrx_word' id='word_1_311' title='bbox 889 4215 1078 4262; x_wconf 89' lang='lat' dir='ltr'><strong>contra</strong></span> <span class='ocrx_word' id='word_1_312' title='bbox 1131 4217 1464 4270; x_wconf 88' lang='lat' dir='ltr'><strong>teutamenla</strong></span> <span class='ocrx_word' id='word_1_313' title='bbox 1495 4217 1830 4277; x_wconf 88' lang='lat' dir='ltr'><strong>del‘enditac</strong></span> <span class='ocrx_word' id='word_1_314' title='bbox 1877 4224 2096 4280; x_wconf 90' lang='lat' dir='ltr'><strong>retinet.</strong></span> 
     </span>
    </p>
   </div>
   <div class='ocr_carea' id='block_1_44' title="bbox 507 4288 2095 4384">
    <p class='ocr_par' dir='ltr' id='par_1_44' title="bbox 507 4288 2095 4384">
     <span class='ocr_line' id='line_1_44' title="bbox 507 4288 2095 4384; baseline 0.019 -41"><span class='ocrx_word' id='word_1_315' title='bbox 507 4288 754 4359; x_wconf 81' lang='lat' dir='ltr'><strong>Augetur</strong></span> <span class='ocrx_word' id='word_1_316' title='bbox 799 4303 856 4350; x_wconf 88' lang='lat' dir='ltr'><strong>et</strong></span> <span class='ocrx_word' id='word_1_317' title='bbox 887 4298 1280 4371; x_wconf 78' lang='lat' dir='ltr'><strong>multiplicatur</strong></span> <span class='ocrx_word' id='word_1_318' title='bbox 1328 4308 1504 4376; x_wconf 82' lang='lat' dir='ltr'><strong>nimis,</strong></span> <span class='ocrx_word' id='word_1_319' title='bbox 1536 4311 1659 4380; x_wconf 89' lang='lat' dir='ltr'><strong>quia</strong></span> <span class='ocrx_word' id='word_1_320' title='bbox 1705 4329 1973 4384; x_wconf 88' lang='lat' dir='ltr'><strong>nusquam</strong></span> <span class='ocrx_word' id='word_1_321' title='bbox 1999 4332 2095 4372; x_wconf 89' lang='lat' dir='ltr'><strong>co-</strong></span> 
     </span>
    </p>
   </div>
   <div class='ocr_carea' id='block_1_45' title="bbox 508 4382 2099 4474">
    <p class='ocr_par' dir='ltr' id='par_1_45' title="bbox 508 4382 2099 4474">
     <span class='ocr_line' id='line_1_45' title="bbox 508 4382 2099 4474; baseline 0.019 -37"><span class='ocrx_word' id='word_1_322' title='bbox 508 4382 712 4474; x_wconf 48' lang='lat' dir='ltr'><strong>piosior</strong></span> <span class='ocrx_word' id='word_1_323' title='bbox 738 4385 971 4446; x_wconf 80' lang='lat' dir='ltr'><strong>cllicitur</strong></span> <span class='ocrx_word' id='word_1_324' title='bbox 995 4395 1241 4465; x_wconf 87' lang='lat' dir='ltr'><strong>spiritus,</strong></span> <span class='ocrx_word' id='word_1_325' title='bbox 1273 4415 1435 4470; x_wconf 80' lang='lat' dir='ltr'><strong>quam</strong></span> <span class='ocrx_word' id='word_1_326' title='bbox 1473 4418 1572 4474; x_wconf 89' lang='lat' dir='ltr'><strong>per</strong></span> <span class='ocrx_word' id='word_1_327' title='bbox 1600 4421 1756 4462; x_wconf 89' lang='lat' dir='ltr'><strong>usum</strong></span> <span class='ocrx_word' id='word_1_328' title='bbox 1787 4382 2099 4466; x_wconf 72' lang='lat' dir='ltr'><strong>citercitaue</strong></span> 
     </span>
    </p>
   </div>
   <div class='ocr_carea' id='block_1_46' title="bbox 1351 295 3022 358">
    <p class='ocr_par' dir='ltr' id='par_1_46' title="bbox 1351 295 3022 358">
     <span class='ocr_line' id='line_1_46' title="bbox 1351 295 3022 358; baseline 0.004 -6"><span class='ocrx_word' id='word_1_329' title='bbox 1351 298 1412 355; x_wconf 85' lang='lat' dir='ltr'><strong>V.</strong></span> <span class='ocrx_word' id='word_1_330' title='bbox 1453 298 1778 356; x_wconf 78' lang='lat' dir='ltr'><strong>GUIBERTI</strong></span> <span class='ocrx_word' id='word_1_331' title='bbox 1808 295 2102 355; x_wconf 80' lang='lat' dir='ltr'><strong>ABBATIS</strong></span> <span class='ocrx_word' id='word_1_332' title='bbox 2125 295 2183 352; x_wconf 90' lang='lat' dir='ltr'><strong>S.</strong></span> <span class='ocrx_word' id='word_1_333' title='bbox 2220 296 2461 355; x_wconf 71' lang='lat' dir='ltr'><strong>MARIIE</strong></span> <span class='ocrx_word' id='word_1_334' title='bbox 2501 299 2590 356; x_wconf 87' lang='lat' dir='ltr'><strong>DE</strong></span> <span class='ocrx_word' id='word_1_335' title='bbox 2629 297 3022 358; x_wconf 77' lang='lat' dir='ltr'><strong>NOVIGENTO</strong></span> 
     </span>
    </p>
   </div>
   <div class='ocr_carea' id='block_1_47' title="bbox 3752 315 3884 373">
    <p class='ocr_par' dir='ltr' id='par_1_47' title="bbox 3752 315 3884 373">
     <span class='ocr_line' id='line_1_47' title="bbox 3752 315 3884 373; baseline 0.045 -6"><span class='ocrx_word' id='word_1_336' title='bbox 3752 315 3884 373; x_wconf 73' lang='grc' dir='ltr'><strong>ζ’)ιό</strong></span> 
     </span>
    </p>
   </div>
   <div class='ocr_carea' id='block_1_48' title="bbox 2146 415 3875 500">
    <p class='ocr_par' dir='ltr' id='par_1_48' title="bbox 2146 415 3875 500">
     <span class='ocr_line' id='line_1_48' title="bbox 2146 415 3875 500; baseline 0.013 -35"><span class='ocrx_word' id='word_1_337' title='bbox 2146 415 2199 473; x_wconf 77' lang='grc' dir='ltr'>Α</span> <span class='ocrx_word' id='word_1_338' title='bbox 2225 421 2428 482; x_wconf 85' lang='lat' dir='ltr'><strong>quante</strong></span> <span class='ocrx_word' id='word_1_339' title='bbox 2452 415 2624 484; x_wconf 79' lang='lat' dir='ltr'><strong>ﬁlium</strong></span> <span class='ocrx_word' id='word_1_340' title='bbox 2653 426 2836 482; x_wconf 87' lang='lat' dir='ltr'><strong>vocat,</strong></span> <span class='ocrx_word' id='word_1_341' title='bbox 2862 434 2984 472; x_wconf 82' lang='lat' dir='ltr'><strong>cum</strong></span> <span class='ocrx_word' id='word_1_342' title='bbox 3017 419 3138 476; x_wconf 89' lang='lat' dir='ltr'><strong>lucc</strong></span> <span class='ocrx_word' id='word_1_343' title='bbox 3179 427 3390 480; x_wconf 62' lang='lat' dir='ltr'><strong>interna</strong></span> <span class='ocrx_word' id='word_1_344' title='bbox 3422 427 3490 482; x_wconf 89' lang='lat' dir='ltr'><strong>ad</strong></span> <span class='ocrx_word' id='word_1_345' title='bbox 3519 427 3611 484; x_wconf 91' lang='lat' dir='ltr'><strong>sui</strong></span> <span class='ocrx_word' id='word_1_346' title='bbox 3657 427 3875 500; x_wconf 79' lang='lat' dir='ltr'><strong>ipsius</strong></span> 
     </span>
    </p>
   </div>
   <div class='ocr_carea' id='block_1_49' title="bbox 2222 506 3869 585">
    <p class='ocr_par' dir='ltr' id='par_1_49' title="bbox 2222 506 3869 585">
     <span class='ocr_line' id='line_1_49' title="bbox 2222 506 3869 585; baseline 0.012 -25"><span class='ocrx_word' id='word_1_347' title='bbox 2222 506 2592 564; x_wconf 86' lang='lat' dir='ltr'><strong>omnimodam</strong></span> <span class='ocrx_word' id='word_1_348' title='bbox 2637 509 3146 579; x_wconf 81' lang='lat' dir='ltr'><strong>mortiﬁcationem,</strong></span> <span class='ocrx_word' id='word_1_349' title='bbox 3175 527 3440 585; x_wconf 89' lang='lat' dir='ltr'><strong>quantum</strong></span> <span class='ocrx_word' id='word_1_350' title='bbox 3463 521 3529 576; x_wconf 84' lang='lat' dir='ltr'><strong>ad</strong></span> <span class='ocrx_word' id='word_1_351' title='bbox 3559 525 3869 580; x_wconf 58' lang='lat' dir='ltr'><strong>saxulum</strong></span> 
     </span>
    </p>
   </div>
   <div class='ocr_carea' id='block_1_50' title="bbox 2221 599 3862 686">
    <p class='ocr_par' dir='ltr' id='par_1_50' title="bbox 2221 599 3862 686">
     <span class='ocr_line' id='line_1_50' title="bbox 2221 599 3862 686; baseline 0.013 -32"><span class='ocrx_word' id='word_1_352' title='bbox 2221 599 2535 667; x_wconf 87' lang='lat' dir='ltr'><strong>seducente,</strong></span> <span class='ocrx_word' id='word_1_353' title='bbox 2566 602 2632 656; x_wconf 90' lang='lat' dir='ltr'><strong>ad</strong></span> <span class='ocrx_word' id='word_1_354' title='bbox 2664 603 3152 663; x_wconf 86' lang='lat' dir='ltr'><strong>intellectualitatis</strong></span> <span class='ocrx_word' id='word_1_355' title='bbox 3181 609 3538 682; x_wconf 84' lang='lat' dir='ltr'><strong>desiderium,</strong></span> <span class='ocrx_word' id='word_1_356' title='bbox 3565 619 3752 686; x_wconf 86' lang='lat' dir='ltr'><strong>quasi</strong></span> <span class='ocrx_word' id='word_1_357' title='bbox 3785 622 3862 675; x_wconf 81' lang='lat' dir='ltr'><strong>ad</strong></span> 
     </span>
    </p>
   </div>
   <div class='ocr_carea' id='block_1_51' title="bbox 2218 688 3868 766">
    <p class='ocr_par' dir='ltr' id='par_1_51' title="bbox 2218 688 3868 766">
     <span class='ocr_line' id='line_1_51' title="bbox 2218 688 3868 766; baseline 0.013 -21"><span class='ocrx_word' id='word_1_358' title='bbox 2218 688 2390 747; x_wconf 82' lang='lat' dir='ltr'><strong>lilium</strong></span> <span class='ocrx_word' id='word_1_359' title='bbox 2447 694 2673 764; x_wconf 89' lang='lat' dir='ltr'><strong>spiritus</strong></span> <span class='ocrx_word' id='word_1_360' title='bbox 2716 707 2902 753; x_wconf 88' lang='lat' dir='ltr'><strong>noster</strong></span> <span class='ocrx_word' id='word_1_361' title='bbox 2953 700 3190 756; x_wconf 87' lang='lat' dir='ltr'><strong>recurrit</strong></span> <span class='ocrx_word' id='word_1_362' title='bbox 3250 712 3306 760; x_wconf 89' lang='lat' dir='ltr'><strong>et</strong></span> <span class='ocrx_word' id='word_1_363' title='bbox 3347 705 3542 763; x_wconf 89' lang='lat' dir='ltr'><strong>inhiat.</strong></span> <span class='ocrx_word' id='word_1_364' title='bbox 3575 701 3868 766; x_wconf 66' lang='lat' dir='ltr'><strong>Gratiam:</strong></span> 
     </span>
    </p>
   </div>
   <div class='ocr_carea' id='block_1_52' title="bbox 2217 781 3864 864">
    <p class='ocr_par' dir='ltr' id='par_1_52' title="bbox 2217 781 3864 864">
     <span class='ocr_line' id='line_1_52' title="bbox 2217 781 3864 864; baseline 0.014 -29"><span class='ocrx_word' id='word_1_365' title='bbox 2217 781 2273 836; x_wconf 91' lang='lat' dir='ltr'><strong>in</strong></span> <span class='ocrx_word' id='word_1_366' title='bbox 2300 794 2578 854; x_wconf 85' lang='lat' dir='ltr'><strong>conspectu</strong></span> <span class='ocrx_word' id='word_1_367' title='bbox 2603 784 2956 852; x_wconf 75' lang='lat' dir='ltr'><strong>invenit,cum</strong></span> <span class='ocrx_word' id='word_1_368' title='bbox 2971 789 3089 860; x_wconf 90' lang='lat' dir='ltr'><strong>ejus</strong></span> <span class='ocrx_word' id='word_1_369' title='bbox 3120 803 3409 864; x_wconf 89' lang='lat' dir='ltr'><strong>suppetere</strong></span> <span class='ocrx_word' id='word_1_370' title='bbox 3428 797 3531 854; x_wconf 91' lang='lat' dir='ltr'><strong>sibi</strong></span> <span class='ocrx_word' id='word_1_371' title='bbox 3559 799 3864 857; x_wconf 85' lang='lat' dir='ltr'><strong>alacrita-</strong></span> 
     </span>
    </p>
   </div>
   <div class='ocr_carea' id='block_1_53' title="bbox 2219 875 3868 967">
    <p class='ocr_par' dir='ltr' id='par_1_53' title="bbox 2219 875 3868 967">
     <span class='ocr_line' id='line_1_53' title="bbox 2219 875 3868 967; baseline 0.017 -40"><span class='ocrx_word' id='word_1_372' title='bbox 2219 880 2324 928; x_wconf 87' lang='lat' dir='ltr'><strong>tem</strong></span> <span class='ocrx_word' id='word_1_373' title='bbox 2358 875 2544 930; x_wconf 86' lang='lat' dir='ltr'><strong>sentit.</strong></span> <span class='ocrx_word' id='word_1_374' title='bbox 2574 877 2783 934; x_wconf 83' lang='lat' dir='ltr'><strong>Ponere</strong></span> <span class='ocrx_word' id='word_1_375' title='bbox 2809 882 2856 934; x_wconf 90' lang='lat' dir='ltr'><strong>ei</strong></span> <span class='ocrx_word' id='word_1_376' title='bbox 2883 899 3102 938; x_wconf 84' lang='lat' dir='ltr'><strong>manum</strong></span> <span class='ocrx_word' id='word_1_377' title='bbox 3130 887 3224 941; x_wconf 89' lang='lat' dir='ltr'><strong>sub</strong></span> <span class='ocrx_word' id='word_1_378' title='bbox 3256 889 3476 959; x_wconf 81' lang='lat' dir='ltr'><strong>femore,</strong></span> <span class='ocrx_word' id='word_1_379' title='bbox 3515 904 3607 950; x_wconf 88' lang='lat' dir='ltr'><strong>est</strong></span> <span class='ocrx_word' id='word_1_380' title='bbox 3631 895 3868 967; x_wconf 77' lang='lat' dir='ltr'><strong>opera-</strong></span> 
     </span>
    </p>
   </div>
   <div class='ocr_carea' id='block_1_54' title="bbox 2219 967 3866 1050">
    <p class='ocr_par' dir='ltr' id='par_1_54' title="bbox 2219 967 3866 1050">
     <span class='ocr_line' id='line_1_54' title="bbox 2219 967 3866 1050; baseline 0.018 -32"><span class='ocrx_word' id='word_1_381' title='bbox 2219 967 2351 1020; x_wconf 90' lang='lat' dir='ltr'><strong>tioni</strong></span> <span class='ocrx_word' id='word_1_382' title='bbox 2381 968 2487 1022; x_wconf 89' lang='lat' dir='ltr'><strong>vim</strong></span> <span class='ocrx_word' id='word_1_383' title='bbox 2517 969 2744 1028; x_wconf 73' lang='lat' dir='ltr'><strong>interna:</strong></span> <span class='ocrx_word' id='word_1_384' title='bbox 2792 975 3063 1043; x_wconf 86' lang='lat' dir='ltr'><strong>veritatis,</strong></span> <span class='ocrx_word' id='word_1_385' title='bbox 3094 980 3160 1034; x_wconf 89' lang='lat' dir='ltr'><strong>de</strong></span> <span class='ocrx_word' id='word_1_386' title='bbox 3187 995 3293 1050; x_wconf 87' lang='lat' dir='ltr'><strong>qua</strong></span> <span class='ocrx_word' id='word_1_387' title='bbox 3333 985 3532 1042; x_wconf 62' lang='lat' dir='ltr'><strong>divina</strong></span> <span class='ocrx_word' id='word_1_388' title='bbox 3591 991 3866 1048; x_wconf 84' lang='lat' dir='ltr'><strong>rationis</strong></span> 
     </span>
    </p>
   </div>
   <div class='ocr_carea' id='block_1_55' title="bbox 2217 1061 3864 1142">
    <p class='ocr_par' dir='ltr' id='par_1_55' title="bbox 2217 1061 3864 1142">
     <span class='ocr_line' id='line_1_55' title="bbox 2217 1061 3864 1142; baseline 0.016 -28"><span class='ocrx_word' id='word_1_389' title='bbox 2217 1072 2404 1116; x_wconf 86' lang='lat' dir='ltr'><strong>semen</strong></span> <span class='ocrx_word' id='word_1_390' title='bbox 2455 1061 2754 1134; x_wconf 84' lang='lat' dir='ltr'><strong>egreditur,</strong></span> <span class='ocrx_word' id='word_1_391' title='bbox 2786 1068 3135 1142; x_wconf 81' lang='lat' dir='ltr'><strong>subjungere.</strong></span> <span class='ocrx_word' id='word_1_392' title='bbox 3181 1072 3446 1134; x_wconf 88' lang='lat' dir='ltr'><strong>Convenit</strong></span> <span class='ocrx_word' id='word_1_393' title='bbox 3481 1081 3636 1137; x_wconf 89' lang='lat' dir='ltr'><strong>enim</strong></span> <span class='ocrx_word' id='word_1_394' title='bbox 3694 1084 3864 1142; x_wconf 81' lang='lat' dir='ltr'><strong>hanc</strong></span> 
     </span>
    </p>
   </div>
   <div class='ocr_carea' id='block_1_56' title="bbox 2217 1159 3862 1242">
    <p class='ocr_par' dir='ltr' id='par_1_56' title="bbox 2217 1159 3862 1242">
     <span class='ocr_line' id='line_1_56' title="bbox 2217 1159 3862 1242; baseline 0.016 -33"><span class='ocrx_word' id='word_1_395' title='bbox 2217 1167 2282 1209; x_wconf 72' lang='lat' dir='ltr'><strong>ex</strong></span> <span class='ocrx_word' id='word_1_396' title='bbox 2315 1168 2379 1209; x_wconf 92' lang='lat' dir='ltr'><strong>eo</strong></span> <span class='ocrx_word' id='word_1_397' title='bbox 2427 1159 2724 1215; x_wconf 90' lang='lat' dir='ltr'><strong>seminario</strong></span> <span class='ocrx_word' id='word_1_398' title='bbox 2765 1177 2830 1218; x_wconf 91' lang='lat' dir='ltr'><strong>ac</strong></span> <span class='ocrx_word' id='word_1_399' title='bbox 2861 1165 2904 1218; x_wconf 93' lang='lat' dir='ltr'><strong>si</strong></span> <span class='ocrx_word' id='word_1_400' title='bbox 2930 1179 2995 1220; x_wconf 85' lang='lat' dir='ltr'><strong>ex</strong></span> <span class='ocrx_word' id='word_1_401' title='bbox 3035 1169 3572 1242; x_wconf 65' lang='lat' dir='ltr'><strong>regula‘dependere.</strong></span> <span class='ocrx_word' id='word_1_402' title='bbox 3623 1178 3862 1234; x_wconf 74' lang='lat' dir='ltr'><strong>Femur</strong></span> 
     </span>
    </p>
   </div>
   <div class='ocr_carea' id='block_1_57' title="bbox 2218 1251 3860 1329">
    <p class='ocr_par' dir='ltr' id='par_1_57' title="bbox 2218 1251 3860 1329">
     <span class='ocr_line' id='line_1_57' title="bbox 2218 1251 3860 1329; baseline 0.019 -32"><span class='ocrx_word' id='word_1_403' title='bbox 2218 1253 2399 1299; x_wconf 89' lang='lat' dir='ltr'><strong>autem</strong></span> <span class='ocrx_word' id='word_1_404' title='bbox 2430 1251 2869 1322; x_wconf 85' lang='lat' dir='ltr'><strong>propagationem</strong></span> <span class='ocrx_word' id='word_1_405' title='bbox 2909 1257 3202 1328; x_wconf 86' lang='lat' dir='ltr'><strong>signiﬁcat,</strong></span> <span class='ocrx_word' id='word_1_406' title='bbox 3235 1275 3290 1319; x_wconf 91' lang='lat' dir='ltr'><strong>et</strong></span> <span class='ocrx_word' id='word_1_407' title='bbox 3340 1269 3541 1326; x_wconf 88' lang='lat' dir='ltr'><strong>veritas</strong></span> <span class='ocrx_word' id='word_1_408' title='bbox 3593 1273 3860 1329; x_wconf 85' lang='lat' dir='ltr'><strong>rationis</strong></span> 
     </span>
    </p>
   </div>
   <div class='ocr_carea' id='block_1_58' title="bbox 2220 1339 3856 1431">
    <p class='ocr_par' dir='ltr' id='par_1_58' title="bbox 2220 1339 3856 1431">
     <span class='ocr_line' id='line_1_58' title="bbox 2220 1339 3856 1431; baseline 0.02 -40"><span class='ocrx_word' id='word_1_409' title='bbox 2220 1344 2386 1393; x_wconf 91' lang='lat' dir='ltr'><strong>totum</strong></span> <span class='ocrx_word' id='word_1_410' title='bbox 2421 1339 2707 1413; x_wconf 87' lang='lat' dir='ltr'><strong>fecundat;</strong></span> <span class='ocrx_word' id='word_1_411' title='bbox 2741 1346 2875 1404; x_wconf 85' lang='lat' dir='ltr'><strong>facit</strong></span> <span class='ocrx_word' id='word_1_412' title='bbox 2903 1352 3320 1414; x_wconf 85' lang='lat' dir='ltr'><strong>misericordiam</strong></span> <span class='ocrx_word' id='word_1_413' title='bbox 3346 1371 3396 1416; x_wconf 88' lang='lat' dir='ltr'><strong>et</strong></span> <span class='ocrx_word' id='word_1_414' title='bbox 3441 1365 3768 1431; x_wconf 80' lang='lat' dir='ltr'><strong>ueritatem,</strong></span> <span class='ocrx_word' id='word_1_415' title='bbox 3797 1380 3856 1421; x_wconf 73' lang='lat' dir='ltr'><strong>ut</strong></span> 
     </span>
    </p>
   </div>
   <div class='ocr_carea' id='block_1_59' title="bbox 2217 1436 3850 1518">
    <p class='ocr_par' dir='ltr' id='par_1_59' title="bbox 2217 1436 3850 1518">
     <span class='ocr_line' id='line_1_59' title="bbox 2217 1436 3850 1518; baseline 0.02 -33"><span class='ocrx_word' id='word_1_416' title='bbox 2217 1448 2319 1486; x_wconf 88' lang='lat' dir='ltr'><strong>non</strong></span> <span class='ocrx_word' id='word_1_417' title='bbox 2349 1436 2641 1505; x_wconf 86' lang='lat' dir='ltr'><strong>sepeliatur</strong></span> <span class='ocrx_word' id='word_1_418' title='bbox 2687 1441 2741 1496; x_wconf 89' lang='lat' dir='ltr'><strong>in</strong></span> <span class='ocrx_word' id='word_1_419' title='bbox 2791 1443 3048 1516; x_wconf 60' lang='lat' dir='ltr'><strong>rEgypto,</strong></span> <span class='ocrx_word' id='word_1_420' title='bbox 3093 1449 3219 1506; x_wconf 86' lang='lat' dir='ltr'><strong>dum</strong></span> <span class='ocrx_word' id='word_1_421' title='bbox 3267 1469 3388 1510; x_wconf 81' lang='lat' dir='ltr'><strong>eam</strong></span> <span class='ocrx_word' id='word_1_422' title='bbox 3433 1459 3850 1518; x_wconf 77' lang='lat' dir='ltr'><strong>remissionem</strong></span> 
     </span>
    </p>
   </div>
   <div class='ocr_carea' id='block_1_60' title="bbox 2214 1535 3850 1622">
    <p class='ocr_par' dir='ltr' id='par_1_60' title="bbox 2214 1535 3850 1622">
     <span class='ocr_line' id='line_1_60' title="bbox 2214 1535 3850 1622; baseline 0.02 -45"><span class='ocrx_word' id='word_1_423' title='bbox 2214 1535 2584 1596; x_wconf 86' lang='lat' dir='ltr'><strong>peccatorum,</strong></span> <span class='ocrx_word' id='word_1_424' title='bbox 2617 1547 2779 1602; x_wconf 88' lang='lat' dir='ltr'><strong>quam</strong></span> <span class='ocrx_word' id='word_1_425' title='bbox 2809 1549 2878 1590; x_wconf 83' lang='lat' dir='ltr'><strong>ex</strong></span> <span class='ocrx_word' id='word_1_426' title='bbox 2905 1537 3013 1592; x_wconf 89' lang='lat' dir='ltr'><strong>Deo</strong></span> <span class='ocrx_word' id='word_1_427' title='bbox 3039 1541 3348 1602; x_wconf 86' lang='lat' dir='ltr'><strong>intellectus</strong></span> <span class='ocrx_word' id='word_1_428' title='bbox 3367 1549 3535 1603; x_wconf 87' lang='lat' dir='ltr'><strong>menti</strong></span> <span class='ocrx_word' id='word_1_429' title='bbox 3567 1556 3850 1622; x_wconf 84' lang='lat' dir='ltr'><strong>spondet,</strong></span> 
     </span>
    </p>
   </div>
   <div class='ocr_carea' id='block_1_61' title="bbox 2213 1623 3846 1706">
    <p class='ocr_par' dir='ltr' id='par_1_61' title="bbox 2213 1623 3846 1706">
     <span class='ocr_line' id='line_1_61' title="bbox 2213 1623 3846 1706; baseline 0.02 -38"><span class='ocrx_word' id='word_1_430' title='bbox 2213 1623 2634 1691; x_wconf 75' lang='lat' dir='ltr'><strong>perseverando,</strong></span> <span class='ocrx_word' id='word_1_431' title='bbox 2665 1625 2774 1681; x_wconf 88' lang='lat' dir='ltr'><strong>imo</strong></span> <span class='ocrx_word' id='word_1_432' title='bbox 2803 1643 3157 1697; x_wconf 87' lang='lat' dir='ltr'><strong>perseverare</strong></span> <span class='ocrx_word' id='word_1_433' title='bbox 3203 1635 3473 1706; x_wconf 82' lang='lat' dir='ltr'><strong>faciendo,</strong></span> <span class='ocrx_word' id='word_1_434' title='bbox 3505 1652 3668 1698; x_wconf 86' lang='lat' dir='ltr'><strong>certa</strong></span> <span class='ocrx_word' id='word_1_435' title='bbox 3737 1647 3846 1701; x_wconf 85' lang='lat' dir='ltr'><strong>sibi</strong></span> 
     </span>
    </p>
   </div>
   <div class='ocr_carea' id='block_1_62' title="bbox 2214 1709 3846 1802">
    <p class='ocr_par' dir='ltr' id='par_1_62' title="bbox 2214 1709 3846 1802">
     <span class='ocr_line' id='line_1_62' title="bbox 2214 1709 3846 1802; baseline 0.02 -43"><span class='ocrx_word' id='word_1_436' title='bbox 2214 1709 2548 1768; x_wconf 82' lang='lat' dir='ltr'><strong>exhibitione</strong></span> <span class='ocrx_word' id='word_1_437' title='bbox 2597 1718 2850 1787; x_wconf 91' lang='lat' dir='ltr'><strong>complet,</strong></span> <span class='ocrx_word' id='word_1_438' title='bbox 2875 1721 3002 1776; x_wconf 88' lang='lat' dir='ltr'><strong>dum</strong></span> <span class='ocrx_word' id='word_1_439' title='bbox 3041 1725 3110 1780; x_wconf 90' lang='lat' dir='ltr'><strong>ab</strong></span> <span class='ocrx_word' id='word_1_440' title='bbox 3131 1725 3351 1800; x_wconf 66' lang='lat' dir='ltr'><strong>Egypti</strong></span> <span class='ocrx_word' id='word_1_441' title='bbox 3404 1732 3737 1802; x_wconf 84' lang='lat' dir='ltr'><strong>sepultura,</strong></span> <span class='ocrx_word' id='word_1_442' title='bbox 3795 1739 3846 1792; x_wconf 89' lang='lat' dir='ltr'><strong>id</strong></span> 
     </span>
    </p>
   </div>
   <div class='ocr_carea' id='block_1_63' title="bbox 2145 1803 3846 1883">
    <p class='ocr_par' dir='ltr' id='par_1_63' title="bbox 2145 1803 3846 1883">
     <span class='ocr_line' id='line_1_63' title="bbox 2145 1803 3846 1883; baseline 0.021 -36"><span class='ocrx_word' id='word_1_443' title='bbox 2145 1805 2189 1864; x_wconf 74' lang='grc' dir='ltr'><strong>Β</strong></span> <span class='ocrx_word' id='word_1_444' title='bbox 2219 1807 2305 1851; x_wconf 90' lang='lat' dir='ltr'><strong>est</strong></span> <span class='ocrx_word' id='word_1_445' title='bbox 2331 1814 2359 1853; x_wconf 90' lang='lat' dir='ltr'><strong>a</strong></span> <span class='ocrx_word' id='word_1_446' title='bbox 2388 1803 2568 1860; x_wconf 81' lang='lat' dir='ltr'><strong>saeculi</strong></span> <span class='ocrx_word' id='word_1_447' title='bbox 2597 1820 2656 1861; x_wconf 90' lang='lat' dir='ltr'><strong>se</strong></span> <span class='ocrx_word' id='word_1_448' title='bbox 2683 1809 2963 1868; x_wconf 88' lang='lat' dir='ltr'><strong>obruentis</strong></span> <span class='ocrx_word' id='word_1_449' title='bbox 2985 1830 3104 1870; x_wconf 91' lang='lat' dir='ltr'><strong>eam</strong></span> <span class='ocrx_word' id='word_1_450' title='bbox 3134 1832 3265 1873; x_wconf 89' lang='lat' dir='ltr'><strong>cura</strong></span> <span class='ocrx_word' id='word_1_451' title='bbox 3294 1833 3534 1878; x_wconf 85' lang='lat' dir='ltr'><strong>amovet.</strong></span> <span class='ocrx_word' id='word_1_452' title='bbox 3573 1824 3846 1883; x_wconf 84' lang='lat' dir='ltr'><strong>Dormire</strong></span> 
     </span>
    </p>
   </div>
   <div class='ocr_carea' id='block_1_64' title="bbox 2219 1890 3842 1983">
    <p class='ocr_par' dir='ltr' id='par_1_64' title="bbox 2219 1890 3842 1983">
     <span class='ocr_line' id='line_1_64' title="bbox 2219 1890 3842 1983; baseline 0.022 -40"><span class='ocrx_word' id='word_1_453' title='bbox 2219 1890 2334 1945; x_wconf 87' lang='lat' dir='ltr'><strong>vult</strong></span> <span class='ocrx_word' id='word_1_454' title='bbox 2365 1909 2486 1949; x_wconf 91' lang='lat' dir='ltr'><strong>cum</strong></span> <span class='ocrx_word' id='word_1_455' title='bbox 2514 1899 2909 1974; x_wconf 88' lang='lat' dir='ltr'><strong>patribus,quia</strong></span> <span class='ocrx_word' id='word_1_456' title='bbox 2933 1923 3038 1962; x_wconf 91' lang='lat' dir='ltr'><strong>non</strong></span> <span class='ocrx_word' id='word_1_457' title='bbox 3061 1909 3334 1983; x_wconf 63' lang='lat' dir='ltr'><strong>Egypliis</strong></span> <span class='ocrx_word' id='word_1_458' title='bbox 3360 1918 3718 1975; x_wconf 84' lang='lat' dir='ltr'><strong>maeroribus</strong></span> <span class='ocrx_word' id='word_1_459' title='bbox 3745 1921 3842 1977; x_wconf 75' lang='lat' dir='ltr'><strong>de-</strong></span> 
     </span>
    </p>
   </div>
   <div class='ocr_carea' id='block_1_65' title="bbox 2216 1983 3842 2072">
    <p class='ocr_par' dir='ltr' id='par_1_65' title="bbox 2216 1983 3842 2072">
     <span class='ocr_line' id='line_1_65' title="bbox 2216 1983 3842 2072; baseline 0.02 -37"><span class='ocrx_word' id='word_1_460' title='bbox 2216 1983 2420 2052; x_wconf 89' lang='lat' dir='ltr'><strong>primi,</strong></span> <span class='ocrx_word' id='word_1_461' title='bbox 2475 1989 2571 2044; x_wconf 90' lang='lat' dir='ltr'><strong>sed</strong></span> <span class='ocrx_word' id='word_1_462' title='bbox 2621 1995 2869 2065; x_wconf 85' lang='lat' dir='ltr'><strong>exemplo</strong></span> <span class='ocrx_word' id='word_1_463' title='bbox 2895 2011 3108 2066; x_wconf 87' lang='lat' dir='ltr'><strong>eorum,</strong></span> <span class='ocrx_word' id='word_1_464' title='bbox 3136 2004 3226 2072; x_wconf 89' lang='lat' dir='ltr'><strong>qui</strong></span> <span class='ocrx_word' id='word_1_465' title='bbox 3266 2004 3545 2061; x_wconf 87' lang='lat' dir='ltr'><strong>dormiunt</strong></span> <span class='ocrx_word' id='word_1_466' title='bbox 3579 2019 3644 2064; x_wconf 88' lang='lat' dir='ltr'><strong>et</strong></span> <span class='ocrx_word' id='word_1_467' title='bbox 3671 2014 3842 2068; x_wconf 73' lang='lat' dir='ltr'><strong>corde</strong></span> 
     </span>
    </p>
   </div>
   <div class='ocr_carea' id='block_1_66' title="bbox 2215 2077 3838 2176">
    <p class='ocr_par' dir='ltr' id='par_1_66' title="bbox 2215 2077 3838 2176">
     <span class='ocr_line' id='line_1_66' title="bbox 2215 2077 3838 2176; baseline 0.018 -45"><span class='ocrx_word' id='word_1_468' title='bbox 2215 2077 2461 2148; x_wconf 78' lang='lat' dir='ltr'><strong>vigilant,</strong></span> <span class='ocrx_word' id='word_1_469' title='bbox 2486 2083 2552 2138; x_wconf 90' lang='lat' dir='ltr'><strong>ab</strong></span> <span class='ocrx_word' id='word_1_470' title='bbox 2573 2088 3362 2166; x_wconf 77' lang='lat' dir='ltr'><strong>extrinsecissollicitudinibus</strong></span> <span class='ocrx_word' id='word_1_471' title='bbox 3387 2101 3686 2176; x_wconf 69' lang='lat' dir='ltr'><strong>desiderat</strong></span> <span class='ocrx_word' id='word_1_472' title='bbox 3703 2120 3838 2160; x_wconf 88' lang='lat' dir='ltr'><strong>con-</strong></span> 
     </span>
    </p>
   </div>
   <div class='ocr_carea' id='block_1_67' title="bbox 2217 2169 3834 2262">
    <p class='ocr_par' dir='ltr' id='par_1_67' title="bbox 2217 2169 3834 2262">
     <span class='ocr_line' id='line_1_67' title="bbox 2217 2169 3834 2262; baseline 0.018 -40"><span class='ocrx_word' id='word_1_473' title='bbox 2217 2169 2404 2238; x_wconf 90' lang='lat' dir='ltr'><strong>sopiri.</strong></span> <span class='ocrx_word' id='word_1_474' title='bbox 2441 2171 2516 2227; x_wconf 88' lang='lat' dir='ltr'><strong>De</strong></span> <span class='ocrx_word' id='word_1_475' title='bbox 2550 2175 2654 2232; x_wconf 86' lang='lat' dir='ltr'><strong>hac</strong></span> <span class='ocrx_word' id='word_1_476' title='bbox 2677 2186 2822 2234; x_wconf 87' lang='lat' dir='ltr'><strong>terra</strong></span> <span class='ocrx_word' id='word_1_477' title='bbox 2854 2183 3078 2251; x_wconf 74' lang='lat' dir='ltr'><strong>auferri,</strong></span> <span class='ocrx_word' id='word_1_478' title='bbox 3111 2186 3248 2242; x_wconf 87' lang='lat' dir='ltr'><strong>etin</strong></span> <span class='ocrx_word' id='word_1_479' title='bbox 3279 2169 3834 2262; x_wconf 78' lang='lat' dir='ltr'><strong>sepulcromajorum</strong></span> 
     </span>
    </p>
   </div>
   <div class='ocr_carea' id='block_1_68' title="bbox 2214 2265 3832 2352">
    <p class='ocr_par' dir='ltr' id='par_1_68' title="bbox 2214 2265 3832 2352">
     <span class='ocr_line' id='line_1_68' title="bbox 2214 2265 3832 2352; baseline 0.017 -36"><span class='ocrx_word' id='word_1_480' title='bbox 2214 2265 2374 2318; x_wconf 91' lang='lat' dir='ltr'><strong>condi</strong></span> <span class='ocrx_word' id='word_1_481' title='bbox 2395 2282 2453 2321; x_wconf 90' lang='lat' dir='ltr'><strong>se</strong></span> <span class='ocrx_word' id='word_1_482' title='bbox 2479 2270 2739 2337; x_wconf 82' lang='lat' dir='ltr'><strong>postulat.</strong></span> <span class='ocrx_word' id='word_1_483' title='bbox 2757 2274 2881 2328; x_wconf 85' lang='lat' dir='ltr'><strong>dum</strong></span> <span class='ocrx_word' id='word_1_484' title='bbox 2913 2291 3009 2346; x_wconf 89' lang='lat' dir='ltr'><strong>per</strong></span> <span class='ocrx_word' id='word_1_485' title='bbox 3037 2279 3410 2352; x_wconf 64' lang='lat' dir='ltr'><strong>intelligentia:</strong></span> <span class='ocrx_word' id='word_1_486' title='bbox 3430 2285 3832 2344; x_wconf 76' lang='lat' dir='ltr'><strong>excellentiam</strong></span> 
     </span>
    </p>
   </div>
   <div class='ocr_carea' id='block_1_69' title="bbox 2215 2357 3830 2452">
    <p class='ocr_par' dir='ltr' id='par_1_69' title="bbox 2215 2357 3830 2452">
     <span class='ocr_line' id='line_1_69' title="bbox 2215 2357 3830 2452; baseline 0.017 -44"><span class='ocrx_word' id='word_1_487' title='bbox 2215 2357 2453 2413; x_wconf 88' lang='lat' dir='ltr'><strong>terrenis</strong></span> <span class='ocrx_word' id='word_1_488' title='bbox 2488 2357 2773 2419; x_wconf 68' lang='lat' dir='ltr'><strong>all‘ectibus</strong></span> <span class='ocrx_word' id='word_1_489' title='bbox 2807 2367 2992 2434; x_wconf 86' lang='lat' dir='ltr'><strong>eximi,</strong></span> <span class='ocrx_word' id='word_1_490' title='bbox 3020 2379 3074 2424; x_wconf 87' lang='lat' dir='ltr'><strong>et</strong></span> <span class='ocrx_word' id='word_1_491' title='bbox 3112 2371 3253 2428; x_wconf 89' lang='lat' dir='ltr'><strong>intra</strong></span> <span class='ocrx_word' id='word_1_492' title='bbox 3282 2376 3656 2434; x_wconf 63' lang='lat' dir='ltr'><strong>conscientiae</strong></span> <span class='ocrx_word' id='word_1_493' title='bbox 3681 2391 3830 2452; x_wconf 80' lang='lat' dir='ltr'><strong>septa</strong></span> 
     </span>
    </p>
   </div>
   <div class='ocr_carea' id='block_1_70' title="bbox 2213 2445 3831 2529">
    <p class='ocr_par' dir='ltr' id='par_1_70' title="bbox 2213 2445 3831 2529">
     <span class='ocr_line' id='line_1_70' title="bbox 2213 2445 3831 2529; baseline 0.02 -31"><span class='ocrx_word' id='word_1_494' title='bbox 2213 2460 2242 2498; x_wconf 90' lang='lat' dir='ltr'><strong>a</strong></span> <span class='ocrx_word' id='word_1_495' title='bbox 2273 2445 2544 2506; x_wconf 78' lang='lat' dir='ltr'><strong>forasticis</strong></span> <span class='ocrx_word' id='word_1_496' title='bbox 2575 2456 2894 2524; x_wconf 86' lang='lat' dir='ltr'><strong>strepitibus</strong></span> <span class='ocrx_word' id='word_1_497' title='bbox 2917 2475 2976 2515; x_wconf 91' lang='lat' dir='ltr'><strong>se</strong></span> <span class='ocrx_word' id='word_1_498' title='bbox 3000 2470 3198 2519; x_wconf 65' lang='lat' dir='ltr'><strong>aestuat</strong></span> <span class='ocrx_word' id='word_1_499' title='bbox 3223 2471 3520 2523; x_wconf 90' lang='lat' dir='ltr'><strong>contutari.</strong></span> <span class='ocrx_word' id='word_1_500' title='bbox 3552 2469 3726 2529; x_wconf 89' lang='lat' dir='ltr'><strong>Unde</strong></span> <span class='ocrx_word' id='word_1_501' title='bbox 3748 2475 3831 2529; x_wconf 84' lang='lat' dir='ltr'><strong>di—</strong></span> 
     </span>
    </p>
   </div>
   <div class='ocr_carea' id='block_1_71' title="bbox 2215 2539 3826 2632">
    <p class='ocr_par' dir='ltr' id='par_1_71' title="bbox 2215 2539 3826 2632">
     <span class='ocr_line' id='line_1_71' title="bbox 2215 2539 3826 2632; baseline 0.018 -40"><span class='ocrx_word' id='word_1_502' title='bbox 2215 2539 2356 2594; x_wconf 85' lang='lat' dir='ltr'><strong>citur</strong></span> <span class='ocrx_word' id='word_1_503' title='bbox 2377 2541 2549 2598; x_wconf 84' lang='lat' dir='ltr'><strong>iuJob</strong></span> <span class='ocrx_word' id='word_1_504' title='bbox 2582 2561 2596 2598; x_wconf 91' lang='lat'><strong>:</strong></span> <span class='ocrx_word' id='word_1_505' title='bbox 2628 2543 2976 2618; x_wconf 76' lang='lat' dir='ltr'><strong>E/fodientes,</strong></span> <span class='ocrx_word' id='word_1_506' title='bbox 2997 2553 3190 2624; x_wconf 85' lang='lat' dir='ltr'><strong>inquit,</strong></span> <span class='ocrx_word' id='word_1_507' title='bbox 3219 2558 3528 2614; x_wconf 79' lang='lat' dir='ltr'><strong>thesaurum</strong></span> <span class='ocrx_word' id='word_1_508' title='bbox 3557 2567 3826 2632; x_wconf 73' lang='lat' dir='ltr'><strong>gaudent,</strong></span> 
     </span>
    </p>
   </div>
   <div class='ocr_carea' id='block_1_72' title="bbox 2215 2632 3518 2733">
    <p class='ocr_par' dir='ltr' id='par_1_72' title="bbox 2215 2632 3518 2733">
     <span class='ocr_line' id='line_1_72' title="bbox 2215 2632 3518 2733; baseline 0.018 -52"><span class='ocrx_word' id='word_1_509' title='bbox 2215 2644 2333 2683; x_wconf 89' lang='lat' dir='ltr'><strong>cum</strong></span> <span class='ocrx_word' id='word_1_510' title='bbox 2370 2632 2655 2690; x_wconf 81' lang='lat' dir='ltr'><strong>invenerint</strong></span> <span class='ocrx_word' id='word_1_511' title='bbox 2675 2639 2972 2707; x_wconf 83' lang='lat' dir='ltr'><strong>sepulcrum</strong></span> <span class='ocrx_word' id='word_1_512' title='bbox 3002 2643 3122 2714; x_wconf 81' lang='lat' dir='ltr'><strong>(Job</strong></span> <span class='ocrx_word' id='word_1_513' title='bbox 3145 2663 3228 2716; x_wconf 82' lang='lat' dir='ltr'><strong>Ill,</strong></span> <span class='ocrx_word' id='word_1_514' title='bbox 3254 2649 3344 2717; x_wconf 73' lang='grc'><strong>21,</strong></span> <span class='ocrx_word' id='word_1_515' title='bbox 3370 2651 3518 2733; x_wconf 55' lang='lat'><strong>22.},</strong></span> 
     </span>
    </p>
   </div>
   <div class='ocr_carea' id='block_1_73' title="bbox 2289 2723 3824 2820">
    <p class='ocr_par' dir='ltr' id='par_1_73' title="bbox 2289 2723 3824 2820">
     <span class='ocr_line' id='line_1_73' title="bbox 2289 2723 3824 2820; baseline 0.022 -46"><span class='ocrx_word' id='word_1_516' title='bbox 2289 2723 2453 2779; x_wconf 70' lang='lat' dir='ltr'><strong>Vens.</strong></span> <span class='ocrx_word' id='word_1_517' title='bbox 2493 2725 2584 2792; x_wconf 76' lang='lat' dir='ltr'><strong>5i.</strong></span> <span class='ocrx_word' id='word_1_518' title='bbox 2611 2759 2681 2769; x_wconf 91' lang='lat'><strong>-—</strong></span> <span class='ocrx_word' id='word_1_519' title='bbox 2710 2729 2846 2802; x_wconf 87' lang='lat' dir='ltr'><strong>Ego,</strong></span> <span class='ocrx_word' id='word_1_520' title='bbox 2867 2733 3065 2806; x_wconf 86' lang='lat' dir='ltr'><strong>inquit,</strong></span> <span class='ocrx_word' id='word_1_521' title='bbox 3095 2739 3288 2812; x_wconf 83' lang='lat' dir='ltr'><strong>Joseplt</strong></span> <span class='ocrx_word' id='word_1_522' title='bbox 3319 2723 3516 2812; x_wconf 73' lang='lat' dir='ltr'><strong>faciam</strong></span> <span class='ocrx_word' id='word_1_523' title='bbox 3533 2751 3692 2816; x_wconf 81' lang='lat' dir='ltr'><strong>quod</strong></span> <span class='ocrx_word' id='word_1_524' title='bbox 3709 2751 3824 2820; x_wconf 83' lang='lat' dir='ltr'><strong>jus-</strong></span> 
     </span>
    </p>
   </div>
   <div class='ocr_carea' id='block_1_74' title="bbox 2214 2813 3821 2911">
    <p class='ocr_par' dir='ltr' id='par_1_74' title="bbox 2214 2813 3821 2911">
     <span class='ocr_line' id='line_1_74' title="bbox 2214 2813 3821 2911; baseline 0.021 -46"><span class='ocrx_word' id='word_1_525' title='bbox 2214 2813 2350 2868; x_wconf 84' lang='lat' dir='ltr'><strong>sisti.</strong></span> <span class='ocrx_word' id='word_1_526' title='bbox 2388 2814 2572 2886; x_wconf 70' lang='lat' dir='ltr'><strong>Etjlle</strong></span> <span class='ocrx_word' id='word_1_527' title='bbox 2599 2833 2617 2871; x_wconf 84' lang='lat'><strong>.‘</strong></span> <span class='ocrx_word' id='word_1_528' title='bbox 2642 2821 2773 2890; x_wconf 87' lang='lat' dir='ltr'><strong>jura</strong></span> <span class='ocrx_word' id='word_1_529' title='bbox 2812 2841 2933 2895; x_wconf 88' lang='lat' dir='ltr'><strong>ergo</strong></span> <span class='ocrx_word' id='word_1_530' title='bbox 2971 2829 3118 2895; x_wconf 86' lang='lat' dir='ltr'><strong>mihi,</strong></span> <span class='ocrx_word' id='word_1_531' title='bbox 3166 2832 3331 2904; x_wconf 82' lang='lat' dir='ltr'><strong>inquit</strong></span> <span class='ocrx_word' id='word_1_532' title='bbox 3361 2851 3379 2890; x_wconf 90' lang='lat'><em>:</em></span> <span class='ocrx_word' id='word_1_533' title='bbox 3413 2813 3821 2911; x_wconf 35' lang='lat' dir='ltr'><strong>Quo—jurevntc,</strong></span> 
     </span>
    </p>
   </div>
   <div class='ocr_carea' id='block_1_75' title="bbox 2215 2905 3825 3003">
    <p class='ocr_par' dir='ltr' id='par_1_75' title="bbox 2215 2905 3825 3003">
     <span class='ocr_line' id='line_1_75' title="bbox 2215 2905 3825 3003; baseline 0.02 -45"><span class='ocrx_word' id='word_1_534' title='bbox 2215 2905 2454 2976; x_wconf 81' lang='lat' dir='ltr'><strong>adoravit</strong></span> <span class='ocrx_word' id='word_1_535' title='bbox 2485 2909 2654 2965; x_wconf 85' lang='lat' dir='ltr'><strong>Israel</strong></span> <span class='ocrx_word' id='word_1_536' title='bbox 2674 2915 2863 2982; x_wconf 88' lang='lat' dir='ltr'><strong>Deum,</strong></span> <span class='ocrx_word' id='word_1_537' title='bbox 2897 2935 3174 2978; x_wconf 81' lang='lat' dir='ltr'><strong>conuersus</strong></span> <span class='ocrx_word' id='word_1_538' title='bbox 3194 2927 3263 2978; x_wconf 89' lang='lat' dir='ltr'><strong>ad</strong></span> <span class='ocrx_word' id='word_1_539' title='bbox 3297 2925 3476 2982; x_wconf 81' lang='lat' dir='ltr'><strong>lectuli</strong></span> <span class='ocrx_word' id='word_1_540' title='bbox 3496 2905 3694 3003; x_wconf 77' lang='lat' dir='ltr'><strong>caput.</strong></span> <span class='ocrx_word' id='word_1_541' title='bbox 3725 2936 3825 2989; x_wconf 77' lang='lat' dir='ltr'><strong>lla-</strong></span> 
     </span>
    </p>
   </div>
   <div class='ocr_carea' id='block_1_76' title="bbox 2217 2997 3820 3092">
    <p class='ocr_par' dir='ltr' id='par_1_76' title="bbox 2217 2997 3820 3092">
     <span class='ocr_line' id='line_1_76' title="bbox 2217 2997 3820 3092; baseline 0.021 -41"><span class='ocrx_word' id='word_1_542' title='bbox 2217 2997 2379 3054; x_wconf 90' lang='lat' dir='ltr'><strong>tionis</strong></span> <span class='ocrx_word' id='word_1_543' title='bbox 2407 3005 2684 3074; x_wconf 86' lang='lat' dir='ltr'><strong>proposito</strong></span> <span class='ocrx_word' id='word_1_544' title='bbox 2731 3008 3174 3072; x_wconf 85' lang='lat' dir='ltr'><strong>intellectualitas</strong></span> <span class='ocrx_word' id='word_1_545' title='bbox 3221 3032 3281 3073; x_wconf 91' lang='lat' dir='ltr'><strong>se</strong></span> <span class='ocrx_word' id='word_1_546' title='bbox 3323 3018 3510 3087; x_wconf 75' lang='lat' dir='ltr'><strong>favere</strong></span> <span class='ocrx_word' id='word_1_547' title='bbox 3550 3025 3820 3092; x_wconf 73' lang='lat' dir='ltr'><strong>al‘tirtnat,</strong></span> 
     </span>
    </p>
   </div>
   <div class='ocr_carea' id='block_1_77' title="bbox 2215 3094 3823 3190">
    <p class='ocr_par' dir='ltr' id='par_1_77' title="bbox 2215 3094 3823 3190">
     <span class='ocr_line' id='line_1_77' title="bbox 2215 3094 3823 3190; baseline 0.019 -43"><span class='ocrx_word' id='word_1_548' title='bbox 2215 3094 2341 3163; x_wconf 89' lang='lat' dir='ltr'><strong>quia</strong></span> <span class='ocrx_word' id='word_1_549' title='bbox 2392 3097 2510 3154; x_wconf 90' lang='lat' dir='ltr'><strong>sine</strong></span> <span class='ocrx_word' id='word_1_550' title='bbox 2561 3101 2766 3157; x_wconf 85' lang='lat' dir='ltr'><strong>caelesti</strong></span> <span class='ocrx_word' id='word_1_551' title='bbox 2799 3105 3010 3173; x_wconf 86' lang='lat' dir='ltr'><strong>notitia,</strong></span> <span class='ocrx_word' id='word_1_552' title='bbox 3044 3124 3164 3178; x_wconf 69' lang='lat' dir='ltr'><strong>quae</strong></span> <span class='ocrx_word' id='word_1_553' title='bbox 3195 3127 3304 3168; x_wconf 91' lang='lat' dir='ltr'><strong>non</strong></span> <span class='ocrx_word' id='word_1_554' title='bbox 3357 3123 3444 3169; x_wconf 89' lang='lat' dir='ltr'><strong>est</strong></span> <span class='ocrx_word' id='word_1_555' title='bbox 3475 3116 3628 3174; x_wconf 82' lang='lat' dir='ltr'><strong>aliud</strong></span> <span class='ocrx_word' id='word_1_556' title='bbox 3653 3137 3823 3190; x_wconf 86' lang='lat' dir='ltr'><strong>quam</strong></span> 
     </span>
    </p>
   </div>
   <div class='ocr_carea' id='block_1_78' title="bbox 2133 3163 3823 3274">
    <p class='ocr_par' dir='ltr' id='par_1_78' title="bbox 2133 3163 3823 3274">
     <span class='ocr_line' id='line_1_78' title="bbox 2998 3163 3823 3190; baseline 0.016 -26"><span class='ocrx_word' id='word_1_557' title='bbox 2998 3163 3009 3173; x_wconf 83' lang='lat'><strong>,</strong></span> <span class='ocrx_word' id='word_1_558' title='bbox 3060 3163 3077 3178; x_wconf 71' lang='grc'><strong><em>,</em></strong></span> <span class='ocrx_word' id='word_1_559' title='bbox 3123 3163 3160 3166; x_wconf 43' lang='grc' dir='ltr'><strong>ν-</strong></span> <span class='ocrx_word' id='word_1_560' title='bbox 3363 3163 3443 3169; x_wconf 80' lang='lat'><strong>-_-</strong></span> <span class='ocrx_word' id='word_1_561' title='bbox 3655 3163 3823 3190; x_wconf 62' lang='grc' dir='ltr'><strong>νη...</strong></span> 
     </span>
     <span class='ocr_line' id='line_1_79' title="bbox 2133 3163 3823 3274; baseline 0.017 -36"><span class='ocrx_word' id='word_1_562' title='bbox 2133 3163 2178 3224; x_wconf 77' lang='lat' dir='ltr'>C</span> <span class='ocrx_word' id='word_1_563' title='bbox 2211 3185 2326 3254; x_wconf 89' lang='lat' dir='ltr'><strong>ipse</strong></span> <span class='ocrx_word' id='word_1_564' title='bbox 2356 3188 2449 3244; x_wconf 91' lang='lat' dir='ltr'><strong>Dei</strong></span> <span class='ocrx_word' id='word_1_565' title='bbox 2478 3207 2654 3258; x_wconf 90' lang='lat' dir='ltr'><strong>amor,</strong></span> <span class='ocrx_word' id='word_1_566' title='bbox 2684 3195 2759 3249; x_wconf 92' lang='lat' dir='ltr'><strong>nil</strong></span> <span class='ocrx_word' id='word_1_567' title='bbox 2793 3197 2926 3254; x_wconf 87' lang='lat' dir='ltr'><strong>utile</strong></span> <span class='ocrx_word' id='word_1_568' title='bbox 2973 3215 3198 3268; x_wconf 90' lang='lat' dir='ltr'><strong>prorsus</strong></span> <span class='ocrx_word' id='word_1_569' title='bbox 3249 3205 3464 3274; x_wconf 87' lang='lat' dir='ltr'><strong>spiritui</strong></span> <span class='ocrx_word' id='word_1_570' title='bbox 3499 3220 3702 3266; x_wconf 79' lang='lat' dir='ltr'><strong>nostro</strong></span> <span class='ocrx_word' id='word_1_571' title='bbox 3735 3230 3823 3267; x_wconf 83' lang='lat' dir='ltr'><strong>re.-</strong></span> 
     </span>
    </p>
   </div>
   <div class='ocr_carea' id='block_1_79' title="bbox 2205 3281 3826 3364">
    <p class='ocr_par' dir='ltr' id='par_1_79' title="bbox 2205 3281 3826 3364">
     <span class='ocr_line' id='line_1_80' title="bbox 2205 3281 3826 3364; baseline 0.019 -33"><span class='ocrx_word' id='word_1_572' title='bbox 2205 3281 2560 3349; x_wconf 88' lang='lat' dir='ltr'><strong>stat,quihac</strong></span> <span class='ocrx_word' id='word_1_573' title='bbox 2590 3283 2762 3342; x_wconf 80' lang='lat' dir='ltr'><strong>fretus</strong></span> <span class='ocrx_word' id='word_1_574' title='bbox 2788 3293 3115 3359; x_wconf 83' lang='lat' dir='ltr'><strong>constantia,</strong></span> <span class='ocrx_word' id='word_1_575' title='bbox 3143 3294 3254 3364; x_wconf 89' lang='lat' dir='ltr'><strong>jam</strong></span> <span class='ocrx_word' id='word_1_576' title='bbox 3274 3300 3564 3355; x_wconf 86' lang='lat' dir='ltr'><strong>secundum</strong></span> <span class='ocrx_word' id='word_1_577' title='bbox 3583 3302 3826 3360; x_wconf 86' lang='lat' dir='ltr'><strong>lsraelis</strong></span> 
     </span>
    </p>
   </div>
   <div class='ocr_carea' id='block_1_80' title="bbox 2206 3378 3822 3464">
    <p class='ocr_par' dir='ltr' id='par_1_80' title="bbox 2206 3378 3822 3464">
     <span class='ocr_line' id='line_1_81' title="bbox 2206 3378 3822 3464; baseline 0.016 -36"><span class='ocrx_word' id='word_1_578' title='bbox 2206 3387 2426 3429; x_wconf 91' lang='lat' dir='ltr'><strong>sensum</strong></span> <span class='ocrx_word' id='word_1_579' title='bbox 2452 3392 2575 3432; x_wconf 90' lang='lat' dir='ltr'><strong>cum</strong></span> <span class='ocrx_word' id='word_1_580' title='bbox 2609 3378 2721 3436; x_wconf 88' lang='lat' dir='ltr'><strong>Deo</strong></span> <span class='ocrx_word' id='word_1_581' title='bbox 2745 3382 3008 3452; x_wconf 90' lang='lat' dir='ltr'><strong>directus;</strong></span> <span class='ocrx_word' id='word_1_582' title='bbox 3037 3387 3140 3458; x_wconf 91' lang='lat' dir='ltr'><strong>ipsi</strong></span> <span class='ocrx_word' id='word_1_583' title='bbox 3165 3389 3278 3448; x_wconf 87' lang='lat' dir='ltr'><strong>Deo</strong></span> <span class='ocrx_word' id='word_1_584' title='bbox 3299 3408 3422 3450; x_wconf 90' lang='lat' dir='ltr'><strong>sese</strong></span> <span class='ocrx_word' id='word_1_585' title='bbox 3451 3394 3734 3464; x_wconf 77' lang='lat' dir='ltr'><strong>humiliat,</strong></span> <span class='ocrx_word' id='word_1_586' title='bbox 3761 3410 3822 3454; x_wconf 86' lang='lat' dir='ltr'><strong>et</strong></span> 
     </span>
    </p>
   </div>
   <div class='ocr_carea' id='block_1_81' title="bbox 2207 3467 3818 3556">
    <p class='ocr_par' dir='ltr' id='par_1_81' title="bbox 2207 3467 3818 3556">
     <span class='ocr_line' id='line_1_82' title="bbox 2207 3467 3818 3556; baseline 0.017 -37"><span class='ocrx_word' id='word_1_587' title='bbox 2207 3467 2274 3522; x_wconf 89' lang='lat' dir='ltr'><strong>ad</strong></span> <span class='ocrx_word' id='word_1_588' title='bbox 2311 3469 2483 3538; x_wconf 91' lang='lat' dir='ltr'><strong>ipsum</strong></span> <span class='ocrx_word' id='word_1_589' title='bbox 2516 3472 2610 3541; x_wconf 86' lang='lat' dir='ltr'><strong>qui</strong></span> <span class='ocrx_word' id='word_1_590' title='bbox 2649 3486 2812 3545; x_wconf 89' lang='lat' dir='ltr'><strong>caput</strong></span> <span class='ocrx_word' id='word_1_591' title='bbox 2847 3477 3052 3542; x_wconf 88' lang='lat' dir='ltr'><strong>lectuli,</strong></span> <span class='ocrx_word' id='word_1_592' title='bbox 3104 3481 3154 3537; x_wconf 91' lang='lat' dir='ltr'><strong>id</strong></span> <span class='ocrx_word' id='word_1_593' title='bbox 3184 3492 3270 3538; x_wconf 85' lang='lat' dir='ltr'><strong>est</strong></span> <span class='ocrx_word' id='word_1_594' title='bbox 3298 3486 3683 3556; x_wconf 83' lang='lat' dir='ltr'><strong>principalitas</strong></span> <span class='ocrx_word' id='word_1_595' title='bbox 3728 3492 3818 3545; x_wconf 86' lang='lat' dir='ltr'><strong>in-</strong></span> 
     </span>
    </p>
   </div>
   <div class='ocr_carea' id='block_1_82' title="bbox 2209 3571 3816 3654">
    <p class='ocr_par' dir='ltr' id='par_1_82' title="bbox 2209 3571 3816 3654">
     <span class='ocr_line' id='line_1_83' title="bbox 2209 3571 3816 3654; baseline 0.016 -38"><span class='ocrx_word' id='word_1_596' title='bbox 2209 3571 2378 3619; x_wconf 84' lang='lat' dir='ltr'><strong>ternae</strong></span> <span class='ocrx_word' id='word_1_597' title='bbox 2426 3578 2625 3622; x_wconf 70' lang='lat' dir='ltr'><strong>nostrae</strong></span> <span class='ocrx_word' id='word_1_598' title='bbox 2674 3571 2880 3640; x_wconf 86' lang='lat' dir='ltr'><strong>requiei</strong></span> <span class='ocrx_word' id='word_1_599' title='bbox 2917 3582 3002 3629; x_wconf 86' lang='lat' dir='ltr'><strong>est</strong></span> <span class='ocrx_word' id='word_1_600' title='bbox 3043 3574 3120 3646; x_wconf 92' lang='lat' dir='ltr'><strong>(in</strong></span> <span class='ocrx_word' id='word_1_601' title='bbox 3171 3577 3290 3647; x_wconf 90' lang='lat' dir='ltr'><strong>ipso</strong></span> <span class='ocrx_word' id='word_1_602' title='bbox 3327 3581 3476 3635; x_wconf 86' lang='lat' dir='ltr'><strong>enim</strong></span> <span class='ocrx_word' id='word_1_603' title='bbox 3521 3597 3553 3635; x_wconf 88' lang='lat' dir='ltr'><strong>a</strong></span> <span class='ocrx_word' id='word_1_604' title='bbox 3595 3587 3816 3654; x_wconf 85' lang='lat' dir='ltr'><strong>peccati</strong></span> 
     </span>
    </p>
   </div>
   <div class='ocr_carea' id='block_1_83' title="bbox 2207 3659 3672 3739">
    <p class='ocr_par' dir='ltr' id='par_1_83' title="bbox 2207 3659 3672 3739">
     <span class='ocr_line' id='line_1_84' title="bbox 2207 3659 3672 3739; baseline 0.016 -28"><span class='ocrx_word' id='word_1_605' title='bbox 2207 3659 2584 3715; x_wconf 82' lang='lat' dir='ltr'><strong>exactionibus</strong></span> <span class='ocrx_word' id='word_1_606' title='bbox 2610 3662 2975 3724; x_wconf 86' lang='lat' dir='ltr'><strong>sabbatismus</strong></span> <span class='ocrx_word' id='word_1_607' title='bbox 3002 3668 3110 3739; x_wconf 87' lang='lat' dir='ltr'><strong>est)</strong></span> <span class='ocrx_word' id='word_1_608' title='bbox 3137 3681 3373 3730; x_wconf 87' lang='lat' dir='ltr'><strong>mentem</strong></span> <span class='ocrx_word' id='word_1_609' title='bbox 3411 3674 3672 3735; x_wconf 84' lang='lat' dir='ltr'><strong>inclinat.</strong></span> 
     </span>
    </p>
   </div>
   <div class='ocr_carea' id='block_1_84' title="bbox 2759 3822 3264 3888">
    <p class='ocr_par' dir='ltr' id='par_1_84' title="bbox 2759 3822 3264 3888">
     <span class='ocr_line' id='line_1_85' title="bbox 2759 3822 3264 3888; baseline 0.014 -9"><span class='ocrx_word' id='word_1_610' title='bbox 2759 3822 2989 3882; x_wconf 85' lang='lat' dir='ltr'><strong>CAPUT</strong></span> <span class='ocrx_word' id='word_1_611' title='bbox 3033 3828 3264 3888; x_wconf 80' lang='lat' dir='ltr'><strong>XLVIII.</strong></span> 
     </span>
    </p>
   </div>
   <div class='ocr_carea' id='block_1_85' title="bbox 2276 3935 3810 4030">
    <p class='ocr_par' dir='ltr' id='par_1_85' title="bbox 2276 3935 3810 4030">
     <span class='ocr_line' id='line_1_86' title="bbox 2276 3935 3810 4030; baseline 0.016 -40"><span class='ocrx_word' id='word_1_612' title='bbox 2276 3935 2440 3994; x_wconf 73' lang='lat' dir='ltr'><strong>Vens.</strong></span> <span class='ocrx_word' id='word_1_613' title='bbox 2459 3938 2592 3992; x_wconf 89' lang='lat' dir='ltr'><strong>l.—</strong></span> <span class='ocrx_word' id='word_1_614' title='bbox 2615 3940 2715 3998; x_wconf 85' lang='lat' dir='ltr'><strong>His</strong></span> <span class='ocrx_word' id='word_1_615' title='bbox 2751 3944 2828 3999; x_wconf 86' lang='lat' dir='ltr'><strong>ita</strong></span> <span class='ocrx_word' id='word_1_616' title='bbox 2858 3951 3160 4017; x_wconf 86' lang='lat' dir='ltr'><strong>transactis,</strong></span> <span class='ocrx_word' id='word_1_617' title='bbox 3186 3955 3492 4008; x_wconf 84' lang='lat' dir='ltr'><strong>nunciatum</strong></span> <span class='ocrx_word' id='word_1_618' title='bbox 3513 3956 3810 4030; x_wconf 76' lang='lat' dir='ltr'><strong>cstJoseplt</strong></span> 
     </span>
    </p>
   </div>
   <div class='ocr_carea' id='block_1_86' title="bbox 2203 4030 3812 4118">
    <p class='ocr_par' dir='ltr' id='par_1_86' title="bbox 2203 4030 3812 4118">
     <span class='ocr_line' id='line_1_87' title="bbox 2203 4030 3812 4118; baseline 0.016 -37"><span class='ocrx_word' id='word_1_619' title='bbox 2203 4030 2343 4099; x_wconf 89' lang='lat' dir='ltr'><strong>quod</strong></span> <span class='ocrx_word' id='word_1_620' title='bbox 2399 4044 2677 4103; x_wconf 75' lang='lat' dir='ltr'><strong>(egrotaret</strong></span> <span class='ocrx_word' id='word_1_621' title='bbox 2729 4047 2884 4107; x_wconf 83' lang='lat' dir='ltr'><strong>pater</strong></span> <span class='ocrx_word' id='word_1_622' title='bbox 2918 4057 3069 4097; x_wconf 82' lang='lat' dir='ltr'><strong>suus.</strong></span> <span class='ocrx_word' id='word_1_623' title='bbox 3123 4042 3229 4109; x_wconf 84' lang='lat' dir='ltr'><strong>Qui</strong></span> <span class='ocrx_word' id='word_1_624' title='bbox 3273 4050 3561 4118; x_wconf 85' lang='lat' dir='ltr'><strong>assumptis</strong></span> <span class='ocrx_word' id='word_1_625' title='bbox 3595 4051 3812 4106; x_wconf 73' lang='lat' dir='ltr'><strong>duobus</strong></span> 
     </span>
    </p>
   </div>
   <div class='ocr_carea' id='block_1_87' title="bbox 2203 4121 3809 4210">
    <p class='ocr_par' dir='ltr' id='par_1_87' title="bbox 2203 4121 3809 4210">
     <span class='ocr_line' id='line_1_88' title="bbox 2203 4121 3809 4210; baseline 0.017 -35"><span class='ocrx_word' id='word_1_626' title='bbox 2203 4121 2332 4191; x_wconf 81' lang='lat' dir='ltr'><strong>ﬁliis</strong></span> <span class='ocrx_word' id='word_1_627' title='bbox 2356 4124 2605 4185; x_wconf 80' lang='lat' dir='ltr'><strong>Manasse</strong></span> <span class='ocrx_word' id='word_1_628' title='bbox 2629 4140 2679 4186; x_wconf 86' lang='lat' dir='ltr'><strong>et</strong></span> <span class='ocrx_word' id='word_1_629' title='bbox 2707 4129 2962 4198; x_wconf 78' lang='lat' dir='ltr'><strong>Epliraim</strong></span> <span class='ocrx_word' id='word_1_630' title='bbox 2981 4138 3056 4192; x_wconf 89' lang='lat' dir='ltr'><strong>ire</strong></span> <span class='ocrx_word' id='word_1_631' title='bbox 3074 4141 3320 4208; x_wconf 66' lang='lat' dir='ltr'><strong>perrexit.</strong></span> <span class='ocrx_word' id='word_1_632' title='bbox 3341 4141 3466 4198; x_wconf 83' lang='lat' dir='ltr'><strong>Haec</strong></span> <span class='ocrx_word' id='word_1_633' title='bbox 3491 4153 3809 4210; x_wconf 77' lang='lat' dir='ltr'><strong>transeunt,</strong></span> 
     </span>
    </p>
   </div>
   <div class='ocr_carea' id='block_1_88' title="bbox 2204 4212 3810 4302">
    <p class='ocr_par' dir='ltr' id='par_1_88' title="bbox 2204 4212 3810 4302">
     <span class='ocr_line' id='line_1_89' title="bbox 2204 4212 3810 4302; baseline 0.02 -41"><span class='ocrx_word' id='word_1_634' title='bbox 2204 4213 2330 4281; x_wconf 86' lang='lat' dir='ltr'><strong>quia</strong></span> <span class='ocrx_word' id='word_1_635' title='bbox 2357 4212 2556 4273; x_wconf 84' lang='lat' dir='ltr'><strong>lervori</strong></span> <span class='ocrx_word' id='word_1_636' title='bbox 2598 4221 2766 4276; x_wconf 85' lang='lat' dir='ltr'><strong>animi</strong></span> <span class='ocrx_word' id='word_1_637' title='bbox 2813 4223 3174 4283; x_wconf 89' lang='lat' dir='ltr'><strong>lentitudines</strong></span> <span class='ocrx_word' id='word_1_638' title='bbox 3212 4231 3524 4302; x_wconf 86' lang='lat' dir='ltr'><strong>aliquoties,</strong></span> <span class='ocrx_word' id='word_1_639' title='bbox 3557 4235 3678 4292; x_wconf 88' lang='lat' dir='ltr'><strong>Deo</strong></span> <span class='ocrx_word' id='word_1_640' title='bbox 3709 4239 3810 4292; x_wconf 87' lang='lat' dir='ltr'><strong>uti-</strong></span> 
     </span>
    </p>
   </div>
   <div class='ocr_carea' id='block_1_89' title="bbox 2203 4303 3812 4397">
    <p class='ocr_par' dir='ltr' id='par_1_89' title="bbox 2203 4303 3812 4397">
     <span class='ocr_line' id='line_1_90' title="bbox 2203 4303 3812 4397; baseline 0.018 -39"><span class='ocrx_word' id='word_1_641' title='bbox 2203 4303 2329 4361; x_wconf 90' lang='lat' dir='ltr'><strong>liter</strong></span> <span class='ocrx_word' id='word_1_642' title='bbox 2375 4313 2718 4381; x_wconf 89' lang='lat' dir='ltr'><strong>providente,</strong></span> <span class='ocrx_word' id='word_1_643' title='bbox 2762 4319 2968 4386; x_wconf 90' lang='lat' dir='ltr'><strong>teporis</strong></span> <span class='ocrx_word' id='word_1_644' title='bbox 3013 4321 3292 4381; x_wconf 87' lang='lat' dir='ltr'><strong>incedunt.</strong></span> <span class='ocrx_word' id='word_1_645' title='bbox 3333 4325 3540 4397; x_wconf 85' lang='lat' dir='ltr'><strong>Joseph</strong></span> <span class='ocrx_word' id='word_1_646' title='bbox 3585 4339 3722 4386; x_wconf 89' lang='lat' dir='ltr'><strong>tunc</strong></span> <span class='ocrx_word' id='word_1_647' title='bbox 3741 4333 3812 4388; x_wconf 80' lang='lat' dir='ltr'><strong>de</strong></span> 
     </span>
    </p>
   </div>
   <div class='ocr_carea' id='block_1_90' title="bbox 2201 4399 3809 4484">
    <p class='ocr_par' dir='ltr' id='par_1_90' title="bbox 2201 4399 3809 4484">
     <span class='ocr_line' id='line_1_91' title="bbox 2201 4399 3809 4484; baseline 0.017 -34"><span class='ocrx_word' id='word_1_648' title='bbox 2201 4399 2375 4465; x_wconf 89' lang='lat' dir='ltr'><strong>patris</strong></span> <span class='ocrx_word' id='word_1_649' title='bbox 2400 4405 2756 4473; x_wconf 66' lang='lat' dir='ltr'><strong>aegrotatione</strong></span> <span class='ocrx_word' id='word_1_650' title='bbox 2788 4410 3093 4482; x_wconf 90' lang='lat' dir='ltr'><strong>nuntiatur,</strong></span> <span class='ocrx_word' id='word_1_651' title='bbox 3127 4415 3424 4484; x_wconf 89' lang='lat' dir='ltr'><strong>quandode</strong></span> <span class='ocrx_word' id='word_1_652' title='bbox 3452 4419 3691 4476; x_wconf 88' lang='lat' dir='ltr'><strong>rationis</strong></span> <span class='ocrx_word' id='word_1_653' title='bbox 3719 4421 3809 4476; x_wconf 86' lang='lat' dir='ltr'><strong>in-</strong></span> 
     </span>
    </p>
   </div>
   <div class='ocr_carea' id='block_1_91' title="bbox 507 4473 2103 4587">
    <p class='ocr_par' dir='ltr' id='par_1_91' title="bbox 507 4473 2098 4577">
     <span class='ocr_line' id='line_1_92' title="bbox 507 4473 2098 4577; baseline 0.019 -47"><span class='ocrx_word' id='word_1_654' title='bbox 507 4473 868 4538; x_wconf 82' lang='lat' dir='ltr'><strong>discretionis.</strong></span> <span class='ocrx_word' id='word_1_655' title='bbox 895 4483 1086 4543; x_wconf 83' lang='lat' dir='ltr'><strong>Decem</strong></span> <span class='ocrx_word' id='word_1_656' title='bbox 1108 4499 1155 4544; x_wconf 89' lang='lat' dir='ltr'><strong>et</strong></span> <span class='ocrx_word' id='word_1_657' title='bbox 1185 4502 1378 4564; x_wconf 79' lang='lat' dir='ltr'><strong>septem</strong></span> <span class='ocrx_word' id='word_1_658' title='bbox 1395 4497 1453 4552; x_wconf 87' lang='lat' dir='ltr'><strong>in</strong></span> <span class='ocrx_word' id='word_1_659' title='bbox 1472 4514 1535 4553; x_wconf 90' lang='lat' dir='ltr'><strong>ea</strong></span> <span class='ocrx_word' id='word_1_660' title='bbox 1570 4500 1705 4554; x_wconf 86' lang='lat' dir='ltr'><strong>vivit</strong></span> <span class='ocrx_word' id='word_1_661' title='bbox 1725 4503 1902 4568; x_wconf 87' lang='lat' dir='ltr'><strong>annis,</strong></span> <span class='ocrx_word' id='word_1_662' title='bbox 1936 4505 2098 4577; x_wconf 76' lang='lat'><strong>169</strong></span> 
     </span>
    </p>
   </div>
   <div class='ocr_carea' id='block_1_92' title="bbox 2213 4473 3810 4587">
    <p class='ocr_par' dir='ltr' id='par_1_92' title="bbox 2213 4473 3810 4571">
     <span class='ocr_line' id='line_1_93' title="bbox 2213 4473 3810 4571; baseline 0.018 -29"><span class='ocrx_word' id='word_1_663' title='bbox 2213 4489 2457 4550; x_wconf 84' lang='lat' dir='ltr'><strong>lellectus</strong></span> <span class='ocrx_word' id='word_1_664' title='bbox 2487 4498 2853 4555; x_wconf 85' lang='lat' dir='ltr'><strong>mutabilitate</strong></span> <span class='ocrx_word' id='word_1_665' title='bbox 2877 4473 3274 4571; x_wconf 48' lang='lat' dir='ltr'><strong>pulsatum-Sed</strong></span> <span class='ocrx_word' id='word_1_666' title='bbox 3304 4509 3439 4566; x_wconf 84' lang='lat' dir='ltr'><strong>duos</strong></span> <span class='ocrx_word' id='word_1_667' title='bbox 3466 4473 3591 4567; x_wconf 86' lang='lat' dir='ltr'><strong>illos</strong></span> 
     </span>
    </p>
   </div>
   <div class='ocr_carea' id='block_1_93' title="bbox 508 4571 2096 4668">
    <p class='ocr_par' dir='ltr' id='par_1_93' title="bbox 508 4571 2096 4668">
     <span class='ocr_line' id='line_1_94' title="bbox 508 4571 2096 4668; baseline 0.02 -45"><span class='ocrx_word' id='word_1_668' title='bbox 508 4571 635 4625; x_wconf 87' lang='lat' dir='ltr'><strong>dum</strong></span> <span class='ocrx_word' id='word_1_669' title='bbox 681 4583 734 4628; x_wconf 88' lang='lat' dir='ltr'><strong>et</strong></span> <span class='ocrx_word' id='word_1_670' title='bbox 760 4573 894 4648; x_wconf 83' lang='lat' dir='ltr'><strong>legis</strong></span> <span class='ocrx_word' id='word_1_671' title='bbox 908 4577 1196 4656; x_wconf 85' lang='lat' dir='ltr'><strong>Decalogo,</strong></span> <span class='ocrx_word' id='word_1_672' title='bbox 1211 4595 1264 4642; x_wconf 90' lang='lat' dir='ltr'><strong>et</strong></span> <span class='ocrx_word' id='word_1_673' title='bbox 1283 4591 1594 4660; x_wconf 89' lang='lat' dir='ltr'><strong>septenario</strong></span> <span class='ocrx_word' id='word_1_674' title='bbox 1604 4594 1690 4665; x_wconf 87' lang='lat' dir='ltr'><strong>adj</strong></span> <span class='ocrx_word' id='word_1_675' title='bbox 1699 4594 1888 4652; x_wconf 89' lang='lat' dir='ltr'><strong>utricis</strong></span> <span class='ocrx_word' id='word_1_676' title='bbox 1905 4571 2096 4668; x_wconf 51' lang='lat' dir='ltr'><strong>grana:</strong></span> 
     </span>
    </p>
   </div>
   <div class='ocr_carea' id='block_1_94' title="bbox 2205 4586 3810 4675">
    <p class='ocr_par' dir='ltr' id='par_1_94' title="bbox 2205 4586 3810 4675">
     <span class='ocr_line' id='line_1_95' title="bbox 2205 4586 3810 4675; baseline 0.017 -38"><span class='ocrx_word' id='word_1_677' title='bbox 2205 4592 2341 4650; x_wconf 83' lang='lat' dir='ltr'><strong>stos,</strong></span> <span class='ocrx_word' id='word_1_678' title='bbox 2359 4586 2514 4656; x_wconf 85' lang='lat' dir='ltr'><strong>juxta</strong></span> <span class='ocrx_word' id='word_1_679' title='bbox 2541 4588 2664 4656; x_wconf 82' lang='lat' dir='ltr'><strong>Job,</strong></span> <span class='ocrx_word' id='word_1_680' title='bbox 2696 4591 3013 4651; x_wconf 82' lang='lat' dir='ltr'><strong>fortitudine</strong></span> <span class='ocrx_word' id='word_1_681' title='bbox 3029 4598 3150 4666; x_wconf 86' lang='lat' dir='ltr'><strong>(Job</strong></span> <span class='ocrx_word' id='word_1_682' title='bbox 3174 4615 3360 4669; x_wconf 75' lang='lat' dir='ltr'><strong>xxxvr,</strong></span> <span class='ocrx_word' id='word_1_683' title='bbox 3386 4602 3494 4675; x_wconf 82' lang='lat' dir='ltr'><strong>l9),</strong></span> <span class='ocrx_word' id='word_1_684' title='bbox 3521 4614 3711 4661; x_wconf 85' lang='lat' dir='ltr'><strong>status</strong></span> <span class='ocrx_word' id='word_1_685' title='bbox 3731 4607 3810 4664; x_wconf 83' lang='lat' dir='ltr'><strong>l&#39;c-</strong></span> 
     </span>
    </p>
   </div>
   <div class='ocr_carea' id='block_1_95' title="bbox 504 4665 2103 4770">
    <p class='ocr_par' dir='ltr' id='par_1_95' title="bbox 504 4665 2093 4758">
     <span class='ocr_line' id='line_1_96' title="bbox 504 4665 2093 4758; baseline 0.02 -40"><span class='ocrx_word' id='word_1_686' title='bbox 504 4665 774 4734; x_wconf 84' lang='lat' dir='ltr'><strong>vitalis,in</strong></span> <span class='ocrx_word' id='word_1_687' title='bbox 807 4669 919 4740; x_wconf 88' lang='lat' dir='ltr'><strong>ipsa</strong></span> <span class='ocrx_word' id='word_1_688' title='bbox 941 4675 1166 4734; x_wconf 84' lang='lat' dir='ltr'><strong>scientia</strong></span> <span class='ocrx_word' id='word_1_689' title='bbox 1188 4683 1488 4752; x_wconf 87' lang='lat' dir='ltr'><strong>reperimus</strong></span> <span class='ocrx_word' id='word_1_690' title='bbox 1519 4695 1868 4758; x_wconf 83' lang='lat' dir='ltr'><strong>augmentum</strong></span> <span class='ocrx_word' id='word_1_691' title='bbox 1900 4665 2093 4758; x_wconf 79' lang='lat' dir='ltr'><strong>prove-</strong></span> 
     </span>
    </p>
   </div>
   <div class='ocr_carea' id='block_1_96' title="bbox 2213 4665 3808 4770">
    <p class='ocr_par' dir='ltr' id='par_1_96' title="bbox 2213 4675 3808 4770">
     <span class='ocr_line' id='line_1_97' title="bbox 2213 4675 3808 4770; baseline 0.016 -38"><span class='ocrx_word' id='word_1_692' title='bbox 2213 4675 2294 4734; x_wconf 89' lang='lat' dir='ltr'><strong>lici</strong></span> <span class='ocrx_word' id='word_1_693' title='bbox 2319 4682 2654 4738; x_wconf 88' lang='lat' dir='ltr'><strong>conscientia</strong></span> <span class='ocrx_word' id='word_1_694' title='bbox 2682 4688 2919 4757; x_wconf 81' lang='lat' dir='ltr'><strong>genitos,</strong></span> <span class='ocrx_word' id='word_1_695' title='bbox 2941 4691 3267 4750; x_wconf 90' lang='lat' dir='ltr'><strong>oblivionem</strong></span> <span class='ocrx_word' id='word_1_696' title='bbox 3320 4697 3528 4753; x_wconf 85' lang='lat' dir='ltr'><strong>scilicet</strong></span> <span class='ocrx_word' id='word_1_697' title='bbox 3559 4716 3808 4770; x_wconf 72' lang='lat' dir='ltr'><strong>praesen-</strong></span> 
     </span>
    </p>
   </div>
   <div class='ocr_carea' id='block_1_97' title="bbox 505 4757 2095 4842">
    <p class='ocr_par' dir='ltr' id='par_1_97' title="bbox 505 4757 2095 4842">
     <span class='ocr_line' id='line_1_98' title="bbox 505 4757 2095 4842; baseline 0.019 -30"><span class='ocrx_word' id='word_1_698' title='bbox 505 4757 720 4817; x_wconf 86' lang='lat' dir='ltr'><strong>clionis.</strong></span> <span class='ocrx_word' id='word_1_699' title='bbox 754 4762 954 4822; x_wconf 81' lang='lat' dir='ltr'><strong>Omnes</strong></span> <span class='ocrx_word' id='word_1_700' title='bbox 985 4779 1160 4827; x_wconf 86' lang='lat' dir='ltr'><strong>autem</strong></span> <span class='ocrx_word' id='word_1_701' title='bbox 1191 4775 1451 4832; x_wconf 89' lang='lat' dir='ltr'><strong>virtutum</strong></span> <span class='ocrx_word' id='word_1_702' title='bbox 1480 4757 1788 4836; x_wconf 76' lang='lat' dir='ltr'><strong>nostrarum</strong></span> <span class='ocrx_word' id='word_1_703' title='bbox 1811 4757 2095 4842; x_wconf 84' lang='lat' dir='ltr'><strong>claritudi-</strong></span> 
     </span>
    </p>
   </div>
   <div class='ocr_carea' id='block_1_98' title="bbox 503 4863 2091 4944">
    <p class='ocr_par' dir='ltr' id='par_1_98' title="bbox 503 4863 2091 4944">
     <span class='ocr_line' id='line_1_99' title="bbox 503 4863 2091 4944; baseline 0.018 -37"><span class='ocrx_word' id='word_1_704' title='bbox 503 4867 602 4908; x_wconf 90' lang='lat' dir='ltr'><strong>nes</strong></span> <span class='ocrx_word' id='word_1_705' title='bbox 633 4870 732 4926; x_wconf 88' lang='lat' dir='ltr'><strong>per</strong></span> <span class='ocrx_word' id='word_1_706' title='bbox 764 4863 1055 4931; x_wconf 84' lang='lat' dir='ltr'><strong>evangelici</strong></span> <span class='ocrx_word' id='word_1_707' title='bbox 1081 4867 1348 4938; x_wconf 86' lang='lat' dir='ltr'><strong>dogmatis</strong></span> <span class='ocrx_word' id='word_1_708' title='bbox 1376 4873 1786 4943; x_wconf 88' lang='lat' dir='ltr'><strong>quaternarium</strong></span> <span class='ocrx_word' id='word_1_709' title='bbox 1805 4919 1820 4944; x_wconf 94' lang='lat'><strong>,</strong></span> <span class='ocrx_word' id='word_1_710' title='bbox 1845 4886 1899 4932; x_wconf 89' lang='lat' dir='ltr'><strong>et</strong></span> <span class='ocrx_word' id='word_1_711' title='bbox 1925 4879 2091 4936; x_wconf 85' lang='lat' dir='ltr'><strong>divini</strong></span> 
     </span>
    </p>
   </div>
   <div class='ocr_carea' id='block_1_99' title="bbox 501 4948 2094 5033">
    <p class='ocr_par' dir='ltr' id='par_1_99' title="bbox 501 4948 2094 5033">
     <span class='ocr_line' id='line_1_100' title="bbox 501 4948 2094 5033; baseline 0.017 -31"><span class='ocrx_word' id='word_1_712' title='bbox 501 4948 847 5010; x_wconf 86' lang='lat' dir='ltr'><strong>charismatis</strong></span> <span class='ocrx_word' id='word_1_713' title='bbox 891 4963 1285 5033; x_wconf 82' lang='lat' dir='ltr'><strong>septenarium,</strong></span> <span class='ocrx_word' id='word_1_714' title='bbox 1327 4980 1394 5033; x_wconf 81' lang='lat' dir='ltr'><strong>ac</strong></span> <span class='ocrx_word' id='word_1_715' title='bbox 1434 4965 1690 5024; x_wconf 81' lang='lat' dir='ltr'><strong>Mosaicae</strong></span> <span class='ocrx_word' id='word_1_716' title='bbox 1734 4969 2094 5028; x_wconf 87' lang='lat' dir='ltr'><strong>institutionis</strong></span> 
     </span>
    </p>
   </div>
   <div class='ocr_carea' id='block_1_100' title="bbox 501 5031 2095 5124">
    <p class='ocr_par' dir='ltr' id='par_1_100' title="bbox 501 5031 2095 5124">
     <span class='ocr_line' id='line_1_101' title="bbox 501 5031 2095 5124; baseline 0.019 -31"><span class='ocrx_word' id='word_1_717' title='bbox 501 5041 805 5116; x_wconf 87' lang='lat' dir='ltr'><strong>denarium,</strong></span> <span class='ocrx_word' id='word_1_718' title='bbox 835 5055 1161 5118; x_wconf 89' lang='lat' dir='ltr'><strong>perveniunt</strong></span> <span class='ocrx_word' id='word_1_719' title='bbox 1197 5031 1506 5116; x_wconf 54' lang='lat' dir='ltr'><strong>adnuerunt</strong></span> <span class='ocrx_word' id='word_1_720' title='bbox 1527 5061 2095 5124; x_wconf 80' lang='lat' dir='ltr'><strong>beatitudinis-dexte-</strong></span> 
     </span>
    </p>
   </div>
   <div class='ocr_carea' id='block_1_101' title="bbox 499 5137 1366 5208">
    <p class='ocr_par' dir='ltr' id='par_1_101' title="bbox 499 5137 1366 5208">
     <span class='ocr_line' id='line_1_102' title="bbox 499 5137 1366 5208; baseline 0.022 -21"><span class='ocrx_word' id='word_1_721' title='bbox 499 5147 637 5204; x_wconf 88' lang='lat' dir='ltr'><strong>ram,</strong></span> <span class='ocrx_word' id='word_1_722' title='bbox 675 5137 777 5197; x_wconf 85' lang='lat' dir='ltr'><strong>hoc</strong></span> <span class='ocrx_word' id='word_1_723' title='bbox 804 5151 889 5199; x_wconf 82' lang='lat' dir='ltr'><strong>est</strong></span> <span class='ocrx_word' id='word_1_724' title='bbox 915 5151 1317 5204; x_wconf 83' lang='lat' dir='ltr'><strong>centenarium.</strong></span> <span class='ocrx_word' id='word_1_725' title='bbox 1359 5198 1366 5208; x_wconf 93' lang='lat'><strong>.</strong></span> 
     </span>
    </p>
   </div>
   <div class='ocr_carea' id='block_1_102' title="bbox 570 5225 2102 5320">
    <p class='ocr_par' dir='ltr' id='par_1_102' title="bbox 570 5225 2102 5320">
     <span class='ocr_line' id='line_1_103' title="bbox 570 5225 2102 5320; baseline 0.018 -38"><span class='ocrx_word' id='word_1_726' title='bbox 570 5225 737 5285; x_wconf 73' lang='lat' dir='ltr'><strong>Vens.</strong></span> <span class='ocrx_word' id='word_1_727' title='bbox 766 5231 857 5300; x_wconf 77' lang='grc'><strong>29,</strong></span> <span class='ocrx_word' id='word_1_728' title='bbox 885 5234 975 5291; x_wconf 80' lang='grc'><strong>50.</strong></span> <span class='ocrx_word' id='word_1_729' title='bbox 1001 5268 1074 5278; x_wconf 88' lang='lat'><strong>——</strong></span> <span class='ocrx_word' id='word_1_730' title='bbox 1111 5238 1344 5312; x_wconf 86' lang='lat' dir='ltr'><strong>Cumque</strong></span> <span class='ocrx_word' id='word_1_731' title='bbox 1393 5247 1813 5320; x_wconf 81' lang='lat' dir='ltr'><strong>appropinquare</strong></span> <span class='ocrx_word' id='word_1_732' title='bbox 1863 5265 2102 5310; x_wconf 85' lang='lat' dir='ltr'><strong>cerneret-</strong></span> 
     </span>
    </p>
   </div>
   <div class='ocr_carea' id='block_1_103' title="bbox 496 5324 2091 5413">
    <p class='ocr_par' dir='ltr' id='par_1_103' title="bbox 496 5324 2091 5413">
     <span class='ocr_line' id='line_1_104' title="bbox 496 5324 2091 5413; baseline 0.019 -39"><span class='ocrx_word' id='word_1_733' title='bbox 496 5324 681 5378; x_wconf 86' lang='lat' dir='ltr'><strong>mortis</strong></span> <span class='ocrx_word' id='word_1_734' title='bbox 723 5325 882 5395; x_wconf 87' lang='lat' dir='ltr'><strong>diem,</strong></span> <span class='ocrx_word' id='word_1_735' title='bbox 915 5333 1117 5386; x_wconf 83' lang='lat' dir='ltr'><strong>vocavit</strong></span> <span class='ocrx_word' id='word_1_736' title='bbox 1141 5333 1313 5402; x_wconf 84' lang='lat' dir='ltr'><strong>ﬁlium</strong></span> <span class='ocrx_word' id='word_1_737' title='bbox 1342 5353 1497 5393; x_wconf 87' lang='lat' dir='ltr'><strong>suum</strong></span> <span class='ocrx_word' id='word_1_738' title='bbox 1523 5339 1742 5413; x_wconf 75' lang='lat' dir='ltr'><strong>Ioseph,</strong></span> <span class='ocrx_word' id='word_1_739' title='bbox 1768 5353 1816 5400; x_wconf 88' lang='lat' dir='ltr'><strong>et</strong></span> <span class='ocrx_word' id='word_1_740' title='bbox 1844 5347 1978 5403; x_wconf 75' lang='lat' dir='ltr'><strong>dixit</strong></span> <span class='ocrx_word' id='word_1_741' title='bbox 2021 5351 2091 5404; x_wconf 90' lang='lat' dir='ltr'><strong>ad</strong></span> 
     </span>
    </p>
   </div>
   <div class='ocr_carea' id='block_1_104' title="bbox 493 5419 2090 5511">
    <p class='ocr_par' dir='ltr' id='par_1_104' title="bbox 493 5419 2090 5511">
     <span class='ocr_line' id='line_1_105' title="bbox 493 5419 2090 5511; baseline 0.018 -40"><span class='ocrx_word' id='word_1_742' title='bbox 493 5434 610 5474; x_wconf 88' lang='lat' dir='ltr'><strong>eum</strong></span> <span class='ocrx_word' id='word_1_743' title='bbox 639 5433 658 5472; x_wconf 90' lang='lat'><em>:</em></span> <span class='ocrx_word' id='word_1_744' title='bbox 690 5419 750 5476; x_wconf 88' lang='lat' dir='ltr'><strong>Si</strong></span> <span class='ocrx_word' id='word_1_745' title='bbox 782 5426 957 5479; x_wconf 79' lang='lat' dir='ltr'><strong>inueni</strong></span> <span class='ocrx_word' id='word_1_746' title='bbox 1005 5427 1230 5497; x_wconf 85' lang='lat' dir='ltr'><strong>gratiam</strong></span> <span class='ocrx_word' id='word_1_747' title='bbox 1258 5430 1312 5484; x_wconf 86' lang='lat' dir='ltr'><strong>in</strong></span> <span class='ocrx_word' id='word_1_748' title='bbox 1344 5445 1622 5500; x_wconf 82' lang='lat' dir='ltr'><strong>conspectu</strong></span> <span class='ocrx_word' id='word_1_749' title='bbox 1653 5447 1764 5504; x_wconf 90' lang='lat' dir='ltr'><strong>tuo,</strong></span> <span class='ocrx_word' id='word_1_750' title='bbox 1796 5457 1929 5511; x_wconf 84' lang='lat' dir='ltr'><strong>pone</strong></span> <span class='ocrx_word' id='word_1_751' title='bbox 1970 5459 2090 5498; x_wconf 82' lang='lat' dir='ltr'><strong>ma-</strong></span> 
     </span>
    </p>
   </div>
   <div class='ocr_carea' id='block_1_105' title="bbox 493 5516 2088 5594">
    <p class='ocr_par' dir='ltr' id='par_1_105' title="bbox 493 5516 2088 5594">
     <span class='ocr_line' id='line_1_106' title="bbox 493 5516 2088 5594; baseline 0.015 -26"><span class='ocrx_word' id='word_1_752' title='bbox 493 5528 618 5568; x_wconf 82' lang='lat' dir='ltr'><strong>num</strong></span> <span class='ocrx_word' id='word_1_753' title='bbox 648 5516 743 5570; x_wconf 87' lang='lat' dir='ltr'><strong>sub</strong></span> <span class='ocrx_word' id='word_1_754' title='bbox 767 5517 964 5586; x_wconf 76' lang='lat' dir='ltr'><strong>femore</strong></span> <span class='ocrx_word' id='word_1_755' title='bbox 985 5533 1120 5588; x_wconf 88' lang='lat' dir='ltr'><strong>meo,</strong></span> <span class='ocrx_word' id='word_1_756' title='bbox 1140 5531 1187 5577; x_wconf 86' lang='lat' dir='ltr'><strong>et</strong></span> <span class='ocrx_word' id='word_1_757' title='bbox 1203 5524 1370 5594; x_wconf 84' lang='lat' dir='ltr'><strong>facias</strong></span> <span class='ocrx_word' id='word_1_758' title='bbox 1389 5530 1536 5583; x_wconf 80' lang='lat' dir='ltr'><strong>mihi</strong></span> <span class='ocrx_word' id='word_1_759' title='bbox 1577 5532 1991 5590; x_wconf 85' lang='lat' dir='ltr'><strong>misericordiam</strong></span> <span class='ocrx_word' id='word_1_760' title='bbox 2039 5548 2088 5594; x_wconf 84' lang='lat' dir='ltr'><strong>et</strong></span> 
     </span>
    </p>
   </div>
   <div class='ocr_carea' id='block_1_106' title="bbox 490 5609 2086 5694">
    <p class='ocr_par' dir='ltr' id='par_1_106' title="bbox 490 5609 2086 5694">
     <span class='ocr_line' id='line_1_107' title="bbox 490 5609 2086 5694; baseline 0.014 -32"><span class='ocrx_word' id='word_1_761' title='bbox 490 5609 783 5678; x_wconf 80' lang='lat' dir='ltr'><strong>veritatem,</strong></span> <span class='ocrx_word' id='word_1_762' title='bbox 801 5621 858 5665; x_wconf 90' lang='lat' dir='ltr'><strong>ut</strong></span> <span class='ocrx_word' id='word_1_763' title='bbox 881 5628 985 5668; x_wconf 87' lang='lat' dir='ltr'><strong>non</strong></span> <span class='ocrx_word' id='word_1_764' title='bbox 1009 5614 1228 5684; x_wconf 88' lang='lat' dir='ltr'><strong>sepelias</strong></span> <span class='ocrx_word' id='word_1_765' title='bbox 1250 5633 1330 5675; x_wconf 88' lang='lat' dir='ltr'><strong>me</strong></span> <span class='ocrx_word' id='word_1_766' title='bbox 1344 5621 1399 5676; x_wconf 88' lang='lat' dir='ltr'><strong>in</strong></span> <span class='ocrx_word' id='word_1_767' title='bbox 1421 5621 1688 5694; x_wconf 60' lang='lat' dir='ltr'><strong>Egi/pta;</strong></span> <span class='ocrx_word' id='word_1_768' title='bbox 1713 5626 1804 5681; x_wconf 88' lang='lat' dir='ltr'><strong>sed</strong></span> <span class='ocrx_word' id='word_1_769' title='bbox 1825 5627 2086 5684; x_wconf 83' lang='lat' dir='ltr'><strong>dormiam</strong></span> 
     </span>
    </p>
   </div>
   <div class='ocr_carea' id='block_1_107' title="bbox 489 5704 2089 5790">
    <p class='ocr_par' dir='ltr' id='par_1_107' title="bbox 489 5704 2089 5790">
     <span class='ocr_line' id='line_1_108' title="bbox 489 5704 2089 5790; baseline 0.015 -35"><span class='ocrx_word' id='word_1_770' title='bbox 489 5717 610 5757; x_wconf 84' lang='lat' dir='ltr'><strong>cum</strong></span> <span class='ocrx_word' id='word_1_771' title='bbox 639 5704 878 5774; x_wconf 81' lang='lat' dir='ltr'><strong>patribus</strong></span> <span class='ocrx_word' id='word_1_772' title='bbox 907 5708 1070 5776; x_wconf 87' lang='lat' dir='ltr'><strong>meis;</strong></span> <span class='ocrx_word' id='word_1_773' title='bbox 1107 5721 1153 5766; x_wconf 87' lang='lat' dir='ltr'><strong>et</strong></span> <span class='ocrx_word' id='word_1_774' title='bbox 1201 5713 1299 5768; x_wconf 84' lang='lat' dir='ltr'><strong>hac</strong></span> <span class='ocrx_word' id='word_1_775' title='bbox 1319 5715 1385 5771; x_wconf 89' lang='lat' dir='ltr'><strong>de</strong></span> <span class='ocrx_word' id='word_1_776' title='bbox 1413 5726 1552 5773; x_wconf 88' lang='lat' dir='ltr'><strong>terra</strong></span> <span class='ocrx_word' id='word_1_777' title='bbox 1579 5733 1660 5774; x_wconf 86' lang='lat' dir='ltr'><strong>me</strong></span> <span class='ocrx_word' id='word_1_778' title='bbox 1692 5721 1932 5790; x_wconf 84' lang='lat' dir='ltr'><strong>auferas,</strong></span> <span class='ocrx_word' id='word_1_779' title='bbox 1964 5741 2089 5778; x_wconf 89' lang='lat' dir='ltr'><strong>con-</strong></span> 
     </span>
    </p>
   </div>
   <div class='ocr_carea' id='block_1_108' title="bbox 489 5793 2087 5887">
    <p class='ocr_par' dir='ltr' id='par_1_108' title="bbox 489 5793 2087 5887">
     <span class='ocr_line' id='line_1_109' title="bbox 489 5793 2087 5887; baseline 0.014 -37"><span class='ocrx_word' id='word_1_780' title='bbox 489 5793 716 5869; x_wconf 65' lang='lat' dir='ltr'><strong>dasque&#39;</strong></span> <span class='ocrx_word' id='word_1_781' title='bbox 744 5800 800 5856; x_wconf 89' lang='lat' dir='ltr'><strong>in</strong></span> <span class='ocrx_word' id='word_1_782' title='bbox 853 5803 1092 5876; x_wconf 84' lang='lat' dir='ltr'><strong>sepulcro</strong></span> <span class='ocrx_word' id='word_1_783' title='bbox 1119 5807 1406 5882; x_wconf 83' lang='lat' dir='ltr'><strong>majorum.</strong></span> <span class='ocrx_word' id='word_1_784' title='bbox 1466 5811 1564 5869; x_wconf 88' lang='lat' dir='ltr'><strong>Die</strong></span> <span class='ocrx_word' id='word_1_785' title='bbox 1623 5815 1814 5872; x_wconf 89' lang='lat' dir='ltr'><strong>mortis</strong></span> <span class='ocrx_word' id='word_1_786' title='bbox 1865 5816 2087 5887; x_wconf 86' lang='lat' dir='ltr'><strong>propin-</strong></span> 
     </span>
    </p>
   </div>
   <div class='ocr_carea' id='block_1_109' title="bbox 2203 4775 3806 4851">
    <p class='ocr_par' dir='ltr' id='par_1_109' title="bbox 2203 4775 3806 4851">
     <span class='ocr_line' id='line_1_110' title="bbox 2203 4775 3806 4851; baseline 0.014 -23"><span class='ocrx_word' id='word_1_787' title='bbox 2203 4775 2360 4843; x_wconf 89' lang='lat' dir='ltr'><strong>tium,</strong></span> <span class='ocrx_word' id='word_1_788' title='bbox 2384 4786 2439 4832; x_wconf 92' lang='lat' dir='ltr'><strong>et</strong></span> <span class='ocrx_word' id='word_1_789' title='bbox 2466 4777 2944 4839; x_wconf 84' lang='lat' dir='ltr'><strong>fructiﬁcationem</strong></span> <span class='ocrx_word' id='word_1_790' title='bbox 2983 4785 3290 4844; x_wconf 83' lang='lat' dir='ltr'><strong>futurorum</strong></span> <span class='ocrx_word' id='word_1_791' title='bbox 3346 4791 3667 4850; x_wconf 78' lang='lat' dir='ltr'><strong>individuos</strong></span> <span class='ocrx_word' id='word_1_792' title='bbox 3699 4798 3806 4851; x_wconf 87' lang='lat' dir='ltr'><strong>sibi</strong></span> 
     </span>
    </p>
   </div>
   <div class='ocr_carea' id='block_1_110' title="bbox 2201 4869 3808 4960">
    <p class='ocr_par' dir='ltr' id='par_1_110' title="bbox 2201 4869 3808 4960">
     <span class='ocr_line' id='line_1_111' title="bbox 2201 4869 3808 4960; baseline 0.013 -38"><span class='ocrx_word' id='word_1_793' title='bbox 2201 4869 2508 4938; x_wconf 84' lang='lat' dir='ltr'><strong>asciscens,</strong></span> <span class='ocrx_word' id='word_1_794' title='bbox 2537 4875 2800 4956; x_wconf 68' lang='lat' dir='ltr'><strong>ratipuem</strong></span> <span class='ocrx_word' id='word_1_795' title='bbox 2826 4893 2924 4948; x_wconf 91' lang='lat' dir='ltr'><strong>per</strong></span> <span class='ocrx_word' id='word_1_796' title='bbox 2974 4881 3341 4952; x_wconf 72' lang='lat' dir='ltr'><strong>intelligentia:</strong></span> <span class='ocrx_word' id='word_1_797' title='bbox 3401 4883 3657 4954; x_wconf 83' lang='lat' dir='ltr'><strong>illapsum</strong></span> <span class='ocrx_word' id='word_1_798' title='bbox 3707 4904 3808 4960; x_wconf 86' lang='lat' dir='ltr'><strong>pro</strong></span> 
     </span>
    </p>
   </div>
   <div class='ocr_carea' id='block_1_111' title="bbox 2200 4949 3427 5037">
    <p class='ocr_par' dir='ltr' id='par_1_111' title="bbox 2200 4949 3427 5037">
     <span class='ocr_line' id='line_1_112' title="bbox 2200 4949 3427 5037; baseline 0.01 -20"><span class='ocrx_word' id='word_1_799' title='bbox 2200 4962 2370 5032; x_wconf 87' lang='lat' dir='ltr'><strong>positi</strong></span> <span class='ocrx_word' id='word_1_800' title='bbox 2402 4949 2687 5037; x_wconf 68' lang='lat' dir='ltr'><strong>utriusque</strong></span> <span class='ocrx_word' id='word_1_801' title='bbox 2725 4985 3156 5028; x_wconf 88' lang='lat' dir='ltr'><strong>commemorare</strong></span> <span class='ocrx_word' id='word_1_802' title='bbox 3185 4974 3427 5030; x_wconf 82' lang='lat' dir='ltr'><strong>festinat.</strong></span> 
     </span>
    </p>
   </div>
   <div class='ocr_carea' id='block_1_112' title="bbox 2275 5059 3804 5140">
    <p class='ocr_par' dir='ltr' id='par_1_112' title="bbox 2275 5059 3804 5140">
     <span class='ocr_line' id='line_1_113' title="bbox 2275 5059 3804 5140; baseline 0.01 -26"><span class='ocrx_word' id='word_1_803' title='bbox 2275 5059 2438 5134; x_wconf 63' lang='lat' dir='ltr'><strong>Vens.</strong></span> <span class='ocrx_word' id='word_1_804' title='bbox 2466 5062 2996 5134; x_wconf 78' lang='lat' dir='ltr'><strong>l,5.-—Dictumque</strong></span> <span class='ocrx_word' id='word_1_805' title='bbox 3025 5077 3099 5123; x_wconf 86' lang='lat' dir='ltr'><strong>est</strong></span> <span class='ocrx_word' id='word_1_806' title='bbox 3135 5071 3248 5125; x_wconf 79' lang='lat' dir='ltr'><strong>seni</strong></span> <span class='ocrx_word' id='word_1_807' title='bbox 3274 5083 3294 5122; x_wconf 90' lang='lat'><strong><em>:</em></strong></span> <span class='ocrx_word' id='word_1_808' title='bbox 3322 5069 3458 5125; x_wconf 86' lang='lat' dir='ltr'><strong>Ecce</strong></span> <span class='ocrx_word' id='word_1_809' title='bbox 3478 5069 3648 5140; x_wconf 77' lang='lat' dir='ltr'><strong>ﬁilius</strong></span> <span class='ocrx_word' id='word_1_810' title='bbox 3678 5085 3804 5129; x_wconf 69' lang='lat' dir='ltr'><strong>tuus</strong></span> 
     </span>
    </p>
   </div>
   <div class='ocr_carea' id='block_1_113' title="bbox 2197 5156 3804 5234">
    <p class='ocr_par' dir='ltr' id='par_1_113' title="bbox 2197 5156 3804 5234">
     <span class='ocr_line' id='line_1_114' title="bbox 2197 5156 3804 5234; baseline 0.006 -22"><span class='ocrx_word' id='word_1_811' title='bbox 2197 5156 2394 5228; x_wconf 74' lang='lat' dir='ltr'><strong>Joseplt</strong></span> <span class='ocrx_word' id='word_1_812' title='bbox 2413 5161 2551 5215; x_wconf 74' lang='lat' dir='ltr'><strong>venit</strong></span> <span class='ocrx_word' id='word_1_813' title='bbox 2580 5162 2649 5215; x_wconf 88' lang='lat' dir='ltr'><strong>ad</strong></span> <span class='ocrx_word' id='word_1_814' title='bbox 2669 5172 2737 5216; x_wconf 88' lang='lat' dir='ltr'><strong>te.</strong></span> <span class='ocrx_word' id='word_1_815' title='bbox 2758 5161 2862 5228; x_wconf 79' lang='lat' dir='ltr'><strong>Qui</strong></span> <span class='ocrx_word' id='word_1_816' title='bbox 2883 5162 3214 5234; x_wconf 78' lang='lat' dir='ltr'><strong>confortatus</strong></span> <span class='ocrx_word' id='word_1_817' title='bbox 3235 5167 3369 5220; x_wconf 84' lang='lat' dir='ltr'><strong>sedit</strong></span> <span class='ocrx_word' id='word_1_818' title='bbox 3405 5167 3459 5220; x_wconf 88' lang='lat' dir='ltr'><strong>in</strong></span> <span class='ocrx_word' id='word_1_819' title='bbox 3491 5166 3714 5223; x_wconf 77' lang='lat' dir='ltr'><strong>lectulo.</strong></span> <span class='ocrx_word' id='word_1_820' title='bbox 3732 5168 3804 5223; x_wconf 81' lang='lat' dir='ltr'><strong>Et</strong></span> 
     </span>
    </p>
   </div>
   <div class='ocr_carea' id='block_1_114' title="bbox 2196 5249 3804 5336">
    <p class='ocr_par' dir='ltr' id='par_1_114' title="bbox 2196 5249 3804 5336">
     <span class='ocr_line' id='line_1_115' title="bbox 2196 5249 3804 5336; baseline 0.009 -33"><span class='ocrx_word' id='word_1_821' title='bbox 2196 5249 2432 5321; x_wconf 84' lang='lat' dir='ltr'><strong>ingresso</strong></span> <span class='ocrx_word' id='word_1_822' title='bbox 2461 5253 2532 5307; x_wconf 90' lang='lat' dir='ltr'><strong>ad</strong></span> <span class='ocrx_word' id='word_1_823' title='bbox 2554 5271 2610 5309; x_wconf 88' lang='lat' dir='ltr'><strong>se</strong></span> <span class='ocrx_word' id='word_1_824' title='bbox 2637 5255 2711 5309; x_wconf 90' lang='lat' dir='ltr'><strong>ait</strong></span> <span class='ocrx_word' id='word_1_825' title='bbox 2734 5269 2753 5308; x_wconf 85' lang='lat'><strong>.&#39;</strong></span> <span class='ocrx_word' id='word_1_826' title='bbox 2777 5255 2922 5310; x_wconf 87' lang='lat' dir='ltr'><strong>Deus</strong></span> <span class='ocrx_word' id='word_1_827' title='bbox 2950 5258 3277 5336; x_wconf 84' lang='lat' dir='ltr'><strong>omnipotens</strong></span> <span class='ocrx_word' id='word_1_828' title='bbox 3303 5262 3552 5330; x_wconf 88' lang='lat' dir='ltr'><strong>apparuit</strong></span> <span class='ocrx_word' id='word_1_829' title='bbox 3583 5263 3721 5317; x_wconf 67' lang='lat' dir='ltr'><strong>mihi</strong></span> <span class='ocrx_word' id='word_1_830' title='bbox 3743 5264 3804 5318; x_wconf 74' lang='lat' dir='ltr'><strong>in</strong></span> 
     </span>
    </p>
   </div>
   <div class='ocr_carea' id='block_1_115' title="bbox 2195 5339 3797 5438">
    <p class='ocr_par' dir='ltr' id='par_1_115' title="bbox 2195 5339 3797 5438">
     <span class='ocr_line' id='line_1_116' title="bbox 2195 5339 3797 5438; baseline 0.007 -43"><span class='ocrx_word' id='word_1_831' title='bbox 2195 5339 2366 5410; x_wconf 79' lang='lat' dir='ltr'><strong>Lusa,</strong></span> <span class='ocrx_word' id='word_1_832' title='bbox 2389 5361 2508 5414; x_wconf 67' lang='lat' dir='ltr'><strong>quia</strong></span> <span class='ocrx_word' id='word_1_833' title='bbox 2538 5355 2616 5401; x_wconf 85' lang='lat' dir='ltr'><strong>est</strong></span> <span class='ocrx_word' id='word_1_834' title='bbox 2647 5347 2704 5401; x_wconf 89' lang='lat' dir='ltr'><strong>in</strong></span> <span class='ocrx_word' id='word_1_835' title='bbox 2735 5356 2878 5402; x_wconf 89' lang='lat' dir='ltr'><strong>terra</strong></span> <span class='ocrx_word' id='word_1_836' title='bbox 2920 5347 3202 5416; x_wconf 82' lang='lat' dir='ltr'><strong>Chanaan,</strong></span> <span class='ocrx_word' id='word_1_837' title='bbox 3235 5350 3602 5438; x_wconf 70' lang='lat' dir='ltr'><strong>benedixitque</strong></span> <span class='ocrx_word' id='word_1_838' title='bbox 3629 5355 3797 5420; x_wconf 73' lang='lat' dir='ltr'><strong>milii,</strong></span> 
     </span>
    </p>
   </div>
   <div class='ocr_carea' id='block_1_116' title="bbox 2194 5435 3802 5512">
    <p class='ocr_par' dir='ltr' id='par_1_116' title="bbox 2194 5435 3802 5512">
     <span class='ocr_line' id='line_1_117' title="bbox 2194 5435 3802 5512; baseline 0.007 -23"><span class='ocrx_word' id='word_1_839' title='bbox 2194 5444 2241 5489; x_wconf 89' lang='lat' dir='ltr'><strong>et</strong></span> <span class='ocrx_word' id='word_1_840' title='bbox 2270 5436 2345 5489; x_wconf 88' lang='lat' dir='ltr'><strong>ait</strong></span> <span class='ocrx_word' id='word_1_841' title='bbox 2372 5452 2391 5490; x_wconf 92' lang='lat'><strong><em>:</em></strong></span> <span class='ocrx_word' id='word_1_842' title='bbox 2423 5435 2539 5508; x_wconf 87' lang='lat' dir='ltr'><strong>Ego</strong></span> <span class='ocrx_word' id='word_1_843' title='bbox 2575 5448 2624 5493; x_wconf 85' lang='lat' dir='ltr'><strong>te</strong></span> <span class='ocrx_word' id='word_1_844' title='bbox 2651 5438 2852 5510; x_wconf 83' lang='lat' dir='ltr'><strong>augebo</strong></span> <span class='ocrx_word' id='word_1_845' title='bbox 2877 5449 2926 5495; x_wconf 88' lang='lat' dir='ltr'><strong>et</strong></span> <span class='ocrx_word' id='word_1_846' title='bbox 2966 5435 3375 5511; x_wconf 72' lang='lat' dir='ltr'><strong>multiplicabo,</strong></span> <span class='ocrx_word' id='word_1_847' title='bbox 3409 5453 3460 5496; x_wconf 84' lang='lat' dir='ltr'><strong>et</strong></span> <span class='ocrx_word' id='word_1_848' title='bbox 3499 5443 3707 5512; x_wconf 76' lang='lat' dir='ltr'><strong>faciant</strong></span> <span class='ocrx_word' id='word_1_849' title='bbox 3753 5455 3802 5501; x_wconf 80' lang='lat' dir='ltr'><strong>te</strong></span> 
     </span>
    </p>
   </div>
   <div class='ocr_carea' id='block_1_117' title="bbox 2193 5528 3802 5604">
    <p class='ocr_par' dir='ltr' id='par_1_117' title="bbox 2193 5528 3802 5604">
     <span class='ocr_line' id='line_1_118' title="bbox 2193 5528 3802 5604; baseline 0.007 -22"><span class='ocrx_word' id='word_1_850' title='bbox 2193 5528 2248 5584; x_wconf 89' lang='lat' dir='ltr'><strong>in</strong></span> <span class='ocrx_word' id='word_1_851' title='bbox 2294 5531 2474 5585; x_wconf 86' lang='lat' dir='ltr'><strong>turbas</strong></span> <span class='ocrx_word' id='word_1_852' title='bbox 2520 5530 2854 5602; x_wconf 82' lang='lat' dir='ltr'><strong>populorum,</strong></span> <span class='ocrx_word' id='word_1_853' title='bbox 2905 5531 3143 5604; x_wconf 79' lang='lat' dir='ltr'><strong>daboquc</strong></span> <span class='ocrx_word' id='word_1_854' title='bbox 3167 5535 3260 5589; x_wconf 87' lang='lat' dir='ltr'><strong>tibi</strong></span> <span class='ocrx_word' id='word_1_855' title='bbox 3306 5543 3504 5590; x_wconf 82' lang='lat' dir='ltr'><strong>terram</strong></span> <span class='ocrx_word' id='word_1_856' title='bbox 3541 5537 3706 5604; x_wconf 71' lang='lat' dir='ltr'><strong>lim,</strong></span> <span class='ocrx_word' id='word_1_857' title='bbox 3749 5547 3802 5594; x_wconf 77' lang='lat' dir='ltr'><strong>It</strong></span> 
     </span>
    </p>
   </div>
   <div class='ocr_carea' id='block_1_118' title="bbox 2193 5627 3799 5700">
    <p class='ocr_par' dir='ltr' id='par_1_118' title="bbox 2193 5627 3799 5700">
     <span class='ocr_line' id='line_1_119' title="bbox 2193 5627 3799 5700; baseline 0.003 -19"><span class='ocrx_word' id='word_1_858' title='bbox 2193 5629 2378 5682; x_wconf 86' lang='lat' dir='ltr'><strong>semini</strong></span> <span class='ocrx_word' id='word_1_859' title='bbox 2401 5639 2491 5683; x_wconf 87' lang='lat' dir='ltr'><strong>tuo</strong></span> <span class='ocrx_word' id='word_1_860' title='bbox 2511 5637 2625 5699; x_wconf 92' lang='lat' dir='ltr'><strong>post</strong></span> <span class='ocrx_word' id='word_1_861' title='bbox 2656 5636 2727 5693; x_wconf 83' lang='lat' dir='ltr'><strong>te,</strong></span> <span class='ocrx_word' id='word_1_862' title='bbox 2749 5629 2804 5682; x_wconf 81' lang='lat' dir='ltr'><strong>in</strong></span> <span class='ocrx_word' id='word_1_863' title='bbox 2832 5627 3208 5697; x_wconf 84' lang='lat' dir='ltr'><strong>possessionem</strong></span> <span class='ocrx_word' id='word_1_864' title='bbox 3237 5631 3632 5700; x_wconf 80' lang='lat' dir='ltr'><strong>sempiternam.</strong></span> <span class='ocrx_word' id='word_1_865' title='bbox 3665 5631 3799 5686; x_wconf 84' lang='lat' dir='ltr'><strong>Seni</strong></span> 
     </span>
    </p>
   </div>
   <div class='ocr_carea' id='block_1_119' title="bbox 2196 5721 3794 5794">
    <p class='ocr_par' dir='ltr' id='par_1_119' title="bbox 2196 5721 3794 5794">
     <span class='ocr_line' id='line_1_120' title="bbox 2196 5721 3794 5794; baseline 0.001 -18"><span class='ocrx_word' id='word_1_866' title='bbox 2196 5721 2262 5778; x_wconf 90' lang='lat' dir='ltr'><strong>de</strong></span> <span class='ocrx_word' id='word_1_867' title='bbox 2293 5723 2528 5777; x_wconf 90' lang='lat' dir='ltr'><strong>adventu</strong></span> <span class='ocrx_word' id='word_1_868' title='bbox 2579 5721 2779 5791; x_wconf 80' lang='lat' dir='ltr'><strong>Joseph</strong></span> <span class='ocrx_word' id='word_1_869' title='bbox 2829 5721 3053 5788; x_wconf 90' lang='lat' dir='ltr'><strong>dicitur,</strong></span> <span class='ocrx_word' id='word_1_870' title='bbox 3085 5737 3212 5778; x_wconf 90' lang='lat' dir='ltr'><strong>cum</strong></span> <span class='ocrx_word' id='word_1_871' title='bbox 3249 5723 3538 5778; x_wconf 83' lang='lat' dir='ltr'><strong>lacessenti</strong></span> <span class='ocrx_word' id='word_1_872' title='bbox 3571 5723 3794 5794; x_wconf 65' lang='lat' dir='ltr'><strong>spiritui</strong></span> 
     </span>
    </p>
   </div>
   <div class='ocr_carea' id='block_1_120' title="bbox 2194 5815 3774 5893">
    <p class='ocr_par' dir='ltr' id='par_1_120' title="bbox 2194 5815 3774 5893">
     <span class='ocr_line' id='line_1_121' title="bbox 2194 5815 3774 5893; baseline 0 -18"><span class='ocrx_word' id='word_1_873' title='bbox 2194 5816 2261 5875; x_wconf 88' lang='lat' dir='ltr'><strong>de</strong></span> <span class='ocrx_word' id='word_1_874' title='bbox 2293 5825 2589 5889; x_wconf 83' lang='lat' dir='ltr'><strong>augmento</strong></span> <span class='ocrx_word' id='word_1_875' title='bbox 2637 5815 2876 5874; x_wconf 68' lang='lat' dir='ltr'><strong>caelestis</strong></span> <span class='ocrx_word' id='word_1_876' title='bbox 2917 5816 3126 5874; x_wconf 64' lang='lat' dir='ltr'><strong>notitia</strong></span> <span class='ocrx_word' id='word_1_877' title='bbox 3175 5817 3441 5874; x_wconf 85' lang='lat' dir='ltr'><strong>memoria</strong></span> <span class='ocrx_word' id='word_1_878' title='bbox 3471 5816 3774 5893; x_wconf 53' lang='lat' dir='ltr'><strong>reicientur</strong></span> 
     </span>
    </p>
   </div>
  </div>
