3982 6360
187 338 289 394 517

1302 334 1666 400 MORALIUM
1701 333 1768 390 IN
1791 333 2088 398 GENESIN
2117 335 2248 394 LIB.
2275 334 2341 391 Χ.

3367 337 3474 392 518

187 452 541 509 Confortatus
579 464 711 524 ergo
743 451 899 508 sedet
948 451 1004 507 in
1051 450 1265 518 lectulo,
1298 452 1442 508 'cum
1469 454 1680 510 viribus
1711 469 1780 510 ex
1807 455 1862 522 Α
1885 453 2074 509 lehem.
2107 452 2493 526 Mesopotamia
2526 451 2725 510 dicitur
2755 451 2954 509 elevata
2979 452 3217 518 uacatio;
3248 451 3475 520 Rachel,

185 543 380 598 intima
409 545 754 600 correctione
793 545 1110 615 resumptis,
1159 544 1516 601 conscientiae
1544 547 1783 618 propriae

188 636 398 692 honore
431 636 702 707 prominet
721 635 1039 712 judiciario.
1075 636 1280 694 Sedere
1311 639 1456 694 enim
1481 641 1783 711 judicantis

185 737 294 785 est.
344 728 655 797 Lectulum,
702 738 943 786 mentem
998 729 1105 786 dici
1161 732 1321 788 testis
1367 740 1472 801 est,
1530 734 1624 804 qui
1658 735 1779 790 ait:

186 817 436 875 Lectulus
470 829 647 876 noster
675 819 897 890 ﬂoridus
927 818 1128 892 (Cant.
1166 837 1204 887 ι,
1238 821 1305 876 15
1325 821 1366 894 ).
1396 821 1569 879 Porro
1605 825 1786 898 ingre-

187 911 338 968 ditur
367 927 492 968 cum
518 919 734 970 secreto
787 913 969 969 cordis
1019 913 1354 969 admittitur.
1409 914 1558 971 Luza
1588 917 1786 972 dicitur

187 1005 336 1076 boja,
365 1008 510 1077 quod
555 1021 656 1063 nos
679 1020 942 1062 vocamus
980 1007 1320 1078 compedem.
1365 1006 1431 1062 In
1473 1018 1615 1064 terra
1645 1009 1785 1064 Cha-

185 1113 352 1163 naan,
396 1088 595 1169 inquit,
650 1098 707 1153 id
757 1106 842 1154 est
871 1099 925 1152 in
971 1099 1310 1164 terrenitate,
1342 1097 1432 1153 ubi
1473 1097 1655 1170 jugem
1687 1116 1786 1170 per

184 1187 481 1244 criminum
504 1188 732 1244 declivia
762 1196 967 1244 motum
997 1187 1268 1259 patiebar,
1298 1196 1354 1244 et
1381 1203 1489 1258 quo
1530 1189 1784 1260 volupta-

179 1286 310 1332 tum
348 1279 708 1349 compedibus
730 1279 1376 1351 astringebar.’Deus,qui
1393 1279 1445 1334 in
1469 1278 1786 1335 fortitudine

189 1371 408 1427 vinctos
430 1372 742 1443 omnipoten
755 1381 834 1429 ter
863 1371 1067 1438 educit,
1097 1371 1228 1426 mihi
1261 1371 1538 1438 inclaruit,
1563 1372 1785 1427 virtutis

189 1464 698 1534 multiplicationem
742 1465 1025 1531 benedixit,
1050 1472 1107 1520 et
1149 1464 1290 1536 quod
1332 1465 1475 1519 inter
1513 1464 1786 1520 turbulen-

189 1559 295 1613 tias
336 1558 590 1614 vitiorum
611 1557 1062 1629 (substan-tibilem
1091 1572 1180 1612 me
1229 1566 1462 1624 crearet,
1495 1565 1548 1613 et
1583 1565 1783 1611 terram

184 1651 434 1720 curporis
461 1650 622 1721 hujus
667 1651 803 1706 mihi
853 1651 908 1706 in
956 1649 1395 1722 praesentiarum,
1425 1658 1637 1720 etpost
1682 1665 1784 1704 sze-

188 1744 301 1800 culi
352 1744 513 1814 hujus
541 1752 744 1800 statum
793 1744 1013 1811 semini,
1061 1743 1114 1799 id
1147 1752 1253 1811 est,
1297 1743 1391 1815 pio
1441 1743 1636 1798 merito
1663 1756 1786 1797 meo

1885 545 2065 600 videns
2117 545 2456 616 principium.
2520 543 2788 613 Quando,
2830 543 3026 615 inquit,
3075 543 3143 600 de
3197 553 3479 602 vocatione

1887 636 2066 692 divina
2097 677 2112 702 ,
2164 651 2270 707 qua
2323 636 2392 691 ab
2441 635 2568 692 imis
2613 636 2815 703 elevor,
2863 636 3047 708 accepi
3120 643 3181 692 ut
3250 637 3316 693 ad
3348 634 3478 694 effe-

1885 739 2032 786 ctum
2095 729 2287 801 gratiae
2336 729 2706 800 pervenirem,
2771 738 3037 802 quantum
3078 729 3147 787 ad
3191 744 3360 794 meos,
3423 728 3479 785 id

1886 832 1969 880 est
2017 822 2287 880 humanos
2329 837 2462 878 usus
2505 831 2732 894 spectat,
2770 821 2974 880 Rachel
3024 823 3155 878 mihi
3194 822 3476 886 emoritur,

1887 913 2119 968 intentio
2172 912 2384 968 scilicet
2429 926 2549 968 mea
2610 919 2827 969 terrena
2859 914 2927 970 ad
2976 912 3265 970 utilitatem
3302 927 3479 968 meam

1888 1006 2225 1074 destituitur,
2258 1014 2319 1062 ut
2371 1007 2438 1061 ad
2483 1021 2607 1062 eum
2644 1007 2734 1076 qui
2765 1007 3008 1062 omnium
3037 1008 3392 1078 principium,
3426 1015 3482 1061 et

1886 1097 2261 1168 principaliter
2301 1105 2418 1165 est,
2470 1084 2846 1170 erigatur.iln
2905 1109 3046 1152 terra
3103 1098 3360 1155 Chanaan
3423 1099 3480 1153 in

1889 1193 2000 1262 ipso
2043 1191 2226 1245 itinere
2259 1191 2484 1258 occidit,
2515 1206 2638 1246 cum
2687 1190 2741 1244 in
2801 1200 3018 1247 terreno
3064 1204 3214 1248 motu
3277 1192 3480 1263 posita,

1889 1297 1996 1353 quo
2049 1282 2294 1351 expediri
2347 1282 2525 1337 adhuc
2578 1280 2818 1353 perfecte
2851 1298 2956 1337 non
3009 1291 3204 1353 potest,
3251 1284 3306 1337 in
3366 1284 3484 1353 ipso

1887 1373 2206 1444 proﬁciendi
2241 1373 2481 1445 appetitu
2528 1373 2790 1444 paulatim
2825 1373 3050 1430 decidit.
3077 1369 3319 1428 Vernum
3349 1381 3485 1426 tem-

1887 1480 1990 1534 pus
2033 1473 2153 1519 erat
2189 1465 2317 1519 dum
2347 1465 2463 1520 haec
2490 1465 2761 1530 moritur;
2793 1472 2847 1520 et
2878 1464 2969 1520 ille
2996 1462 3293 1534 Ephratam
3322 1477 3480 1532 egre-

1889 1554 2157 1624 diebatur,
2208 1558 2334 1626 quia
2385 1557 2680 1612 accedente
2734 1556 2858 1612 fidei
2907 1555 3140 1624 fervore,
3196 1570 3318 1611 cum
3364 1554 3486 1626 pius

1891 1647 1945 1702 in
1983 1647 2217 1704 fructum
2248 1649 2430 1720 operis
2460 1648 2767 1718 prorumpit
2793 1645 3044 1713 allectus,
3073 1662 3193 1717 quae
3222 1662 3290 1702 ex
3319 1659 3487 1702 carne

1891 1748 1974 1795 est
2029 1739 2283 1795 voluntas
2346 1739 2618 1809 dejieitur,
2669 1750 2724 1794 et
2768 1739 2834 1795 ad
2881 1740 3192 1795 ubertatem
3253 1739 3485 1792 internae

179 1837 669 1910 incorruptibiliter
689 1836 1074 1910 possidendam
1096 1837 1480 1909 contraderet;
1511 1851 1607 1908 spe
1634 1843 1784 1892 certa
1819 1817 1864 1874 Β
1887 1831 2270 1902 plenitudinis,
2327 1832 2472 1902 quod
2515 1841 2601 1887 est
2643 1831 2907 1903 Ephrata,
2962 1831 3188 1906 spiritus
3234 1831 3388 1903 quasi
3419 1829 3486 1886 ad

179 1930 455 2000 promisit.

258 2023 424 2077 Vens.
458 2022 514 2086 5,
559 2021 614 2076 6.
641 2052 712 2062 -—
747 2019 866 2076 Duo
894 2021 1064 2091 igitur
1113 2020 1213 2090 ﬁlii
1244 2023 1344 2088 tui,
1375 2031 1651 2093 antequam
1685 2021 1787 2075 huc

183 2115 413 2168 venirem
452 2116 522 2168 ad
548 2125 615 2177 te,
644 2115 748 2169 mei
777 2122 929 2170 erunt
954 2131 974 2180 ;
1002 2112 1260 2186 Ephraim
1292 2124 1339 2169 et
1363 2113 1659 2173 Manasses.
1685 2115 1788 2169 sic-

184 2216 241 2258 ut
283 2204 458 2261 [trabea
511 2216 558 2261 et
601 2205 813 2262 Simeon
870 2207 1253 2276 reputabuntur
1328 2205 1478 2261 mihi.
1541 2205 1789 2277 Reliquos

187 2305 366 2351 autem
397 2312 528 2367 quos
585 2296 828 2368 genueris
861 2305 979 2367 post
1029 2312 1141 2362 eos,
1178 2297 1256 2350 tui
1293 2305 1470 2364 erant,
1511 2306 1558 2350 et
1583 2295 1790 2350 nomine

184 2387 420 2458 fratrum
477 2403 696 2442 suarum
723 2387 1056 2442 vocabuntur
1101 2389 1160 2442 in
1204 2389 1618 2459 possessionibus
1655 2388 1786 2442 suis.

181 2477 589 2534 Intellectuales
632 2479 738 2534 duo
791 2488 919 2534 sunt
951 2478 1069 2544 lilii,
1111 2479 1209 2548 qui
1259 2479 1340 2536 sic
1377 2479 1668 2534 imminent
1697 2493 1788 2550 ge-

185 2569 353 2624 minat
397 2569 708 2626 visceribus
757 2570 1046 2626 charitatis
1101 2579 1160 2624 ut
1200 2568 1489 2626 Manassen
1550 2571 1787 2626 habeant

184 2659 539 2731 praesentium
587 2660 899 2725 oblivionis,
957 2663 1053 2716 sed
1089 2676 1365 2732 nunquam
1395 2663 1790 2718 obliviscantur

184 2751 498 2809 futurorum
555 2753 820 2809 bonorum
879 2753 1078 2825 frugis.
1149 2754 1215 2809 Hi
1267 2756 1319 2810 in
1361 2765 1506 2811 terra
1563 2755 1788 2828 Egypti

185 2853 494 2900 nascuntur
547 2853 838 2916 antequam
882 2844 1050 2901 lsrael
1081 2846 1148 2901 ad
1179 2845 1380 2917 Ioseph
1424 2849 1630 2915 veniat,
1658 2850 1787 2918 quia

186 2944 484 3007 antequam
531 2936 759 3005 spiritus
824 2947 1014 2992 noster
1051 2939 1181 3007 quid
1225 2939 1295 2994 sit
1343 2939 1788 2996 inlclleclualitas

191 3029 566 3100 1705apiat,
589 3039 643 3083 et
663 3027 846 3084 saeculi
879 3032 1346 3087 conversationem
1377 3033 1597 3088 omnino
1625 3031 1790 3087 intel-

185 3118 498 3176 Iectualitas
545 3121 661 3190 ipsa
688 3137 790 3178 nos
817 3138 1079 3195 respuere
1110 3136 1291 3197 cogat,
1341 3128 1442 3182 hos
1471 3127 1587 3198 ipsa
1621 3128 1676 3181 in
1706 3143 1786 3194 se,

185 3211 276 3267 vel
302 3228 367 3268 ex
397 3229 457 3270 se
501 3222 679 3270 motus
731 3217 954 3287 pietatis
997 3230 1294 3290 procreat;
1351 3221 1449 3276 hos
1514 3236 1650 3291 opus
1707 3232 1790 3275 est

185 3311 252 3357 ut
285 3304 452 3368 ratio,
485 3313 673 3374 utpote
693 3309 966 3376 proprios,
1023 3310 1124 3364 sibi
1173 3310 1395 3380 deligat.
1428 3311 1618 3365 Ruben
1649 3311 1786 3365 dicio

185 3399 283 3450 ιω·
311 3394 490 3448 videns
526 3395 719 3463 ﬁlium,
747 3395 968 3452 Simeon
1021 3400 1240 3453 audiens
1285 3400 1574 3456 tristitiam.

267 3483 693 3556 Reputabuntur,
722 3487 919 3558 inquit,
965 3490 1097 3544 mihi
1127 3489 1404 3545 Manasses
1432 3501 1480 3546 et
1514 3489 1789 3562 Ephraim,

184 3577 327 3631 sicut
379 3575 673 3631 Simeonet
712 3576 921 3643 Ruben,
967 3581 1094 3650 quia
1143 3581 1237 3636 illa
1285 3583 1606 3638 instantium
1657 3584 1796 3639 obli-

185 3668 298 3732 vio,
359 3681 458 3736 per
484 3666 725 3722 auditum
771 3668 1010 3726 tristitiae
1035 3671 1117 3726 vel
1149 3673 1454 3742 praesentis,
1489 3689 1593 3744 qua
1635 3691 1794 3731 mun-

186 3759 295 3816 dus
345 3759 666 3827 tribulatur,
707 3760 792 3817 vel
852 3761 1070 3830 futurae,
1111 3780 1220 3836 qua
1264 3765 1445 3836 impiis
1491 3767 1788 3824 maledice-

185 3864 296 3914 tur.
347 3853 480 3907 mihi
529 3852 626 3920 lit;
677 3863 731 3910 et
785 3863 898 3910 tota
945 3857 1018 3927 pii
1064 3859 1246 3930 operis
1291 3857 1658 3929 fructificatio,
1693 3876 1790 3932 per

185 3945 460 4000 visionem
523 3944 642 4011 ﬁlii,
702 3946 755 4002 id
811 3957 894 4003 est
932 3963 1034 4020 per
1092 3952 1604 4023 contemplationem
1649 3955 1788 4011 mihi

167 4036 441 4107 provenit
493 4046 821 4093 mternorum
873 4041 1012 4112 spei.
1068 4041 1238 4099 Filios
1298 4054 1478 4100 autem
1555 4059 1677 4118 spes
1732 4050 1784 4103 in

165 4127 476 4199 Scriptura
545 4129 723 4186 solere
773 4132 956 4188 vocari
1001 4148 1144 4204 saepe
1199 4137 1564 4207 probavimus.
1615 4141 1693 4196 Ac
1738 4143 1783 4197 si

191 4220 387 4276 dicat:
427 4221 580 4278 Sicut
622 4238 824 4290 causae,
875 4233 930 4280 et
971 4227 1110 4298 spei,
1160 4237 1215 4284 et
1269 4229 1509 4286 tristitia:
1563 4234 1783 4289 auditus

193 4319 326 4374 mihi
372 4335 480 4375 non
537 4321 752 4387 desunt,
795 4322 874 4378 sic
929 4321 1230 4382 efﬁcientia:
1279 4343 1401 4398 qum
1459 4341 1608 4387 retro
1660 4343 1785 4389 sunt

192 4409 570 4478 obliviscendi,
625 4420 682 4467 et
746 4415 1020 4470 fructuum
1073 4418 1126 4472 in
1183 4421 1460 4476 anteriora
1521 4426 1779 4480 tendendi

1891 1921 2200 1977 libertatem
2232 1923 2444 1978 solutus
2482 1923 2786 1994 egreditur.

1960 2010 2128 2066 Juxta
2159 2013 2294 2066 viam
2325 2011 2578 2082 Ephratw
2631 2013 2914 2084 sepelitur,
2965 2028 3088 2068 cum
3130 2013 3286 2085 juxta
3329 2010 3488 2069 Chri-

1893 2102 2165 2172 stum,qui
2183 2102 2270 2156 via
2291 2111 2397 2168 est,
2423 2110 2478 2157 et
2503 2101 2641 2174 frugi
2669 2103 3014 2172 ubertatique
3037 2117 3156 2159 sese
3187 2103 3485 2159 fruentium

1893 2211 1923 2250 a
1957 2196 2239 2252 mundano
2289 2195 2521 2250 tumultu
2570 2196 2947 2250 absconditur.
2966 2195 3112 2250 Pone
3147 2213 3251 2262 me,
3293 2198 3486 2268 inquit,

1883 2292 2047 2363 juxta
2078 2302 2149 2355 te,
2180 2301 2228 2345 et
2255 2290 2486 2361 cujusvis
2527 2306 2716 2344 manus
2749 2299 2940 2360 pugnet
2986 2298 3170 2342 contra
3200 2305 3282 2342 me
3345 2289 3364 2360 (
3390 2289 3488 2343 Job

1893 2398 2027 2449 xvu,
2057 2383 2092 2438 3
2113 2383 2152 2454 ).
2183 2381 2502 2438 Bethlehem
2534 2381 2735 2437 dicitur
2761 2381 2956 2436 domus
2998 2380 3178 2452 panis.
3217 2379 3335 2434 Alio
3362 2394 3491 2451 ergo

1894 2477 2116 2532 nomine
2167 2476 2408 2547 Ephrata
2439 2475 2749 2547 appellatur
2775 2476 2964 2530 domus
2991 2477 3167 2546 panis,
3212 2475 3340 2546 quia
3386 2474 3490 2530 etsi

1893 2567 2147 2621 feracitas
2193 2566 2457 2622 bonorum
2513 2575 2734 2622 actuum
2782 2565 2943 2622 laude
3003 2565 3238 2634 ducitur,
3311 2575 3493 2620 tamen

1889 2656 2040 2712 nullo
2083 2657 2244 2713 modo
2292 2657 2436 2728 apud
2492 2659 2660 2714 Deum
2719 2658 3074 2728 approbatur,
3107 2657 3208 2713 nisi
3237 2699 3252 2722 ,
3313 2666 3372 2712 ut
3416 2658 3490 2713 ita

1893 2749 2094 2813 dicam,
2131 2749 2546 2804 mansionaliter
2596 2763 2730 2804 usus
2762 2747 3173 2819 supercoelestis
3203 2747 3366 2821 hujus
3393 2763 3493 2821 pa-

1891 2840 1978 2894 nis
2007 2847 2278 2906 teneatur,
2337 2841 2480 2896 sicut
2524 2839 2719 2896 domus
2751 2856 2857 2896 non
2910 2841 2964 2896 in
2989 2856 3200 2896 morem
3237 2842 3493 2897 taberna-
3550 2917 3552 2920 ι

1891 2930 2024 2997 culi,
2077 2931 2174 2987 sed
2213 2940 2541 3004 temporum,
2576 2940 2632 2988 et
2661 2941 2885 2988 aetatum
2923 2932 3281 2990 diuturnitate
3330 2934 3491 2993 habi-
3555 2919 3562 2922 ’

1889 3029 2058 3078 tatur.

1965 3114 2130 3168 Vens.
2164 3114 2217 3180 8,
2251 3113 2303 3177 9,
2333 3113 2420 3168 10.
2443 3111 2718 3169 —Videns
2749 3125 2922 3170 autem
2953 3115 3092 3184 ﬁlios
3114 3117 3399 3188 ejus,dixit
3424 3116 3492 3170 ad

1893 3222 2011 3260 eum
2053 3220 2069 3259 :
2103 3207 2208 3273 Qui
2274 3216 2396 3262 sunt
2450 3208 2592 3262 isti?
2634 3207 2921 3278 Respondit
2956 3222 2973 3260 :
3011 3207 3142 3262 Filii
3187 3211 3290 3264 mei
3347 3219 3490 3276 sunt,

1891 3315 2022 3369 quos
2051 3300 2194 3353 dedit
2231 3301 2358 3354 mihi
2385 3299 2520 3355 Deus
2548 3302 2604 3354 in
2636 3301 2732 3354 hoc
2775 3301 2909 3355 loco.
2942 3301 3151 3368 Adduc,
3191 3303 3380 3372 inquit,
3407 3318 3492 3358 eos

1895 3391 1963 3442 ad
2006 3406 2108 3455 me,
2139 3401 2194 3443 ut
2226 3391 2531 3445 benedicam
2561 3390 2691 3444 illis.
2721 3421 2790 3430 —
2818 3389 2973 3445 Oculi
3010 3393 3148 3445 enim
3191 3391 3364 3446 Israel
3405 3410 3492 3447 ca-

1891 3479 2129 3550 ligabunt
2160 3497 2272 3551 pra:
2325 3481 2489 3534 nimia
2536 3489 2820 3548 senectute,
2879 3490 2927 3535 et
2978 3481 3120 3536 clare
3166 3482 3342 3537 videre
3387 3500 3492 3538 non

1894 3581 2116 3641 poterat.
2169 3571 2363 3627 Videas
2398 3573 2539 3642 ﬁlios
2583 3573 2773 3641 lsrael,
2821 3574 2872 3628 id
2923 3583 3008 3630 est
3053 3573 3492 3631 iutcllectualita-

1895 3663 1966 3720 tis
2002 3661 2344 3730 eﬂicientias,
2385 3666 2666 3722 subtiliter
2694 3666 2837 3737 apud
2885 3682 2947 3722 se
3001 3667 3226 3737 spiritus
3271 3667 3492 3723 discutit

1892 3771 2086 3812 eorum
2139 3771 2356 3813 causas.
2410 3757 2516 3812 Sed
2552 3757 2844 3830 respondet
2887 3758 2990 3814 sibi
3021 3757 3164 3814 filios
3202 3759 3256 3814 in
3298 3758 3416 3816 loco
3459 3758 3490 3816 it

1891 3849 2006 3905 Deo
2058 3850 2160 3905 sibi
2202 3851 2380 3917 datos,
2425 3851 2530 3907 hoc
2579 3860 2662 3906 est
2701 3851 3100 3923 principaliter,
3165 3853 3246 3908 uti
3302 3852 3486 3917 decet,

1890 3940 2062 3998 bonos
2092 3955 2320 4013 operum
2365 3943 2469 3999 sibi
2516 3943 2728 4000 fructus
2761 3945 2814 3999 in
2869 3945 3159 4001 charitalis
3190 3946 3490 4002 stabilitate

1855 4037 1858 4040 ’
1891 4032 2163 4090 fundatas.
2208 4035 2256 4091 ls
2283 4036 2428 4091 enim
2459 4036 2612 4093 locus
2642 4045 2727 4093 est
2762 4039 3039 4110 Spatiosus
3079 4039 3132 4093 in
3168 4055 3276 4109 quo
3319 4038 3491 4094 David

1891 4135 2126 4182 statutos
2155 4125 2420 4198 gloriatur
2465 4127 2634 4197 pedes
2686 4143 2814 4184 suos
2861 4127 3054 4202 (Psal.
3090 4145 3225 4196 xxx,
3253 4129 3338 4201 9).
3385 4129 3490 4184 La-

1890 4227 2006 4273 tum
2065 4220 2208 4274 enim
2258 4220 2575 4274 mandatum
2615 4221 2792 4292 ipsum
2844 4221 3008 4276 nimis
3041 4222 3060 4296 (
3090 4221 3240 4276 Psal.
3297 4236 3486 4286 cxvm,

1889 4311 2005 4384 96).
2036 4311 2270 4384 Operum
2303 4327 2432 4384 ergo
2461 4328 2641 4369 causa:
2668 4323 2794 4370 sunt
2822 4314 3081 4370 charitas.
3117 4315 3184 4368 Et
3215 4314 3341 4386 quia
3389 4327 3492 4369 nec

1890 4406 1958 4460 ad
1984 4406 2258 4461 modicum
2299 4420 2402 4462 nec
2442 4423 2542 4462 nos
2593 4407 2732 4473 loco,
2774 4422 2874 4462 nec
2905 4407 3062 4464 nobis
3100 4407 3252 4463 locus
3296 4407 3488 4464 abesse

193 4501 383 4576 (Phil.
427 4520 509 4572 tu,
552 4505 680 4578 i5),
723 4509 910 4565 deesse
937 4525 1044 4566 non
1075 4522 1349 4582 poterunt.
1391 4515 1449 4571 Si
1493 4519 1620 4588 quid
1644 4531 1786 4591 post.

1897 4501 2113 4568 debeat,
2166 4517 2263 4572 per
2303 4503 2589 4572 praesentis
2635 4502 2712 4556 rei
2763 4501 3276 4569 demonstrativum,
3343 4501 3488 4572 quod

170 4595 415 4650 modum
466 4597 674 4654 viribus
717 4599 1090 4674 intelligentiae
1136 4605 1440 4660 studiorum
1487 4613 1791 4673 sanctitatis

193 4687 452 4755 edideris,
501 4691 597 4746 tibi
649 4693 749 4750 hoc
800 4695 865 4748 ad
899 4710 1167 4751 summam
1214 4698 1409 4754 divinae
1464 4705 1790 4774 cognitionis

193 4780 504 4847 adauxeris,
556 4791 612 4838 et
664 4785 926 4839 virtutum
985 4788 1209 4843 nomine
1265 4788 1522 4858 fratrum,
1582 4795 1790 4855 scilicet

191 4873 456 4943 sapientia
497 4875 763 4945 genitrice
810 4885 865 4931 et
899 4878 1093 4948 spiritu
1135 4892 1489 4950 procreatore
1518 4896 1787 4955 satorum,

171 4956 560 5021 "censebuntur
589 4969 788 5023 merito
839 4970 892 5024 in
924 4971 1284 5041 principando
1337 4978 1572 5036 motibus
1621 4981 1786 5054 subji-

191 5057 419 5114 ciendis.
473 5058 532 5115 Si
566 5059 712 5116 enim
741 5061 995 5116 saeculum
1023 5062 1264 5133 perfecte
1311 5065 1616 5136 rejicias,et
1647 5071 1786 5144 frugi

191 5151 458 5208 bonorum
489 5167 718 5223 operum
751 5154 919 5209 Deum
951 5151 1226 5228 diligendo
1271 5171 1496 5227 prorsus
1532 5161 1782 5231 insistas,

188 5243 364 5300 virtus
406 5252 490 5300 est
541 5245 805 5318 quidquid
851 5247 1068 5303 demum
1110 5247 1251 5303 inter
1277 5248 1408 5306 istas
1452 5251 1785 5312 intentiones

175 5346 421 5396 ‘attexas.

262 5432 424 5490 Vens.
457 5433 511 5490 7.
543 5465 618 5479 -
645 5435 780 5492 Mihi
800 5445 996 5505 autem,
1029 5437 1238 5510 quando
1271 5439 1534 5494 veniebam
1573 5439 1637 5496 de
1675 5440 1788 5497 Me-

194 5529 508 5597 sopotamia,
563 5538 774 5584 mortua
805 5538 881 5586 est
929 5529 1126 5586 Rachel
1161 5531 1216 5586 in
1247 5541 1390 5586 terra
1441 5531 1698 5588 Chanaan
1731 5535 1786 5590 in

188 5619 300 5690 ipso
331 5623 538 5690 itinere,
590 5634 806 5695 eratque
860 5643 1074 5682 vernum
1123 5637 1358 5702 tempus;
1405 5641 1454 5685 et
1483 5631 1788 5704 egrediebar

246 5714 343 5782 31.,
381 5717 736 5793 ingrediebar]
781 5719 1097 5793 Ephratam,
1145 5735 1194 5780 et
1225 5725 1433 5796 sepelivi
1477 5743 1590 5780 eam
1621 5725 1783 5796 juxta

189 5809 327 5865 viam
381 5809 659 5882 Ephratae,
707 5831 824 5887 qure
883 5817 991 5872 alio
1039 5818 1245 5876 nomine
1287 5819 1584 5893 appellatur
1621 5817 1785 5876 Beth-

1896 4606 2000 4661 est,
2046 4598 2163 4662 hoc,
2227 4604 2482 4664 patenter
2519 4596 2780 4652 insinuat.
2833 4593 2890 4651 Si
2940 4595 3123 4665 igitur,
3171 4594 3368 4667 inquit,
3418 4609 3486 4651 ex

1894 4689 2074 4744 divina
2108 4689 2421 4758 cognitione
2456 4690 2744 4761 prodeunt,
2779 4708 2878 4762 per
2909 4691 3082 4762 ipsam
3117 4690 3487 4764 intelligentia:

1893 4793 1997 4839 tuae
2057 4783 2389 4849 claritatem,
2448 4785 2514 4839 ad
2569 4785 2804 4842 rationis
2853 4785 3041 4842 eadem
3089 4801 3252 4858 opera
3315 4783 3486 4840 deduc

1893 4879 2259 4936 discernenda
2305 4881 2573 4948 notitiam,
2622 4891 2681 4936 ut
2711 4881 2944 4938 discreta
2976 4890 3030 4938 et
3068 4883 3303 4954 quodam
3333 4879 3485 4966 pala-

1869 4971 1968 5028 ’ῑῑο
2021 4964 2255 5029 interius
2309 4973 2570 5042 delibata,
2636 4977 2956 5041 benedicam,
3011 4974 3062 5030 id
3112 4981 3196 5030 est
3224 4964 3485 5042 multipli-

1900 5067 2047 5123 ciora
2097 5067 2337 5124 reddam.
2374 5068 2506 5126 Sine
2537 5069 3023 5125 iutcllectualitatis
3064 5067 3206 5120 enim
3236 5063 3484 5119 acumine

1900 5163 2044 5218 oeuli
2085 5161 2280 5231 Israel,
2327 5165 2544 5236 ingenia
2576 5163 2828 5218 videlicet
2872 5159 3098 5215 rationis
3140 5157 3392 5230 caligant,
3430 5164 3486 5214 et

1889 5272 2000 5326 prae
2046 5257 2212 5310 nimia
2264 5255 2608 5327 temporariae
2638 5253 2926 5308 vetustatis
2963 5249 3380 5317 consuetudine,
3427 5247 3484 5306 in

1893 5345 2075 5400 divina
2103 5354 2158 5401 et
2203 5345 2512 5416 spiritualia
2545 5344 2724 5399 minus
2754 5341 2934 5397 valent
2964 5339 3267 5396 intendere.

1962 5437 2129 5495 Vsus.
2165 5441 2252 5494 Η.
2276 5470 2346 5480 --
2369 5439 2757 5510 Applicitosque
2795 5435 2864 5491 ad
2908 5453 2962 5492 se
3005 5435 3340 5492 deosculatus
3371 5443 3478 5501 est,

1888 5542 1936 5588 et
1975 5531 2380 5603 circumplexus,
2411 5530 2544 5584 dixit
2575 5529 2643 5583 ad
2687 5527 2858 5598 ﬁlium
2889 5543 2907 5581 .'
2941 5527 3066 5584 Non
3094 5523 3211 5584 sum
3259 5526 3481 5598 frauda-

1890 5635 1975 5680 tus
2026 5643 2058 5680 a
2110 5634 2390 5697 conspectu
2449 5633 2583 5689 tuo;
2630 5611 3118 5695 insuper’ostendit
3163 5621 3290 5677 mihi
3337 5617 3480 5677 Deus

1888 5737 2060 5776 semen
2089 5729 2258 5774 tuum.
2283 5719 2366 5773 Ad
2393 5734 2447 5773 se
2477 5709 2881 5794 applicat,icum
2909 5728 2964 5774 et
2990 5716 3311 5775 instantium
3341 5712 3480 5772 obli-

1888 5815 2127 5883 vionem,
2177 5821 2234 5871 et
2281 5814 2498 5886 piorum
2554 5822 2774 5872 actuum
2819 5811 3316 5879 fructiﬁcationem,
3371 5803 3476 5867 sibi
