3982 6360
521 368 628 430 319
1378 372 1438 429 ν.
1479 369 1808 429 GUIBERTI
1838 366 2133 430 ABBATIS
2182 370 2242 430 S.
2285 367 2527 430 MARUE
2559 366 2649 431 DE
2684 372 3083 432 NOVIGENTO
3766 370 3905 427 520

521 487 805 546 individue
858 488 1097 560 copulat;
1147 487 1522 556 Deosculatur,
1570 489 1695 557 quia
1736 503 1841 543 non
1890 488 2105 554 timore,
2135 490 2325 557 Atat;
2374 498 2430 545 et
2466 490 2609 562 quod
2662 490 2943 546 sinistrum
2981 500 3218 557 aeternae,
3249 491 3513 563 praesenti
3568 490 3903 548 dextrum

527 582 626 638 sed
657 581 863 638 amoris
897 581 1093 636 interni
1125 580 1466 637 charitudine
1507 581 1561 635 in
1588 581 1677 636 his
1703 579 1953 636 adicitur.
1986 580 2107 636 Cir-
2214 581 2401 652 abjicit
2432 593 2485 638 et
2515 581 2733 638 refutat.
3224 564 3229 569 δ

2286 674 2452 731 Vens.
2484 676 2571 742 15,
2605 676 2692 731 16.
2723 706 2794 717 -—
2820 676 3197 749 Bengedixitque
3225 674 3421 748 Ioseph
3470 676 3599 747 [ilio
3641 692 3815 737 suo,
3852 690 3899 729 et

2215 768 2332 824 ait:
2371 767 2537 835 Deus,
2582 769 2639 822 in
2685 769 2841 839 cujus
2891 780 3168 841 conspectu
3218 769 3645 825 ambulaverunt
3677 778 3901 840 patres

2215 859 2317 914 mei
2343 858 2610 913 Abraham
2636 867 2686 913 et
2710 858 2890 927 Isaae,
2922 859 3087 929 Deus,
3112 860 3203 931 qui
3243 862 3410 931 pascit
3436 876 3527 913 me
3562 860 3645 913 ab
3672 859 3899 913 adole-

2217 952 2417 1007 scentia
2455 968 2572 1006 mea
2617 962 2781 1024 usque
2806 953 2863 1006 in
2901 943 3209 1023 prwsentem
3239 954 3409 1020 diem,
3455 952 3757 1024 angelus,
3806 954 3899 1022 qui
3952 1016 3953 1019 η

2219 1044 2410 1113 eripuit
2448 1060 2529 1097 me
2556 1043 2620 1097 de
2649 1045 2850 1098 cunctis
2880 1044 3057 1110 malis,
3091 1045 3358 1099 benedicat
3391 1046 3584 1115 pueris
3623 1044 3812 1109 istis,
3846 1056 3895 1096 et

2219 1082 2410 1113 νυνι...
2450 1082 2527 1097 ...ν
2556 1082 2618 1097 κν
2649 1082 2847 1098 ..........
2881 1082 3057 1110 ........,
3091 1082 3356 1099 υιιιυυιυ...
3391 1082 3584 1115 μων..-
3624 1082 3812 1109 .-.--,
3846 1082 3891 1096 ι.

2219 1136 2485 1190 invocetur
2509 1152 2665 1207 super
2705 1153 2792 1192 eos
2833 1153 3022 1191 nomen
3056 1146 3224 1202 tuum,
3252 1136 3467 1191 nomina
3500 1152 3756 1207 quoque
3790 1153 3895 1204 ps-

2222 1236 2362 1281 trum
2388 1244 2623 1282 meorum
2648 1227 2915 1283 Abraham
2939 1239 2986 1282 et
3010 1227 3191 1297 Isaac,
3221 1238 3271 1283 et
3297 1238 3546 1283 crescant
3573 1229 3645 1282 in
3679 1228 3887 1281 multi-

2223 1319 2404 1373 tudine
2435 1335 2595 1388 super
2623 1329 2839 1374 terram.
2865 1318 3199 1385 Benedictio,
3242 1318 3772 1388 multiplicationis
3806 1328 3891 1373 est

2225 1411 2565 1482 imprecatio.
2617 1412 2817 1483 Joseph
2854 1420 3058 1477 autem,
3109 1412 3163 1467 id
3199 1421 3283 1467 est
3332 1411 3746 1478 intellectum,
3792 1426 3877 1465 ra-

527 1502 724 1571 gremio
772 1503 957 1572 patris,
974 1503 1213 1558 adoravit
1262 1521 1458 1573 pronus
1494 1506 1549 1559 in
1578 1518 1797 1561 terram.
1840 1506 1908 1560 Et
1949 1508 2123 1576 posuit
2228 1505 2394 1561 tionis
2422 1506 2654 1560 dicimus
2684 1505 2888 1571 filium,
2925 1506 3052 1576 quia
3081 1520 3188 1560 non
3217 1520 3285 1560 ex
3332 1504 3642 1560 intellectu
3690 1505 3879 1559 ratio—

528 1592 789 1663 Ephraim
817 1595 887 1649 ad
912 1595 1184 1650 dexteram
1212 1613 1386 1663 suam,
1417 1598 1471 1652 id
1500 1606 1574 1653 est
1605 1599 1674 1651 ad
1729 1600 2003 1653 sinistram
2034 1598 2123 1653 Is-
2228 1614 2375 1664 nem,
2406 1599 2499 1653 sed
2528 1614 2597 1653 ex
2626 1599 2840 1653 ratione
2872 1598 3169 1668 procedere
3191 1598 3443 1652 novimus
3466 1596 3871 1653 intellectura.

528 1687 639 1743 rael
679 1704 697 1743 :
740 1688 1027 1744 Manassen
1066 1707 1188 1745 vero
1232 1692 1288 1745 in
1318 1692 1535 1745 sinistra
1588 1709 1707 1759 sua,
1740 1693 1808 1746 ad
1856 1692 2125 1747 dexteram
2229 1688 2407 1753 Deus,
2442 1689 2645 1758 inquit,
2682 1689 2735 1743 in
2779 1686 2933 1755 cujus
2982 1687 3185 1757 placito
3223 1687 3393 1759 (quod
3425 1687 3586 1742 enim
3646 1687 3871 1758 placet.

525 1782 723 1835 scilicet
781 1782 968 1850 patris,
1020 1791 1069 1837 et
1125 1782 1375 1853 applicuit
1425 1784 1603 1839 ambos
1641 1785 1709 1838 ad
1748 1802 1885 1838 etnu.
1928 1785 2127 1855 loseph
2159 1851 2191 1855 _
2230 1796 2343 1850 prae
2384 1780 2558 1836 oculis
2605 1779 2810 1835 habere
2850 1779 3136 1852 volumus)
3185 1778 3456 1849 prolicere
3505 1780 3867 1835 studuerunt

528 1874 593 1928 de
639 1878 837 1945 gremio
888 1876 1055 1946 patris
1109 1851 1250 1931 filios
1311 1876 1476 1943 tollit,
1534 1892 1656 1932 cum
1710 1878 2019 1933 intellectus
2056 1851 2127 1933 ab
2159 1851 2203 1907 B
2230 1880 2455 1944 paterna
2501 1871 2778 1927 interioris
2822 1872 3059 1928 hominis
3098 1872 3338 1943 gentium
3377 1873 3684 1938 custodia,
3726 1872 3869 1941 quod

533 1964 736 2021 infimis
782 1966 1151 2023 voluntatibus
1202 1970 1580 2039 operationum
1626 1970 1985 2026 intentionem
2018 1970 2118 2025 eri-
2231 1978 2315 2025 est
2344 1968 2612 2023 Abraham
2644 1977 2693 2022 et
2737 1967 2918 2034 Isaac,
2952 1982 3077 2038 spes
3115 1965 3328 2022 scilicet
3371 1965 3575 2037 gaudii
3611 1966 3865 2022 caelestis

535 2057 634 2127 git.
686 2057 966 2115 Gremium
1010 2075 1245 2131 namque
1296 2061 1454 2132 longe
1505 2061 1738 2118 inferius
1774 2063 1874 2119 sub
1909 2071 2133 2132 pectore
2233 2067 2396 2129 atque
2415 2058 3254 2145 lmtitia.Deus,quiaprovectu
3277 2056 3677 2112 exolescentis
3697 2056 3863 2110 animi

522 673 939 745 cumpleCtitur,
1016 688 1140 729 cum
1197 673 1496 746 spiritualis
1559 673 1867 756 vigilantia-
1910 681 2108 729 statum

521 780 678 822 suum
720 766 1079 837 undecunque
1124 767 1421 822 muniendo
1476 774 1786 821 contuetur.
1820 764 1945 820 Non
1996 783 2111 821 sum

530 858 730 930 inquit,
780 859 1330 931 fraudatusfaspectu
1370 870 1503 926 tuo,
1570 859 1694 928 quia
1746 858 2115 932 intelligentia:

521 942 743 1015 lumine,
793 959 849 1006 et
895 951 1090 1006 notitia
1142 967 1250 1007 non
1281 965 1524 1020 caream,
1566 952 1618 1006 in
1646 960 1909 1021 quantum
1959 953 2115 1008 bonis

518 1041 910 1097 intentionibus
957 1043 1165 1098 haereo.
1230 1041 1458 1113 Insuper
1508 1044 1733 1097 ostendit
1795 1044 1923 1098 mihi
1971 1044 2115 1100 Deus

518 1149 694 1189 semen
724 1143 898 1201 tuum,
953 1134 1008 1188 id
1032 1142 1118 1189 est
1155 1134 1453 1204 perspicuae
1480 1134 1626 1191 illius
1664 1136 1918 1191 veritatis
1951 1153 2116 1208 quam

517 1225 575 1280 in
618 1234 670 1282 te
714 1225 965 1281 contines
1005 1224 1265 1293 fructum,
1298 1227 1626 1284 intentiones
1669 1228 1996 1285 intendendo
2026 1245 2119 1285 us-

521 1334 631 1390 que
670 1319 737 1373 ad
769 1318 1137 1375 exhibitiones
1172 1334 1425 1391 Operum.

595 1412 764 1467 Vens.
795 1410 890 1477 12,
927 1412 1016 1469 15.
1040 1443 1110 1453 -
1135 1412 1369 1484 Cumque
1428 1415 1633 1471 tulisset
1686 1432 1773 1471 eos
1821 1415 2016 1488 Joseph
2046 1415 2121 1469 'de

542 2151 788 2220 corporis
838 2150 987 2206 locus
1022 2160 1124 2207 est.
1165 2153 1319 2223 171
1369 2152 1547 2208 Patris
1573 2169 1702 2226 ergo
1733 2154 1998 2225 gremium
2026 2154 2129 2210 hu-

538 2259 714 2300 manae
763 2244 1062 2315 accipimus
1120 2246 1354 2302 rationis
1405 2255 1634 2303 motum.
1686 2246 1932 2303 Humana
1985 2247 2133 2302 enim

531 2344 617 2390 est
657 2336 817 2401 ratio,
862 2343 1029 2391 estet
1069 2336 1272 2391 divina.
1321 2336 1418 2392 llis
1448 2336 1679 2393 sublatis
1706 2338 1763 2392 in
1789 2348 1986 2392 terram
2013 2352 2137 2407 pro-

533 2444 633 2482 nus
661 2429 874 2494 adorat,
908 2428 1035 2498 quia
1094 2437 1302 2497 quanto
1346 2430 1524 2499 magis
1556 2446 1589 2484 a
1617 2431 1801 2486 carnis
1849 2429 2138 2501 prudentia

535 2520 775 2574 studium
823 2520 1038 2584 eximit,
1096 2528 1255 2576 tanto
1300 2522 1478 2592 magis
1512 2522 1931 2591 contemplando
1965 2522 2136 2577 subli-

538 2608 649 2662 mia
694 2624 884 2665 eoram
912 2609 1023 2664 Deo
1047 2609 1310 2666 humilius
1337 2612 1405 2667 de
1448 2627 1506 2666 se
1552 2613 1736 2667 sentit.
1770 2612 2029 2682 Ephraim
2069 2614 2138 2668 ad

538 2700 810 2754 dexteram
840 2718 990 2755 suam
1045 2702 1221 2771 ponit,
1262 2702 1390 2773 quia
1418 2703 1544 2759 boni
1588 2704 1773 2774 operis
1813 2704 2023 2777 frugem
2069 2704 2137 2759 ad

538 2804 690 2859 spem
713 2790 816 2846 sibi
847 2798 1067 2845 aeternae
1092 2791 1449 2848 beatitudinis
1483 2794 1782 2848 constituit.

613 2880 721 2937 Sed
752 2882 974 2939 dextera
1001 2882 1204 2952 Ioseph
1229 2882 1298 2937 ad
1322 2884 1603 2940 dexteram
1634 2885 1852 2942 lsraelis
1877 2896 1983 2956 est,
2012 2889 2138 2958 quia

541 2976 632 3033 illa
657 2977 1142 3036 intellectualitatis
1191 2980 1522 3052 supremitas
1552 2980 1758 3036 intenta
1796 2980 2136 3047 coelestibus,

545 3071 852 3140 sinistrum,
885 3073 940 3129 id
965 3082 1050 3130 est
1078 3075 1339 3130 saeculare
1367 3082 1422 3130 et
1444 3073 1689 3129 infimum
1718 3074 1951 3129 aestimat
1984 3074 2141 3143 quid-

538 3165 671 3235 quid
720 3165 774 3220 in
818 3165 1108 3234 humanis,
1149 3167 1365 3222 etiamsi
1422 3166 1780 3235 spiritualiter
1830 3181 2021 3236 sapere
2053 3166 2136 3219 vi-

537 3258 799 3326 deantur,
856 3269 1112 3315 versatur
1165 3259 1699 3316 ratiocinationibus.
1755 3258 1932 3329 Ipsam
1991 3257 2167 3313 enim;

534 3353 1009 3425 contemplationis
1056 3353 1398 3409 dulcedinem
1457 3367 1580 3407 cum
1633 3352 1784 3423 gravi
1837 3352 2138 3406 vanitatum

535 3446 782 3504 molestia
807 3455 1223 3519 praegustamus.
1276 3447 1585 3516 Antequam
1633 3445 1780 3500 enim
1828 3444 2140 3499 intellectus

539 3537 807 3602 comedat,
839 3537 1064 3607 spiritus
1108 3536 1368 3607 suspirat.
1395 3534 1508 3605 Ipsi
1534 3549 1751 3606 nempe,
1791 3535 1869 3589 ait
1906 3535 2143 3605 Aposto-

540 3626 658 3693 lus,
695 3627 962 3697 prtmitias
1012 3628 1229 3696 spiritus
1276 3626 1521 3680 habentes
1566 3626 1709 3679 intra
1760 3641 1854 3679 nos
1887 3626 2141 3695 gemimus

544 3719 728 3793 (Rom.
760 3736 879 3782 vui,
908 3718 1024 3790 25).
1050 3718 1329 3773 Manasses
1356 3717 1412 3772 in
1442 3717 1662 3773 sinistra
1692 3716 2019 3782 intellectus,
2048 3714 2143 3770 sed

547 3812 615 3866 ad
668 3812 948 3867 dexteram
1002 3810 1263 3875 rationis,
1319 3809 1447 3880 quia
1496 3809 1859 3865 matcrialiun.
1912 3806 2144 3873 oblivio,

548 3906 668 3961 sine
702 3920 808 3977 qua
838 3910 1012 3960 virtus
1042 3919 1149 3959 non
1179 3904 1383 3959 eminet
1418 3902 1832 3973 speculationis,
1860 3914 2028 3955 causa
2062 3904 2149 3954 est

549 3999 697 4069 apud
734 3997 886 4053 illum
918 3997 1196 4053 durissimi
1242 3996 1486 4062 laboris;
1520 3996 1615 4066 qui
1667 4004 1845 4050 tamen
1877 3992 2035 4047 labor
2063 4008 2150 4047 ra-

552 4090 689 4147 tioni
733 4090 951 4147 occasio
1000 4097 1085 4146 est
1137 4088 1626 4161 perspicacissima:
1684 4087 1739 4140 iu
1789 4083 2148 4140 discernenda

552 4182 860 4254 spiritualia
891 4183 1190 4255 dignitatis.
1222 4182 1428 4238 Ambos
1458 4195 1589 4249 ergo
1619 4179 1687 4235 ad
1732 4193 1857 4233 eum
1890 4176 2146 4247 applicat,

554 4277 775 4347 quando
825 4285 1080 4347 utraque,
1126 4277 1245 4333 sine
1292 4277 1490 4347 quibus
1538 4273 1615 4329 nil
1669 4272 1920 4338 ellicitur,
1951 4270 2153 4326 intelli-

553 4370 749 4443 gentia
777 4370 859 4427 vis
886 4370 1156 4427 desiderio
1188 4370 1421 4425 rationis
1451 4366 1708 4423 associat.

625 4462 790 4521 Vens.
822 4464 911 4519 14.
934 4495 1004 4504 -—
1032 4462 1137 4529 Qui
1175 4464 1459 4518 extendens
1489 4476 1705 4515 manum
1732 4458 2024 4527 dexteram,
2059 4475 2153 4531 po-

2234 2153 2555 2207 constantiae
2604 2167 2702 2207 sua
2753 2151 3127 2207 consolatione
3180 2165 3271 2206 me
3324 2150 3536 2216 nutrit,
3585 2166 3780 2220 usque
3814 2150 3855 2202 in

2236 2245 2382 2301 illius
2413 2246 2507 2317 qui
2538 2260 2755 2317 semper
2782 2258 3025 2317 praesens
3048 2253 3134 2301 est
3163 2243 3271 2300 diei
3304 2258 3392 2299 me
3422 2244 3709 2300 ducendo
3744 2259 3859 2299 coa-

2238 2340 2665 2410 templationem.
2717 2338 2947 2410 Angelus
2984 2337 3153 2395 divini
3195 2336 3433 2407 eloquii,
3462 2336 3643 2406 cujus
3676 2336 3855 2392 nuntia

2238 2433 2304 2488 de
2326 2433 2537 2488 cunctis
2558 2433 2770 2503 peccati
2790 2433 2994 2503 eripior
3020 2430 3401 2498 incommodis,
3433 2445 3543 2500 per
3572 2431 3671 2486 sui
3698 2430 3855 2501 ipsus

2239 2527 2608 2595 efﬁcientiam,
2644 2536 2701 2583 et
2730 2527 3177 2597 adimpletionem
3206 2524 3541 2597 multiplicet
3590 2526 3854 2597 propositi

2238 2621 2557 2687 novitatem,
2591 2620 2910 2675 instantium
2950 2620 3208 2676 videlicet
3250 2618 3605 2676 oblivionem
3633 2661 3650 2687 ,
3690 2630 3749 2675 et
3780 2617 3853 2672 fa-

2240 2724 2376 2770 turte
2402 2714 2517 2786 spei
2546 2713 3024 2770 fructificalionem
3055 2722 3110 2770 et
3136 2712 3385 2785 perpetui
3412 2712 3683 2767 sentiant
3712 2710 3853 2767 intel-

2238 2806 2592 2863 lectualitatis
2652 2807 2914 2875 augendae
2980 2804 3240 2861 desiderii
3295 2803 3764 2870 invocationem;
3812 2812 3855 2855 et

2244 2907 2495 2954 crescant
2518 2897 2834 2953 devotiones
2880 2897 3108 2953 internae
3137 2897 3191 2952 in
3223 2894 3409 2950 multis
3451 2893 3765 2951 effectibus
3796 2893 3853 2946 ad

2240 2989 2536 3060 corporalis
2564 2990 2812 3045 exercitii
2836 2990 3201 3059 superﬁciem.

2310 3082 2590 3145 Vens.,l7.
2622 3112 2692 3121 —
2726 3080 2922 3137 Videns
2949 3091 3124 3137 autem
3168 3082 3367 3153 Joseph
3401 3083 3548 3153 quod
3595 3084 3854 3153 posuisset

2242 3185 2390 3247 pater
2417 3190 2545 3229 suus
2593 3174 2862 3229 dexteram
2906 3191 3123 3229 manum
3166 3191 3325 3245 super
3355 3183 3517 3243 caput
3559 3173 3853 3243 Ephraiut,

2239 3268 2467 3339 graviter
2491 3267 2706 3337 accepit,
2734 3275 2781 3322 et
2808 3267 3189 3337 apprehensum
3232 3281 3450 3320 manum
3475 3264 3653 3333 patris
3678 3264 3858 3318 (erat:

2240 3367 2460 3412 conatus
2506 3369 2583 3411 est
2631 3357 2693 3411 de
2743 3359 2910 3428 capite
2938 3355 3219 3427 Ephraim,
3251 3366 3300 3411 et
3347 3354 3645 3424 transferre
3693 3369 3856 3425 super

2241 3458 2397 3519 caput
2446 3447 2716 3503 Manasse.
2760 3448 3070 3504 Intellectus
3115 3450 3241 3505 dum
3297 3446 3530 3503 attendit
3560 3445 3856 3518 aliquoties

2242 3540 2508 3595 rationem
2536 3540 2615 3594 sic
2646 3539 2826 3610 potius
2861 3539 3103 3595 studium
3147 3554 3306 3594 suum
3342 3537 3505 3592 bonis
3536 3552 3674 3607 qua:
3704 3551 3852 3592 exer-

2244 3640 2335 3685 cet
2355 3629 2573 3684 actibus
2602 3629 2930 3699 impendere,
2963 3639 3023 3683 ut
3053 3630 3121 3685 ad
3150 3628 3646 3699 contemplationis
3695 3628 3851 3683 subti-

2245 3720 2486 3784 litatem,
2520 3719 2663 3789 quod
2718 3729 2802 3775 est
2842 3721 3294 3791 corporalitatum
3335 3718 3563 3786 oblivio,
3622 3720 3848 3791 negligat

2251 3824 2573 3882 assurgere;
2603 3826 2747 3882 aegre
2774 3811 2983 3881 patitur
3009 3812 3391 3867 hebetudinem
3422 3812 3694 3879 rationis,
3731 3811 3849 3866 unde

2250 3913 2305 3961 et
2334 3904 2510 3974 ipsam
2543 3904 2844 3967 dexteram,
2881 3904 2933 3959 id
2961 3914 3044 3959 est
3075 3904 3355 3959 interioris
3384 3903 3638 3958 hominis
3672 3912 3846 3974 polen-

2254 3997 2411 4063 tiam,
2467 3998 2536 4053 ab
2581 3997 2893 4052 extrinseca
2938 4011 3071 4051 cura
3110 3997 3471 4068 restringcns,
3525 3995 3594 4051 de
3643 3994 3849 4070 capitali
3940 3994 3945 4045 ξ

2252 4088 2587 4145 actualitatis
2618 4088 2923 4143 intentione
2950 4088 3170 4144 elevare
3204 4089 3398 4146 nititur
3430 4087 3499 4145 ad
3538 4091 3727 4147 totius
3761 4106 3850 4146 nu-

2253 4182 2562 4239 terialilatis
2578 4182 3069 4240 oblitterationem.
3097 4182 3291 4256 Capita
3322 4199 3562 4255 namque
3582 4186 3851 4256 principa-

2252 4275 2458 4330 litatem
2510 4274 2735 4343 mentis,
2786 4291 2907 4346 quae
2960 4285 3045 4331 est
3100 4276 3473 4342 intentiones,
3521 4276 3849 4347 significant.
3938 4320 3943 4347 λ

2254 4369 2443 4441 (Vens.
2478 4369 2588 4440 l8.)
2620 4369 2740 4424 Non
2763 4370 2860 4437 ita,
2891 4369 3088 4438 inquit,
3118 4369 3353 4423 convenit
3372 4411 3388 4437 ,
3415 4378 3591 4439 pater,
3621 4371 3767 4440 quia
3790 4367 3851 4422 bit

2255 4471 2329 4517 est
2376 4463 2773 4532 primogenitus,
2825 4480 2959 4533 pone
2987 4463 3265 4517 dexteram
3308 4472 3454 4517 tuam
3494 4476 3667 4533 super
3718 4468 3850 4532 caput

555 4556 659 4612 suit
694 4572 850 4626 super
893 4565 1046 4627 caput
1095 4555 1353 4626 Ephraim
1372 4553 1611 4624 janioris
1636 4552 1857 4622 fratris;
1883 4552 2153 4606 sinistram
2179 4571 2232 4632 ι)
2257 4553 2393 4623 ejus.
2426 4552 2855 4623 Primogenitum
2891 4562 3074 4619 vocat,
3106 4553 3193 4607 vel
3228 4553 3356 4624 quia
3387 4553 3554 4608 homo
3585 4567 3709 4608 non
3734 4552 3853 4607 fort-

555 4659 733 4703 autem
782 4665 938 4720 super
986 4658 1141 4721 caput
1191 4647 1476 4714 Manasse,
1508 4646 1599 4717 qui
1640 4646 1814 4716 major
1853 4654 1981 4700 natu
2014 4655 2147 4711 erat,

556 4749 883 4795 commutans
923 4757 1138 4795 manus.
1180 4738 1443 4795 Extendit
1485 4753 1737 4803 manum,
1768 4752 1893 4792 cum
1925 4736 2153 4807 spiritus

550 4833 783 4889 interna:
855 4831 1191 4890 fortitudinis
1260 4832 1514 4902 provehit
1569 4830 1915 4887 exercitium.
1981 4828 2155 4899 Caput

561 4923 833 4996 Ephraim,
879 4927 967 4981 cui
1008 4926 1201 4982 dextra
1249 4924 1670 4995 superponitur,
1720 4925 1837 4994 ipsa
1888 4921 2155 4977 Divinitas

551 5025 659 5085 est,
688 5034 719 5073 a
748 5034 855 5089 qua
879 5032 943 5073 ac
972 5017 1018 5072 si
1047 5017 1114 5072 de
1140 5015 1319 5086 capite
1344 5015 1546 5084 pendet
1584 5015 1751 5070 totius
1775 5022 1976 5069 nostra;
2000 5013 2156 5068 bona:

555 5110 789 5166 actionis
825 5110 1081 5176 elfectus;
1135 5122 1298 5179 super
1342 5122 1449 5178 qua
1498 5108 1668 5162 etiam
1710 5107 1937 5178 spiritus
1980 5107 2155 5163 nostri

554 5217 681 5274 spes
732 5211 787 5258 et
844 5200 1129 5259 beatitudo
1174 5200 1460 5255 fundatur.
1515 5198 1752 5254 Sinistra
1799 5215 1956 5270 super
1999 5208 2155 5270 caput

558 5294 832 5362 Manasse,
864 5294 994 5365 quia
1027 5300 1139 5348 tota
1170 5293 1532 5348 tentationum
1562 5294 1885 5359 adversitas,
1917 5294 2157 5349 caelestis

556 5388 746 5457 glorim
774 5386 1067 5453 altitudini,
1098 5402 1218 5456 quae
1242 5385 1534 5442 oblivionis
1560 5387 1912 5459 praesentium
1944 5404 2155 5443 summa

556 5487 614 5533 et
641 5476 889 5548 capitalis
942 5478 1171 5533 intentio
1215 5486 1315 5543 est,
1349 5464 1619 5533 innititur.
1650 5478 1909 5549 Ephraim
1946 5478 2156 5549 junior,

557 5571 843 5627 Manasses
870 5570 1044 5642 major
1092 5580 1222 5635 natu
1268 5573 1487 5638 dicitur,
1520 5572 1645 5643 quia
1686 5573 1838 5643 prius
1882 5573 2160 5629 smcularis

559 5662 826 5718 memoria
888 5662 1165 5733 rejicitur,
1233 5672 1294 5719 ut
1362 5663 1582 5720 aeternis
1646 5662 2161 5719 fructificationibus

560 5754 759 5810 deinde
781 5754 1084 5813 insistatur.
1126 5755 1321 5813 Manus
1348 5771 1479 5828 ergo
1507 5763 1829 5821 commutat,
1860 5756 1988 5811 dum
2016 5756 2161 5827 quod

545 5835 816 5908 'dextrum
846 5850 1109 5926 praesenti
1141 5859 1248 5922 est,
1280 5859 1502 5908 aeterna:
1528 5849 1656 5907 vitae
1685 5849 1970 5907 sinistrum
1997 5849 2163 5923 depu-

2257 4646 2408 4702 sticae
2436 4645 2924 4712 administrationi,
2953 4646 3048 4701 sed
3075 4645 3274 4701 divinae
3295 4645 3477 4716 potius
3496 4644 3714 4700 visioni
3747 4658 3852 4701 cono

2256 4739 2404 4796 ditus
2453 4748 2558 4806 est,
2596 4738 2683 4795 vel
2721 4739 2851 4810 quia
2890 4738 3106 4809 dignior
3155 4746 3240 4794 est
3276 4735 3598 4809 ;speculatio
3624 4777 3642 4801 ,
3703 4748 3853 4808 quam

2257 4831 2561 4888 communis
2586 4831 2691 4886 etsi
2721 4831 2861 4887 bona
2903 4830 3067 4886 actio.
3116 4829 3243 4885 Haac
3292 4828 3626 4911 est_optima
3686 4827 3853 4883 Maris

2258 4925 2440 4998 portio
2488 4923 2641 4996 (Luc.
2672 4940 2730 4989 χ,
2760 4924 2874 4995 45).
2909 4922 3049 4979 Huic
3076 4938 3241 4994 ergo,
3269 4923 3465 4993 inquit,
3501 4920 3753 4977 admove
3780 4934 3854 4992 po-

2260 5017 2532 5073 tissimum
2564 5025 2666 5072 tua:
2694 5015 2913 5070 virtutis
2944 5014 3302 5085 diligentiam.

2331 5108 2498 5164 Vens.
2528 5109 2616 5175 19,
2642 5108 2733 5162 20.
2759 5138 2830 5149 —-
2856 5106 2961 5173 Qui
2996 5122 3252 5173 renuens,
3284 5105 3358 5159 ait
3391 5119 3409 5157 :
3438 5104 3587 5170 Scio,
3618 5104 3711 5173 ﬁli
3766 5104 3853 5163 mi,

2259 5205 2367 5259 scio
2383 5244 2399 5270 ,
2430 5211 2478 5257 et
2502 5204 2600 5257 iste
2626 5200 2835 5273 quidem
2859 5200 2957 5255 erit
2979 5200 3036 5254 in
3054 5198 3295 5270 populos,
3318 5208 3367 5253 et
3388 5197 3855 5271 muttiplicabitar;

2259 5297 2349 5353 sed
2399 5296 2566 5365 frater
2613 5294 2729 5363 ejus
2778 5293 2977 5356 iunior,
3027 5290 3202 5361 major
3244 5290 3365 5356 erit,
3408 5299 3457 5345 et
3496 5305 3680 5343 semen
3728 5290 3854 5342 illius

2259 5397 2449 5445 crescet
2483 5388 2536 5441 in
2570 5394 2767 5457 gentes.
2807 5384 3189 5455 Benedixitque
3235 5384 3311 5438 eis
3356 5382 3414 5437 in
3444 5383 3559 5453 ipso
3610 5390 3851 5452 tempore,

2263 5485 2441 5538 dicens
2475 5494 2492 5532 :
2522 5480 2591 5535 In
2636 5490 2685 5533 te
2735 5478 3067 5532 benedicatur
3110 5476 3305 5531 Israel.
3355 5476 3592 5542 Renuit,
3622 5485 3679 5531 et
3731 5475 3854 5533 scire

2268 5575 2490 5647 quidem
2520 5571 2641 5642 ejus
2669 5570 2960 5642 primatum
2992 5584 3050 5624 se
3072 5568 3293 5637 asserit,
3321 5578 3378 5625 et
3404 5568 3703 5638 quamdam
3732 5568 3855 5622 inter

2270 5666 2516 5723 inanium
2566 5663 2957 5735 cogitationum
2986 5662 3216 5731 populos
3258 5660 3653 5732 speculationis
3683 5660 3857 5730 singu-

2264 5758 2439 5813 larem
2471 5754 2703 5812 attendit
2733 5753 3058 5818 essentiam,
3084 5753 3461 5825 virtutumque
3503 5752 3625 5822 ejus
3658 5754 3855 5807 exube-

2268 5848 2530 5920 rantiam,
2585 5845 2681 5904 sed
2743 5844 2919 5904 active
2969 5844 3234 5918 majorem
3292 5846 3525 5903 aestimat
3574 5836 3853 5917 aliquando
3952 5836 3953 5895 ἶ
