3982 6360
77 387 204 444 521

1271 373 1639 436 MORALIUM
1666 371 1735 430 ΙΝ
1759 372 2057 431 GENESIN
2083 372 2216 431 LIB.
2245 373 2315 430 Χ.

3289 373 3398 432 522

75 504 325 559 animus
355 498 667 563 utilitatem,
697 512 817 569 quae
864 495 1050 553 multis
1088 495 1349 566 prodesse
1398 491 1691 564 delegerit;
1724 494 1773 554 Α
1800 489 2113 544 ternitatem
2160 486 2545 558 experiamini,
2600 488 2687 544 cui
2731 495 2815 544 est
2854 499 2977 544 cum
3006 486 3121 543 Deo
3149 484 3262 558 jam
3294 503 3398 561 per

76 594 263 664 cujus
294 607 500 659 semen,
544 592 596 647 id
625 601 712 647 est
736 591 1045 661 exemplum
1074 588 1256 660 operis
1299 588 1353 641 in
1401 586 1694 641 multorum

75 684 428 739 innumeras
474 682 863 738 aediﬁcationes
896 679 1185 752 propagari
1229 684 1416 749 utpote
1461 675 1698 733 imitabi-

76 776 207 833 lius
232 774 456 845 poterit.
487 773 624 830 Huic
653 774 838 830 sensui
868 774 1026 844 172
1078 773 1420 843 querimonia
1475 769 1699 824 Martha:

80 872 165 927 ad
221 870 517 926 Dominum
548 870 848 926 laborantis
896 871 951 924 in
992 869 1287 941 Evangelio
1317 870 1578 925 adversus
1606 883 1698 923 so-

81 975 291 1017 rorem
324 961 565 1017 concinit
587 959 743 1031 (Luc.
779 977 834 1025 x,
872 961 983 1031 41).
1016 959 1298 1016 Beuedicit
1326 968 1507 1015 tamen
1538 958 1618 1013 eis
1644 957 1700 1012 in

82 1053 223 1125 ipso
250 1061 515 1124 tempore,
550 1053 677 1108 dum
715 1051 1065 1123 multiplicari
1105 1053 1160 1107 in
1203 1053 1449 1122 utrisque
1497 1050 1703 1121 appetit

82 1148 150 1202 in
202 1147 313 1201 hoc
365 1146 559 1201 eodem
610 1154 757 1200 statu
811 1145 1267 1202 considerationis
1328 1162 1457 1202 suae.
1516 1144 1698 1211 Licet,

87 1234 311 1305 inquit,
356 1234 716 1305 plurimorum
762 1234 1046 1291 actualitas
1092 1236 1460 1292 emolumento
1502 1236 1700 1302 valeat,

90 1323 291 1380 fateor
324 1336 504 1380 tamen
529 1326 675 1396 quod
716 1327 771 1381 in
802 1338 876 1393 te,
906 1342 940 1383 ο
976 1326 1434 1393 intellectualitas,
1479 1327 1705 1382 interna:

94 1414 509 1472 benedictionis
534 1417 907 1489 principalitas
941 1418 1231 1485 consistat;
1275 1418 1447 1473 virtus
1471 1433 1706 1489 namque
1740 1464 1743 1467 ,

96 1507 330 1563 lsraelis
356 1524 455 1579 per
494 1518 563 1576 te,
594 1510 648 1565 id
677 1520 763 1565 est
792 1511 1049 1579 rationis,
1078 1512 1359 1578 exuberat,
1389 1521 1442 1567 et
1466 1510 1588 1567 ideo
1625 1511 1705 1566 di-

99 1608 268 1653 cetur
292 1616 305 1651 ε
332 1596 523 1653 Faciat
553 1601 646 1655 tibi
684 1601 828 1656 Deus
856 1604 990 1657 sicut
1017 1602 1275 1674 Ephraim
1294 1643 1309 1669 ,
1345 1611 1393 1657 et
1425 1604 1557 1657 sicut
1587 1603 1707 1657 illa.

100 1705 289 1758 nasse,
322 1690 418 1746 tibi
446 1690 719 1760 videlicet,
752 1707 786 1747 ο
825 1694 1071 1764 spiritus,
1102 1693 1357 1750 fulciatur
1400 1693 1706 1751 animalitas

98 1779 254 1835 sicut
299 1782 457 1852 adipe
510 1792 565 1837 et
609 1784 940 1855 pinguedine
968 1826 983 1852 ,
1027 1785 1273 1856 profecto
1322 1785 1705 1844 fructiﬁcando

1797 581 2084 638 victoriam
2113 580 2472 652 principatus.
2519 581 2688 638 Israel
2715 596 2945 653 namque
2982 584 3222 655 princeps
3267 597 3395 642 cum

1797 674 1909 730 Deo
1936 674 2157 729 dicitur.

1871 766 2037 824 Vens.
2066 768 2122 835 5,
2150 768 2207 824 4.
2239 799 2307 808 —-
2333 768 2516 825 Ruben
2553 772 2926 843 primogenitae
2950 788 3120 840 meus,
3148 782 3207 828 tu
3234 772 3391 842 forti-

1801 860 1928 916 tudo
1973 877 2121 928 mea,
2146 872 2193 923 et
2235 861 2545 931 principium
2572 864 2772 919 doloris
2812 866 2934 930 mei,
2961 862 3106 935 prior
3130 866 3186 920 in
3215 866 3388 932 donis,

1800 954 1978 1024 major
2012 954 2249 1026 imperio.
2280 953 2502 1024 Effusas
2543 971 2597 1009 es
2628 948 2763 1010 sicut
2807 973 2966 1027 aqua,
3016 974 3121 1012 non
3165 974 3390 1026 crescas,

1801 1048 1925 1116 quia
1953 1046 2237 1100 ascendiin
2263 1045 2431 1100 cubile
2457 1047 2620 1117 patris
2647 1048 2752 1115 tui,
2782 1057 2830 1102 et
2861 1048 3139 1103 maculasti
3165 1058 3391 1104 stratum

1804 1139 1939 1209 ejus.
1969 1137 2162 1195 Ruben
2194 1140 2580 1211 interpretatur
2624 1139 2806 1195 videns
2838 1140 2894 1194 in
2937 1141 3130 1195 medio.
3156 1141 3391 1197 Medium

1807 1242 1987 1288 autem
2022 1248 2121 1304 pro
2150 1234 2416 1289 communi
2451 1249 2687 1304 ponere,
2724 1243 2779 1289 et
2810 1233 3061 1287 humanae
3093 1248 3158 1288 ac
3200 1234 3395 1291 divinae

1803 1328 2012 1399 paginae
2056 1326 2302 1383 inolitum
2342 1336 2442 1383 est.
2486 1327 2681 1382 Viden:
2726 1342 2856 1398 ergo
2893 1327 2948 1380 in
2980 1326 3152 1380 medio
3189 1327 3269 1381 vis
3299 1344 3391 1383 ra-

1806 1418 2124 1475 tionalitatis
2158 1420 2444 1490 accipitur,
2474 1434 2593 1490 quae
2628 1419 2953 1489 generaliter
2987 1427 3098 1473 tota
3139 1434 3260 1488 qua:
3290 1419 3391 1473 ho-

1806 1512 1969 1566 minis
2017 1520 2144 1566 sunt
2188 1512 2414 1581 provide
2462 1527 2656 1568 curare
2711 1510 3066 1582 dignoscitur.
3118 1510 3215 1565 Est
3265 1525 3396 1582 ergo

1807 1602 1991 1658 dicere
2020 1620 2035 1657 :
2074 1602 2204 1658 Mihi
2238 1603 2440 1658 rationi
2482 1600 2854 1674 principaliter
2884 1601 3124 1670 ingenita
3165 1600 3400 1670 dignitas

1806 1713 1868 1753 es
1908 1696 2262 1767 providentiae
2310 1706 2403 1752 aut
2449 1696 2815 1761 discretionis,
2844 1709 2996 1764 quae,
3029 1694 3159 1749 licet
3184 1692 3400 1749 fortitu-

1807 1788 1989 1845 dinem
2016 1796 2207 1844 contra
2236 1789 2571 1861 emergentia
2608 1787 2741 1843 vitia
2771 1785 3173 1852 subministres,
3203 1785 3401 1850 princi-

98 1871 353 1927 exterics
399 1873 456 1928 in
505 1875 876 1944 exhibitione,
925 1886 981 1933 et
1038 1872 1315 1934 imbuatur
1371 1879 1703 1937 intrinsecus
1732 1872 1779 1932 B
1805 1882 1953 1952 pium
1998 1890 2178 1937 tamen
2219 1881 2417 1935 doloris
2452 1882 2554 1935 mei
2596 1896 2690 1946 es,
2737 1880 2864 1949 quia
2899 1894 3007 1949 quo
3037 1877 3212 1948 magis
3247 1877 3400 1932 addis

8 1980 9 1987 η
100 1964 303 2032 gratiae
331 1981 493 2022 succo
522 1969 764 2023 omnium
792 1986 823 2024 a
854 1979 1037 2025 mente
1064 1972 1355 2026 visibilium
1383 1972 1701 2029 abolitione.

180 2053 571 2128 Constituitque
618 2058 876 2130 Ephraim
929 2070 1050 2115 ante
1097 2060 1381 2117 Manassen
1405 2103 1420 2130 ,
1454 2064 1579 2132 quia
1614 2080 1709 2119 nc-

108 2163 273 2205 cesse
300 2159 385 2206 est
441 2152 598 2208 bonis
644 2154 796 2225 prius
838 2156 1050 2212 actibus
1096 2156 1371 2224 insudare,
1419 2166 1708 2229 antequam

110 2242 485 2309 corporalium
534 2246 799 2316 imagines
846 2247 1063 2304 valeant
1111 2250 1385 2305 eliminari
1444 2266 1475 2306 a
1527 2252 1708 2309 corde.

110 2329 311 2402 (νεεδ.
352 2334 467 2405 2t.)
499 2334 606 2404 En,
641 2339 837 2408 inquit,
878 2345 1097 2409 morior,
1126 2353 1176 2397 et
1204 2344 1300 2398 erit
1338 2343 1595 2398 Dominus
1626 2359 1715 2397 vo-

110 2422 343 2493 biscum,
368 2428 683 2500 reducetque
712 2448 798 2487 vos
837 2434 907 2487 ad
938 2443 1131 2489 terram
1158 2415 1373 2506 patrum:
1401 2446 1710 2491 vestrorum.

107 2515 203 2571 En
229 2533 328 2588 per
366 2520 715 2578 continentiae
745 2524 1007 2593 fructum,
1038 2536 1091 2582 et
1121 2542 1305 2597 rerum
1347 2527 1712 2583 tractabilium

112 2610 546 2683 despectionem,
580 2617 930 2675 saecularibus
960 2619 1246 2676 desideriis
1271 2621 1507 2687 morior;
1532 2629 1587 2676 et
1610 2621 1710 2687 sic,

113 2720 153 2758 ο
183 2706 498 2776 spirituales
527 2721 728 2779 motus,
774 2712 1032 2767 abscissis
1077 2711 1361 2768 aﬁ'ectibus
1395 2712 1586 2769 alienis
1632 2714 1713 2767 di-

110 2797 283 2853 vinus
320 2802 686 2858 commanebit
714 2817 866 2859 amor
893 2805 1077 2871 vobis,
1124 2805 1217 2876 qui
1248 2820 1347 2860 vos
1388 2805 1612 2861 reducet
1645 2806 1713 2861 ad

118 2906 330 2949 terram
380 2897 669 2955 soliditatis
698 2908 938 2968 aeternae,
965 2916 1127 2972 quam
1156 2901 1416 2957 amisistis
1444 2902 1499 2957 in
1542 2900 1713 2971 patri-

116 2985 225 3042 bus
270 2989 478 3058 primis.
509 2991 747 3063 Spiritus
790 2994 936 3048 enim
985 3001 1235 3063 sanctus,
1265 2995 1358 3065 qui
1402 3009 1555 3050 amor
1605 3002 1711 3061 est,

121 3078 354 3135 deducet
400 3098 498 3139 nos
532 3085 589 3139 in
635 3092 837 3140 terram
869 3094 1096 3141 rectam.
1128 3086 1317 3159 (Vens.
1346 3086 1463 3158 22.)
1501 3086 1583 3140 Do
1620 3078 1723 3140 tibi:

121 3179 327 3239 portent
372 3191 532 3229 unam
557 3186 711 3232 castra
755 3177 943 3247 fratres
974 3188 1112 3248 tuos,
1143 3197 1301 3251 quam
1328 3180 1425 3233 tuli
1456 3181 1521 3234 de
1552 3196 1713 3234 manu

124 3262 424 3318 Amorrluei
445 3266 500 3320 in
525 3268 705 3337 gladio
733 3277 783 3321 et
813 3285 941 3322 arcu
968 3285 1105 3325 meo.
1128 3270 1262 3325 Pars
1289 3270 1392 3325 ista
1421 3285 1541 3339 quae
1563 3278 1716 3325 extra

129 3348 575 3425 fratres-Ioseph
620 3358 807 3422 datur,
848 3359 1088 3427 cognitio
1116 3360 1422 3415 Divinitatis
1463 3367 1565 3426 est,
1598 3376 1718 3430 quae

132 3454 243 3493 non
267 3441 551 3497 oculorum
578 3445 775 3500 visioni
798 3486 813 3512 ,
842 3460 951 3501 non
988 3448 1422 3503 extrinsecorum
1464 3463 1717 3503 sensuum

132 3532 250 3600 ulli,
283 3549 391 3589 non
422 3535 796 3607 imaginationi
822 3539 1235 3611 cogitationum,
1265 3555 1370 3594 non
1394 3539 1718 3595 interiorum

131 3624 417 3681 habituum
453 3629 565 3693 ulli,
598 3631 848 3699 quamvis
878 3633 1340 3698 ratiocinantium,
1383 3633 1483 3688 soli
1520 3644 1719 3704 praeter

130 3717 232 3771 hos
260 3734 450 3775 omnes
494 3720 951 3777 intellectualitati
995 3722 1328 3778 attribuitur.
1370 3724 1717 3781 Amorrbeeus

130 3807 248 3878 ipse
278 3808 477 3865 dicitur
504 3812 806 3867 amaricans
827 3853 842 3876 ,
872 3812 1148 3868 carnalem
1191 3812 1405 3883 spiritui
1443 3811 1716 3869 infensum

134 3901 383 3959 aﬁ'ectum
414 3904 707 3973 signiﬁcat,
750 3906 816 3962 de
840 3905 998 3978 cujus
1028 3922 1216 3974 manu,
1238 3908 1294 3963 id
1317 3917 1399 3964 est
1423 3916 1713 3978 potestate,

133 4007 189 4053 et
214 4006 359 4064 actu,
389 3998 557 4055 divini
608 3999 880 4057 subtilitas
924 4001 1149 4069 amoris,
1198 4016 1262 4058 ac
1306 4002 1354 4057 si
1399 4017 1613 4072 gemma
1650 4004 1716 4057 de

135 4088 400 4157 sordibus,
437 4089 613 4161 gladio
643 4090 1018 4161 discretionis,
1049 4101 1106 4148 et
1142 4093 1366 4164 superni
1401 4109 1531 4150 arcu
1561 4094 1718 4150 timo-

137 4179 238 4247 ris,
274 4196 305 4235 a
340 4180 483 4238 facie
515 4184 669 4255 cujus
699 4193 759 4241 ut
794 4184 969 4256 fugiat
1011 4186 1114 4242 sibi
1163 4185 1488 4257 signiﬁcatio
1536 4190 1712 4254 datur,

139 4272 492 4332 sollicitudine
522 4278 751 4335 rationis
776 4280 1025 4351 eripitur.

694 4382 922 4441 CAPUT
970 4383 1157 4440 XLIX.

210 4470 371 4527 Vsus.
396 4473 451 4539 i,
479 4473 534 4527 2.
558 4504 626 4514 —
660 4473 872 4529 Vocavit
903 4485 1077 4530 autem
1108 4473 1276 4529 Iacob
1313 4475 1454 4544 ﬁlios
1490 4492 1631 4542 suos,
1669 4484 1717 4529 et

1809 1973 2116 2038 scientiam,
2144 1981 2296 2027 tanto
2325 1971 2477 2026 addis
2505 1972 2641 2026 scita
2666 1971 2845 2026 facere
2872 1985 2979 2025 non
3006 1969 3213 2040 potenti
3238 1967 3401 2023 tristi-

1811 2066 1970 2131 tiam;
2002 2073 2058 2119 et
2086 2080 2210 2119 cum
2238 2064 2313 2118 sis
2341 2064 2487 2133 prior
2514 2063 2811 2118 secundum
2837 2061 3110 2117 excellens
3153 2060 3400 2132 sapiendi

1813 2154 2036 2219 donum,
2063 2163 2119 2208 et
2143 2152 2318 2223 major
2351 2153 2419 2208 ad
2444 2152 2770 2222 exigendum
2798 2151 3200 2221 corporalitatis
3225 2151 3401 2206 servi-

1814 2247 1974 2313 tium,
2024 2246 2390 2316 corruptionis
2434 2253 2616 2300 tamen
2656 2244 2804 2299 ﬂuxu
2850 2259 2949 2315 per
2993 2242 3404 2299 aﬁ‘ectualitates

1813 2338 2130 2407 eﬁ'underis,
2165 2340 2219 2394 in
2247 2353 2477 2409 quarum
2508 2336 2647 2394 nolit
2669 2337 2811 2392 Dens
2839 2336 3171 2392 distensione
3216 2344 3277 2391 ut
3296 2335 3406 2391 ullo

1814 2433 1980 2488 modo
2010 2432 2323 2502 superbias;
2360 2432 2498 2488 solet
2523 2431 2668 2487 enim
2691 2429 2955 2500 improbis
2986 2428 3409 2501 cogitationibus

1814 2525 2014 2582 latitia;
2054 2526 2233 2581 inanis
2277 2535 2458 2582 tumor
2508 2525 2853 2591 increscere,
2898 2538 3021 2578 cum
3073 2522 3409 2593 voluptatum

1814 2621 1917 2677 sibi
1965 2620 2215 2676 arriserit
2243 2618 2642 2691 Opportunitas.
2692 2616 2942 2673 Gaudent
2971 2617 3117 2672 enim
3162 2616 3217 2671 in
3248 2616 3411 2671 rebus

1813 2713 2068 2785 pessimis
2096 2712 2284 2786 (Prov.
2318 2729 2391 2777 ιι,
2439 2711 2553 2783 14),
2595 2719 2874 2767 sumentes
2918 2709 3201 2765 audaciam
3235 2708 3300 2764 de
3327 2708 3411 2762 ni-

1815 2808 2040 2863 mietate
2066 2807 2333 2862 criminis.
2359 2804 2549 2869 Versa,
2582 2804 2780 2875 inquit,
2804 2813 2860 2859 tu
2880 2804 3022 2859 ratio
3047 2804 3100 2857 in
3128 2801 3408 2867 aﬁ‘ectum,

1817 2910 1872 2958 et
1917 2904 1984 2957 de
2029 2901 2258 2957 veritate
2285 2898 2430 2955 facta
2464 2897 2842 2962 mendacium,
2872 2895 2941 2951 ab
2989 2894 3190 2950 inﬁmis
3226 2894 3411 2950 subre-

1816 2996 1993 3067 pendo
2016 2994 2215 3050 mentis
2243 2992 2503 3063 quietem,
2536 2990 2704 3062 (quod
2747 2988 3018 3060 signiﬁcat
3051 2986 3249 3059 cubile)
3280 3001 3407 3057 per-

1819 3086 2029 3151 turbas,
2058 3093 2114 3140 et
2154 3085 2391 3155 turpium
2439 3082 2831 3138 desideriorum
2871 3078 3187 3135 adulterinis
3223 3078 3413 3133 incur-

1820 3177 1990 3241 sibus,
2023 3177 2288 3232 virtutnm
2330 3182 2631 3230 stramenta
2666 3171 3050 3229 commaculas.
3085 3170 3211 3226 Haec
3243 3171 3411 3227 verba

1821 3270 2045 3340 spiritus
2094 3270 2324 3324 internae
2365 3266 2584 3322 familia:
2629 3266 2824 3335 patris,
2853 3262 2920 3319 de
2947 3263 3100 3334 pravi
3145 3263 3416 3333 appetitus

1822 3362 2171 3416 immersione
2200 3360 2425 3417 subdola
2453 3358 2861 3429 conquerentis.

1894 3453 2059 3507 Vens.
2091 3453 2147 3520 5,
2180 3453 2232 3507 6.
2270 3482 2327 3493 —
2356 3452 2572 3507 Simeon
2610 3460 2658 3505 et
2703 3450 2824 3505 Levi
2872 3450 3096 3519 fratres;
3146 3466 3270 3505 vasa
3316 3450 3420 3504 ini-

1821 3546 2035 3616 quitatis
2070 3544 2345 3599 bellantia.
2369 3542 2439 3598 In
2462 3542 2679 3597 consilio
2716 3557 2898 3596 eorum
2940 3556 3001 3594 ne
3029 3542 3199 3594 veniat
3229 3540 3412 3595 anima

1820 3654 1957 3703 mea,
1987 3648 2037 3691 et
2068 3638 2124 3691 in
2152 3647 2286 3692 coetu
2314 3635 2529 3691 illorum
2556 3652 2659 3690 non
2699 3635 2766 3689 sit
2808 3633 2979 3705 gloria
3011 3650 3156 3699 mea,
3197 3635 3323 3704 quia
3357 3635 3415 3688 in

1821 3727 2000 3798 furore
2043 3745 2138 3782 suo
2192 3727 2496 3782 occiderunt
2546 3726 2752 3792 virum,
2802 3734 2852 3780 et
2903 3726 2958 3779 in
3008 3724 3273 3779 voluntate
3316 3740 3417 3779 sua

1820 3820 2152 3890 su/foderunt
2199 3835 2432 3874 murum.
2467 3818 2690 3874 Simeon
2740 3817 2943 3873 dicitur
2986 3817 3206 3871 audiens
3251 3816 3419 3871 tristi-

1821 3912 1968 3966 tiam.
1997 3910 2128 3966 Levi
2160 3910 2396 3976 additus,
2419 3910 2506 3966 vel
2536 3920 2859 3981 assumptus.
2892 3909 2970 3975 Si,
2998 3908 3152 3978 juxta
3176 3908 3419 3980 Prophe-

1820 4014 1965 4069 tam,
2006 4020 2116 4060 non
2162 4013 2244 4060 est
2282 4004 2519 4076 gaudere
2565 4003 2785 4074 impiis,
2831 4002 2964 4059 dicit
3011 4002 3275 4059 Dominus
3317 4013 3421 4059 :et

1819 4097 2071 4170 gaudium
2094 4138 2107 4163 ,
2139 4099 2435 4153 secundum
2464 4097 2688 4162 Patres,
2725 4098 2779 4152 in
2815 4096 2959 4152 bono
2990 4096 3289 4167 accipitur,
3318 4096 3415 4151 tri-

1822 4190 1984 4245 stitiae
2035 4190 2242 4246 auditio
2290 4191 2357 4246 ad
2416 4189 2618 4245 malum
2671 4190 2920 4257 ducitur,
2971 4198 3030 4244 ut
3093 4204 3257 4246 causa
3315 4204 3416 4259 pro

1821 4280 2015 4336 eﬁ‘ectu
2055 4276 2312 4351 ponatur,
2363 4282 2491 4350 quia
2545 4282 2590 4337 si
2633 4281 2887 4351 gaudium
2940 4288 2993 4334 et
3045 4294 3148 4349 pax
3188 4295 3415 4350 regnum

1821 4374 1937 4440 Dei,
1969 4389 2078 4430 non
2107 4388 2253 4439 esca,
2283 4384 2337 4430 et
2375 4383 2534 4445 potus
2583 4373 2742 4445 173
2795 4374 2863 4428 ab
2911 4372 3171 4443 Apostolo
3216 4372 3418 4427 dicitur

1822 4466 2003 4538 (Rom.
2036 4483 2148 4533 xiv,
2181 4467 2290 4539 17),
2345 4466 2467 4537 jure
2505 4481 2731 4537 regnum
2762 4464 2962 4519 diaboli
2996 4464 3216 4519 tristitia
3250 4472 3305 4519 et
3337 4464 3420 4519 inv

142 4563 213 4618 ait
259 4565 333 4617 eis
374 4581 392 4619 :
435 4563 839 4637 Congregamim'
878 4577 935 4622 ut
983 4568 1289 4623 annuntians
1335 4586 1453 4638 qum
1500 4578 1716 4624 ventura
1745 4560 2081 4658 unietudo
2130 4569 2386 4624 vocatur;
2442 4558 2653 4629 peccati
2697 4557 2842 4612 enim
2895 4556 3069 4613 studia
3123 4558 3226 4613 hoc
3257 4573 3421 4615 omne

142 4667 258 4711 sunt
284 4656 422 4711 vobis
442 4658 621 4713 diebus
652 4661 966 4715 novissimis.
993 4660 1416 4731 Congregamini,
1438 4672 1486 4715 et
1515 4664 1713 4727 audite,

142 4744 236 4815 ﬁlii
259 4744 447 4812 Iacob,
473 4748 650 4802 audite
679 4747 850 4804 Israel
875 4758 1081 4819 patrem
1109 4758 1359 4804 vestrum.
1384 4749 1549 4804 Jacob
1578 4750 1719 4819 ﬁlios

143 4848 324 4905 vocat,
376 4855 500 4894 cum
551 4841 938 4912 cogitationum
999 4842 1393 4913 dispersionem
1453 4857 1552 4914 per
1603 4845 1719 4915 ejus

145 4945 292 5001 quem
331 4933 598 5001 praemisit
637 4948 798 4988 arcus
823 4934 1223 5005 providentiam
1265 4937 1405 4991 ratio
1441 4937 1720 5009 restringit

146 5031 196 5077 et
222 5022 417 5095 alligat.
457 5024 611 5081 Hunc
641 5036 822 5081 autem
852 5040 1041 5082 arcum
1088 5042 1246 5083 suum
1288 5029 1537 5098 superius
1564 5030 1714 5098 dicit,

146 5118 262 5189 quia
290 5118 408 5189 ejus
444 5120 545 5177 sibi
576 5136 756 5188 usum,
783 5130 840 5178 et
871 5122 1263 5179 exercitionem
1292 5123 1603 5194 specialiter
1633 5124 1718 5178 in-

149 5211 286 5266 dicit.
324 5213 408 5267 Ad
451 5214 703 5281 rationis,
753 5216 947 5287 inquit,
997 5216 1175 5272 sinum
1222 5216 1371 5272 visco
1408 5232 1507 5273 vos
1552 5217 1718 5272 divini

149 5310 311 5359 metus
337 5304 667 5360 unanimiter
695 5307 892 5378 cogite,
926 5314 987 5360 ut
1014 5305 1243 5377 singulis
1266 5306 1463 5361 mentis
1488 5306 1723 5363 motibus

150 5394 450 5451 denuntiem
495 5412 616 5467 quae
651 5389 866 5453 valeant
899 5398 1162 5465 fortuna,
1206 5398 1295 5454 vel
1341 5396 1636 5453 infortunia
1667 5399 1722 5453 in

149 5486 393 5542 extremis
418 5487 626 5543 dierum
645 5529 660 5555 ,
690 5490 743 5545 id
768 5498 853 5547 est
874 5491 1133 5547 virtutum
1160 5490 1504 5547 successibus
1531 5505 1724 5561 prove-

150 5578 273 5632 nire.
303 5578 728 5652 Congregamini,
761 5584 887 5655 quia
942 5585 998 5639 in
1043 5584 1269 5641 dissidio
1323 5593 1379 5641 et
1408 5584 1726 5655 evagatione

150 5685 400 5739 nusquam
421 5689 525 5759 vox
549 5676 729 5733 divina
755 5677 1079 5749 percipitur,
1105 5687 1162 5734 et
1180 5676 1370 5746 Iacob,
1400 5680 1454 5735 id
1485 5686 1569 5736 est
1596 5693 1724 5749 sup-

149 5762 461 5834 plantatoris
484 5767 743 5826 vitiorum
782 5771 1021 5842 primum
1074 5772 1299 5828 monitis
1334 5773 1589 5829 obaudite
1615 5772 1724 5844 spi-

153 5856 295 5924 ritus,
334 5868 393 5915 ut
428 5863 769 5933 postmodum
801 5864 1026 5921 victoris
1053 5864 1296 5935 ejusdem
1332 5863 1597 5936 placidam
1628 5883 1726 5936 pa-

1822 4651 2195 4721 consequitur.
2247 4648 2490 4704 Audiens
2520 4662 2673 4718 ergo,
2710 4648 2764 4704 id
2814 4656 2898 4705 est
2947 4648 3278 4722 intelligens,
3309 4650 3420 4706 imo

1822 4743 2142 4799 obedienter
2166 4742 2445 4812 excipiens
2471 4740 2783 4812 hujusmodi
2815 4742 3117 4811 tristitiam,
3140 4759 3248 4800 non
3275 4745 3420 4815 quod

1824 4837 1948 4893 inde
1998 4837 2269 4903 tristetur,
2314 4836 2410 4892 sed
2441 4836 2585 4907 quod
2621 4835 2726 4892 sibi
2763 4836 2902 4891 iram
2935 4837 2989 4892 in
3024 4838 3110 4895 die
3155 4839 3250 4895 irae
3288 4839 3419 4894 hinc

1826 4929 2198 4985 thesaurizare
2238 4937 2514 4997 noscatur,
2547 4928 2775 4985 aﬁ‘ectus
2808 4930 2925 5001 ipse
2954 4931 3293 5003 intelligitur,
3329 4932 3419 4987 cui
3452 4938 3457 4943 ‘

1823 5039 1946 5081 cum
1981 5023 2190 5079 fructus
2220 5023 2677 5094 concupiscentiae
2719 5039 2831 5079 suae
2876 5025 3112 5091 additur,
3145 5024 3283 5078 ﬁunt
3310 5024 3417 5079 duo

1821 5118 2075 5190 pessima:
2105 5117 2425 5188 capacitatis
2453 5132 2605 5184 vasa,
2643 5132 2765 5187 quae
2790 5117 2949 5172 bellis
2993 5126 3049 5171 et
3101 5114 3419 5172 tumultibus

1824 5212 2085 5267 adversus
2114 5199 2352 5265 animam
2387 5208 2749 5265 militantibus
2778 5208 3162 5278 adimplentur.

1896 5304 1953 5359 In
1979 5304 2173 5358 horum
2218 5302 2448 5360 consilio
2484 5317 2551 5358 ne
2592 5303 2775 5356 veniat
2825 5300 3008 5355 anima
3036 5316 3066 5355 a
3094 5300 3284 5371 spiritu
3309 5314 3409 5373 0p-

1825 5403 1995 5460 tatur,
2026 5409 2151 5452 cum
2183 5410 2212 5449 a
2244 5395 2525 5465 proposito
2557 5401 2774 5449 terrena
2800 5391 3084 5458 ambienti,
3114 5400 3172 5448 et
3208 5394 3413 5449 ambita

1824 5486 2113 5542 libidinose
2142 5495 2267 5557 post
2298 5486 2698 5542 assecutioncm
2726 5482 2952 5550 fruenti,
2997 5484 3228 5541 intentio
3273 5486 3415 5542 inte-

1826 5580 1989 5636 rioris
2028 5580 2266 5635 hominis
2318 5579 2385 5633 ab
2432 5580 2551 5647 ipso
2600 5585 2839 5632 arcetur.
2882 5576 3182 5635 Consilium
3233 5588 3415 5636 autem

1829 5686 2020 5728 eorum
2042 5679 2146 5736 est,
2170 5680 2227 5726 et
2253 5684 2474 5738 cupere,
2505 5679 2559 5726 et
2591 5669 2645 5724 in
2670 5670 2979 5741 concupitis
3006 5687 3132 5727 cum
3160 5671 3419 5730 aﬁ‘uerint

1826 5763 2096 5820 lascivire.
2130 5761 2284 5820 Unde
2314 5761 2413 5819 Job
2442 5777 2456 5816 :
2488 5761 2649 5830 Quia,
2685 5764 2879 5835 inquit,
2905 5780 3008 5819 non
3031 5764 3153 5819 sunt
3178 5766 3233 5820 in
3255 5782 3418 5821 manu

1826 5876 2007 5919 eorum
2052 5860 2187 5919 bona
2232 5876 2352 5928 sua,
2391 5859 2668 5917 consilium
2720 5876 2901 5917 eorum
2937 5859 3089 5931 longe
3140 5861 3208 5917 sit
3260 5879 3295 5915 a
3335 5877 3418 5919 me
