3978 6332
548 377 657 437 525

551 493 697 564 (Job.
725 505 838 555 xxr,
862 484 972 557 16).
1006 481 1073 537 Ει
1096 476 1355 535 Dominus
1387 491 1400 526 :
1458 466 1569 538 γω,
1617 471 1712 535 ait,
1744 468 2141 544 prwgnantibus
2167 469 2217 529 Α

552 560 602 639 et
642 575 1054 636 mammantibus
1079 568 1295 641 (Matth.
1323 580 1475 632 xxtv,
1499 565 1604 629 i9;
1657 562 1833 618 Marc.
1866 577 1986 628 xm,
2025 560 2138 632 17).

552 673 853 731 Consilium
880 668 1059 733 itaque
1099 662 1316 724 horum,
1348 656 1642 727 cupiditas,
1676 664 1731 711 et
1757 654 2002 725 voluptas
2026 655 2145 709 sive

549 764 803 834 superbia
824 767 906 815 est
935 774 949 822 ;
991 757 1046 809 in
1068 767 1298 824 quorum
1357 751 1613 815 coetibus,
1652 748 1874 821 (multas
1919 750 2064 804 enim
2087 756 2143 804 et

552 857 687 911 alias
734 854 852 907 istae
882 848 983 904 sibi
1006 855 1189 916 pestes
1210 844 1496 915 colligunt,
1546 842 1760 897 radices
1784 855 1979 912 nempe
2020 855 2141 896 om-

550 947 699 1001 nium
727 954 854 999 sunt
890 941 1155 996 malorum
1184 936 1238 1009 (Ι
1273 935 1409 990 Tim.
1444 950 1515 999 vt,
1552 934 1641 1006 10)
1691 949 1798 989 non
1848 931 1965 989 vult
2004 932 2147 987 ratio

545 1037 796 1109 gloriari,
830 1035 960 1106 quia
991 1034 1045 1088 in
1078 1031 1220 1087 male
1253 1023 1416 1084 factis
1458 1027 1635 1083 nescit
1662 1026 1836 1082 laetari
1867 1025 2051 1095 (Prov.
2078 1040 2140 1092 ιι,

548 1129 660 1198 14),
692 1142 793 1183 nec
821 1127 878 1182 in
902 1121 1325 1195 malignantibus
1364 1117 1607 1174 aemulari
1637 1115 1812 1187 (Psal.
1846 1132 2035 1181 xxxvr,
2065 1116 2141 1185 1).

546 1221 757 1277 Horum
791 1231 1029 1288 namque
1058 1215 1231 1278 furor,
1289 1214 1345 1269 id
1401 1221 1487 1267 est
1538 1212 1844 1266 vehemens
1886 1219 1941 1265 et
1987 1208 2145 1279 quasi

550 1314 882 1369 furibundus
914 1310 1211 1381 appetitus,
1240 1306 1332 1376 qui
1362 1306 1431 1359 ab
1453 1303 1717 1375 Apostolo
1773 1302 1956 1373 passio
2001 1300 2147 1355 desi-

551 1406 687 1461 derii
721 1404 773 1476 (I
809 1402 961 1457 Thes.
996 1417 1067 1464 tv,
1108 1398 1190 1469 5),
1231 1405 1286 1451 et
1327 1396 1484 1461 alibi,
1523 1394 1669 1449 ustio
1697 1393 2022 1463 appellatur,
2053 1406 2147 1446 oe-

550 1501 687 1556 cidit
714 1499 867 1554 illum
925 1510 1085 1566 quem
1128 1490 1473 1547 Samaritana
1504 1484 1939 1554 vocarejubetur
1968 1483 2148 1537 virum

553 1584 740 1656 (Joan.
769 1598 848 1649 1v,
882 1582 993 1652 16),
1043 1576 1310 1634 interimit
1334 1573 1545 1629 scilicet
1573 1579 1841 1626 rectorem
1868 1568 2145 1639 spiritum.

549 1676 608 1731 lu
634 1675 913 1732 voluntate
939 1683 1123 1728 tamen
1147 1680 1335 1726 eurum
1378 1665 1557 1737 primo
1599 1662 1890 1719 suﬂ‘oditur
1932 1676 2147 1728 murus,

552 1770 681 1841 quia
727 1785 825 1841 per
885 1766 1302 1825 delectationem
1335 1803 1350 1829 ,
1404 1776 1526 1832 quae
1573 1758 1907 1830 suggestioni
1955 1766 2149 1827 sponte

552 1864 724 1931 favet,
758 1865 974 1919 interna
996 1862 1170 1916 virtus
1199 1857 1467 1915 evertitur
1512 1863 1804 1924 antequam
1832 1853 1902 1906 ad
1935 1851 2145 1906 rabiem

551 1957 910 2029 perveniatur
932 1967 1212 2010 ascensus.

626 2049 793 2104 Vens.
835 2049 887 2101 7.
918 2074 989 2087 —-—
1028 2042 1346 2099 Maledictus
1375 2039 1528 2109 furor
1572 2052 1777 2101 eorum,
1808 2034 1935 2104 quia
1988 2032 2148 2103 perti-

553 2157 661 2195 nax
683 2156 702 2207 ;
725 2150 772 2194 et
792 2139 1089 2208 indignatio
1112 2151 1317 2202 eorum,
1340 2132 1468 2204 quia
1492 2131 1650 2186 dura.
1682 2128 1930 2183 Dividam
1970 2141 2059 2180 eos
2088 2127 2148 2179 in

550 2235 742 2301 Jacob,
793 2242 842 2287 et
889 2232 1187 2301 dispergam
1248 2226 1368 2281 illos
1414 2242 1471 2279 in
1515 2222 1706 2277 Israel.
1757 2220 1938 2276 Furor
1958 2234 2149 2275 eorum

552 2327 682 2399 quia
712 2326 966 2398 pertinax
988 2331 1072 2379 est
1096 2320 1463 2385 maledicitur,
1497 2316 1627 2388 quia
1663 2314 1923 2370 nimietas
1948 2327 2150 2367 concu-

550 2419 835 2491 piscentiae
864 2432 1028 2489 quam
1060 2427 1417 2485 perseverare
1469 2411 1525 2465 in
1557 2424 1729 2480 pravo
1756 2408 1971 2473 nititur,
2003 2421 2035 2460 a
2063 2405 2150 2460 di-

558 2512 673 2566 vini
703 2517 998 2582 provectus
1022 2522 1235 2563 summa
1265 2503 1544 2575 dejicitur.
1573 2500 1886 2557 Maledictio
1910 2511 2152 2568 namque

556 2606 614 2661 in
660 2619 819 2661 sacro
862 2602 1102 2673 eloquio,
1146 2615 1248 2671 pro
1294 2595 1649 2652 destitutione
1702 2602 1759 2649 et
1816 2592 2152 2648 detrimento

554 2698 794 2769 ponitur.
841 2694 1145 2766 Indignatio
1200 2692 1269 2746 ob
1315 2689 1573 2744 duritiam
1626 2684 1991 2751 maledicitur,
2026 2684 2153 2753 quia

557 2805 680 2846 cum
704 2790 758 2845 in
786 2789 903 2859 ipsa
928 2787 1210 2842 voluntate
1234 2781 1606 2839 delectationis
1634 2788 1869 2835 aestuant
1894 2777 2154 2832 adversus

559 2883 741 2940 divina
764 2889 1058 2954 praecepta,
1095 2878 1238 2949 quod
1276 2873 1642 2946 importabilia
1699 2871 1985 2928 videantur
2012 2870 2155 2924 indi-

557 2977 776 3049 gnando
808 2990 866 3032 se
894 2975 1143 3038 elevant;
1170 2978 1247 3037 et,
1279 2984 1403 3026 cum
1430 2983 1530 3039 per
1550 2968 1653 3023 hoc
1677 2966 1742 3021 ad
1765 2964 1898 3020 vitia
1928 2963 2154 3020 elferata

556 3080 739 3127 mente
786 3070 1052 3131 teruntur,
1102 3073 1279 3121 status
1324 3078 1513 3118 eorum
1561 3060 1798 3131 propriae
1841 3057 2153 3114 calamitate

558 3162 947 3220 obstinationis
965 3160 1232 3217 obruitur.
1256 3156 1325 3211 In
1347 3154 1514 3209 Jacob
1540 3163 1742 3218 tamen,
1764 3151 1819 3206 id
1842 3158 1925 3206 est
1948 3151 2000 3204 in
2030 3147 2151 3202 ani-
2185 3186 2227 3244 ρ

558 3257 668 3312 mis
720 3255 790 3312 ad
818 3252 1318 3325 supplantationem
1371 3246 1583 3319 peccati
1610 3243 1913 3309 vivacibus,
1962 3240 2154 3309 hujus-

558 3348 707 3405 modi
732 3357 920 3420 arguta
966 3345 1301 3403 discretione
1331 3340 1672 3405 dividuntur,
1719 3337 1815 3393 sed
1847 3337 1902 3391 in
1952 3335 2038 3390 his
2060 3333 2156 3403 qui

558 3451 686 3497 sunt
728 3441 915 3506 Israel,
965 3440 1018 3494 id
1048 3447 1132 3494 est
1169 3436 1263 3509 qui
1297 3450 1421 3491 cum
1448 3435 1561 3489 Deo
1608 3431 1843 3497 directi,.
1872 3444 1995 3484 cum
2044 3426 2156 3482 Deo

560 3534 728 3590 etiam
745 3533 850 3588 sibi
872 3532 1006 3603 ipsis
1034 3530 1436 3602 principantur,
1464 3524 1723 3581 cornibus
1763 3521 2014 3576 maximae
2055 3533 2157 3573 au-

560 3626 837 3681 ctoritatis
878 3623 1232 3680 ventilantur.
1278 3619 1445 3675 lsrael
1511 3629 1707 3686 nempe
1767 3614 1997 3668 directus
2037 3612 2154 3678 Dei,

560 3718 644 3774 vel
670 3720 909 3788 princeps
942 3732 1061 3769 cum
1088 3714 1197 3768 Deo
1238 3711 1453 3767 dicitur.

633 3810 798 3866 Vens.
831 3810 884 3865 8.
910 3837 980 3849 -—
1016 3806 1182 3871 Iuda,
1217 3815 1264 3859 te
1308 3801 1601 3857 laudabunt
1642 3800 1837 3869 fratres
1877 3798 2003 3863 tui;
2040 3810 2159 3850 ma-

564 3922 664 3961 nus
687 3914 779 3958 tua
804 3904 857 3956 in
890 3898 1175 3955 cervicibus
1212 3896 1548 3951 inimicorum
1583 3902 1818 3955 tuorum,
1855 3887 2158 3943 adorabunt

562 4005 610 4052 te
636 3996 736 4065 ﬁlii
781 3995 947 4066 patris
981 3993 1077 4047 tui.
1102 3990 1237 4046 Juda
1270 3988 1473 4043 dicitur
1522 3985 1776 4049 laudans,
1825 3981 1907 4035 vel
1957 3980 2158 4052 gloriﬁ-

562 4104 711 4155 cans,
743 4088 828 4144 vel
854 4087 1148 4156 conﬁtens;
1180 4084 1296 4154 ipse
1317 4090 1402 4137 est
1423 4088 1624 4135 sancta:
1662 4076 1941 4148 religionis
1958 4082 2155 4141 status,

564 4183 657 4253 qui
682 4181 783 4237 etsi
814 4186 921 4249 qua
972 4178 1112 4249 gerit
1139 4176 1320 4230 minus
1376 4181 1527 4242 apta,
1558 4171 1648 4242 pie
1674 4168 1987 4232 conﬁtetur,
2019 4166 2159 4219 vita-

562 4252 668 4344 que
692 4280 748 4327 ct
778 4270 1020 4326 moribus
1047 4269 1215 4324 Deum
1246 4266 1448 4328 laudat,
1477 4279 1579 4318 nec
1625 4252 1815 4317 solum'
1834 4261 1887 4314 in
1930 4274 2008 4323 se,
2061 4257 2156 4311 sed

562 4375 614 4420 et
654 4381 751 4436 per
808 4363 1041 4417 aliorum
1097 4358 1343 4429 exetnpla
1381 4356 1691 4428 glorilicat;
1737 4351 1891 4421 cujus
1929 4365 2057 4405 vera
2095 4349 2151 4403 in

562 4474 628 4513 eo
650 4456 951 4513 auctoritas
986 4452 1275 4524 probatur,
1301 4450 1446 4520 quod
1480 4448 1664 4503 invita:
1702 4444 1935 4500 rationis
1959 4450 2153 4512 poten-

564 4553 639 4605 tia
666 4551 1014 4622 praefatorum
1069 4546 1388 4609 aliectuum,
1446 4542 1826 4609 malorumque
1859 4536 2157 4593 cervicosi-
2188 4553 2234 4608 Ι)

564 4653 707 4700 tates
737 4643 1135 4714 deprimuntur.
1192 4639 1345 4693 Hunc
1391 4635 1590 4691 fratres
1640 4633 1723 4688 sui
1755 4633 2000 4695 laudant,
2027 4629 2153 4700 quia

566 4746 622 4793 ct
661 4744 943 4791 consortes
968 4735 1169 4805 quique
1200 4730 1488 4801 propositi,
1524 4737 1580 4784 et
1606 4728 1771 4783 etiam
1801 4726 1916 4795 ipse
1954 4739 2022 4778 ex
2064 4737 2156 4777 co-

566 4831 687 4887 dem
719 4837 874 4898 patre
906 4827 1125 4897 spiritu,
1158 4835 1215 4881 et
1252 4826 1396 4880 bona
1428 4822 1708 4877 voluntate
1753 4827 1927 4873 matre
1963 4817 2153 4886 geniti,

567 4922 795 4993 quilibet
828 4928 982 4976 actus
1033 4919 1202 4974 fortes
1250 4915 1601 4972 laudabiliter
1655 4911 1958 4967 celebrant.
2006 4908 2153 4963 Ado-

565 5024 712 5083 rant,
738 5030 860 5070 cum
890 5014 958 5068 ad
982 5014 1128 5067 hunc
1156 5009 1486 5065 l‘ulcicndum
1530 5020 1723 5061 omnes
1752 5002 1955 5058 mentis
1978 5010 2158 5057 motus

565 5126 686 5165 sese
719 5107 1028 5164 ltumiliant.

640 5205 800 5260 Vens.
828 5202 881 5257 9.
914 5232 984 5242 —
1014 5197 1236 5253 Catulus
1263 5195 1452 5263 leonis,
1478 5195 1643 5256 Juda,
1674 5195 1742 5247 ad
1782 5192 2038 5262 prazdam,
2079 5190 2161 5260 ﬁli

566 5298 660 5362 mi,
698 5294 1000 5358 ascendisti,
1028 5291 1351 5361 requiescens
1383 5286 1674 5341 accnbuisti
1710 5295 1762 5339 ut
1790 5284 1892 5348 leo,
1920 5294 1967 5337 et
2006 5284 2159 5355 quasi

567 5392 756 5457 lewna,
797 5390 917 5459 quis
965 5383 1240 5439 suscitabit
1290 5381 1462 5434 eum?
1507 5378 1729 5433 Catulus
1773 5377 1957 5443 leonis,
2003 5376 2161 5447 juxta

566 5484 843 5555 physicos,
890 5477 1169 5535 dormiens
1204 5475 1468 5539 nascitur,
1529 5473 1627 5529 sed
1676 5474 1762 5527 die
1816 5472 1976 5527 tertio
2027 5485 2161 5526 voce

567 5576 811 5646 parentis
836 5566 1185 5643 postmodum
1230 5566 1521 5620 excitatur.
1551 5567 1692 5621 Vere
1723 5579 1851 5634 ergo
1882 5563 2161 5635 religionis

569 5666 813 5729 cll‘ectus,
866 5661 1036 5717 ludas
1066 5656 1279 5712 scilicet
1308 5655 1360 5709 in
1392 5657 1687 5727 primitivis
1713 5658 1826 5711 suis
1850 5654 2157 5721 allectibus,

569 5758 725 5828 quasi
756 5755 1008 5827 torpidus
1040 5759 1093 5806 et
1124 5748 1531 5820 quodammodo
1561 5765 1657 5805 sua
1718 5749 1957 5805 novitate
1991 5748 2159 5805 hebes

566 5856 741 5910 uritur
762 5894 776 5921 ,
802 5853 894 5909 sed
919 5854 1044 5920 post
1072 5844 1382 5912 Trinitatis,
1429 5846 1574 5916 quod
1620 5846 1760 5902 Deus
1789 5856 1891 5911 est,
1924 5842 2155 5914 agnitio-

1338 361 1399 418 V.
1437 350 1763 416 GUlBERTI
1790 349 2082 409 ABBATIS
2105 350 2165 408 S.
2197 349 2440 410 MARUE
2479 352 2569 410 DE
2594 348 2993 411 NOVIGENTO

3712 362 3803 424 521

2245 480 2389 533 nem,
2415 482 2535 537 quae
2564 481 2669 522 non
2703 466 2807 522 nisi
2839 481 2995 522 amor
3017 466 3134 537 ejus
3159 472 3264 534 est,
3316 481 3438 538 qute
3484 468 3593 525 sola
3631 487 3805 546 cogno-

2244 557 2455 612 seibilis
2483 557 2588 612 sibi
2635 573 2741 612 vox
2784 564 2893 623 est,
2924 557 2991 611 ad
3026 557 3269 612 scientiae
3306 558 3609 614 claritatem
3636 578 3805 635 θηιρτ.

2244 647 2495 718 giseitur.
2526 649 2602 703 De
2638 650 2739 703 hac
2761 663 2897 703 voce
2927 647 3125 702 dicitur
3168 665 3180 700 :
3247 647 3431 703 Omnis
3474 653 3561 721 qui
3600 656 3737 710 audit
3776 677 3805 715 ιι

2246 736 2428 804 Patre,
2470 750 2519 793 et
2540 739 2725 793 didicit
2752 738 2936 810 (Joan.
2966 753 3045 803 vt,
3065 739 3179 809 45),
3209 748 3317 795 etc.
3351 740 3420 794 Et
3447 754 3462 793 :
3510 741 3611 808 Qui
3656 749 3805 820 audit,

2246 835 2424 888 dicat:
2454 833 2587 889 Veni
2608 832 2788 905 (Apoc.
2824 849 2962 899 χχιι,
2994 833 3105 902 17).
3157 834 3241 887 Ad
3283 833 3520 903 praedam
3567 841 3804 911 ascendit,

2246 925 2370 994 quia
2396 940 2426 979 a
2449 924 2895 995 concupiscentia
2921 924 3131 990 carnis,
3177 923 3587 994 oculorumque,
3619 937 3672 983 et
3705 933 3807 989 vitae

2247 1017 2503 1087 superbia
2536 1016 2721 1089 (Joan.
2764 1034 2823 1084 ιι,
2871 1017 2985 1089 16),
3029 1033 3150 1088 quae
3194 1017 3414 1073 Simeon
3455 1028 3511 1073 et
3549 1020 3673 1076 Levi
3710 1026 3807 1082 exi-

2247 1118 2403 1181 gunt,
2428 1126 2488 1167 se
2514 1111 2799 1182 subrigens
2824 1112 2892 1165 ad
2934 1111 3045 1166 vita
3095 1127 3264 1183 regno
3296 1111 3559 1168 caelorum
3601 1113 3809 1174 inferen-

2248 1206 2393 1272 dam,
2427 1216 2483 1263 et
2514 1207 2645 1261 illud
2669 1207 2940 1263 violenter
2986 1207 3325 1277 eripiendum
3361 1206 3575 1277 (Matth.
3605 1224 3677 1272 ιιι,
3712 1210 3805 1282 12),

2248 1302 2505 1372 gradibus
2534 1303 2757 1357 virtutis
2783 1301 3044 1371 erumpit.

2321 1433 2670 1507 Requiescens
2693 1444 2750 1488 ut
2781 1436 2861 1489 leo
2892 1434 3146 1500 accubat,
3174 1448 3299 1487 cum
3333 1432 3528 1502 sopitis
3553 1432 3809 1503 aliquoties

2254 1527 2673 1591 tentationibus,
2727 1527 2834 1583 etsi
2896 1541 3122 1583 securus
3178 1540 3300 1581 esse
3357 1526 3627 1590 videatur,
3658 1537 3809 1584 tamen

2249 1627 2439 1675 contra
2465 1620 2674 1676 subitas
2700 1618 3033 1690 irruptiones
3056 1630 3271 1688 semper
3320 1616 3596 1672 sollicitus
3632 1618 3809 1690 vigilat.

2249 1712 2360 1769 Leo
2402 1729 2639 1782 namque
2687 1712 2854 1768 etiam
2885 1726 3008 1767 cum
3068 1710 3289 1775 dormit,
3340 1719 3594 1780 patentes
3640 1711 3811 1770 habere

2177 1830 2225 1890 Β
2250 1806 2437 1890 oculos
2466 1805 2685 1860 dicitur.
2717 1802 2831 1875 Ego
2861 1803 3000 1857 enim
3028 1802 3254 1868 dormio,
3301 1809 3349 1855 et
3378 1817 3471 1855 cor
3515 1817 3681 1855 meum
3708 1806 3811 1874 vigi-

2249 1885 2601 1967 lat‘(Cant.v,
2632 1893 2711 1963 2).
2761 1892 2929 1960 Quasi
2959 1895 3126 1947 tewna
3180 1906 3395 1962 quoque
3422 1899 3528 1957 est,
3583 1893 3701 1962 quia
3724 1910 3810 1965 quo

2252 1989 2485 2060 amplius
2510 1988 2847 2043 incentivum
2876 1988 3099 2057 superni
3147 1988 3363 2042 ardoris
3392 1989 3560 2044 corde
3583 2002 3811 2060 concepe-

2251 2080 2347 2145 rit,
2398 2089 2454 2135 et
2501 2079 2579 2150 pii
2622 2078 2805 2149 operis
2853 2077 3057 2134 fetibus
3116 2079 3453 2145 incubuerit,
3504 2095 3569 2133 eo
3611 2081 3813 2135 atrocior

2252 2185 2441 2231 contra
2463 2173 2598 2230 vitia
2625 2189 2684 2230 se
2705 2175 2889 2246 erigit.
2921 2174 3131 2231 Leaenae
3179 2190 3311 2230 sane
3360 2184 3559 2231 natura
3602 2178 3813 2246 perbibe-

2257 2274 2369 2335 tur,
2400 2283 2525 2322 cum
2570 2265 2754 2322 fervet
2779 2282 2968 2323 amore
3015 2266 3204 2334 maris,
3237 2281 3332 2322 seu
3380 2267 3645 2337 partubus
3681 2268 3814 2324 instat

2253 2355 2483 2423 alendis,
2513 2366 2573 2411 ut
2604 2355 2803 2413 fortior
2835 2358 3002 2412 etiam
3026 2357 3183 2413 leone
3236 2358 3324 2413 sit.
3356 2354 3513 2413 Hunc
3538 2372 3667 2428 ergo
3694 2368 3813 2415 tanta

2255 2447 2547 2504 dilectione
2576 2448 2776 2504 fretum
2809 2447 3031 2515 Iudam,
3066 2450 3191 2520 quis
3221 2451 3407 2506 carnis
3452 2460 3637 2505 motus
3667 2451 3725 2504 ab
3752 2452 3814 2506 in-

2259 2548 2414 2595 terna
2440 2540 2821 2608 delectatione,
2846 2556 2954 2611 qua
3010 2541 3065 2596 in
3098 2540 3210 2596 Deo
3250 2541 3509 2611 quiescit,
3544 2541 3814 2596 exsuscita-

2255 2632 2379 2689 bit?
2428 2631 2615 2687 Multa:
2667 2632 2815 2688 enim
2865 2649 3017 2705 aqua:
3070 2649 3177 2687 non
3213 2644 3493 2703 potuerunt
3526 2634 3816 2704 exstinguere

2257 2726 2576 2781 rr‘zaritatem
2626 2724 2807 2791 (Cant,
2859 2742 2976 2792 vin,
3020 2726 3097 2798 7).
3142 2725 3446 2797 Lampades
3488 2741 3682 2797 nempe
3725 2725 3817 2799 eius

2259 2817 2398 2890 ignis
2418 2827 2580 2890 atque
2600 2817 2941 2874 ﬂammarum
2965 2830 3111 2875 sunt.

2335 2951 2497 3008 Vens.
2524 2953 2613 3020 10,
2636 2954 2725 3008 11.
2745 2981 2818 2995 --
2852 2951 2973 3009 Non
3000 2954 3273 3023 auferetur
3300 2965 3561 3025 sceptrum
3601 2956 3661 3009 de
3680 2953 3816 3019 Jada,

2260 3052 2307 3096 et
2333 3044 2444 3097 dua:
2490 3043 2555 3097 de
2599 3042 2887 3113 femoribus
2920 3046 3055 3113 ejus,
3086 3044 3251 3098 donec
3292 3046 3464 3099 veniat
3503 3046 3599 3115 qui
3647 3047 3819 3098 mitten-

2260 3134 2361 3187 dus
2380 3142 2479 3199 est,
2534 3143 2581 3187 et
2613 3134 2721 3204 ipse
2766 3134 2863 3189 erit
2910 3136 3228 3203 exspectatio
3256 3136 3511 3205 gentium.
3548 3134 3730 3206 Ligans
3765 3134 3816 3188 ad

2262 3225 2468 3279 vineam
2490 3223 2695 3294 pullum
2723 3240 2904 3290 suum,
2957 3234 3004 3279 et
3031 3226 3099 3278 ad
3131 3226 3306 3290 uitem,
3337 3242 3368 3279 ο
3395 3225 3475 3294 ﬁli
3504 3226 3603 3291 mi,
3646 3226 3819 3279 asinam

2261 3330 2436 3369 suam.
2462 3315 2740 3385 Sceptrum
2766 3316 2834 3371 de
2862 3314 2899 3369 J
2905 3316 3011 3370 uda
3044 3332 3148 3370 non
3184 3314 3453 3382 aufertur,
3478 3318 3611 3386 quia
3639 3317 3699 3371 de
3727 3316 3819 3385 ipso

2261 3417 2462 3465 nostra:
2502 3409 2692 3464 habitu
2730 3410 3068 3476 sanctitatis,
3102 3410 3345 3481 regimen
3372 3410 3728 3480 imperatoriae
3749 3422 3819 3462 ra-

2264 3505 2434 3560 tionis
2470 3519 2581 3560 non
2631 3506 3036 3560 contrariarum
3062 3506 3244 3561 ventis
3290 3504 3690 3570 fortitudinum,
3734 3518 3817 3558 non

2259 3596 2576 3654 ﬂuminibus
2616 3598 2901 3654 libidinum
2961 3597 3124 3670 174
3152 3598 3261 3653 ullo
3308 3600 3472 3655 modo
3525 3599 3818 3653 dimovetur.

2270 3691 2559 3756 Venerunt,
2606 3693 2800 3762 inquit,
2852 3694 3098 3763 ﬂumina,
3148 3693 3407 3762 ﬂaverant
3453 3694 3595 3746 venti
3631 3690 3815 3760 (Matth.

2260 3800 2357 3851 vn,
2380 3784 2493 3853 25).
2528 3783 2732 3839 Femur
2752 3782 2903 3839 Judee
2924 3773 3172 3840 veritatis
3195 3784 3385 3839 notitia
3402 3792 3511 3850 est,
3535 3799 3601 3839 ac
3621 3783 3663 3838 si
3681 3781 3821 3853 quod-

2261 3879 2385 3934 dam
2415 3877 2865 3947 conceptaculum
2908 3877 3138 3932 seminis
3173 3877 3227 3931 in
3257 3877 3442 3933 corde.
3499 3878 3615 3932 Dux
3641 3891 3755 3945 ergo
3772 3874 3821 3928 de

2261 3970 2471 4027 femore
2497 3970 2673 4037 Judte,
2703 3974 2819 4042 ipse
2848 3971 3075 4042 spiritus
3105 3980 3292 4026 noster
3323 3979 3427 4036 est,
3476 3985 3546 4026 ex
3610 3966 3822 4024 veritatis

2264 4065 2317 4119 in
2350 4066 2510 4119 bonis
2543 4065 2807 4134 operibus
2833 4072 3156 4134 procreatus
3211 4079 3275 4118 ac
3326 4064 3618 4118 roboratus
3658 4074 3824 4133 prepa-

2264 4156 2387 4226 gine
2420 4172 2435 4222 ;
2464 4171 2587 4225 quae
2632 4156 2922 4226 progenies
2962 4170 3030 4210 ex
3058 4154 3196 4211 Juda
3220 4154 3417 4216 editur,
3477 4155 3605 4225 quia
3634 4168 3696 4208 ex
3722 4166 3822 4206 san-

2262 4249 2468 4304 ctitatis
2492 4250 2674 4304 studio
2694 4260 2749 4304 et
2776 4265 2898 4315 usu,
2933 4263 3195 4304 arcanum
3223 4248 3505 4303 interioris
3526 4244 3819 4317 prudentia»,

2261 4344 2417 4412 quasi
2446 4342 2717 4412 prosapiae
2738 4356 2931 4413 genus,
2952 4342 3282 4396 extenditur.
3327 4339 3396 4393 Et
3450 4340 3552 4395 hoc
3583 4338 3643 4393 lit
3686 4338 3821 4390 donec

2262 4434 2431 4487 veniat
2457 4434 2548 4503 qui
2568 4432 2851 4487 mittendus
2878 4443 2979 4498 est,
3010 4432 3061 4486 id
3085 4442 3170 4487 est
3208 4433 3333 4485 dum
3363 4430 3603 4486 omlestis
3628 4428 3713 4485 ille
3741 4427 3810 4481 im-

2264 4527 2615 4583 mortalitatis
2638 4542 2703 4580 ae
2757 4527 3180 4596 incorruptionis
3217 4524 3438 4580 habitus
3466 4525 3708 4584 accedat,
3730 4521 3825 4591 qui,

2262 4631 2317 4678 ut
2375 4621 2733 4677 absorbeatur
2780 4620 2926 4690 quod
2967 4620 3197 4676 mortale
3249 4628 3331 4675 est
3371 4634 3402 4673 a
3456 4619 3570 4673 vita
3613 4616 3824 4690 gentium

2263 4713 2351 4784 (II
2388 4713 2509 4769 Cor.
2565 4728 2617 4779 v,
2658 4713 2737 4782 4),
2784 4712 2839 4767 id
2893 4720 2979 4766 est
3029 4721 3275 4768 motuum
3316 4707 3826 4774 internorum,v0tis

2260 4815 2609 4877 exspectatus
2638 4815 2741 4861 est.
2799 4806 2919 4876 Ipse
2978 4815 3160 4861 autem
3220 4807 3323 4859 dux
3381 4803 3515 4876 ligat
3543 4802 3611 4857 ad
3648 4803 3824 4856 vineam

2259 4900 2460 4971 pullum
2480 4915 2658 4963 suum,
2686 4898 2813 4953 dum
2846 4896 3100 4953 aliectnm
3126 4895 3398 4951 carnalem
3424 4895 3539 4965 jugi
3573 4908 3638 4948 ac
3664 4889 3826 4946 oneris

2259 4993 2431 5048 divini
2460 4992 2852 5063 impatientem,
2888 4992 2955 5046 ad
2996 4991 3291 5060 Scriptura:
3340 4988 3541 5043 divinae
3584 4993 3824 5057 praecepta

2262 5088 2496 5157 caStigat
2519 5097 2573 5142 et
2602 5086 2844 5151 cohibet,
2892 5100 3013 5154 quae
3039 5082 3406 5139 meracissimi
3453 5080 3606 5135 nobis
3634 5075 3822 5133 consilii

2262 5180 2515 5252 poculum
2554 5181 2779 5251 praebet.
2812 5178 2925 5233 Has
2952 5191 3234 5232 sacrorum
3266 5176 3710 5230 documentorum
3755 5170 3825 5229 vi-

2264 5291 2416 5343 neas,
2458 5276 2513 5331 in
2539 5274 2769 5330 Cantico
2826 5271 3029 5326 amoris
3080 5269 3423 5341 querimonia
3466 5278 3571 5333 est,
3598 5262 3825 5321 demoliri

2262 5371 2451 5441 vulpes
2495 5370 2751 5442 parvulas
2783 5365 2960 5439 (Cant.
2984 5380 3050 5430 ιι,
3080 5363 3192 5436 15).
3230 5362 3313 5417 Ad
3342 5364 3497 5418 vitem
3527 5362 3674 5417 asina
3722 5355 3828 5412 alli-

2264 5472 2442 5535 gatur,
2475 5477 2594 5517 cum
2650 5463 2717 5516 ad
2741 5459 3048 5521 Christum,
3104 5456 3193 5526 qui
3228 5455 3361 5511 dicit
3392 5473 3406 5510 :
3437 5454 3552 5526 Ego
3584 5468 3697 5508 sum
3724 5449 3827 5504 vitis

2263 5574 2383 5612 vera
2421 5555 2603 5627 (Joan.
2637 5570 2725 5618 xv,
2766 5555 2863 5625 l);
2904 5550 3159 5607 voluntas
3208 5558 3393 5604 nostra
3448 5563 3569 5618 qua
3612 5542 3828 5598 vicinior

2264 5660 2350 5706 est
2388 5648 2608 5711 rationi,
2658 5655 2714 5700 et
2746 5646 2848 5714 legi
2878 5646 2974 5699 Dei
3022 5644 3197 5716 magis
3228 5656 3489 5707 consona,
3534 5637 3685 5710 quasi
3714 5646 3826 5689 one-

2264 5743 2489 5798 rilerum
2518 5749 2573 5795 et
2601 5736 2886 5793 tractabile
2911 5737 3113 5791 animal
3140 5736 3480 5806 astringitur.
3512 5734 3700 5788 Filium
3730 5728 3830 5797 Spi-

2264 5839 2404 5893 ritus
2431 5834 2573 5904 quod
2600 5841 2703 5898 est,
2728 5830 2897 5887 Jacob
2919 5827 3113 5885 Judam
3143 5830 3195 5884 id
3231 5838 3337 5895 est,
3390 5838 3586 5884 statum
3627 5820 3829 5890 religio-
