3978 6332
187 368 277 427 525
1329 348 1695 409 MORALIUM
1714 345 1782 403 IN
1813 347 2110 408 GENESIN
2136 349 2265 405 LIB.
2293 349 2361 406 X.

187 486 259 541 nis
283 477 540 543 nominat,
592 473 716 546 quia
764 487 791 528 ει
839 486 897 526 se
944 470 1109 526 totius
1151 468 1373 540 pietatis
1416 463 1741 523 exercitium
1776 468 1816 522 Α
1848 463 2020 520 Sidon
2047 479 2244 534 nempe
2296 464 2499 520 venatio
2551 464 2757 521 inutilis
2790 465 3023 534 dicitur;
3079 466 3285 527 Punica
3304 486 3444 531 vero

186 575 381 648 prodire
402 588 508 625 non
532 569 760 624 dubitat.

246 667 394 721 Vsus.
420 663 505 718 12.
531 692 603 702 —
622 660 833 715 Lavabit
855 661 975 715 vino
999 656 1189 712 stolam
1211 672 1388 721 suam,
1410 664 1457 709 et
1485 653 1740 724 sanguine

182 777 278 818 Itle
303 758 514 829 pallium
535 770 711 810 suum.
739 752 1081 808 Pulchriores
1118 762 1241 807 sunt
1270 751 1408 806 oculi
1450 751 1564 821 ejus
1594 753 1736 816 vino,

182 855 406 911 etdentes
440 849 556 919 ejus
578 849 712 902 lacte
754 846 1111 900 candidiores.
1173 843 1379 900 Stolam
1411 860 1565 898 suam
1613 844 1733 897 uino

179 948 327 1009 lavat,
364 957 486 998 cum
516 940 795 1011 profectus
844 946 1032 995 noster
1064 936 1233 992 ludas
1257 950 1419 991 verus
1467 934 1739 1004 spirituali

179 1038 367 1094 fervore
391 1049 457 1088 ac
482 1032 691 1098 laetitia,
742 1030 978 1085 tunicam
1023 1028 1168 1082 illam
1215 1027 1268 1081 in
1326 1025 1597 1096 baptisma
1645 1038 1738 1079 su-

176 1139 413 1199 sceptam,
437 1140 603 1196 quam
626 1123 873 1194 perferre
899 1122 1123 1190 jubetur
1147 1122 1287 1175 ante
1311 1118 1548 1174 tribunal
1578 1116 1736 1174 Chri-

176 1223 253 1285 sti,
274 1219 507 1291 quotidie
534 1217 781 1272 mundat.
832 1214 1065 1269 Pallium
1111 1227 1275 1283 super
1304 1212 1542 1267 tunicam
1579 1210 1733 1266 indui

177 1314 313 1369 solet.
370 1310 425 1365 Si
487 1323 621 1380 ergo
663 1324 763 1379 per
816 1308 1008 1363 stolam
1058 1306 1332 1361 interioris
1373 1304 1630 1371 hominis,
1681 1305 1738 1360 iu

175 1415 409 1474 quantum
433 1400 692 1470 possibile
715 1406 817 1465 est,
852 1397 1177 1452 munditiam
1205 1414 1220 1463 ;
1253 1412 1349 1467 per
1378 1396 1599 1466 pallium
1646 1410 1736 1451 ac-

174 1500 334 1567 cipere
354 1507 647 1564 possumus
668 1493 959 1548 exterioris
979 1492 1162 1562 Operis
1192 1492 1579 1546 innocentiam.
1608 1492 1738 1557 Quae

173 1591 217 1643 in
239 1588 480 1657 sanguine
533 1603 648 1642 uvce
676 1586 909 1652 lavatur,
962 1571 1321 1655 quia'Christi
1354 1585 1622 1655 passionis
1652 1601 1739 1640 sa-

175 1687 444 1744 cramento,
468 1692 537 1733 ex
568 1693 679 1747 quo
709 1693 958 1749 supernae
990 1677 1146 1733 nobis
1187 1676 1466 1747 plenitudo
1512 1676 1739 1731 defluxit

176 1770 470 1836 dulcedinis,
501 1770 631 1823 dum
658 1769 789 1824 illud
823 1770 1055 1825 fideliter
1083 1769 1274 1835 sumit,
1305 1784 1335 1823 a
1383 1769 1594 1824 macula
1641 1771 1735 1823 bu«

178 1860 426 1915 inanitatis
456 1858 719 1914 abluitur.
759 1858 913 1916 Unde
969 1858 1205 1916 dicitur":
1266 1858 1335 1913 Et
1393 1861 1449 1914 in
1480 1862 1738 1928 sanguine

177 1952 287 2021 Agm'
308 1952 541 2005 laverunt
578 1952 743 2007 stolas
769 1968 895 2007 suas
927 1952 1111 2025 (Apoc.
1153 1969 1254 2020 vn,
1280 1954 1393 2023 14).
1424 1952 1560 2010 Cum
1590 1950 1736 2010 enim

177 2042 351 2098 Christi
396 2058 607 2112 corpus
653 2044 844 2098 devote
899 2045 1184 2111 sumimus,
1239 2060 1269 2099 a
1320 2045 1739 2102 necessitatibus

178 2150 277 2203 qum
315 2149 373 2190 se
412 2136 622 2192 nostris
661 2136 872 2192 actibus
912 2136 1185 2209 ingerunt,
1243 2140 1450 2211 expiari
1483 2154 1585 2195 nos
1614 2154 1736 2194 ore»

179 2224 345 2280 dinius.

242 2316 359 2373 Vino
384 2327 566 2375 autem
589 2320 744 2377 Juda:
769 2322 907 2377 oculi
939 2323 1264 2393 pulchriores
1293 2332 1444 2392 sunt,
1473 2324 1599 2394 quia
1630 2339 1735 2380 non

180 2425 233 2464 es
261 2410 546 2481 hypocrisi,
598 2421 656 2467 et
702 2415 1014 2482 arrogantia
1046 2416 1350 2487 sapientiae,
1398 2425 1454 2471 et
1497 2416 1740 2472 scientia:

182 2498 424 2556 claritates
447 2502 617 2557 animi
643 2504 817 2559 nostri
846 2503 1081 2573 gloriosa
1110 2506 1383 2563 confessio
1412 2508 1517 2563 sibi
1559 2509 1741 2564 inesse

176 2589 395 2659 jactitat;
422 2592 516 2646 sed
544 2606 616 2646 ex
643 2593 791 2659 vino,
828 2594 880 2648 id
907 2603 993 2649 est
1043 2596 1410 2652 sincerissima
1440 2598 1741 2668 spiritualis

181 2681 342 2749 gratiae
362 2683 608 2738 ubertate
638 2684 854 2755 plenius
901 2685 1005 2741 sibi
1037 2685 1160 2742 aliis
1209 2688 1487 2744 abundare
1516 2690 1742 2745 demon-

180 2780 312 2824 strat.
343 2771 434 2826 Est
462 2788 596 2844 ergo
621 2789 839 2830 sensus.
886 2774 1040 2841 Quod
1070 2777 1284 2832 caeteris
1335 2777 1741 2847 pulchritudine

176 2863 521 2929 prcemincnt,
554 2880 674 2919 non
702 2881 766 2920 ex
791 2865 1067 2937 figmento,
1097 2869 1189 2924 sed
1210 2884 1276 2924 ex
1304 2869 1432 2925 vino
1453 2870 1618 2925 divini
1648 2886 1731 2925 sa-

174 2954 297 3024 poris
324 2964 375 3009 et
400 2957 611 3014 caloris
655 2969 756 3014 est.
809 2960 1071 3016 Similiter
1111 2972 1167 3016 et
1196 2964 1394 3030 dentes,
1425 2979 1739 3021 sermonum

173 3045 391 3102 videlicet
410 3050 700 3118 potet-tite,
730 3059 785 3108 et
807 3053 1058 3121 virtutes,
1091 3054 1289 3124 quibus
1342 3054 1479 3111 alios
1508 3056 1595 3127 pie
1622 3073 1739 3112 nia-

1842 557 2051 628 lingua,
2076 558 2232 623 piscis
2256 557 2669 629 interpretatur.
2707 559 2788 614 Ad
2830 560 2999 630 piscis
3038 570 3219 617 autem
3250 564 3442 622 simili-

1844 649 2086 703 tudinem
2133 646 2376 718 attingit,
2424 649 2671 719 quisquis
2709 650 2852 706 inter
2898 652 3084 708 mundi
3126 651 3322 711 fluctus
3382 668 3439 712 et

1846 738 2417 810 tempeswtcsillzesus
2441 756 2470 793 a
2506 742 2737 797 crimine
2774 743 2945 807 vivit;
2981 745 3066 799 cui
3095 747 3325 802 tentatio
3347 763 3440 805 oc—

1842 830 1989 887 casio
2032 830 2158 885 vitae
2195 830 2275 893 fit,
2320 829 2463 885 sicut
2498 831 2635 902 pisci
2666 835 2806 888 unda
2838 836 3159 892 alimentum
3200 838 3437 895 exsistit.

1845 923 2068 979 Homini
2115 923 2261 979 cnim
2315 938 2478 993 super
2515 932 2740 991 terram,
2793 928 2845 981 id
2893 938 2975 984 est
3016 946 3178 1001 super
3221 943 3437 990 terrena

1841 1016 2160 1081 constituto,
2187 1014 2415 1070 tentatio
2446 1015 2732 1071 vitalitatis
2764 1032 2928 1073 causa
2956 1034 3077 1074 esse
3108 1022 3286 1078 debet.

1912 1109 2079 1165 Vnus.
2111 1108 2201 1176 14,
2236 1108 2322 1163 15.
2348 1138 2418 1148 —
2450 1106 2701 1163 lssachar
2740 1110 2920 1165 asinus
2950 1113 3101 1179 {ortis
3158 1119 3430 1172 accubans

1839 1203 1975 1256 inter
2003 1201 2272 1255 terminos.
2320 1198 2462 1254 Vidit
2492 1201 2716 1270 requiem
2747 1202 2887 1272 quod
2911 1215 3039 1256 esset
3063 1204 3218 1270 bona,
3241 1219 3288 1263 et
3319 1220 3426 1262 ter-

1843 1309 1956 1348 ram
1992 1292 2133 1364 quod
2172 1294 2367 1362 Optima
2394 1309 2415 1359 ,'
2446 1303 2493 1347 et
2538 1295 2809 1360 supposuit
2854 1297 3129 1350 humerum
3181 1315 3334 1355 suum
3364 1304 3435 1357 ad

1840 1390 2183 1454 portandum,
2210 1386 2382 1449 factus
2419 1397 2495 1442 est
2528 1388 2743 1442 tributis
2784 1378 3031 1443 serviens.
3075 1391 3327 1447 lssachar
3354 1396 3437 1449 in-

1844 1488 2173 1548 terpretatus
2201 1488 2283 1534 est
2313 1495 2528 1533 merces.
2555 1480 2619 1535 Et
2648 1481 2814 1536 tantis
2853 1481 3136 1538 laboribus
3168 1499 3306 1555 quos
3335 1486 3439 1539 Za-

1842 1572 2008 1627 bulon
2070 1571 2307 1642 patitur,
2364 1572 2553 1628 sedulo
2608 1584 2693 1629 eet.
2744 1574 3106 1631 intimandum
3160 1578 3288 1647 quia
3356 1589 3443 1645 cst

1843 1679 2074 1720 merces.
2101 1665 2325 1720 Taxatis
2350 1682 2589 1736 namque
2632 1678 2755 1723 octo
2782 1670 3095 1738 passionum
3143 1670 3438 1725 beatitudi-

1844 1757 2004 1812 nibus
2054 1757 2315 1813 Dominus
2360 1758 2607 1813 addidit:
2658 1758 2894 1813 Gaudete
2941 1761 3193 1829 quoniam
3242 1780 3437 1819 merces

1842 1859 2011 1903 vestra
2068 1849 2236 1902 multa
2284 1859 2361 1904 est
2414 1851 2468 1903 in
2525 1850 2651 1905 caelo
2683 1851 2903 1921 (Matth.
2936 1869 2986 1918 v,
3033 1854 3149 1925 12).
3177 1856 3256 1910 Ad
3296 1858 3441 1912 hanc

1842 1940 2022 1995 asinus
2049 1940 2327 2009 parandus
2351 1948 2437 1996 est
2472 1941 2648 2010 fortis,
2683 1943 2984 1999 tolerantiae
3043 1947 3252 2001 scilicet
3284 1947 3441 2017 vigor

1845 2033 2083 2088 humilis.
2122 2033 2265 2088 inter
2320 2034 2582 2090 terminos
2618 2037 2871 2102 accubat,
2919 2053 3041 2092 cum
3092 2048 3146 2093 et
3192 2040 3443 2096 inimicos

1841 2124 2067 2181 ferendo
2088 2140 2276 2180 amare
2291 2123 2539 2194 jubetur,
2590 2136 2646 2181 et
2692 2128 2902 2183 amicos
2932 2144 3036 2185 non
3083 2130 3185 2185 nisi
3217 2142 3443 2203 propter

1845 2218 2010 2273 Deum
2041 2232 2223 2273 amare
2245 2219 2575 2289 praecipitur,
2593 2219 2790 2289 quibus
2818 2223 3101 2292 praeceptis
3129 2238 3194 2278 ac
3217 2224 3264 2279 si
3296 2235 3442 2280 meta

1845 2312 2101 2381 utrinque
2135 2312 2556 2382 constringitur.
2598 2312 2769 2368 Porro
2796 2315 3047 2381 accubat,
3082 2316 3207 2371 dum
3258 2317 3310 2372 in
3356 2319 3441 2375 his

1844 2406 2039 2459 studiis
2096 2420 2201 2461 non
2253 2404 2602 2461 nutabundus
2648 2415 2819 2471 errat,
2859 2407 2954 2463 sed
2999 2410 3259 2464 continua
3293 2411 3441 2466 dele-

1844 2507 2023 2551 ctatus
2053 2511 2241 2552 eorum
2273 2496 2488 2551 actione
2544 2506 2757 2566 pausat.
2818 2497 2968 2553 Videt
3032 2502 3261 2569 requiem
3301 2502 3441 2572 quod

1844 2588 1916 2642 sit
1948 2591 2104 2654 bona,
2136 2600 2182 2642 et
2208 2600 2403 2651 terram
2443 2590 2583 2659 quod
2612 2591 2831 2659 Optima,
2862 2590 2987 2660 quia
3019 2592 3324 2663 spiritualia
3355 2604 3441 2649 at-

1846 2682 2017 2737 tendit
2056 2681 2215 2752 175
2244 2683 2469 2739 sabbata
2495 2683 2563 2738 ab
2590 2683 2737 2738 omni
2768 2684 2961 2740 illicito
3005 2700 3168 2754 quam
3216 2685 3268 2740 in
3301 2701 3443 2756 pra:-

1843 2772 1985 2829 senti
2025 2772 2133 2827 sint
2166 2773 2317 2827 utilia
2345 2781 2511 2843 atque
2538 2773 2733 2830 idonea
2770 2775 3009 2843 ;quibus
3034 2776 3185 2844 otiis,
3213 2792 3321 2847 qua
3368 2778 3442 2833 nil

1844 2873 1927 2919 est
1954 2864 2169 2929 melius,
2228 2865 2555 2934 acquiratur
2600 2866 2902 2922 viventium
2957 2877 3122 2923 terra.
3178 2867 3446 2939 Supponit

1843 2955 2028 3023 itaque
2047 2954 2323 3007 humerum
2362 2954 2431 3007 ad
2472 2955 2815 3024 portandum,
2845 2971 2969 3012 cum
3001 2958 3049 3011 ei
3101 2958 3256 3028 cujus
3304 2972 3444 3016 onus

1843 3047 1963 3102 leve
1989 3056 2094 3111 est,
2122 3047 2343 3102 humilis
2373 3047 2644 3117 impendit
2687 3050 3019 3106 oheditionis
3058 3052 3162 3106 sub
3199 3052 3302 3107 hac
3353 3053 3441 3108 in-

175 3139 339 3194 ctando
366 3140 471 3197 Deo
520 3142 911 3213 incorporant,
940 3146 1086 3215 quod
1123 3146 1416 3202 multorum
1464 3146 1736 3204 facundiis

1848 3138 2088 3193 tentione
2116 3138 2426 3194 servitium.
2464 3137 2619 3195 Unde
2651 3139 2849 3211 legitur
2873 3162 2890 3197 ε
2924 3140 3183 3208 Servient,
3234 3144 3434 3214 inquit,

175 3234 462 3302 propensius
488 3250 555 3291 en
578 3236 733 3303 itent,
760 3254 824 3292 ea:
846 3238 980 3293 lacte
1017 3246 1121 3305 est,
1152 3239 1205 3294 id
1237 3252 1340 3306 est,
1378 3257 1447 3296 ex
1477 3242 1738 3312 simplicis

174 3324 486 3379 conscientia:
531 3325 860 3396 plenissima
896 3329 1156 3395 puritate,
1209 3346 1317 3385 non
1366 3346 1436 3385 ex
1464 3331 1738 3388 declama-

176 3415 294 3469 toria
323 3420 681 3476 ventositate.
743 3421 807 3476 Hi
839 3423 984 3477 enim
1026 3424 1220 3479 dentes
1264 3424 1406 3479 sicut
1441 3440 1575 3495 grex
1619 3436 1739 3481 tou-

174 3516 331 3560 sarum
357 3510 734 3566 ascenderunt
766 3512 833 3567 de
859 3513 1099 3576 lavacro,
1126 3522 1186 3569 ut
1216 3513 1415 3586 legitur
1453 3517 1506 3571 in
1534 3518 1738 3574 amoris

174 3596 372 3656 Cantica
403 3601 587 3671 (Cant.
614 3619 692 3671 iv,
719 3604 797 3675 2).

239 3692 392 3749 Vsus.
432 3698 513 3752 13.
543 3728 622 3738 —
657 3696 901 3753 Zabulon
948 3700 1004 3754 in
1053 3699 1227 3755 littore
1271 3703 1432 3755 maris
1459 3701 1738 3769 habitabit,

176 3795 216 3839 et
248 3786 298 3840 in
323 3791 537 3845 statione
581 3793 803 3847 navium
831 3794 1125 3864 pertingens
1155 3810 1316 3865 usque
1364 3794 1433 3849 ad
1463 3794 1733 3850 Sidonem.

180 3876 391 3935 Zabulon
414 3883 619 3938 dicitur
661 3884 839 3951 ﬂuxus
871 3884 1057 3949 noctis,
1095 3884 1176 3938 vel
1192 3886 1577 3955 jusjurandum
1598 3885 1737 3955 ejus,

180 3968 247 4022 vel
268 3971 616 4027 habitaculum
642 3973 988 4043 fortitudinis.
1017 3973 1150 4030 Cum
1177 3976 1320 4029 enim
1348 3984 1559 4030 noctem
1581 3975 1740 4047 hujus

179 4066 578 4123 saiculieﬂluere
618 4083 717 4137 per
744 4082 959 4123 errores
1008 4069 1303 4133 cernimus,
1360 4068 1739 4139 jusjurandum

180 4156 301 4223 quod
323 4158 371 4212 in
403 4159 679 4231 baptismo
732 4176 902 4216 sacrae
932 4162 1306 4231 promissionis
1359 4162 1609 4229 fecimus,
1642 4178 1741 4219 nos

179 4251 361 4307 scilicet
382 4256 597 4326 pompis
643 4255 763 4325 ejus
806 4259 1232 4323 renuntiaturos,
1276 4257 1344 4312 ad
1371 4257 1739 4312 habitaculum

177 4349 368 4397 atteram
397 4344 759 4412 fortitudinis,
791 4348 1068 4403 civitatem
1111 4346 1361 4403 videlicet
1404 4358 1739 4415 manentem,

179 4434 547 4491 contendentes
597 4436 905 4506 implemus.
955 4437 1068 4493 Hac
1112 4439 1550 4495 consideratione
1581 4454 1740 4494 curas

1840 3230 1889 3285 ei
1909 3230 2128 3283 humero
2186 3246 2290 3284 uno
2323 3229 2513 3301 (Soph.
2541 3246 2625 3297 Ill,
2652 3230 2731 3303 9),
2764 3232 2817 3287 id
2849 3243 2933 3288 est
2988 3235 3262 3291 unanimis
3307 3237 3440 3292 obe-

1840 3323 2058 3379 dientiae
2086 3331 2232 3378 voto.
2259 3322 2346 3378 Fit
2373 3324 2547 3381 tribus
2575 3326 2844 3390 serviens,
2872 3326 2998 3381 dum
3025 3328 3152 3383 vitia
3216 3338 3271 3384 et
3309 3345 3444 3385 con-

1841 3414 2207 3487 cupiscentias
2243 3430 2363 3483 quae
2392 3415 2493 3470 sibi
2517 3416 2942 3472 dominabantur
2965 3418 3217 3486 abscidit,
3235 3437 3299 3477 ea
3323 3422 3437 3479 sola

1842 3520 1962 3574 quae
1994 3506 2242 3575 corporis
2269 3507 2585 3563 necessaria
2616 3508 2910 3564 redhibitio
2958 3512 3131 3582 exigit
3180 3514 3435 3573 humani-

1843 3598 1942 3652 tati
1968 3599 2217 3653 reddens.

1918 3692 2081 3748 Vsus.
2114 3692 2198 3759 16,
2224 3693 2312 3759 17,
2340 3692 2426 3748 18.
2447 3722 2521 3739 -—
2543 3693 2666 3748 Dan
2693 3693 2958 3762 iudicabit
2985 3698 3235 3767 pOpulum
3259 3718 3441 3770 suum,

1841 3787 1975 3841 sicut
2001 3794 2052 3839 et
2083 3783 2190 3839 alia
2231 3784 2397 3839 tribus
2440 3786 2496 3839 in
2525 3784 2741 3841 Istrael.
2790 3785 2918 3842 Fiat
2953 3788 3074 3844 Dan
3108 3773 3320 3847 colub‘er
3383 3796 3440 3849 in

1842 3879 1949 3942 via,
1982 3885 2205 3931 cerastes
2236 3877 2293 3931 in
2330 3877 2540 3943 semita,
2568 3877 2814 3932 mordens
2837 3879 3062 3949 ungulas
3086 3882 3226 3952 equi,
3260 3892 3316 3935 ut
3343 3899 3438 3936 ca-

1844 3969 1933 4022 dat
1986 3985 2233 4023 ascensor
2260 3971 2377 4039 ejus
2440 3980 2603 4024 retro.
2658 3968 2905 4026 Sulutare
2928 3982 3075 4026 tuum
3112 3976 3440 4042 exspectabo,

1843 4060 2086 4115 Domine.
2142 4061 2253 4115 Dan
2310 4062 2704 4131 interpretatur
2745 4062 3048 4131 judicium,
3110 4066 3441 4136 hypocrisim

1844 4153 2181 4222 significans,
2237 4168 2345 4223 qua
2389 4152 2589 4223 justius
2650 4152 2857 4208 nullum
2887 4155 3188 4225 judicatur,
3248 4157 3302 4213 id
3357 4168 3442 4215 est

1846 4246 2135 4300 damnatur
2158 4246 2381 4311 vitium;
2412 4261 2532 4316 quae
2567 4254 2623 4302 et
2667 4254 2857 4302 sancta
2883 4248 3015 4319 agit,
3054 4258 3108 4303 et
3136 4251 3443 4306 sanctitatis

1846 4342 2109 4398 honorem
2166 4342 2276 4397 Deo
2324 4350 2637 4411 contempto
2689 4343 2953 4412 sacrilege
3008 4344 3109 4399 sibi
3169 4346 3440 4403 attribuit.

1846 4434 2111 4506 Populum
2138 4445 2317 4490 autem
2345 4452 2524 4501 suum,
2549 4436 2684 4490 sicut
2710 4445 2759 4490 et
2791 4437 2896 4489 alia
2953 4437 3118 4491 tribus
3164 4440 3219 4491 in
3265 4438 3440 4493 Israel

175 4523 359 4593 mundi,
416 4528 762 4597 naufragium
794 4527 1004 4584 scilicet
1060 4529 1227 4584 maris
1272 4529 1484 4584 evitans
1522 4530 1737 4584 animus
1767 4525 2066 4619 Djudicat,
2104 4528 2229 4598 quia
2266 4527 2534 4584 forinseca
2566 4529 2813 4599 quaedam
2852 4543 2949 4584 sua
2999 4530 3138 4584 mala
3198 4532 3338 4587 sicut
3384 4543 3441 4589 et

176 4621 361 4679 noster,
395 4614 550 4671 littus
576 4617 803 4673 interna:
847 4617 1134 4673 soliditatis
1163 4618 1332 4687 eligit,
1381 4629 1437 4674 et
1472 4620 1612 4674 inter
1641 4635 1739 4673 na-

176 4714 274 4767 ves,
304 4719 409 4759 non
438 4706 561 4760 illas
590 4722 712 4778 qua:
763 4707 1232 4764 circumferuntur
1259 4710 1407 4764 omni
1451 4719 1614 4765 vento
1646 4711 1740 4766 do-

175 4796 341 4852 ctrinae
370 4798 594 4870 (Ep/res.
621 4817 693 4866 tv,
727 4800 817 4874 14)
849 4842 865 4867 ,
925 4803 1019 4858 sed
1058 4802 1197 4870 illas,
1228 4817 1325 4873 per
1351 4817 1487 4873 quas
1515 4804 1740 4858 descen-

176 4886 307 4942 ditur
351 4906 507 4948 mare
538 4902 598 4948 ut
622 4894 717 4949 fiat
761 4898 1010 4967 operatio
1055 4896 1108 4951 in
1158 4896 1314 4967 aquis
1358 4896 1539 4952 multis
1566 4896 1740 4968 (Psal.

176 4994 269 5050 cvi,
299 4982 389 5056 25)
415 5003 431 5053 ;
466 4996 525 5045 et
553 5004 671 5058 quae
701 4998 1087 5060 pertranseunt
1110 4991 1367 5046 animalia
1387 4992 1583 5061 pusilla
1620 5007 1742 5048 cum

172 5079 390 5148 magnis.

237 5168 370 5226 Sunt
414 5187 657 5244 namque
695 5189 862 5229 naves
898 5174 1092 5230 animae
1143 5176 1364 5231 omnino
1396 5170 1613 5243 ﬁdeles,
1643 5178 1744 5233 hu-

175 5261 450 5320 militatem
484 5281 582 5321 sua
607 5268 942 5323 concavitate
966 5268 1264 5339 signantes,
1293 5278 1347 5324 et
1374 5285 1470 5338 per
1492 5271 1594 5325 hoc
1625 5286 1746 5328 sese

174 5352 402 5426 aliosque
425 5359 723 5415 salvantes.
755 5360 811 5415 In
836 5361 1073 5417 statione
1093 5377 1223 5431 ergo
1254 5363 1473 5416 navium
1513 5364 1743 5432 habitat,

174 5460 284 5501 cum
312 5449 454 5506 inter
482 5454 727 5523 exempla
782 5468 969 5509 eorum
1012 5456 1104 5525 qui
1157 5456 1209 5509 in
1270 5455 1507 5510 miseriis
1560 5458 1745 5532 saeculi

175 5537 323 5609 hujus
354 5545 716 5600 tentationum
739 5546 1058 5612 subsistunt,
1093 5546 1492 5617 perseverando
1522 5535 1746 5604 convcr-

174 5634 489 5703 saricurat.‘
515 5637 700 5708 Usque
719 5640 785 5695 ad
824 5639 1079 5695 Sidonem
1107 5640 1388 5711 pertingit,
1428 5656 1551 5694 cum
1575 5655 1745 5709 usque

180 5726 241 5781 ad
259 5729 753 5785 considerationem
776 5741 1013 5802 quastus
1046 5732 1274 5797 inutilis,
1318 5734 1444 5801 quid
1494 5732 1664 5788 solum
1693 5732 1745 5787 in

262 5822 328 5877 do
360 5832 417 5880 et
437 5825 701 5896 quaeritur
725 5834 779 5882 et
808 5827 1005 5897 agitur,
1045 5842 1199 5883 mens
1220 5828 1444 5896 provida
1478 5827 1745 5897 pervenit.

1843 4620 2109 4687 clecti,ad
2140 4635 2370 4689 quorum
2418 4628 2622 4674 sortem
2677 4635 2783 4674 non
2834 4620 3094 4690 pertinet,
3148 4622 3438 4678 visibiliter

1844 4713 2105 4769 discernit
2130 4723 2184 4767 et
2220 4722 2511 4782 temperat.
2539 4711 2661 4766 Fiat
2686 4712 2806 4767 Dan
2830 4713 3040 4768 coluber
3066 4714 3120 4768 in
3142 4717 3248 4772 via.
3284 4716 3440 4785 Quod

1844 4814 1929 4860 est
1977 4805 2159 4860 dicere
2187 4819 2200 4857 :
2235 4804 2375 4859 Velit
2406 4807 2569 4872 Deus,
2600 4814 2681 4870 ut,
2709 4806 2811 4859 etsi
2860 4805 3162 4878 hypocrisis
3206 4807 3437 4864 colorari

1845 4900 2147 4954 videtin-ex
2174 4898 2436 4954 varietate
2476 4916 2595 4964 sua,
2620 4910 2879 4969 appareat
2928 4908 3106 4955 tamen
3154 4917 3315 4971 quam
3366 4902 3439 4957 sit

1849 4992 2187 5048 mortiferum
2212 4991 2413 5045 malum
2438 4993 2612 5047 instar
2640 4992 2848 5047 colubri
2895 4993 2948 5047 in
2982 5008 3091 5047 sua:
3130 4992 3437 5050 affectionis

1845 5089 1951 5143 via.
1983 5088 2285 5145 Notandum
2335 5098 2515 5145 autem
2552 5091 2696 5159 quod
2745 5090 2967 5145 coluber
3016 5090 3191 5144 minus
3240 5098 3438 5146 noceat

1848 5196 2007 5249 quam
2044 5192 2307 5246 cerastes,
2339 5192 2395 5236 et
2418 5183 2504 5235 via
2546 5182 2708 5236 latior
2736 5190 2789 5237 et
2818 5181 2989 5252 magis
3020 5182 3146 5235 trita
3171 5182 3241 5237 sit
3268 5197 3435 5252 quam

1848 5275 2063 5327 semita.
2091 5272 2315 5328 Calaber
2340 5274 2395 5328 in
2418 5274 2502 5328 via
2529 5282 2614 5329 cst
2641 5272 2944 5343 hypocrisis
2970 5271 3191 5336 malum,
3212 5274 3305 5329 sed
3326 5289 3436 5330 non

1850 5368 1924 5422 ita
1976 5368 2338 5437 perniciosum
2365 5367 2416 5421 in
2457 5364 2742 5421 affectione
2794 5378 2980 5434 prava.
3037 5363 3236 5422 Laudis
3286 5367 3434 5423 enim

1850 5476 2004 5515 amor
2032 5460 2351 5514 naturaliter
2395 5458 2636 5529 subrepit
2680 5470 2820 5527 pene
2856 5458 3128 5513 omnibus.
3173 5458 3298 5514 Haec
3349 5460 3439 5513 via

1849 5567 1980 5622 ergo
2006 5551 2272 5620 generalis
2302 5558 2404 5605 est.
2433 5551 2488 5604 ld
2516 5557 2787 5619 praecavet
2814 5549 2905 5619 qui
2934 5549 3098 5606 dicit:
3121 5549 3266 5606 Dixit
3288 5563 3308 5604 :
3330 5549 3436 5605 Cu-

1850 5642 2076 5696 stodiam
2095 5642 2206 5695 vias
2242 5658 2384 5695 meas
2410 5639 2581 5711 (Psal.
2617 5657 2846 5706 xxxvrtt,
2873 5642 2962 5713 ἓ).

1922 5736 2160 5790 (ῖεναειεξ
2182 5744 2382 5804 autem,
2408 5737 2499 5807 qui
2546 5736 2744 5793 dicitur
2771 5748 3054 5801 cornutus,
3086 5736 3429 5794 mortiferum

1852 5831 2077 5887 omnino
2104 5830 2323 5897 animal,
2381 5830 2645 5901 superbiai
2695 5830 2892 5887 fastum
2947 5844 3117 5887 cornu
3177 5828 3427 5885 elationis

3332 353 3441 410 326
3512 358 3533 375 ‘
