3982 6360
476 338 491 353 ’
547 358 651 415 527

547 568 833 624 insolentis
864 562 1205 637 cogitationis
1261 560 1488 625 indicat,
1540 558 1629 615 ubi
1674 571 1734 625 se
1775 569 1939 626 super
1998 552 2133 610 alios

546 663 765 720 cunctis
792 658 1117 731 indignando
1140 656 1337 722 elevat,
1358 655 1449 725 qui
1478 666 1617 725 pene
1635 654 1746 707 Deo
1777 651 1877 721 ipsi
1902 664 1961 705 se
1990 664 2135 706 com-

546 763 723 825 parat.
746 751 954 807 Mordet
977 764 1109 805 vero
1135 746 1362 819 ungulas
1385 747 1528 817 equi,
1563 759 1686 799 cum
1718 742 2022 812 corrumpit
2051 741 2136 796 ni-

546 848 741 904 mietas
764 843 1089 915 arrogantia
1115 843 1168 896 in
1204 841 1387 895 animo
1429 840 1604 909 ipsam
1642 836 1731 903 sui
1752 835 2134 891 discretionem

549 939 677 1012 typi,
711 947 769 993 ut
791 952 899 992 non
923 952 981 992 se
1007 934 1314 1005 superbire,
1347 931 1442 987 sed
1466 929 1727 1002 quidquid
1752 929 1818 985 de
1838 944 1897 984 se
1932 927 2133 998 glorio-

543 1047 660 1088 sum
691 1031 916 1101 cogitat,
941 1029 1047 1085 sibi
1073 1027 1310 1083 astimet
1338 1024 1497 1096 digne
1525 1030 1855 1093 competere.
1898 1020 2137 1093 Ungulas

540 1140 640 1197 pro
666 1124 1000 1180 discretione
1052 1135 1256 1191 ponere
1284 1120 1457 1181 novit,
1491 1116 1583 1187 qui
1613 1116 1717 1171 scit
1760 1115 1988 1170 vitulum
2038 1128 2134 1169 no-

537 1215 741 1271 vellum
773 1227 976 1268 cornua
1002 1218 1058 1266 et
1081 1210 1308 1282 ungulas
1339 1203 2131 1279 producere(Psal.,t.xnt,32).

542 1306 757 1375 Equum
810 1312 994 1358 autem
1042 1318 1147 1376 pro
1178 1302 1429 1373 superbia
1462 1302 1638 1357 solere
1667 1300 1817 1371 poni,
1851 1298 2011 1355 testis
2050 1307 2138 1353 est

542 1394 811 1466 psalmus,
843 1393 934 1462 qui
964 1407 1281 1449 ascensores
1310 1406 1574 1462 equorum
1605 1391 1930 1446 dormitasse
1958 1389 2139 1460 perhi-

546 1485 639 1541 bet
668 1485 734 1540 ab
772 1484 1141 1556 increpatione
1194 1484 1289 1540 Dei
1329 1484 1348 1556 (
1377 1483 1524 1538 Psal.
1554 1500 1716 1548 Lxxv,
1743 1483 1818 1554 7).
1878 1480 1947 1537 Ut
1979 1482 2133 1536 cadat

546 1594 791 1633 ascensor
812 1578 926 1648 ejus
957 1578 1191 1649 retro,[id
1214 1587 1309 1643 est,
1336 1586 1396 1631 ut
1420 1577 1547 1631 dum
1570 1576 1636 1631 de
1663 1575 1849 1646 gloria
1875 1575 2136 1630 inanitate

545 1670 813 1739 superbit,
846 1679 1147 1735 evertatur,
1175 1679 1229 1724 et
1259 1670 1476 1725 decidat
1517 1670 1573 1723 in
1600 1668 1693 1723 illo
1748 1666 1892 1721 unde
1936 1666 2137 1721 avertit

542 1762 766 1819 obtutus
804 1762 988 1818 futuro
1011 1762 1230 1817 saeculo.
1254 1761 1532 1817 Percussit
1553 1761 1697 1816 enim
1737 1759 1998 1814 Dominus
2036 1758 2139 1812 ini—

544 1853 719 1909 micos
740 1868 891 1919 suos,
921 1853 1012 1907 ubi
1046 1853 1230 1908 minus
1257 1852 1545 1907 attendunt
1590 1852 1645 1905 in
1693 1850 1970 1920 sequentis
2014 1849 2138 1905 vita

543 1946 870 2015 posteriora.
898 1945 1133 2016 bpiritus
1163 1952 1343 1999 autem
1373 1953 1560 1999 noster
1590 1945 1692 1998 ista
1721 1942 1947 2012 provide
1973 1941 2141 2011 dispi-

546 2037 721 2104 ciens,
762 2048 920 2107 atque
940 2037 1270 2108 deSpiciens,
1303 2036 1538 2091 salutare
1579 2036 1675 2091 Dei
1708 2049 1767 2090 se
1815 2044 2139 2104 exspectare

544 2128 659 2185 Deo
686 2129 788 2199 ipsi
817 2128 1121 2199 pollicetur,
1154 2129 1282 2199 quia
1313 2144 1420 2198 quo
1450 2128 1622 2199 magis
1671 2126 1869 2197 impius
1893 2136 1949 2181 et
2003 2142 2135 2197 apo-

541 2226 684 2275 Stata
717 2217 982 2289 superbit,
1014 2233 1219 2288 pauper
1246 2226 1399 2273 tanto
1427 2234 1599 2289 magis
1621 2217 1932 2273 incenditur
1959 2216 2134 2286 (Psal.

540 2326 596 2378 ι,
622 2311 740 2382 23),
771 2310 840 2366 ad
877 2312 1015 2367 bene
1037 2312 1307 2382 agendum
1333 2311 1544 2366 scilicet
1569 2310 1854 2381 purgatior
1882 2308 2137 2365 vividior-

539 2417 648 2472 que
666 2402 914 2458 redditur
938 2418 953 2469 ;
980 2410 1036 2457 et
1074 2418 1197 2457 cum
1228 2402 1523 2458 saeculares
1548 2402 1636 2457 ille
1666 2401 1867 2470 glorias
1907 2410 2138 2471 prasto-

543 2492 710 2558 latur,
743 2492 845 2547 iste
872 2494 938 2546 de
989 2491 1264 2558 salutaris,
1296 2491 1349 2546 id
1380 2500 1465 2545 est
1495 2490 1700 2545 Christi
1730 2492 2139 2560 exspectatione

544 2584 781 2637 latatur.
809 2580 963 2637 Unde
990 2580 1186 2648 David,
1217 2580 1310 2650 qui
1337 2582 1402 2636 de
1427 2595 1492 2634 eo
1529 2579 1621 2649 qui
1646 2579 1927 2650 pravaluit
1956 2579 2011 2633 in
2037 2594 2136 2634 va-

544 2674 717 2729 nitate
744 2688 841 2729 sua
866 2674 1211 2743 loqueretur,
1268 2671 1509 2727 subdidit
1554 2670 1621 2726 de
1679 2685 1759 2737 se,
1786 2670 1869 2724 vel
1894 2668 2135 2737 Christo,

545 2763 772 2835 ejusque
813 2764 1123 2821 similibus:
1160 2762 1272 2835 Ego
1304 2773 1498 2830 autem,
1525 2764 1658 2818 sicut
1702 2762 1838 2817 oliva
1862 2762 2137 2833 fructi/era

547 2853 723 2925 (Psal.
764 2870 837 2919 ιι,
865 2854 922 2920 9,
951 2853 1063 2926 10),
1090 2862 1199 2908 etc.
1636 2904 1637 2907 η

618 2948 783 3004 Vnus.
820 2948 909 3003 19.
937 2976 1013 2989 -
1032 2945 1150 3002 Gad
1180 2947 1448 3001 accinctus
1472 2945 1803 3017 prtcliabitur
1842 2957 1962 3001 autc
1991 2964 2133 3016 eum,

546 3047 594 3093 et
624 3038 736 3107 ipse
761 3038 1065 3108 accingetur
1111 3046 1423 3091 retrorsum.
1454 3035 1572 3093 Gad
1606 3035 1938 3092 latrunculus
1966 3037 2136 3094 inter-

546 3138 819 3200 pretatur,
850 3145 949 3201 per
982 3144 1143 3200 quem
1189 3128 1514 3200 intelligitur
1562 3127 1799 3184 carnalis
1854 3129 2129 3187 stimulus.

546 3223 649 3291 Qui
676 3224 955 3280 accinctus
983 3233 1109 3279 ante
1144 3223 1261 3279 Dan
1292 3222 1594 3293 praliatur,
1628 3222 1755 3288 quia
1796 3222 2042 3280 collectis
2078 3234 2136 3281 et

544 3314 810 3384 appositis
833 3314 937 3369 sibi
978 3328 1046 3369 ex
1074 3314 1223 3369 inani
1252 3323 1467 3369 tumore
1493 3312 1721 3379 viribus,
1746 3312 1972 3370 luxuria
2000 3316 2139 3373 solet

545 3406 869 3478 despumare
892 3406 1178 3463 fetoribus.
1204 3408 1360 3477 Sape
1386 3407 1554 3475 enim,
1597 3417 1652 3463 et
1676 3408 1830 3477 quasi
1864 3410 2134 3466 naturali-

548 3507 652 3563 ter,
685 3499 985 3568 majestatis
1014 3499 1158 3555 illius
1190 3500 1491 3556 ventositas
1520 3498 1702 3555 rellari
1744 3503 2028 3559 consuevit
2080 3503 2135 3557 in

545 3591 745 3657 labem,
774 3599 829 3646 et
858 3592 1005 3662 justo
1061 3592 1159 3645 Dei
1190 3592 1397 3661 judicio
1458 3578 1762 3663 imprbvide
1802 3594 2139 3652 latrunculos

547 3684 652 3739 sibi
681 3684 781 3739 iste
808 3684 1067 3750 occurrit,
1092 3692 1154 3737 ut
1181 3684 1274 3753 qui
1296 3684 1464 3739 Deum
1489 3687 1849 3757 hominesque
1890 3703 1995 3743 non
2048 3706 2139 3746 re-

544 3783 720 3845 putat,
753 3775 805 3828 in
836 3789 935 3829 suo
960 3783 1183 3845 repente
1222 3774 1525 3831 fadissimo
1555 3791 1686 3833 casu
1736 3778 1917 3834 videat
1972 3796 2134 3851 quam

548 3862 725 3918 nullus
752 3863 971 3918 existat.
1005 3864 1140 3918 Ante
1176 3873 1359 3919 autem
1407 3866 1644 3936 praliari
1675 3867 1894 3938 dicitur,
1926 3874 2056 3943 quia
2085 3875 2137 3930 ei

549 3957 643 4027 qui
674 3955 903 4011 interius
934 3955 1073 4011 ultra
1109 3971 1326 4012 omnem
1357 3960 1576 4014 modum
1618 3960 1885 4030 gloriatur
1934 3974 2139 4037 aperta

549 4049 969 4120 impugnationis
991 4050 1178 4107 turbas
1211 4051 1495 4109 insolentia
1532 4055 1726 4111 subita
1748 4056 1992 4115 libidinis
2023 4077 2139 4117 mo-

549 4154 679 4195 vere
715 4140 1068 4209 permittitur.
1098 4140 1193 4197 llis
1242 4143 1385 4198 enim
1422 4145 1516 4216 qui
1567 4146 1871 4204 voluntarie
1909 4160 2141 4220 peccant

548 4228 930 4284 oﬁendiculum
947 4232 1285 4302 pr0pouitur.
1316 4232 1626 4291 Retrorsum
1655 4247 1835 4293 tamen
1865 4240 2018 4310 prius
2049 4257 2139 4298 ac-

548 4322 806 4394 cingitur,
836 4324 963 4379 dum
985 4323 1039 4380 in
1071 4326 1253 4382 animo
1283 4343 1403 4395 suo,
1441 4329 1529 4383 cui
1583 4330 1867 4402 hypocrita
1916 4334 2140 4392 dorsum

549 4415 729 4483 vertit,
762 4416 948 4473 multis
995 4418 1146 4488 prius
1174 4420 1567 4492 cogitationum
1600 4423 1976 4483 molimiuibus
2007 4443 2138 4484 con-

1398 349 1462 405 ν.
1494 343 1819 405 GUIBERTI
1845 339 2137 401 ABBATIS
2177 340 2233 397 S.
2282 336 2522 396 ΜΛΒΙᾹΞ
2561 338 2651 395 DE
2675 337 3071 398 NOVIGENTO

548 477 854 550 significat;
880 473 969 541 cui
1000 471 1194 530 semita
1224 468 1482 535 concinit,
1529 482 1653 537 qua
1701 462 2136 533 singularitatem
2166 460 2209 518 Α
2239 457 2367 526 dici,
2389 466 2446 513 et
2471 456 2827 531 Apocalypsis
2853 467 3107 526 testatur,
3141 466 3197 513 et
3217 457 3438 525 Psalmi,
3480 474 3769 531 quorum
3806 462 3913 545 de:

2236 551 2378 608 licia
2414 566 2522 609 non
2566 551 2712 608 aliud
2767 562 2897 609 sunt
2950 568 3114 623 quam
3162 551 3523 609 invisibilium
3576 556 3909 609 bonorum

2235 642 2403 701 lucris
2429 660 2550 702 sese
2581 660 2863 701 exercere.
2894 644 3176 715 Frequens
3207 645 3353 701 enim
3414 646 3656 716 legere,
3726 645 3905 713 flere,

2235 739 2402 795 verba
2454 738 2550 793 Dei
2602 738 2792 794 audire
2845 738 3098 805 libenter,
3159 746 3215 794 et
3266 739 3477 808 dicere,
3522 745 3590 794 et
3641 753 3907 808 quaque

2238 831 2545 902 quibusque
2616 832 2865 888 sensibus
2940 832 3324 889 convenientia
3389 833 3481 902 pia
3548 833 3907 890 intentione

2236 939 2420 995 agere,
2448 924 2657 982 delicia
2679 934 2808 982 sunt
2845 932 3187 996 emergentes
3246 925 3314 981 ab
3367 925 3602 981 interna
3646 924 3903 997 pingue-

2239 1018 2388 1074 dine.

2312 1111 2477 1169 Vens.
2504 1113 2596 1167 2i.
2620 1142 2691 1153 —
2714 1110 2990 1185 Nephtali,
3015 1129 3196 1167 cervus
3222 1112 3474 1179 emissus,
3498 1122 3555 1166 et
3588 1112 3766 1167 dans
3790 1114 3899 1167 elo-

2239 1203 2364 1273 quia
2386 1202 2817 1273 pulchritudinis.
2848 1201 3100 1273 Nephtali
3130 1203 3334 1259 dicitur
3362 1205 3739 1258 conversavit
3792 1221 3891 1267 me,

2238 1293 2325 1349 vel
2348 1294 2631 1362 implicavit
2658 1295 2872 1362 me,‘.vel
2899 1295 3139 1350 dilatavit
3160 1289 3597 1365 me._Po’stquam
3626 1312 3887 1367 namque

2239 1386 2453 1443 celebro
2475 1389 2689 1443 virtutis
2703 1404 2803 1444 usu
2825 1389 3021 1459 impios
3040 1387 3203 1454 Deus,
3221 1396 3281 1442 ut
3302 1404 3412 1444 non
3435 1388 3679 1455 sint,ab
3696 1391 3885 1459 impie-

2241 1489 2351 1537 tate
2400 1492 2713 1550 conversat,
2748 1492 2803 1539 et
2825 1482 2938 1538 suis
2958 1497 3054 1539 eos
3073 1480 3664 1553 obsequiisimplicat,
3694 1498 3881 1538 conse-

2238 1581 2457 1643 quenter
2487 1575 2647 1646 176
2660 1590 2759 1645 per
2773 1574 3114 1645 profectuum
3128 1574 3331 1646 gradus
3354 1574 3689 1630 charitatis
3716 1580 3879 1631 visce-

2239 1666 2460 1722 ralitate
2488 1667 2700 1723 dilatat.
2744 1667 2986 1740 Spiritus
3015 1683 3147 1741 ergo
3178 1676 3387 1734 noster,
3405 1668 3505 1723 ubi
3522 1668 3663 1725 haec
3690 1671 3875 1739 attige

2243 1760 2535 1825 rit,cervus
2545 1762 2662 1831 jam
2692 1760 3085 1831 potentissima
3099 1760 3360 1815 adversus
3374 1758 3514 1816 vitia
3551 1760 3871 1831 majestatés

3772 345 3901 402 328

2243 1854 2496 1909 cornibus
2512 1863 2567 1909 et
2584 1854 2956 1910 subtilissimis
2983 1854 3054 1909 ad
3078 1853 3262 1909 omnia
3280 1853 3678 1909 discernenda
3704 1856 3867 1910 sensi-
3922 1886 3923 1919 ξ

2239 1945 2525 2012 bus,extra
2551 1961 2611 2002 se
2624 1946 2892 2001 emittitur
2921 1960 3019 2016 per
3052 1945 3306 2009 saltus,et
3327 1944 3715 2001 alacritatem
3743 1946 3863 2001 diri-

2239 2053 2324 2093 nae
2349 2038 2842 2109 contemplationis,
2864 2038 2955 2094 ubi
2986 2037 3170 2093 haurit
3187 2036 3396 2108 eloquia
3420 2037 3615 2093 totius
3640 2039 3853 2108 pulchr;

2240 2131 2459 2185 tudinis.
2492 2130 2621 2198 Quae
2642 2139 2844 2202 quanto
2869 2131 2973 2186 sibi
3009 2131 3153 2186 intro
3179 2130 3422 2202 gratiora
3450 2130 3857 2199 fuerint,tanta
3924 2130 3925 2202 ξ

2239 2223 2450 2280 dulcius
2474 2240 2536 2279 ea
2571 2225 2829 2295 propinat
2853 2233 2909 2280 et
2942 2223 3083 2280 aliis.

2311 2315 2480 2373 Vsus.
2510 2316 2604 2372 22.
2635 2348 2706 2359 —
2732 2316 2908 2373 Filius
2928 2333 3228 2373 accrescens
3252 2317 3473 2388 Ioseph,
3497 2318 3669 2385 ﬁlius
3699 2335 3851 2373 accre—

2240 2426 2389 2465 scens
2420 2451 2435 2476 ,
2473 2421 2521 2465 ct
2555 2412 2778 2466 decorus
2813 2420 3045 2482 aspectu.
3078 2409 3278 2482 Joseph
3322 2410 3756 2479 interpretatur
3777 2430 3851 2463 as-

2250 2516 2538 2573 gmentum.
2567 2503 2934 2574 Augmenlum
2962 2504 3130 2577 igitur
3150 2503 3293 2560 istud
3317 2506 3633 2572 accrescit,
3668 2515 3729 2561 et
3750 2520 3847 2561 ru:-

2240 2612 2335 2652 sus
2366 2597 2647 2663 accrescit,
2680 2612 2801 2652 cum
2840 2597 2971 2653 illud
3007 2597 3232 2653 coeleste
3281 2598 3523 2664 bonum,
3576 2613 3703 2668 quo
3755 2599 3849 2652 sub

2238 2704 2368 2744 vere
2389 2689 2763 2760 provehimur,
2795 2699 2850 2745 et
2877 2690 2932 2745 in
2964 2691 3167 2746 mentis
3185 2690 3335 2761 prius
3358 2690 3657 2747 desiderio
3684 2701 3848 2747 exten-

2239 2782 2411 2847 ditur,
2465 2791 2520 2837 et
2569 2783 2898 2838 certitudine
2950 2784 3205 2854 deinceps
3236 2785 3474 2854 quadam
3507 2785 3639 2853 spei
3674 2796 3735 2841 et
3780 2800 3848 2841 se-

2238 2873 2488 2928 curitatis
2546 2872 2857 2943 ampliatur.
2897 2874 3052 2931 Unde
3105 2874 3348 2931 Paulus:
3386 2874 3629 2945 Nostra,
3661 2877 3845 2949 inquit,

2238 2968 2562 3021 conversatio
2593 2968 2648 3021 in
2674 2967 2815 3023 caelis
2839 2966 3008 3039 (Phil.
3040 2984 3125 3037 Ill,
3158 2967 3267 3039 10).
3297 2968 3364 3022 Ει
3395 2986 3409 3021 :
3437 2965 3846 3026 Consederem

2240 3058 2360 3128 fecit
2389 3061 2445 3113 in
2494 3060 2787 3115 caelestibus
2833 3058 3052 3131 (Ephes.
3093 3078 3158 3128 tt,
3201 3062 3279 3134 6).
3337 3062 3570 3132 Aspectu
3629 3069 3845 3121 decorus

2163 3173 2211 3238 ο
2242 3160 2348 3218 est,
2371 3151 2497 3221 quia
2525 3165 2760 3222 superna
2811 3152 3215 3223 speculatione,
3268 3153 3346 3208 nil
3403 3152 3572 3208 etiam
3645 3158 3845 3223 adhuc,

2244 3260 2366 3300 cum
2394 3245 2623 3300 necdum
2649 3243 2810 3300 rebus
2833 3245 3031 3314 agitur,
3057 3246 3263 3301 clarius
3292 3254 3399 3301 est.
3435 3243 3592 3299 Filia:
3628 3250 3846 3302 discur-

2240 3344 2420 3389 rerunt
2441 3352 2596 3406 super
2616 3352 2827 3391 murum
2859 3337 3051 3407 (Vens.
3082 3337 3199 3409 23).
3253 3336 3361 3393 Sed
3391 3353 3849 3406 exasperareruut

2238 3444 2377 3493 eum,
2402 3439 2450 3482 et
2466 3428 2700 3500 jurgatce
2722 3439 2866 3497 sunt,
2881 3431 3280 3502 invideruntque
3301 3447 3349 3485 et
3367 3432 3615 3485 habentes
3634 3431 3841 3500 jacula.

3924 2096 3925 2163 l

3922 2368 3927 2446 l

3927 2743 3929 2843 l

3931 3182 3933 3287 ψ

2239 3516 2422 3573 Murus
2442 3517 2692 3574 Christus
2723 3519 3075 3590 intelligitur,
3109 3519 3364 3576 Salvator
3413 3521 3560 3576 enim
3618 3535 3836 3589 ponetur
3928 3574 3933 3579 .

2238 3612 2298 3665 in
2326 3611 2399 3680 "ea
2435 3628 2620 3666 murus
2659 3611 2817 3683 (Isai.
2858 3628 3010 3680 xxvr,
3052 3613 3131 3685 2).
3188 3612 3367 3684 Super
3419 3615 3566 3670 hunc
3624 3631 3837 3673 murum

2243 3701 2369 3757 ﬁliae
2401 3701 2740 3770 discurrunt,
2804 3720 2930 3760 cum
2979 3705 3182 3761 inﬁrmi
3228 3708 3451 3777 quique,
3508 3722 3561 3761 οι
3620 3707 3833 3781 fragiles

2242 3804 2440 3861 motus,
2472 3796 2600 3852 licet
2628 3796 2682 3851 in
2707 3796 2913 3852 Christi
2943 3797 3050 3855 ﬁde
3094 3812 3156 3855 se
3200 3807 3349 3855 stare
3377 3798 3691 3867 confidant,
3742 3805 3831 3860 hac

2243 3894 2424 3943 tamen
2447 3885 2773 3944 conﬁdentia
2801 3888 3085 3947 aﬁ'ectibus
3112 3891 3297 3962 pravis
3318 3900 3375 3947 et
3417 3893 3713 3951 eﬁ'ecubus
3758 3911 3821 3951 er.

2244 3990 2388 4037 rant.
2421 3980 2531 4037 Sed
2583 3981 2711 4038 licet
2747 3982 3127 4040 lenocinentur
3173 3984 3665 4053 iutellectualitati,
3698 3990 3829 4060 quos

2241 4082 2325 4131 est
2360 4071 2582 4144 Ioseph,
2606 4088 2838 4145 eamque
2868 4076 3162 4143 mulceant,
3210 4093 3275 4132 ea
3308 4088 3490 4133 tamen
3538 4080 3829 4138 mulcedine

2243 4182 2349 4223 non
2383 4166 2648 4232 molliunt,
2690 4170 2785 4223 sed
2816 4169 3170 4226 vehementer
3200 4170 3268 4226 ad
3308 4185 3369 4226 se
3394 4186 3592 4228 versus
3616 4190 3829 4246 διαδυο-

2241 4267 2386 4313 rant.
2412 4256 2566 4313 Unde
2595 4268 2651 4315 et
2672 4259 2979 4330 jurgantur,
3006 4261 3133 4332 quia
3148 4260 3348 4331 repulsi
3377 4264 3622 4333 graviori
3666 4269 3827 4323 deum

2242 4359 2433 4405 contra
2464 4366 2585 4406 eam
2619 4352 2883 4418 bellorum
2914 4354 3236 4424 repetitione
3282 4366 3595 4411 moventur.
3630 4357 3711 4415 De
3758 4361 3825 4416 lus

2242 4439 2459 4496 filiabus
2481 4442 2678 4497 dicitur
2711 4461 2724 4499 :
2754 4442 2913 4499 Filia:
2941 4445 3035 4499 tibi
3056 4447 3219 4500 sunt?
3245 4462 3391 4501 serva
3427 4463 3622 4517 corpus
3654 4467 3826 4507 eorm

547 4515 721 4611 cepta
730 4506 1028 4611 voluptatis
1050 4510 1277 4568 affectus
1312 4523 1581 4582 armatur,
1621 4518 1897 4585 quomodo
1925 4519 2137 4579 callidis
2162 4534 2215 4596 ι)
2243 4531 2412 4606 (Eccl.
2442 4548 2537 4599 vn,
2579 4532 2695 4601 26),
2744 4536 2896 4591 idest
2921 4539 3192 4610 restringe
3239 4554 3471 4609 nequam
3498 4506 3673 4611 opera
3708 4543 3823 4600 alie.

547 4596 832 4655 eﬂ'ectibus
858 4599 1167 4670 impleatur.

621 4690 787 4745 Vens.
817 4690 908 4747 20.
933 4723 1001 4733 —
1029 4693 1182 4762 Aser,
1208 4696 1419 4768 pinguis
1449 4699 1601 4769 panis
1630 4699 1765 4770 ejus,
1811 4712 1860 4757 et
1887 4706 2137 4775 praebebit

550 4782 768 4838 delicias
795 4784 1019 4853 regibus.
1044 4785 1183 4841 Aser
1207 4787 1407 4843 dicitur
1430 4789 1642 4856 beatus;
1672 4808 1772 4847 nec
1800 4793 1972 4851 Deum
2014 4812 2139 4868 per-

545 4874 689 4932 fecte
725 4875 935 4933 timenti
966 4876 1174 4934 beatior
1202 4888 1287 4935 est
1333 4879 1496 4936 ullus.
1555 4882 1693 4939 Huic
1738 4887 1894 4955 panis
1928 4889 2136 4959 pinguis

547 4979 651 5035 cst,
677 4971 802 5041 quia
829 4971 953 5027 dum
981 4972 1161 5027 oleum
1184 4974 1462 5041 continet,
1493 4991 1595 5032 nec
1631 4977 1860 5035 interius
1916 4982 1983 5036 de
2029 4984 2138 5037 vir-

547 5066 778 5137 giuitate
809 5067 1075 5137 superbit,
1109 5068 1268 5137 panis
1298 5070 1369 5135 ei,
1413 5070 1508 5140 qui
1562 5070 1630 5126 de
1671 5071 1809 5128 coelo
1860 5074 2137 5134 descendit

549 5157 733 5228 (Joan.
756 5174 833 5224 vr,
862 5158 975 5227 41),
1002 5159 1232 5215 interior
1258 5160 1504 5228 libertas,
1532 5172 1589 5217 et
1611 5178 1805 5220 succus
1830 5175 1932 5222 est.
1987 5168 2038 5225 Is
2068 5187 2135 5227 ex

549 5255 709 5325 adipe
739 5253 1001 5309 frumenti
1024 5255 1240 5310 cibatur
1269 5254 1444 5327 (Psal.
1472 5273 1638 5324 Lxxx,
1695 5259 1804 5331 17).
1832 5264 1969 5317 Aser
2004 5280 2134 5338 ergo

548 5346 676 5411 iste,
710 5354 899 5401 noster
930 5345 1139 5401 scilicet
1161 5347 1409 5417 spiritus,
1436 5364 1562 5405 vera
1594 5350 1754 5422 hujus
1778 5356 1988 5425 saporis
2014 5357 2135 5413 bea-

551 5438 783 5493 titudine
805 5437 1058 5505 donatus,
1085 5439 1324 5510 prafatis
1351 5442 1563 5499 duobus
1582 5485 1597 5510 ,
1627 5444 1742 5500 Dan
1784 5447 2038 5504 videlicet
2080 5461 2135 5507 et

548 5530 689 5597 Gad,
718 5530 1016 5601 oppositus,
1047 5534 1253 5604 prabet
1290 5533 1403 5603 jam
1452 5536 1675 5593 delicias
1718 5540 1955 5611 regibus,
2007 5544 2133 5612 quia

550 5637 658 5677 non
686 5621 996 5691 spurcitiae,
1024 5623 1133 5680 imo
1186 5625 1369 5697 spinas
1400 5629 1987 5699 concupiscentiarum,
2039 5635 2133 5690 sed

551 5711 940 5770 delectationes
973 5714 1201 5773 interna
1244 5719 1603 5790 jucunditatis
1657 5722 2003 5780 administrat
2046 5726 2133 5783 his

549 5810 638 5881 qui
675 5826 775 5870 nos
798 5812 1066 5885 quondam
1088 5831 1281 5875 rexere
1308 5818 1581 5877 sensibus.
1612 5816 1791 5888 Reges
1817 5828 1997 5877 autem
2031 5822 2132 5883 hos

2238 4625 2500 4681 ctionum.
2536 4625 2788 4682 Invident
2816 4644 3035 4699 quoque
3064 4632 3112 4684 ei
3160 4631 3407 4685 habentes
3448 4632 3679 4702 jacula,
3712 4638 3825 4707 quis

2238 4718 2305 4773 ad
2332 4728 2658 4774 aternorum
2687 4730 2957 4777 suscitare
2988 4723 3288 4778 moliuntur
3322 4723 3588 4779 invidiam
3618 4722 3825 4795 molles,

2238 4810 2293 4867 id
2320 4823 2402 4868 est
2458 4822 2660 4879 motus,
2704 4814 3060 4883 intellectum,
3084 4831 3181 4886 per
3203 4817 3586 4888 praesentium,
3632 4823 3825 4891 quibus

2237 4918 2359 4959 eum
2400 4903 2715 4973 jaculantur
2743 4908 3033 4965 desideria.
3064 4908 3235 4965 Recte
3284 4911 3542 4967 dicuntur
3572 4912 3814 4973 invidere

2237 4995 2326 5065 qui
2347 4994 2415 5049 ad
2439 4996 2539 5052 hoc
2566 4996 2853 5068 impellunt
2895 5009 2957 5056 ut
2992 5000 3197 5057 faciant
3226 5018 3335 5059 non
3363 5003 3570 5063 videre.

2309 5086 2472 5145 Vnus.
2495 5090 2589 5146 24.
2619 5122 2690 5131 —
2728 5091 2874 5147 Sedit
2909 5094 2966 5149 in
3004 5095 3130 5164 forti
3152 5112 3309 5152 arcus
3330 5098 3465 5169 ejus,
3502 5108 3549 5153 et
3574 5101 3822 5159 dissolutis

2234 5191 2355 5236 sunt
2378 5184 2583 5239 vincula
2610 5185 2965 5254 brachiorum,
2997 5199 3043 5243 et
3072 5206 3325 5244 manuum
3350 5191 3517 5259 illius,
3530 5208 3625 5263 per
3639 5211 3819 5250 manu:

2233 5275 2458 5344 potentis
2501 5274 2670 5330 Iacob
2686 5294 2707 5342 ;
2739 5278 2860 5333 inde
2886 5290 3069 5347 pastor
3090 5298 3328 5352 egressus
3354 5295 3428 5338 est
3455 5286 3591 5354 lapis
3630 5285 3816 5344 Israel.

2233 5365 2404 5418 Arcus
2436 5366 2490 5419 in
2521 5366 2646 5436 forti
2703 5368 2881 5436 sedet,
2912 5385 3034 5425 cum
3066 5372 3316 5441 intentio,
3350 5388 3418 5429 ex
3457 5389 3564 5443 qua
3602 5391 3815 5446 operam

2236 5454 2467 5510 missilia
2495 5456 2824 5529 diriguntur,
2878 5476 2986 5516 non
3015 5461 3303 5534 fragilibus
3330 5464 3424 5521 sed
3456 5469 3677 5523 aternis
3701 5486 3817 5541 per-

2235 5559 2553 5605 severanter
2588 5551 2834 5608 inhaeret.
2869 5553 2985 5612 Hoc
3022 5556 3171 5611 enim
3218 5558 3479 5614 sessionis
3512 5560 3814 5630 signiﬁcare

2233 5657 2429 5698 nomen
2479 5644 2634 5712 solet,
2690 5656 2751 5702 ut
2803 5658 2929 5705 est:
2958 5649 3026 5703 In
3079 5651 3328 5707 cathedra
3371 5653 3679 5723 pestilentia
3718 5673 3812 5712 non

2232 5738 2367 5791 sedit
2395 5739 2414 5807 (
2433 5736 2584 5793 Psal.
2618 5757 2657 5808 ι,
2689 5742 2766 5813 1).
2796 5743 2899 5799 Per
2935 5745 3188 5813 brachia,
3220 5747 3510 5813 fortitudo;
3561 5764 3656 5819 per
3706 5766 3811 5802 ma-

2234 5846 2361 5900 nus,
2390 5831 2638 5905 signatur
2672 5839 2936 5909 operatio.
2969 5839 3173 5901 llorum
3226 5842 3353 5899 dum
3399 5852 3547 5901 recte
3591 5843 3807 5901 intendit

3924 3590 3933 3989 1
