3982 6360
82 316 237 376 329

1225 316 1589 378 MORALIUM
1616 320 1682 377 IN
1709 318 2005 379 GENESIN
2044 321 2171 378 LIB.
2215 322 2283 378 Χ.

3331 328 3437 385 330

84 432 363 490 vincula
391 432 576 499 solvit,
599 432 726 504 quia
755 433 1150 491 consuetudine
1179 448 1285 504 qua
1310 435 1437 491 olim
1468 436 1753 492 tenebatur
1778 437 1828 498 Α
1856 436 1923 490 ab
1949 436 2095 491 omni
2120 437 2457 492 sensibilium
2485 436 2719 509 imagine
2751 437 2982 495 mundus
3036 448 3092 495 ut
3122 441 3193 501 sit
3218 458 3441 502 necesse

86 525 449 598 implicitus
478 527 674 582 obruta
703 525 875 581 libere
919 525 1031 597 jam
1088 527 1372 597 proposita
1425 538 1481 583 et
1534 527 1749 583 fortiter

90 620 270 690 agit.
305 619 440 675 Haec
489 635 678 673 manus
720 619 950 689 potentis
976 618 1143 674 Iacob
1173 618 1433 686 efﬁciunt,
1460 621 1587 675 dum
1619 636 1749 691 sup-

92 711 476 781 plantatoris
499 709 753 767 vitiorum
780 710 1006 782 Spiritus
1039 711 1183 766 vires
1215 719 1382 767 tantae
1405 712 1750 767 auctoritatis

91 804 372 861 occasio
412 809 557 860 sunt.
596 803 724 859 Inde
744 813 925 874 pastor
947 802 1083 874 lapis
1105 801 1279 857 Israel
1301 805 1600 876 egreditur,
1624 819 1749 859 cum

97 914 194 953 ex
220 897 431 954 eodem
453 896 649 969 spiritu
676 894 1114 967 intellectus,qui
1131 895 1381 967 spiritum
1410 895 1586 966 ipsum
1610 910 1752 965 pane

96 990 266 1046 vitae
294 990 539 1055 reﬁciat,
581 997 636 1045 et
662 988 730 1042 ad
786 1003 911 1043 cum
960 986 1073 1042 Deo
1119 987 1557 1058 principandum,
1606 987 1752 1058 quod

103 1091 220 1138 est
265 1080 466 1147 Israel,
518 1083 572 1136 in
641 1080 862 1135 modum
900 1078 1095 1149 lapidis
1151 1078 1334 1135 ﬁrmet
1376 1090 1431 1136 et
1487 1079 1749 1147 stabiliat,

109 1175 200 1230 ad
265 1173 587 1230 libertatem
619 1170 1092 1241 contemplationis
1139 1166 1436 1243 procedere
1476 1182 1748 1229 monetur.

205 1263 395 1320 Vens.
425 1263 518 1329 25,
552 1263 645 1318 26.
673 1293 745 1303 -
771 1260 913 1317 Deus
940 1262 1107 1329 patris
1132 1261 1210 1316 tui
1249 1263 1346 1317 erit
1375 1261 1750 1332 adjutortuus,

120 1367 184 1411 et
224 1356 569 1427 omnipotens
596 1354 855 1410 benedicet
906 1354 997 1408 tibi
1028 1353 1468 1409 benedictionibus
1496 1353 1610 1409 caeli
1662 1355 1753 1408 de-

125 1467 331 1522 super,
351 1448 793 1505 benedictionibus
816 1447 992 1518 abyssi
1018 1447 1284 1511 deorsum,
1309 1446 1751 1501 benedictionibus

130 1543 380 1597 uberum
414 1552 465 1597 et
488 1541 675 1597 vulvae.
706 1538 1104 1595 Benedictiones
1127 1536 1295 1608 patris
1324 1538 1403 1591 tui
1439 1537 1753 1607 confortataz

129 1646 272 1690 sunt
308 1632 754 1690 benedictionibus
782 1641 992 1703 patrum
1017 1630 1152 1701 ejus,
1181 1629 1345 1685 donec
1370 1630 1562 1685 veniret
1616 1628 1754 1684 deri--

129 1726 361 1782 derium
384 1725 598 1782 collium
624 1734 975 1789 teternorum;
993 1723 1127 1793 ﬁant
1150 1723 1205 1777 in
1232 1723 1404 1793 capite
1446 1720 1676 1793 Ioseph,
1702 1733 1751 1777 et

1850 536 1951 581 εει.

1924 616 2088 673 Vens.
2128 617 2220 673 27.
2248 649 2314 657 —
2340 617 2623 690 Bcnjamin
2661 621 2815 692 lupus
2864 641 3062 695 rapam,
3108 642 3261 682 mane
3299 646 3441 684 com-

1851 708 1965 761 edet
2010 709 2287 779 prazdam,
2332 724 2381 765 et
2438 728 2643 781 vespere
2674 714 2868 769 dividet
2923 717 3112 786 spolia.
3160 717 3441 788 Beujamin

1855 798 2052 854 dicitur
2074 798 2219 869 ﬁlius
2253 801 2505 856 dexterae.
2539 801 2735 859 Filium
2765 805 3005 863 dextera:
3029 822 3178 878 spem
3217 810 3444 867 electio-

1854 889 1939 944 nis
1986 905 2359 961 saepenumero
2400 892 2659 959 diximus,
2688 903 2745 949 et
2792 898 3032 954 rationes
3060 900 3335 957 multolies
3377 902 3445 967 de

1855 979 1966 1035 ﬁlio
1989 988 2045 1036 et
2074 982 2297 1037 dextera
2324 982 2681 1040 reddidimus.
2715 985 2814 1041 Est
2834 1002 2963 1058 ergo
2991 992 3057 1046 de
3083 993 3184 1049 hoc
3213 996 3445 1051 rationis

1855 1071 2123 1137 sententia
2151 1089 2163 1125 :
2188 1070 2364 1128 Filius
2398 1072 2649 1141 dexterae,
2678 1076 2908 1145 quisque
2932 1080 3185 1138 videlicet
3213 1080 3463 1151 electus,

1854 1159 1943 1215 cui
1982 1158 2091 1216 fida
2137 1163 2431 1231 posteritas
2464 1162 2517 1216 in
2545 1163 2832 1219 beatorum
2879 1177 3029 1222 sorte
3062 1173 3289 1238 resedit,
3334 1189 3443 1229 non

1855 1269 2073 1325 semper
2094 1255 2161 1311 de
2188 1255 2277 1311 his
2300 1257 2391 1327 qui
2424 1257 2748 1314 innocenter
2773 1261 3007 1331 egerint,
3036 1264 3132 1318 sed
3170 1276 3223 1321 et
3246 1267 3314 1322 de
3356 1269 3444 1324 his

1854 1345 1949 1415 qui
1987 1346 2169 1417 lupina
2219 1347 2541 1405 crudelitate
2586 1352 2893 1417 nocuerint,
2937 1355 3137 1410 assumi
3169 1374 3251 1411 ur.
3297 1360 3446 1416 Talis

1854 1435 2043 1507 itaque
2074 1438 2141 1493 ad
2173 1453 2270 1495 eas
2290 1447 2346 1494 et
2374 1454 2510 1509 quas
2532 1442 2791 1511 prtemisi,
2824 1454 2878 1500 et
2914 1462 3051 1516 quas
3073 1450 3445 1521 rationisjure

1854 1528 2111 1584 contineo
2139 1528 2370 1586 virtutes
2409 1540 2690 1599 venturus,
2715 1543 3003 1606 postquam
3052 1555 3205 1594 mane
3248 1541 3447 1596 divina:

1857 1622 2240 1680 illustrationis
2262 1627 2555 1696 acceperit,
2582 1627 2636 1683 id
2662 1630 2806 1698 quod
2832 1631 2885 1686 in
2928 1647 2987 1687 se
3031 1647 3130 1704 per
3158 1635 3292 1690 vitia
3322 1637 3443 1691 dia-

1855 1714 2014 1770 bolus
2060 1716 2400 1786 depraedatus
2448 1717 2648 1786 fuerat,
2696 1722 2956 1789 comedit,
3009 1726 3079 1779 ad
3134 1726 3448 1783 refectionis

132 1816 202 1873 in
247 1818 450 1873 vertice
478 1816 734 1872 Nazartei
757 1818 893 1870 inter
921 1815 1110 1885 fratres
1165 1830 1310 1869 suos.
1350 1814 1513 1880 Deus,
1555 1814 1753 1885 inquit,
1786 1807 1831 1863 B
1856 1807 2074 1864 scilicet
2121 1809 2288 1865 robur
2324 1809 2509 1876 vertit,
2541 1820 2597 1867 et
2627 1826 2696 1867 ex
2725 1829 2854 1869 casu
2900 1814 3140 1872 alacrior
3164 1820 3356 1891 surgit,
3397 1830 3447 1874 et

133 1907 246 1980 qui
280 1907 445 1978 quasi
466 1916 674 1979 patrem
692 1921 779 1961 me
805 1914 858 1961 et
881 1914 1150 1961 rectorem
1177 1904 1426 1975 spiritum
1448 1905 1502 1960 in
1534 1905 1755 1963 homine

135 1997 470 2063 constituit,
517 2004 574 2052 et
624 2004 681 2052 te
733 1995 862 2051 licet
907 2004 1107 2050 natura
1145 2010 1347 2061 meum,
1393 2003 1577 2052 tamen
1622 1997 1755 2052 mihi

140 2089 431 2158 dignitate
457 2103 791 2159 supremum,
821 2103 890 2144 ex
940 2103 1025 2144 me
1051 2089 1229 2144 creari
1257 2089 1456 2156 voluit,
1488 2090 1605 2160 ipse
1648 2092 1758 2145 tuis

144 2178 665 2233 conﬂictationibus
694 2186 1019 2247 cooperator
1044 2178 1172 2245 erit,
1202 2187 1400 2235 etcum
1429 2179 1613 2235 omnia
1629 2194 1757 2250 pos-

143 2271 246 2333 sit,
276 2285 350 2325 ex
379 2268 606 2325 rationis
633 2278 686 2325 te
713 2268 1093 2338 multiplicabit
1121 2284 1185 2325 ae
1212 2270 1257 2325 si
1289 2270 1410 2326 cmli
1432 2270 1754 2337 eminentia,

144 2377 258 2417 nec
286 2360 713 2427 benedictionis,
741 2360 795 2415 id
822 2369 906 2415 est
940 2360 1296 2430 plenitudinis
1337 2359 1394 2415 in
1438 2358 1757 2429 subjacente

143 2453 361 2508 rationi
389 2450 585 2509 aﬂ‘ectu
639 2452 819 2507 minor
865 2451 973 2507 erit
1012 2452 1316 2507 obediendo
1365 2451 1745 2507 exuberantia.

143 2542 387 2614 Legitur
412 2542 556 2597 enim
586 2559 598 2594 :
626 2540 842 2605 Audite,
874 2541 1013 2608 caeli,
1042 2557 1160 2612 quae
1188 2541 1394 2611 loquor,
1411 2540 1595 2595 audiat
1618 2553 1758 2596 terra

146 2635 315 2690 verba
341 2634 452 2688 oris
492 2634 592 2687 mei
616 2632 795 2704 (Deut.
826 2648 976 2688 χχιιι
995 2632 1207 2703 ,l).Nil
1227 2633 1372 2689 enim
1400 2642 1484 2689 est
1512 2633 1753 2703 spiritus,

148 2725 263 2781 nisi
293 2724 347 2780 ei
382 2724 724 2793 obtemperet
752 2722 997 2789 affectus,
1032 2723 1174 2794 quod
1199 2731 1281 2779 est
1316 2732 1460 2779 terra
1489 2723 1560 2779 ob
1602 2723 1757 2778 infir-

150 2813 412 2869 mitatem
443 2812 529 2867 vel
554 2812 799 2883 abyssus.
824 2812 994 2867 Vulva
1025 2822 1204 2868 autem
1227 2821 1285 2869 et
1312 2814 1570 2869 uberibus
1591 2814 1757 2869 bene-

150 2904 379 2968 dicitur,
407 2902 534 2957 dum
578 2902 632 2957 in
672 2902 787 2972 ipsa
838 2902 911 2972 pii
946 2902 1200 2957 desiderii
1277 2904 1652 2975 conceptione,
1701 2914 1758 2959 et

151 2994 525 3052 destinatione
557 2995 842 3066 pr0positi,
871 3003 928 3050 et
957 2994 1190 3065 gemina:
1240 2995 1554 3052 dilectionis
1605 2997 1756 3050 rudi-

150 3085 587 3154 mentis,quibus
610 3085 817 3155 gremio
841 3083 1122 3153 praesentis
1143 3083 1398 3139 Ecclesiae
1418 3085 1485 3139 ad
1513 3083 1754 3139 fututum

1856 1914 2083 1968 vespere,
2108 1898 2221 1970 jam
2244 1898 2463 1957 fervore
2490 1904 2803 1960 tentationis
2831 1906 3122 1975 exstincto,
3149 1920 3450 1967 armaturas

1857 1990 2093 2046 salubris
2141 1990 2337 2061 spolia,
2380 2008 2502 2064 quae
2541 1994 2835 2064 aliquando
2885 1998 3201 2067 possederat
3248 2001 3446 2069 hostis,

1862 2096 1962 2150 per
2000 2082 2242 2152 singulas
2277 2098 2493 2139 morum
2540 2085 2893 2141 habitudines
2947 2087 3160 2143 dividit.
3205 2090 3450 2148 Virtutes

1863 2172 2009 2227 enim
2058 2183 2330 2244 corrupta:
2388 2175 2527 2229 fiunt
2578 2176 2740 2243 vitia;
2770 2188 3062 2247 reparatae,
3103 2192 3231 2236 sunt
3274 2184 3450 2253 Spolia

1862 2263 2171 2333 quibusque
2212 2264 2413 2320 mentis
2444 2266 2683 2321 statibus
2713 2268 3008 2325 victoriose
3057 2271 3447 2341 dispertienda.

1864 2352 1963 2410 llis
1992 2355 2254 2411 extremis
2276 2356 2509 2417 rationis
2532 2356 2715 2411 verbis
2755 2360 2823 2414 ad
2851 2359 3109 2415 virtutmn
3141 2363 3451 2432 prtelibata-

1861 2461 1979 2500 rum
1997 2446 2293 2502 efﬁcaciam
2322 2449 2735 2505 commendatur
2760 2452 2955 2522 gratia.
2984 2452 3086 2509 Ubi
3111 2457 3255 2511 enim
3277 2460 3453 2513 abun-

1860 2536 2008 2591 davit
2037 2548 2341 2607 peccatum,
2373 2541 2837 2611 superabundavit
2859 2544 3234 2602 misericordia
3265 2548 3449 2619 (Rom.

1860 2644 1917 2694 v,
1946 2628 2063 2701 20).
2090 2630 2158 2684 Et
2190 2646 2312 2687 cum
2341 2633 2764 2703 cogitaverimus
2788 2645 2995 2706 quanta
3028 2638 3094 2694 de
3115 2654 3280 2710 quam
3305 2643 3454 2700 nulla

1861 2734 2015 2805 mens
2054 2730 2242 2776 nostra
2270 2720 2412 2777 facta
2443 2723 2628 2792 fuerit,
2656 2736 2910 2796 patenter
2944 2728 3286 2789 advertimus
3318 2734 3451 2805 quia

1860 2801 1995 2865 nihil
2022 2810 2187 2867 habet
2216 2812 2359 2881 quod
2391 2828 2496 2869 non
2526 2816 2825 2887 acceperit.

1932 2902 2095 2956 Vens.
2128 2901 2220 2958 28.
2248 2935 2318 2943 —
2347 2902 2412 2957 Et
2445 2922 2624 2962 omnes
2661 2909 2717 2962 hi
2746 2910 2802 2962 in
2837 2910 3002 2967 trtius
3040 2912 3210 2970 Israel
3247 2917 3452 2972 duode-

1859 2993 1981 3047 cim.
2030 2993 2229 3050 Tribus
2277 2996 2346 3050 ad
2393 2996 2518 3053 fidei
2564 2999 2680 3069 spei
2716 3008 2772 3055 et
2815 3002 3100 3061 charitatis
3145 3009 3448 3065 ternionem

1860 3084 2175 3152 referimus,
2204 3094 2260 3143 et
2285 3086 2570 3144 duodecim
2606 3100 2862 3148 constant
2889 3110 2957 3149 ex
2985 3107 3221 3166 quatuor
3251 3101 3447 3157 tribus.

154 3193 294 3233 vere
328 3177 545 3233 virilem
577 3190 640 3231 ac
668 3177 712 3232 si
738 3174 996 3231 uberibus
1046 3175 1321 3231 enutritur
1358 3184 1583 3241 statum,
1631 3192 1757 3246 pro-
1784 3149 1826 3206 Ο
1860 3174 2033 3243 Quem
2075 3179 2486 3247 quaternarium
2532 3180 2601 3235 ad
2642 3182 2997 3255 Evangelium
3024 3227 3040 3254 ,
3088 3189 3171 3245 vel
3212 3202 3452 3261 quatuor

157 3285 324 3341 spere
352 3277 727 3341 pl'OlllOVCllll'.

232 3360 716 3417 Benedictionibus
738 3367 948 3427 patrum
988 3358 1155 3425 patris
1206 3358 1587 3412 benedictiones
1631 3373 1761 3413 con-

166 3451 466 3514 fortantur,
512 3448 640 3503 dum
662 3462 757 3519 per
777 3447 1127 3517 antiquorum
1151 3449 1462 3511 memorias,
1478 3448 1571 3518 qui
1598 3449 1764 3505 abun-

166 3540 369 3595 davere
392 3537 703 3604 virtutibus,
731 3537 964 3593 virtutes
987 3535 1127 3605 ejus,
1153 3537 1244 3607 qui
1271 3537 1764 3595 intellectualitatis

169 3638 330 3700 pater
355 3638 462 3694 est,
493 3629 929 3701 multiplicantur
955 3629 1202 3699 spiritus.
1240 3629 1311 3685 Et
1342 3630 1447 3702 hoc
1473 3631 1639 3686 donec
1669 3646 1764 3687 ve-

169 3720 286 3777 niat
332 3720 648 3775 desiderium
696 3719 910 3775 collium
957 3730 1308 3787 teternorum,
1356 3721 1410 3777 id
1458 3732 1544 3778 est
1590 3725 1764 3779 donec

172 3810 462 3883 impleatur
490 3812 676 3883 gloriae
697 3827 947 3882 superna:
979 3812 1233 3883 largitas,
1274 3829 1437 3884 quam
1486 3816 1765 3886 suspirant

174 3902 408 3958 fidelium
446 3902 762 3960 devotiones
800 3912 1019 3959 atternae
1073 3905 1412 3961 excellentiae
1465 3907 1764 3965 destinato-

177 4009 310 4049 rum.
340 3993 553 4051 Montes
582 3995 816 4051 etcolles
837 3996 968 4067 quid
996 3995 1303 4068 significent
1334 3998 1573 4068 psalmos
1594 3999 1765 4056 inter-

180 4098 324 4155 roga.
364 4083 628 4140 Montium
680 4100 834 4152 vero,
889 4086 977 4142 vel
1020 4086 1236 4143 collium
1269 4088 1763 4158 signiticativorum

182 4176 525 4233 aeternitatem
560 4176 766 4249 Sibylla
790 4178 1039 4234 destruit.
1076 4199 1095 4231 ‹
1143 4179 1264 4235 Jam
1313 4189 1621 4250 atquantur,
1677 4181 1759 4236 in-

184 4267 310 4337 quit,
338 4278 548 4324 montes
572 4269 800 4340 campis.
832 4287 852 4321 ›
887 4267 1061 4340 Caput
1093 4268 1314 4340 Ioseph,
1343 4271 1460 4341 ipse
1488 4271 1632 4326 Deus
1657 4279 1762 4337 est,

186 4357 303 4429 quia
332 4359 819 4427 intellectualitati,
851 4358 946 4430 qui
997 4360 1223 4416 intimus
1261 4375 1443 4431 sapor,
1475 4369 1531 4417 et
1572 4360 1764 4416 notitia

192 4449 281 4505 Dei
304 4459 405 4517 est,
434 4457 646 4507 cunctis
675 4466 797 4523 quae
833 4460 1166 4522 praetereunt
1211 4451 1619 4522 subjacentibus
1649 4451 1762 4507 sola

190 4542 550 4613 principalitas
611 4543 942 4615 praeminens
993 4544 1139 4599 Deus
1196 4553 1298 4601 est.
1350 4544 1762 4602 Benedictiones

191 4649 310 4707 ergo
332 4635 385 4689 in
409 4637 576 4707 capite
621 4635 816 4708 Ioseph
866 4635 1294 4703 constituuntur,
1328 4651 1452 4693 cum
1484 4637 1762 4706 sapientiae

192 4730 466 4797 augmenta
495 4725 630 4795 Deo,
661 4731 770 4785 non
792 4738 993 4784 nostra}
1007 4727 1268 4793 solertiae,
1297 4729 1669 4784 ascribuntur.

252 4816 425 4874 Potest
479 4828 536 4876 et
593 4835 689 4891 per
739 4829 901 4891 caput
942 4820 1166 4877 caeleste
1213 4820 1494 4891 praemium
1564 4821 1760 4892 accipi,

194 4910 318 4979 quod
342 4926 613 4967 summum
639 4921 695 4968 et
727 4912 959 4985 capitale
987 4921 1072 4969 est
1094 4913 1420 4978 intellectui;
1450 4929 1557 4984 quo
1573 4900 1762 4971 contra

196 5001 255 5057 de
284 5003 522 5072 reprobis
556 5022 571 5058 :
602 5003 793 5075 Caput,
853 5003 1050 5073 inquit,
1074 5004 1325 5059 circuitus
1362 5021 1542 5060 eorum
1568 5007 1587 5078 (
1609 5005 1760 5063 [θεαί.

196 5107 396 5161 cxxxtx,
431 5095 543 5167 10).
572 5096 726 5152 Unde
756 5105 812 5150 et
842 5104 1030 5152 vertex
1058 5097 1405 5165 postmodum
1433 5100 1672 5168 ponitur,
1705 5101 1759 5156 in

198 5198 292 5254 quo
316 5184 944 5255 quiacapitipneminct
977 5184 1153 5251 Deus,
1199 5186 1292 5255 qui
1340 5188 1486 5241 omni
1536 5205 1761 5246 munere

199 5274 389 5347 dignior
414 5285 516 5341 est,
544 5276 884 5347 intelligitur.
916 5274 1208 5331 Nazarazus
1231 5286 1411 5333 autem
1427 5278 1525 5334 llos
1542 5281 1758 5349 dicitur,

201 5368 299 5423 sive
323 5369 603 5423 munditia.
638 5370 837 5425 Vertex
886 5369 1071 5439 itaque
1122 5369 1461 5425 benedicitur
1494 5368 1757 5440 Nazarzei,

202 5473 304 5514 cum
328 5458 436 5514 Deo
466 5459 782 5514 attribuitur
806 5458 1115 5516 fructuosus
1138 5461 1226 5514 ille
1248 5462 1394 5516 nitor
1415 5473 1579 5533 atque
1604 5482 1762 5521 mun-

203 5548 448 5621 ditia,qua
470 5550 611 5606 Deus
631 5550 964 5621 conspicitur
987 5552 1172 5606 animi.
1210 5551 1366 5623 177
1394 5552 1543 5609 Inter
1565 5554 1763 5613 fratres

205 5651 360 5696 autem
389 5640 681 5697 Nazarreus
707 5652 823 5708 est,
860 5643 985 5712 quia
1015 5644 1489 5713 contemplationis
1544 5646 1763 5706 habitus

207 5735 565 5793 intercaeteros
594 5735 790 5791 mentis
814 5744 988 5790 status
1010 5750 1141 5805 _non
1192 5737 1367 5795 solum
1399 5755 1429 5794 a
1468 5739 1621 5810 vitio,
1664 5743 1762 5798 sed

612 5846 886 5906 ΡΔτιιοι..
906 5844 1140 5937 iCLVl.

1860 3265 2197 3335 principales
2225 3268 2459 3325 virtutes
2488 3271 2825 3341 reducimus,
2867 3291 3005 3347 quas
3031 3293 3131 3347 per
3162 3279 3451 3338 Trinitatis

1862 3370 2137 3424 amorem,
2190 3367 2247 3414 et
2298 3361 2463 3415 trium
2505 3362 2914 3432 prazmissarum
2981 3370 3451 3427 necessitudinum

1864 3448 2278 3504 exsecutionem
2317 3451 2592 3520 pertinere
2623 3452 2879 3520 facimus,
2922 3470 3045 3512 cum
3089 3458 3193 3515 illis
3230 3460 3454 3517 benedi-

1864 3537 2105 3593 ctionum
2160 3540 2332 3610 copiis
2381 3541 2450 3596 ad
2498 3542 2576 3610 id,
2622 3544 2768 3613 quod
2810 3554 2895 3600 est
2942 3546 3130 3615 Israel,
3174 3566 3296 3607 cum
3338 3553 3451 3610 Deo

1863 3628 2078 3684 scilicet
2107 3629 2478 3687 dilectionem.
2510 3631 2641 3687 Haec
2671 3632 2878 3689 locutus
2906 3647 2981 3690 est
3019 3638 3093 3693 eis
3120 3651 3272 3709 pater
3293 3658 3444 3708 suus,

1866 3717 2231 3792 benedixitque
2285 3720 2505 3792 singulis
2561 3723 3007 3782 benedictionibus
3068 3731 3316 3800 propriis.
3378 3732 3452 3787 Et

1863 3813 2112 3883 prwcepit
2161 3814 2235 3869 eis
2278 3814 2473 3869 dicens.
2520 3814 2660 3871 Dum
2705 3819 3012 3891 quibusque
3062 3824 3451 3893 cogitationum

1864 3903 2267 3975 affectuumque
2299 3905 2676 3976 qualitatibus,
2700 3909 2854 3964 utilia
2893 3912 3139 3981 spiritus,
3170 3914 3451 3969 interiori-

1866 4005 2038 4054 tatum
2066 3998 2320 4070 specialis
2346 4009 2657 4057 nostrarum
2685 4012 2863 4073 pater,
2900 4006 3126 4062 consilia
3151 4009 3449 4075 distribuit,

1865 4089 2021 4161 quasi
2051 4090 2277 4162 singulis
2305 4092 2541 4163 propriis
2568 4093 3042 4153 benedictionibus
3080 4099 3350 4155 valedicit.

1937 4180 2104 4236 Vsus.
2148 4180 2239 4248 29,
2267 4181 2792 4255 50.——Congregor,
2836 4173 3046 4258 inquit,
3082 4190 3153 4244 ad
3194 4191 3449 4262 populum

1866 4290 2072 4341 meum;
2112 4277 2406 4347 etsepelite
2444 4293 2526 4332 me
2555 4293 2674 4332 cum
2702 4280 2938 4349 patribus
2964 4283 3088 4336 meis
3118 4283 3173 4337 in
3201 4286 3449 4354 spelunca

1866 4366 2083 4437 duplici,
2131 4385 2251 4439 qua:
2296 4380 2372 4424 est
2420 4370 2479 4424 in
2526 4386 2655 4441 agro
2693 4368 2912 4441 Epltron
2969 4372 3214 4440 Hei/tari,
3267 4391 3450 4433 contra

1796 4490 1840 4544 ι)
1868 4457 2107 4515 Humbre
2139 4462 2193 4515 in
2218 4471 2360 4517 terra
2388 4461 2666 4529 Chanaan,
2699 4478 2858 4533 quam
2886 4465 3009 4517 emit
3036 4467 3303 4523 Abraham
3330 4486 3450 4525 cum

1864 4569 1992 4624 agro
2028 4553 2095 4608 ab
2145 4551 2361 4623 Ephron
2401 4553 2624 4609 Hetltwo
2676 4555 2733 4608 in
2772 4557 3148 4625 possessionem
3196 4563 3448 4631 sepulcri.

1862 4644 1945 4697 Ad
1986 4643 2239 4714 populum
2285 4662 2439 4715 suum
2467 4655 2848 4718 congregatur,
2897 4664 3021 4704 cum
3052 4652 3119 4706 ad
3162 4670 3357 4722 mores,
3396 4670 3452 4713 et

1863 4741 2023 4789 actus
2071 4733 2285 4790 ratione
2329 4736 2523 4806 dignos
2552 4738 2777 4809 spiritus
2805 4742 3026 4797 omnino
3074 4748 3445 4818 restringitur.

1863 4823 1932 4879 In
1952 4824 2199 4895 spelunca
2227 4827 2427 4897 duplici
2455 4847 2571 4885 cum
2594 4834 2833 4903 patribus
2860 4836 2974 4890 suis
3010 4839 3290 4909 sepelitur,
3323 4859 3447 4901 cum

1862 4925 1921 4973 et
1948 4918 2018 4974 ab
2049 4919 2377 4978 extrinsecis
2405 4923 2883 4996 delectationibus,
2911 4938 2967 4985 et
3009 4935 3446 4989 exterioritatmn

1862 5010 2177 5067 earumdem
2210 5012 2713 5086 imaginationibus,
2762 5035 2886 5077 cum
2912 5026 3259 5091 praematuris
3285 5027 3440 5096 spiri-

1864 5101 2095 5156 tualium
2159 5103 2438 5159 rationum
2524 5108 2797 5176 motibus,
2854 5110 2966 5164 acsi
3021 5125 3145 5164 cum
3190 5115 3447 5181 patribus

1862 5188 2241 5247 absconditur.
2283 5191 2469 5261 Potest
2530 5204 2586 5249 et
2629 5197 2881 5265 spelunca
2933 5196 3167 5267 duplex,
3198 5201 3445 5269 geminus

1865 5281 2029 5336 timor
2074 5282 2328 5353 intelligi,
2380 5299 2489 5354 quo
2525 5292 2581 5340 et
2629 5302 2787 5356 paena
2833 5290 3111 5352 metuitur,
3158 5290 3244 5344 vel
3294 5295 3444 5364 regni

1862 5372 2085 5428 amissio
2112 5374 2453 5443 proponitur.
2480 5373 2576 5429 His
2602 5389 2731 5444 ergo
2763 5375 2973 5441 duobus
3012 5394 3117 5434 non
3165 5380 3445 5438 immerito

1863 5478 2070 5535 pavore
2119 5475 2438 5522 contractus
2486 5475 2797 5532 coercetur,
2847 5477 2903 5522 et
2953 5473 3216 5543 exemplis
3254 5489 3443 5535 eorum

1864 5574 2095 5631 quorum
2134 5560 2492 5630 patet-nitates
2531 5557 2649 5630 (sic)
2681 5559 2906 5617 affectus
2934 5575 3270 5635 aggregatus,
3298 5584 3326 5621 a
3351 5585 3446 5624 sae-

1866 5650 1972 5704 culi
2002 5651 2227 5705 tut-bore
2255 5644 2485 5719 sopitur.
2608 5717 2613 5722 ,

1940 5739 2092 5798 llauc
2124 5741 2437 5812 speluncam
2476 5743 2539 5801 ab
2575 5743 2809 5818 Eplt‘ronv
2833 5744 3053 5801 Hetluro
3082 5749 3132 5803 in
3160 5750 3443 5819 possessio-

2864 5855 2931 5915 11
