3978 6332
541 371 639 425 551

1327 354 1391 408 v.
1425 346 1748 404 omnem:
1780 341 2072 399 seems
2101 341 2158 397 s.
2194 337 2433 397 manus
2475 337 2565 393 DE
2595 294 2992 393 uovtcumo

3694 332 3786 394 33.9.

542 498 660 539 nem
710 477 935 550 sepulcri
976 468 1235 525 Abraham
1282 462 1425 523 emit,
1480 474 1603 511 cum
1638 456 1861 525 spiritus
1902 454 2125 511 interio—
2156 455 2200 513 Α
2234 452 2415 507 smenli
2448 450 2909 521 corruptionibus,
2933 448 3196 502 virtutum
3228 446 3474 503 videlicet
3511 464 3575 504 ac
3603 454 3787 509 oratiO‘

543 588 666 631 rmn
697 545 935 641 gentium
968 561 1128 614 Pater
1152 557 1219 608 ab
1241 552 1432 605 affectu
1453 547 1682 641 carnali,
1703 545 2122 641 qni-pulverem,

544 665 597 719 id
638 634 727 717 est
746 669 907 713 curas
939 647 1158 704 inutiles
1206 652 1262 697 et
1309 639 1564 696 mteroris
1613 636 1716 692 sibi
1751 635 1940 704 injicit,
1981 645 2035 690 et
2060 634 2127 687 ad

543 730 767 825 reprobi
793 760 983 805 sensus
1016 732 1293 810 stuporem
1316 734 1643 825 quandoque
1682 730 1968 825 pertrahit,
2002 744 2129 784 scn-

546 818 704 906 suum
736 832 1289 907 imaginationumque
1320 820 1734 886 continentiam,
1778 819 1879 875 sub
1907 818 2128 874 obtentu

544 908 775 993 interna:
825 924 1025 999 quietis
1077 919 1226 977 omni
1294 917 1540 972 laborum
1606 910 1881 983 impendio
1942 907 2127 979 exigit.

544 1024 765 1095 Ephron
808 1026 990 1073 autem
1015 1013 1214 1069 dicitur
1238 1008 1407 1080 pulvis
1438 1004 1673 1095 inutilis,
1692 1002 1777 1058 vel
1810 1000 1976 1072 puluis
2008 1014 2134 1053 mae-

547 1092 716 1177 roris;
767 1110 1025 1165 Hethteus
1066 1114 1298 1174 stupens.
1349 1099 1414 1153 In
1460 1092 1597 1151 terra
1634 1092 1888 1149 Chanaan
1949 1097 2130 1142 contra

548 1204 786 1260 Mambre
838 1214 967 1271 ager
1005 1206 1108 1260 cst,
1137 1194 1263 1265 quia
1306 1192 1360 1247 in
1406 1188 1746 1251 terrenitate,
1777 1184 1867 1239 ubi
1894 1180 1948 1236 ’a
1985 1178 2135 1234 vitiis

548 1305 780 1366 negatur
821 1291 1014 1361 ptium,
1048 1285 1294 1357 quodest
1331 1280 1518 1335 virtuti
1546 1274 1895 1333 discretionis
1921 1280 1977 1325 et
2014 1285 2135 1366 per:

548 1360 860 1459 spicuitatis
937 1379 1270 1438 adversum,
1342 1369 1676 1427 conscientia
1735 1381 1897 1459 quam
1960 1360 2133 1459 excoli

551 1452 776 1531 necesse
811 1481 914 1532 est,
941 1468 1116 1540 jacet;
1142 1464 1226 1519 vel
1257 1477 1455 1533 corpus
1478 1468 1746 1522 nostrum,
1768 1456 1857 1511 ubi
1882 1452 2049 1524 quaeri
2080 1460 2136 1541 et

551 1565 659 1620 emi
685 1560 943 1618 convenit
965 1554 1194 1625 duplicis
1220 1552 1491 1622 speluncae
1514 1546 1842 1619 sepulcrum.
1874 1546 2135 1601 Chanaan

555 1656 699 1710 enim
746 1649 1173 1721 negotiationem,
1227 1642 1468 1697 Mambre
1499 1647 1657 1695 sonat
1708 1637 2005 1708 perspicua,
2050 1632 2137 1690 vel

551 1744 881 1798 divisionem.
1346 1742 1349 1745 ’

628 1833 792 1888 Vens.
834 1832 928 1885 51.
950 1859 1017 1870 -ο
1042 1827 1121 1881 Ibi
1166 1825 1478 1896 sepelierunt
1513 1838 1650 1886 eum,
1683 1831 1728 1873 et
1777 1819 1971 1874 Suram
2009 1833 2139 1871 u.ro-
2167 1798 2214 1857 Β

553 1943 662 1982 rem
682 1924 794 1996 ejus
817 1940 834 1977 :
864 1922 933 1975 ibi
961 1919 1191 1990 sepultus
1223 1928 1295 1971 est
1323 1915 1481 1971 Isaac
1502 1931 1616 1968 cum
1646 1912 1873 1966 Rebecca
1895 1912 2138 1980 conjuge.

548 2017 639 2073 ‘Ibi
684 2027 732 2071 et
770 2000 879 2069 Lia
925 2012 1137 2067 condita
1162 2009 1335 2078 jacet.
1383 2007 1658 2061 Abraham
1708 2020 1833 2059 cum
1880 2000 2015 2057 Sara
2069 1999 2143 2055 ibi

556 2110 836 2180 sepelitur,
862 2121 986 2161 cum
1011 2102 1149 2159 ratio
1172 2101 1259 2157 vel
1280 2100 1528 2171 spiritus,
1557 2099 1699 2169 quod
1727 2098 1867 2151 idem
1891 2104 1992 2161 est,
2019 2110 2141 2150 cum

556 2200 773 2254 subdita
805 2196 911 2252 sibi
935 2194 1216 2250 voluntate
1257 2192 1399 2246 bona
1442 2206 1472 2244 a
1519 2190 1748 2260 strepitu
1798 2188 2141 2251 interiorum,

546 2289 1001 2356 'exteriorumque
1032 2299 1311 2348 sensuum,
1362 2282 1505 2337 intra
1536 2290 1683 2352 septa
1717 2279 1932 2334 timoris
1962 2279 2142 2335 occul-

548 2376 729 2435 tatur.
760 2380 911 2435 lsaac
934 2386 992 2433 et
1018 2375 1261 2430 Rebecca
1285 2372 1496 2444 pariter
1518 2371 1850 2436 conduntur,
1874 2384 1996 2424 cum
2022 2383 2147 2438 spes

547 2468 750 2526 aeterni
798 2466 1001 2540 gaudii,
1077 2479 1200 2519 cum
1258 2462 1417 2517 unice
1478 2462 1580 2517 sibi
1632 2460 1822 2530 juncta
1885 2460 2144 2530 patientia

547 2560 786 2613 illorum
839 2563 1053 2611 secreto
1100 2555 1381 2607 miscetur.
1437 2550 1661 2605 Frustra
1715 2550 1859 2605 enim
1910 2550 2144 2620 palmam

548 2649 773 2721 'prmmii
823 2657 1031 2717 sperat,
1069 2643 1160 2714 qui
1199 2642 1429 2697 adversa
1473 2640 1739 2696 bellorum
1786 2654 1893 2694 non
1926 2638 2145 2693 tolerat.

565 2741 653 2794 lbi
700 2737 799 2792 Lia
820 2736 1036 2791 .zontlita
1067 2734 1234 2804 jacet,
1262 2732 1389 2802 quia
1441 2740 1551 2787 tota
1577 2745 1803 2801 operum
1835 2739 2146 2785 nostrorum

567 2830 925 2887 laboriositas
962 2828 1124 2883 simul
1172 2825 1515 2896 conquiescit
1540 2834 1595 2877 et
1634 2824 1867 2889 residet;
1897 2822 1975 2877 nil
2001 2823 2148 2877 enim

552 2924 819 2980 exterius
849 2928 1072 2989 usurpat
1101 2928 1194 2972 aut
1219 2916 1379 2971 volet.

640 3014 803 3068 V'Ens.
832 3011 923 3065 5'2.
950 3040 1020 3050 —
1049 3006 1342 3075 Finitisque
1386 3006 1648 3058 mandatis
1676 3004 1863 3075 quibus
1902 3004 2041 3074 ﬁlios
2071 3004 2151 3057 in—

576 3111 865 3165 struxerat,
927 3099 1127 3169 collegit
1179 3098 1331 3167 pedes
1394 3112 1516 3149 suos
1573 3112 1729 3164 super
1790 3094 2058 3158 lectulum,
2105 3103 2151 3147 et

2231 558 2357 595 num
2385 542 2688 597 condiendo
2709 541 2988 596 odoribus.

2304 633 2463 689 Vens.
2494 634 2546 688 5.
2573 664 2644 675 —
2675 633 2876 699 Quibus
2910 632 3063 702 jussu
3101 630 3443 702 explentibus,
3485 636 3787 691 transierunt

2230 725 2579 795 quadraginta
2624 725 2767 789 dies;
2810 726 2906 777 iste
2956 724 3146 793 quippe
3195 740 3304 776 mos
3341 733 3450 777 erat
3496 725 3786 781 cadauerum

2234 815 2577 869 conditorum.
2620 812 2888 885 Flevitque
2924 830 3040 867 eum
3076 812 3340 882 zEgyptus
3380 812 3562 865 diebus
3595 824 3788 882 septua-

2233 908 2401 976 ginta.
2443 904 2810 976 Quadraginta
2832 905 2942 959 dies
2966 913 3086 975 pust
3112 903 3479 959 conditionem
3508 914 3790 974 transeunt,

2233 1014 2357 1055 cum
2391 999 2720 1054 universitas
2761 996 3078 1068 temporalis
3114 995 3490 1067 prosperitatis
3529 996 3605 1049 uti
3639 1007 3792 1054 trans-

2236 1092 2395 1146 itoria
2433 1091 2836 1155 contemnitur,
2892 1098 3177 1160 postquam
3230 1096 3465 1144 mentem
3516 1089 3793 1158 Spiritualia

2237 1182 2563 1236 charismata
2588 1180 2856 1235 imbuunt.
2875 1179 3143 1235 Denarius
3155 1179 3298 1235 enim
3323 1195 3423 1249 pro
3443 1179 3793 1247 universitate,

2237 1273 2619 1342 quaternarius
2660 1287 2761 1341 pro
2800 1272 3224 1342 temporalitate,
3268 1271 3386 1327 dies
3411 1286 3511 1341 pro
3544 1273 3794 1342 prosperi-

2239 1372 2347 1420 tate
2370 1364 2608 1434 ponitur.
2652 1364 2729 1418 Ex
2757 1364 2843 1418 his
2886 1364 3135 1433 superius
3182 1372 3363 1419 actum
3405 1374 3510 1417 eet.
3551 1361 3640 1418 Sic
3667 1366 3794 1420 enim

2238 1456 2541 1521 cadaveris,
2569 1455 2621 1509 id
2654 1464 2739 1510 est
2768 1455 2968 1511 inﬁma:
3005 1464 3060 1511 et
3098 1455 3334 1510 ruinosae
3376 1465 3577 1511 nostra:
3616 1466 3799 1511 natura:

2238 1546 2417 1617 aliqua
2432 1545 2662 1601 ﬁrmitas
2691 1546 3096 1616 comprobatur,
3123 1545 3168 1601 si
3202 1545 3339 1600 nihil
3367 1561 3395 1600 a
3430 1545 3587 1601 nobis
3618 1556 3797 1617 tempo-

2240 1636 2428 1692 raliter
2452 1651 2773 1708 prosperum
2799 1638 3069 1707 cupiatur.
3103 1637 3208 1693 Per
3243 1637 3359 1694 dies
3391 1653 3584 1692 rursus
3612 1638 3798 1694 divino-

2240 1739 2361 1779 rum
2411 1740 2698 1781 munerum
2752 1726 3069 1797 splendores
3117 1727 3425 1798 signantur.
3486 1726 3799 1798 Septuaginta

2242 1832 2371 1890 ergo
2397 1817 2579 1873 diebus
2607 1817 2870 1889 .Egyptus
2901 1818 3067 1873 Iacob
3095 1821 3257 1889 flevit,
3283 1819 3409 1874 dum
3440 1834 3506 1873 ex
3531 1820 3799 1889 gratiarum

2242 1914 2585 1986 plenitudine
2615 1913 2865 1983 spiritum
2912 1922 3158 1968 nostrum
3190 1913 3428 1968 mundus
3469 1913 3569 1967 sibi
3616 1922 3798 1970 exstat.

2244 2014 2391 2060 ctum
2446 2002 2639 2059 doluit.
2689 2002 2907 2073 Septies
2954 2003 3077 2059 deni
3140 2003 3487 2074 septuaginta
3552 2012 3711 2069 sunt,
3752 2014 3799 2058 et

2246 2094 2589 2164 septenarius
2634 2093 2940 2163 plenarium
2971 2094 3100 2163 quid
3151 2094 3393 2164 ﬁgurans
3450 2093 3683 2157 denario,
3720 2110 3799 2149 cu-

2246 2187 2423 2243 stodia
2466 2185 2678 2242 scilicet
2723 2196 2927 2241 sanctae
2968 2187 3100 2257 legis
3142 2187 3459 2252 roboratur,
3502 2186 3624 2256 quia
3665 2202 3801 2256 super

2247 2282 2571 2331 trementem
2623 2274 2719 2329 Dei
2755 2274 2917 2330 verba
2960 2273 3197 2345 Spiritus
3238 2275 3587 2344 requiescere
3630 2274 3800 2329 dicitur

2247 2365 2403 2435 (Isai.
2432 2382 2585 2433 uvt,
2614 2366 2695 2437 2).

2319 2457 2481 2515 Vens.
2515 2460 2569 2525 4,
2601 2460 2656 2514 5.
2688 2490 2749 2500 -—
2788 2458 2855 2513 Et
2891 2459 3091 2529 expleto
3118 2459 3360 2528 planctus
3398 2468 3649 2528 tempore,
3679 2460 3800 2513 locu-

2248 2561 2330 2604 tus
2360 2560 2434 2605 est
2486 2549 2681 2620 Ioseph
2734 2550 2802 2602 ad
2855 2550 3115 2619 familiam
3169 2548 3520 2604 Pharaonis:
3560 2547 3615 2602 Si
3661 2551 3803 2604 inveni

2250 2644 2476 2713 gratiam
2516 2646 2569 2697 in
2622 2653 2896 2714 conspectu
2954 2655 3142 2710 vestro,
3191 2643 3476 2715 loquimini
3527 2645 3579 2697 in
3620 2645 3805 2698 auribus

2253 2731 2591 2799 Pharaonis,
2632 2750 2690 2788 eo
2738 2734 2882 2805 quod
2940 2745 3091 2805 pater
3136 2752 3283 2788 meus
3338 2735 3663 2805 adjurarerit
3709 2752 3803 2797 me,

2252 2824 2472 2879 dicens:
2514 2823 2593 2878 En
2626 2825 2841 2890 morior,
2876 2825 2933 2878 in
2972 2824 3211 2894 sepulcro
3251 2842 3365 2879 meo
3397 2827 3541 2895 quod
3573 2827 3675 2896 fodi
3700 2827 3804 2879 mihi

2254 2914 2311 2967 iu
2360 2922 2500 2967 terra
2554 2912 2812 2967 Chanaan
2840 2954 2855 2979 ,
2912 2913 3127 2984 sepelies
3178 2931 3278 2967 me.
3320 2914 3566 2986 Tempus
3607 2915 3809 2986 planctus

2255 3002 2537 3073 expletur,
2585 3018 2709 3057 cum
2762 3003 2991 3072 quilibet
3044 3005 3129 3057 vir
3177 3013 3444 3070 sanctus,
3516 3008 3603 3075 qui
3649 3005 3817 3059 saeculo

2260 3091 2487 3146 idoneus
2527 3092 2656 3147 olim
2702 3101 2842 3159 erat,
2885 3102 2941 3147 ct
2976 3093 3096 3148 ideo
3126 3093 3355 3163 periisse
3392 3095 3590 3148 mundi
3627 3094 3811 3148 honori-

572 3152 1190 3257 obiit";iappositusdque'
1223 3193 1297 3236 est
1358 3185 1428 3234 ad
1488 3152 1740 3251 populum
1789 3196 1965 3233 suum.
2028 3152 2155 3233 Post
2184 3152 2225 3209 (ἶ
2262 3180 2361 3236 bus
2390 3180 2763 3252 plangebatur,
2783 3152 2850 3236 ad
2879 3182 2980 3236 hoc
3007 3152 3180 3251 usque
3202 3198 3295 3252 per
3330 3184 3580 3238 studium
3610 3182 3813 3254 discipli-

575 3282 833 3335 tnandata
867 3276 1073 3347 colligit
1119 3273 1275 3345 pedes
1312 3289 1467 3342 super
1516 3271 1786 3336 lectulum,
1830 3271 1955 3340 quia
2009 3281 2157 3340 post-

574 3386 737 3440 quam
796 3369 863 3421 ad
915 3364 1134 3420 virtutis
1180 3364 1542 3418 instrumenta
1578 3362 1863 3432 pcrtigerit
1909 3360 2152 3421 allectus,

576 3464 677 3516 bac
721 3458 954 3527 illucque
984 3454 1292 3511 diﬂluentes
1337 3454 1481 3509 intra
1534 3453 1766 3507 fulcrum
1811 3453 2159 3507 conscientia:

571 3553 684 3621 jam
720 3561 927 3622 pacata:
954 3559 1008 3604 et
1054 3547 1264 3603 silentis
1290 3545 1592 3601 constituit.
1624 3543 1766 3606 Obit,
1811 3554 1867 3599 et
1904 3545 1972 3597 ad
1996 3560 2159 3614 popu-

576 3645 685 3697 lum
717 3642 1029 3712 apponitur,
1063 3654 1187 3693 cum
1227 3653 1257 3692 a
1295 3637 1647 3708 praesentium
1682 3635 1972 3691 desideriis
2015 3635 2162 3691 exci-

577 3735 732 3799 dens,
765 3734 831 3788 ad
863 3731 1118 3803 populum
1170 3730 1506 3783 internarum
1552 3725 1879 3782 seditionum
1929 3726 2163 3781 sollicite

578 3841 631 3886 et
679 3830 970 3903 vigilanter
1015 3826 1419 3884 observandum
1468 3822 1701 3893 diligens
1736 3834 1925 3879 custos
1971 3821 2163 3890 adjun-

578 3923 742 3991 gitur.

1231 4071 1459 4129 CAPUT
1501 4072 1558 4127 L.

653 4191 816 4243 Vens.
852 4189 899 4242 l.
944 4188 997 4240 ‘2.
1033 4185 1275 4251 ——Quod
1324 4203 1538 4240 cernens
1582 4185 1800 4256 Joseph,
1852 4186 1953 4238 ruit
2009 4199 2167 4253 super

584 4280 772 4350 faciem
804 4278 969 4347 patris
1012 4277 1143 4345 flens
1173 4284 1220 4327 et
1267 4273 1580 4329 deosculans
1614 4290 1755 4328 eum.
1804 4272 2165 4342 l’ra'cepitque

582 4369 741 4425 servis
767 4370 875 4423 suis
924 4367 1137 4421 medicis
1176 4375 1231 4421 ut
1274 4367 1597 4421 aromatibus
1624 4366 1893 4420 condirent
1936 4376 2159 4434 patrem.
2236 4382 2237 4385 η

581 4463 716 4517 Cum
746 4460 1188 4517 intellectualitas
1208 4460 1505 4516 secundum
1536 4459 1703 4530 1'78
1727 4460 1991 4513 humanas
2015 4466 2166 4511 astu-

584 4558 703 4620 tias,
736 4563 791 4608 et
825 4554 1006 4609 saeculi
1036 4552 1530 4622 concupiscentias,
1576 4552 1831 4622 spiritum
1878 4556 2166 4621 experitur

487 4626 495 4635 ’
584 4646 878 4717 exstingui,
908 4654 1111 4715 quanto
1140 4646 1416 4716 puriorem
1448 4644 1633 4710 sentit,
1669 4652 1823 4699 tanto
1861 4645 2084 4700 uberius
2113 4646 2164 4697 in

587 4735 781 4791 faciem
835 4750 1033 4800 ruere,
1092 4735 1160 4789 ad
1231 4733 1349 4803 ejus
1402 4735 1613 4790 scilicet
1686 4735 1935 4789 notitiam
1994 4734 2167 4804 magis

586 4826 863 4897 magisque
892 4826 1224 4896 sequendam
1267 4826 1527 4883 divinitus
1555 4827 1839 4883 consuevit
1869 4826 2037 4881 illabi.
2064 4826 2169 4881 Fa—

585 4919 724 4972 ciem
749 4934 849 4989 pro
885 4918 1077 4973 notitia
1116 4920 1245 4989 poni
1277 4916 1572 4987 Scriptura:
1618 4918 2031 4971 consuetudinis
2062 4926 2165 4971 est.

584 5006 724 5075 Flet,
769 5023 1004 5079 eumque
1044 5009 1408 5075 deosculatur,
1436 5025 1559 5064 cum
1591 5009 1873 5081 intentive,
1919 5020 1974 5073 et
2018 5009 2168 5063 omni

574 5102 951 5157 animositatis
978 5103 1370 5166 teneritudine,
1389 5116 1516 5171 erga
1550 5101 1939 5155 rationalitatis
1966 5102 2170 5157 bonum

588 5189 832 5246 aﬁlcitttr.
907 5189 1084 5245 Seruis
1133 5192 1241 5246 suis
1296 5191 1509 5244 medicis
1566 5190 1813 5261 praecipit
1854 5200 1916 5243 ut
1968 5200 2169 5259 patrem

589 5284 870 5347 condiant,
899 5281 1025 5351 quia
1045 5281 1273 5352 singulis
1295 5281 1597 5350 quibusque
1626 5281 1916 5338 luminibus
1944 5284 2170 5338 rationis

554 5375 762 5445 ipsius
817 5373 1068 5428 veritatis
1099 5414 1114 5437 ,
1156 5388 1242 5435 ,ac
1294 5373 1343 5426 si
1396 5373 1717 5428 clarissimae
1772 5374 1929 5431 faciei
1993 5377 2169 5432 l'urtna

590 5467 845 5538 cognitae,
876 5474 931 5521 et
980 5465 1182 5519 intima:
1234 5465 1593 5522 eharitudinis
1643 5454 1842 5523 osculis
1900 5470 2172 5542 applicitae

592 5569 785 5620 status,
841 5554 1215 5609 inﬁrmitatem
1273 5555 1483 5611 mederi
1540 5561 1900 5639 potentibus,
1965 5563 2171 5633 solique

594 5648 776 5703 divino
803 5643 1101 5698 intellectui
1126 5644 1562 5713 inscrvientibus,
1599 5652 1675 5705 de
1692 5646 1819 5706 cura
1838 5666 1839 5669 ‘
1856 5655 2171 5711 indesinen-

560 5749 680 5794 'ter
720 5733 1049 5800 sollicitatis,
1096 5737 1318 5804 spiritus
1367 5744 1611 5811 mandat,
1643 5738 1711 5803 ne
1753 5755 1941 5815 patere
1984 5750 2165 5806 sinant

2265 3287 2347 3327 nae
2396 3287 2456 3328 se
2491 3270 2697 3340 dejicit,
2732 3282 2792 3326 ut
2828 3272 2991 3326 etiam
3031 3288 3060 3326 a
3110 3273 3311 3327 sacculo
3337 3284 3732 3341 contemnatur,
3768 3281 3811 3325 et

2256 3363 2369 3432 jam
2420 3379 2527 3417 non
2572 3365 2748 3420 solum
2809 3364 2911 3419 sibi
2958 3365 3193 3419 mundus
3246 3366 3553 3421 cruciﬁxus
3592 3368 3686 3432 sit,
3739 3367 3817 3421 sed

2262 3456 2428 3512 etiam
2471 3456 2584 3525 ipse
2614 3456 2814 3510 mundo
2852 3455 3223 3526 cruciﬁgatur.
3260 3456 3431 3525 Hujus
3474 3474 3606 3532 ergo
3633 3459 3812 3514 intelle-

2263 3546 2519 3601 ctualitas
2558 3546 2628 3600 ad
2666 3546 2927 3615 familiam
2962 3545 3261 3601 Pharaonis
3312 3547 3579 3619 loquitur,
3606 3566 3715 3606 cum
3738 3564 3815 3605 co-

2264 3638 2555 3708 gitationes
2616 3636 2908 3692 all‘ectuum
2968 3638 3268 3692 carnalium
3326 3640 3540 3696 sentire
3580 3656 3693 3712 quae
3732 3655 3812 3695 sua

2265 3735 2390 3783 sunt
2433 3728 2779 3783 adhortatur.
2834 3728 3137 3783 Verborum
3180 3740 3360 3784 autem
3405 3746 3602 3789 sensus
3632 3741 3740 3788 est:
3769 3730 3816 3785 Si

2266 3821 2323 3875 in
2382 3822 2498 3891 ipso
2547 3822 3003 3879 considerationis
3050 3832 3248 3879 vestrae
3291 3828 3569 3893 examine,
3619 3829 3813 3897 gratiam

2268 3914 2533 3979 divinam,
2559 3930 2663 3969 non
2687 3914 2980 3970 humanam
3006 3915 3233 3985 gloriam
3262 3920 3546 3988 prosequi,
3578 3928 3630 3974 et
3648 3931 3817 3988 cupere

2269 4008 2538 4076 invenior,
2587 4011 2730 4081 agite
2775 4027 2874 4067 vos
2914 4013 3276 4083 cogitationes
3318 4029 3443 4068 cum
3500 4011 3817 4082 intelligentia

2270 4101 2498 4157 allectus
2532 4104 2801 4165 carnalis;
2835 4114 2891 4159 ct
2934 4106 3074 4175 apud
3120 4106 3294 4176 ipsum
3328 4115 3561 4163 tractate
3582 4115 3819 4179 quatenus

2268 4194 2530 4248 assentiat
2557 4195 2666 4264 juri
2699 4198 2961 4265 paterno,
2981 4198 3031 4252 id
3060 4206 3146 4253 est
3188 4198 3401 4269 legibus
3429 4200 3672 4266 rationis,
3714 4200 3820 4270 quia

2273 4286 2444 4339 emori
2491 4286 2691 4340 Steculo
2734 4286 2953 4357 delegit,
2991 4297 3045 4342 et
3085 4289 3330 4343 smculari
3382 4292 3691 4346 terrenitate
3729 4290 3818 4342 dis-

2275 4390 2467 4440 cussa,
2523 4378 2574 4432 in
2629 4394 2737 4448 qua
2788 4380 3077 4446 continua,
3120 4379 3276 4449 juxta
3323 4399 3523 4439 nomen
3572 4382 3819 4444 Chanaan,

2202 4493 2246 4546 ι)
2274 4471 2568 4525 [notatione
2601 4473 2849 4537 nutabat,
2879 4473 2945 4527 ab
2971 4475 3215 4529 externis
3248 4474 3567 4530 tumultibus
3594 4473 3818 4531 abscondi

2277 4561 2489 4630 quaerit.

2346 4652 2508 4706 Vens.
2560 4653 2613 4708 6.
2643 4656 3018 4710 ——Ascendam
3070 4659 3250 4727 igitur,
3289 4669 3335 4712 et
3382 4660 3627 4729 sepeliant
3651 4668 3823 4729 patrem

2273 4761 2469 4810 meum,
2498 4762 2559 4798 ac
2590 4756 2837 4799 revertar.
2870 4746 3115 4819 Dixitque
3156 4752 3203 4803 ei
3236 4749 3446 4805 Pharao
3475 4768 3492 4805 :
3519 4752 3760 4814 Ascende,
3786 4757 3823 4800 et

2240 4834 2432 4904 sepeli
2477 4847 2679 4905 patrem
2726 4846 2895 4902 tuum,
2943 4840 3077 4893 sicut
3132 4840 3417 4909 adjuratus
3452 4859 3522 4896 es.
3596 4841 3674 4895 Ab
3702 4839 3825 4899 imis,

2283 4926 2477 5003 inquit.
2522 4926 2809 4981 desideriis
2859 4930 3195 5000 progrediar,
3247 4941 3303 4985 ut
3354 4933 3581 4987 rationis
3610 4947 3722 5002 qua:
3756 4944 3825 4983 me

2276 5015 2460 5085 genuit
2492 5017 2873 5072 auctoritatem
2908 5018 3219 5075 coelestibus
3250 5022 3561 5078 inhazrendo
3594 5033 3756 5085 tuear,
3782 5010 3836 5073 ρι’

2276 5106 2356 5160 sic
2397 5107 2463 5160 ad
2496 5109 2727 5175 patriam
2776 5109 2925 5163 velut
2965 5111 3031 5164 ad
3065 5114 3366 5167 naturalem
3406 5115 3742 5179 conditionis,
3774 5127 3825 5164 ac

2276 5197 2551 5267 dignitatis
2577 5215 2710 5255 mete
2737 5201 2985 5257 ordinent
3016 5215 3274 5259 revertar.
3322 5207 3497 5263 Nutus
3525 5205 3824 5262 Pharaonis.

2277 5291 2591 5360 impotentia
2646 5303 2764 5360 est,
2812 5306 3003 5349 contra
3055 5297 3529 5355 intellectualitatis
3581 5299 3823 5356 excellen-

2278 5382 2430 5450 tiam,
2457 5387 2882 5457 repngnationis.
2912 5387 3118 5444 Caetera
3145 5402 3203 5445 ut
3226 5396 3490 5462 superius.

2348 5481 2512 5536 Vnus.
2574 5484 2626 5550 7,
2678 5485 2729 5539 8.
2760 5517 2827 5525 —
2856 5486 2972 5553 Quo
3028 5493 3359 5552 ascendente.
3409 5496 3597 5549 ierunt
3642 5504 3750 5545 cum
3793 5498 3847 5539 ιθ

2275 5592 2451 5629 omnes
2498 5594 2647 5632 senes
2699 5580 2884 5635 domas
2934 5579 3257 5650 Pharaonis,
3300 5589 3584 5658 cunctique
3632 5582 3833 5653 majores

2277 5677 2403 5719 natu
2457 5668 2630 5743 territa.
2660 5669 2914 5742 Egypti,
2966 5673 3150 5727 domus
3192 5674 3385 5744 Joseph
3439 5694 3551 5731 cum
3597 5673 3825 5747 fratribus

2276 5758 2407 5824 suis,
2428 5750 2619 5829 absque
2646 5763 2875 5830 paruulis
2900 5774 2946 5817 et
2964 5764 3223 5835 gregibus,
3259 5778 3413 5836 atque
3444 5758 3710 5831 armentis,
3732 5764 3828 5831 εἴων
