3982 6360
165 299 289 314 ο--υ

157 318 294 352 Oud

1236 292 1594 350 MORALIU.“
1635 291 1702 345 lN
1731 289 2023 345 GENESIN
2063 289 2188 346 LIB.
2214 288 2281 342 Χ.

3352 291 3459 343 531

157 410 625 478 derelmquerant
688 407 740 458 in
806 417 945 458 terra
1017 403 1258 466 πωπω,
1294 405 1412 474 Ipso
1477 402 1783 457 ascendente
1819 404 1858 458 Α
1886 397 2086 468 Sicque
2115 400 2323 469 septem
2365 398 2498 453 dirs'
2521 397 2833 466 implentur,
2869 399 2958 467 qui
2993 398 3117 452 dum
3145 414 3461 468 persevera-

171 518 384 554 omnes
427 515 570 553 senes
606 497 793 550 dont'ts
828 495 1147 559 Pharaonis,
1185 511 1307 549 cum
1341 511 1416 562 eo,
1453 509 1556 547 non
1596 509 1787 547 ascen—

177 593 359 654 dere,
396 592 490 644 sed
532 590 610 644 ire
653 589 928 652 dicuntur,
975 589 1101 654 quia
1159 585 1514 656 intelligentia
1561 583 1788 638 summis

177 683 475 744 inhiante,
513 679 623 748 jam
663 680 846 736 carnis
893 689 1071 732 motus
1110 677 1550 732 defervescent‘es
1585 683 1640 730 et
1671 676 1787 730 lan-

177 771 382 841 guidi,
425 775 612 833 velint,
644 767 843 827 nolint,
879 766 1250 838 spiritualitati
1291 766 1660 822 obsecundare
1699 779 1791 818 co-

181 868 444 930 guntur;
493 867 550 914 et
598 867 720 928 post
764 873 922 922 eam,
973 857 1059 911 vel
1104 873 1229 912 cum
1281 871 1343 910 ea
1389 855 1820 925 irrel‘ragabilesr

186 953 630 1022 pertrahuntur.
661 949 893 1020 Majores
917 959 1042 1003 natu
1073 959 1226 1003 terra:
1251 947 1470 1018 zEgypti
1495 957 1618 1003 sunt
1641 947 1792 1011 vitia,

189 1059 337 1114 qua:
385 1044 677 1115 originalia
723 1051 780 1098 et
821 1043 942 1096 ideo
991 1041 1296 1110 antiquiora
1349 1039 1548 1095 saeculo
1589 1039 1792 1094 insunt.

191 1136 340 1192 Haec
371 1144 593 1200 coeunt,
617 1135 742 1206 quia
769 1135 963 1190 obesse
984 1150 1089 1188 non
1116 1143 1359 1205 possunt.
1383 1134 1580 1188 Domus
1602 1133 1794 1202 Joseph

189 1243 332 1279 cum
379 1225 636 1295 fratribus
670 1226 801 1289 suis,
849 1225 952 1282 illa:
988 1220 1200 1280 scilicet
1243 1225 1493 1291 virtutes,
1522 1240 1643 1294 quae
1680 1240 1800 1294 spe-

195 1316 440 1370 cialiter
478 1315 932 1370 intellectualitati
968 1316 1306 1380 adnituntur,
1346 1325 1405 1369 nt
1434 1324 1560 1370 sunt
1590 1314 1798 1369 eteliba-

199 1420 342 1473 tus,
391 1409 657 1464 munditia
712 1409 908 1476 animi,
961 1409 1130 1464 otium
1187 1425 1216 1462 a
1273 1406 1582 1462 forensibus
1621 1407 1799 1470 curis,

202 1515 346 1553 nam
402 1500 607 1554 versari
645 1499 782 1554 Solet
829 1499 880 1554 in
928 1501 1011 1555 his
1055 1515 1177 1554 cum
1222 1493 1419 1553 animte
1458 1508 1512 1552 et
1560 1499 1802 1568 corporis

206 1593 384 1646 bonis
412 1589 659 1659 justititc,
692 1591 884 1646 matris
906 1593 1172 1654 omnium,
1203 1590 1348 1645 (iliis.

291 1683 506 1754 Absque
553 1683 789 1753 parvulis
824 1695 870 1736 et
911 1683 1174 1754 gregibus,
1213 1693 1261 1736 et
1315 1682 1587 1746 armentis,
1619 1681 1671 1735 id
1722 1689 1805 1735 est

207 1745 433 1845 absque
481 1745 566 1829 his
609 1791 730 1844 qua:
769 1745 1059 1828 inimatuia
1111 1745 1288 1828 adhuc
1344 1781 1470 1826 sunt
1510 1745 1700 1834 bonis,
1752 1778 1804 1825 et
1839 1745 1878 1802 Β

213 1865 652 1922 hebetudinibus
697 1867 1014 1922 naturaliter
1044 1867 1320 1936 ingenilis,
1361 1875 1417 1921 et
1443 1865 1805 1920 exterioribus

207 1959 529 2014 exercitiis.
573 1959 781 2028 Greges
837 1974 1072 2027 namque
1123 1959 1189 2012 ad
1239 1958 1671 2027 simplicitatem,
1718 1971 1806 2008 ar-

213 2057 416 2103 menta
456 2049 526 2102 ad
562 2048 1006 2117 procurationum
1044 2049 1277 2100 attinent
1313 2047 1572 2101 laborem.
1599 2045 1725 2099 Hice
1754 2045 1808 2098 in

217 2148 374 2191 terra
433 2139 626 2193 Gessen
681 2137 1172 2206 derclinqnnntur,
1222 2138 1349 2206 quia
1405 2152 1502 2205 per
1555 2136 1808 2190 stabilem

221 2231 588 2286 discretionis
633 2229 1008 2292 subtilitatem,
1057 2244 1161 2298 qua
1216 2229 1505 2299 palpationi
1556 2227 1810 2282 vitiorum

224 2321 728 2390 apprOpinquatur,
777 2321 892 2374 haec
941 2318 1559 2390 ad'contemplationem
1607 2319 1813 2389 pertin-

221 2427 382 2481 gere,
437 2425 542 2467 non
593 2413 834 2479 potentia
872 2411 1211 2465 solummodo
1267 2418 1428 2465 caute
1475 2411 1812 2466 discutienda

222 2501 602 2557 dimittuntur.
644 2501 797 2568 Quod
837 2509 1010 2556 totum
1055 2511 1160 2555 est.
1199 2500 1330 2567 Qua:
1361 2501 1460 2554 soli
1509 2501 1810 2555 actualitati

226 2595 598 2659 coniveniunt,
662 2594 742 2646 vel
801 2609 922 2662 qua:
986 2593 1204 2663 penitus
1257 2592 1481 2656 stolida,
1542 2602 1595 2646 et
1657 2593 1811 2662 quasi

225 2685 476 2754 pecnalia
521 2695 669 2749 sunt,
715 2685 1103 2754 speculationis
1130 2699 1342 2738 summa
1372 2699 1476 2736 non
1523 2687 1810 2738 scandunt.

311 2778 470 2830 Vens.
505 2777 558 2843 9,
590 2777 674 2830 10.
705 2807 772 2815 -
799 2775 995 2828 (inbuit
1030 2791 1234 2845 quoque
1263 2773 1318 2826 in
1347 2773 1597 2826 comitatu
1627 2789 1812 2824 currus

228 2881 280 2923 et
310 2869 508 2940 equites
538 2885 554 2922 :
586 2877 634 2920 et
672 2867 813 2935 facta
841 2876 915 2919 est
935 2866 1086 2919 turba
1118 2881 1219 2917 non
1261 2864 1487 2916 modica.
1525 2861 1814 2917 Venerunt-

231 2980 333 3034 que
362 2963 430 3016 ad
460 2978 636 3015 aream
677 2960 837 3021 Atad,
874 2974 991 3028 ante
1019 2958 1122 3010 sita
1170 2969 1242 3009 est
1291 2965 1438 3008 trans
1477 2953 1762 3008 Iordanem
1795 2972 1812 3008 :

235 3055 326 3108 ubi
369 3053 683 3107 celebrantes
721 3051 991 3118 exsequias
1026 3063 1214 3118 magno
1237 3047 1450 3117 planctu
1487 3055 1639 3116 atque
1669 3046 1790 3098 rene
1843 3083 1884 3140 Ο

235 3145 420 3206 merui,
451 3143 786 3214 implet-erunt
826 3151 1019 3211 septem
1055 3139 1184 3203 dies.
1217 3138 1274 3191 ln
1318 3137 1576 3191 comitatu
1619 3153 1812 3190 currus

240 3238 408 3292 habet
451 3244 508 3291 et
540 3235 770 3306 equites,
818 3235 944 3287 dum
995 3243 1050 3287 ct
1097 3232 1233 3285 alios
1283 3249 1377 3300 per
1406 3231 1718 3298 patientiam
1765 3231 1815 3282 in

244 3328 466 3382 modum
514 3341 711 3381 currus
753 3335 972 3393 portate
1003 3324 1130 3387 scit,
1163 3333 1219 3377 et
1266 3337 1463 3391 equum
1510 3321 1819 3390 temporalis

249 3419 438 3487 gloria:
481 3418 532 3470 in
573 3431 778 3470 morem
813 3413 974 3485 1'79
1007 3414 1196 3467 militis
1229 3425 1416 3481 regere
1446 3411 1614 3464 novit.
1659 3410 1820 3464 Novit

243 3509 388 3562 enim
439 3506 674 3560 tolerans
717 3519 820 3558 non
853 3518 972 3558 esse
1003 3502 1309 3571 condignas
1337 3500 1619 3571 passiones
1665 3501 1822 3570 hujus

249 3599 510 3670 temporis
546 3597 612 3652 ad
660 3596 896 3652 futuram
927 3595 1154 3666 gloriam
1190 3593 1367 3666 (Rom.
1401 3607 1539 3656 vui,
1578 3591 1686 3660 18).
1733 3592 1821 3657 Et,

248 3707 472 3762 sperare
511 3691 564 3745 in
609 3691 815 3745 incerto
841 3688 1151 3744 divitiarum
1187 3701 1294 3740 non
1333 3683 1552 3748 debere,
1593 3684 1822 3754 Aposto-

249 3784 356 3838 lum
409 3783 686 3838 monuisse
735 3781 837 3836 scit
890 3779 944 3850 (I
985 3779 1119 3832 Tim.
1169 3793 1243 3840 vi,
1285 3776 1391 3844 17).
1435 3775 1552 3828 Tali
1607 3775 1820 3830 cuidam

247 3876 604 3931 clamabatur.
639 3873 840 3927 Curras
889 3871 1060 3925 Israel
1103 3881 1151 3924 et
1189 3870 1374 3938 auriga
1403 3869 1536 3938 ejus
1560 3867 1665 3936 (IV
1691 3869 1820 3937 Reg.

253 3986 310 4034 ιι,
341 3967 448 4035 12).
486 3968 620 4020 Dum
652 3965 797 4020 enim
828 3979 922 4034 per
952 3962 1270 4033 patientiam
1307 3962 1543 4030 seipsum
1571 3977 1692 4014 cum
1725 3976 1820 4014 sua

257 4057 696 4128 concupiscentia
738 4056 928 4120 vincit,
955 4063 1009 4109 et
1050 4067 1251 4123 equum
1280 4051 1559 4106 saecularis
1589 4051 1822 4106 lascivia:

259 4150 520 4218 reprimit,
546 4147 732 4218 purior
769 4145 853 4200 his
889 4145 1178 4199 comitibus
1204 4145 1270 4198 ad
1307 4143 1572 4198 visionem
1607 4144 1824 4197 deitatis

221 4253 224 4258 '
259 4242 517 4304 ascendit,
549 4249 602 4294 ct
636 4238 749 4307 jam
771 4254 879 4292 non
919 4237 1150 4300 modica,
1183 4236 1276 4290 sed
1311 4236 1537 4304 insignis
1563 4235 1821 4289 virtutum

260 4336 618 4390 numerositas
665 4332 744 4386 lit.
785 4329 1041 4386 Jordanis
1069 4329 1263 4383 dicitur
1293 4329 1569 4381 descensus
1609 4343 1821 4391 eorum;

1890 498 1978 542 tur
2002 489 2054 542 in
2089 489 2286 543 talibus
2329 475 2693 558 spiritualium
2737 489 3126 546 charismatum
3169 489 3464 559 plenitudi-
3504 531 3513 546 .

1889 596 1988 635 nes
2013 579 2381 634 cumulantur.
2975 617 2979 620 -
3074 631 3080 634 ,.

1961 668 2126 725 Vens.
2152 671 2238 724 11.
2259 700 2328 710 ——
2358 669 2512 736 Quod
2539 686 2655 724 cum
2691 672 2933 727 vidissent
2961 674 3280 729 habitatores
3313 683 3466 730 terra:

1891 761 2169 825 Chanaan,
2189 761 2460 817 dixerunt:
2479 760 2733 816 Planctus
2748 780 2966 834 magnus
2984 767 3077 819 iste
3091 777 3165 821 est
3180 766 3466 836 ﬂgyptiis.
3500 803 3508 814 .

1894 852 2102 906 Idcirco
2157 850 2552 921 appellaverunt
2609 869 2797 906 nomen
2845 855 2951 909 loci
3015 857 3159 910 illius
3217 857 3506 912 Planctus.

1895 945 2135 1016 Egypti.
2172 942 2467 1012 Postquam
2488 944 2552 997 -hi
2598 945 2690 1013 qui
2723 954 2921 1000 terram
2964 948 3232 1012 habitant,
3264 958 3319 1004 et
3346 966 3467 1020 per-
3503 989 3508 992 ι

1896 1045 2058 1106 petuo
2111 1035 2312 1099 motui,
2365 1034 2509 1104 quod
2551 1044 2638 1088 est
2691 1032 2990 1099 Chanaan,
3026 1037 3335 1106 subjacent;
3377 1041 3510 1109 qui.

1901 1136 2174 1180 terrenum
2207 1124 2410 1180 habent
2438 1123 2871 1187 fundamentum,
2929 1141 3160 1194 quarunt
3212 1130 3263 1182 in
3320 1131 3475 1184 εαξη-ς

1899 1217 2242 1272 conversatio
2291 1232 2400 1272 non
2448 1227 2563 1283 est,
2611 1217 2840 1271 aliorum
2890 1219 3128 1272 studium
3181 1220 3464 1288 spiritu-ale

1902 1308 2215 1374 attendunt,
2287 1307 2640 1364 vehementer
2697 1307 3003 1370 mirantur,
3075 1317 3131 1361 et
3212 1310 3478 1364 mirantes

1901 1397 2237 1462 exhorrent,
2297 1399 2439 1468 quod
2487 1413 2612 1452 cum
2660 1397 2843 1452 saeculi
2899 1397 3094 1467 gaudia
3148 1408 3475 1467 suppetant,

1904 1491 2299 1546 indesinentise
2316 1506 2550 1548 moerere
2565 1501 2904 1546 consumant.
2927 1491 3081 1548 Unde
3107 1500 3164 1548 et
3191 1491 3481 1564 Egyptios

1905 1589 2134 1647 vocant,
2174 1596 2316 1652 quos
2349 1581 2494 1654 jugis
2541 1583 2776 1636 tristitia:
2820 1584 3058 1638 tenebris
3106 1587 3482 1654 pessnmdatos

1908 1673 2117 1736 vident,
2147 1683 2204 1727 et
2233 1673 2586 1738 monasteria,
2613 1673 2702 1727 nbi
2730 1673 2810 1726 lue
2837 1675 3196 1728 cohibitiones
3226 1687 3480 1746 aguntur,

1910 1765 2230 1820 barathrum
2274 1765 2570 1835 appellant,
2617 1765 2706 1819 ubi
2745 1765 2835 1818 lux
2883 1767 3210 1821 transitoria!
3236 1767 3487 1836 jucundi-

1910 1856 2036 1910 tatis
2065 1865 2118 1911 et
2137 1856 2432 1927 gloriarum
2464 1856 2715 1912 examina
2743 1872 2846 1910 non
2873 1868 3162 1928 apparent.

1983 1944 2142 1999 Vsus.
2167 1946 2257 2010 1'2,
2289 1945 2376 1999 13.
2414 1973 2488 1986 --
2519 1945 2778 1999 Fecerunt
2819 1963 2940 2018 ergo
2982 1947 3082 2016 ﬁlii
3129 1947 3297 2002 Jacob
3345 1951 3484 2004 sicut

1908 2047 2223 2107 prtcceperat
2250 2038 2344 2090 eis.
2374 2036 2439 2089 Et
2469 2047 2732 2105 portantes
2761 2055 2879 2091 eum
2902 2041 2954 2092 in
2981 2050 3172 2093 terram
3205 2040 3484 2106 Chanaan,

1911 2128 2224 2197 sepelierunt
2273 2145 2392 2181 eum
2432 2129 2489 2181 in
2509 2129 2756 2197 spelunca
2805 2130 3039 2198 duplici,
3089 2141 3199 2187 etc.
3253 2135 3491 2204 Spiritus

1915 2224 2104 2271 noster
2149 2225 2437 2286 postquam
2485 2217 2618 2270 vitia
2674 2218 3140 2288 supplantaverit,
3197 2222 3288 2276 lilii
3339 2223 3485 2292 ejus,

1915 2318 2094 2364 motus
2118 2309 2388 2370 videlicet,
2411 2306 2566 2374 juxta
2599 2309 2724 2370 Job,
2756 2311 3076 2367 fortitudine
3115 2312 3318 2368 robusti
3341 2316 3490 2387 (Job,

1914 2399 2006 2464 56,
2041 2400 2152 2470 19),
2206 2400 2365 2454 ﬁacile
2399 2400 2512 2470 jam
2548 2401 2791 2470 imperiis
2819 2403 2937 2471 ejus
2972 2403 3254 2468 obetlinnt,
3299 2408 3392 2460 sed
3424 2424 3492 2462 ne

1915 2493 1982 2546 de
2031 2493 2240 2547 viribus
2288 2493 2745 2562 supplantationis
2801 2493 3137 2561 clferantnr,
3195 2498 3247 2550 in
3296 2508 3492 2553 terram

1915 2581 2172 2636 Chanaan
2229 2597 2352 2636 cum
2396 2583 2510 2651 jam
2561 2591 2818 2651 portant,
2873 2585 3000 2638 dum
3047 2589 3383 2644 terrenitetis
3428 2605 3495 2648 ac

1916 2676 2294 2730 nmtabiiitatis
2326 2691 2460 2738 sum,
2491 2677 2578 2729 cui
2617 2677 2899 2746 snbjacere
2930 2677 3108 2734 adhuc
3133 2689 3332 2749 potest,
3365 2697 3496 2740 erm

1920 2777 2367 2820 commemorant.
2387 2765 2449 2818 In
2471 2766 2717 2836 spelunca
2741 2783 2996 2822 sensuum
3023 2769 3493 2840 imaginationmn-

1911 2873 2024 2931 'que
2051 2861 2403 2915 continentia:
2420 2871 2760 2927 contutatnr,
2777 2877 2899 2920 eum
2922 2877 2950 2914 a
2968 2858 3234 2932 potestate
3253 2865 3491 2936 Ephron,

1920 2950 1970 3006 id
2008 2960 2093 3004 est
2121 2951 2358 3004 carnalis
2394 2949 2640 3014 allectus,
2687 2949 2841 3018 cujus
2868 2952 3288 3008 sollicitudinum
3333 2957 3497 3011 inuti—

1919 3043 2049 3097 lium
2074 3043 2294 3112 pulvere
2319 3045 2698 3106 abst-uramur,
2735 3053 2860 3097 sunt
2887 3045 3031 3100 enim
3052 3056 3106 3099 et
3135 3045 3296 3100 utiles
3316 3063 3494 3113 cura);

1922 3136 2099 3206 pretio
2125 3135 2352 3189 internte
2381 3134 2686 3189 dev0tionis
2708 3136 2962 3205 exigitur,
2995 3147 3054 3191 ut
3079 3145 3273 3192 contra
3302 3137 3496 3196 faciem

1922 3226 2192 3291 Mambre,
2241 3227 2292 3279 id
2322 3216 2424 3290 est,
2459 3227 2524 3280 ad
2555 3225 2805 3282 subtilem
2852 3228 3194 3285 discretionis
3237 3233 3500 3301 cognitio-

1923 3334 2048 3373 nem
2074 3319 2359 3388 dirigatur.
2387 3319 2576 3387 (Vens.
2607 3318 2720 3387 11.)
2757 3318 3108 3390 Rerersusqne
3135 3331 3208 3376 est
3229 3322 3422 3392 Joseph
3446 3326 3501 3379 in

1925 3408 2211 3479 Egyptian
2253 3425 2370 3462 cum
2402 3408 2652 3476 fratribus
2682 3410 2790 3463 suis
2819 3418 2864 3462 et
2915 3413 3056 3465 omni
3104 3415 3378 3478 comitatu,
3419 3433 3502 3470 sc-

1925 3500 2070 3569 pm’to
2113 3509 2283 3567 patre.
2336 3497 2445 3551 Etsi
2501 3499 2726 3565 spiritus
2771 3508 2955 3554 noster
3000 3516 3031 3556 a
3081 3503 3264 3558 surculi
3293 3507 3502 3562 actibus

1927 3591 2067 3661 apud
2114 3605 2171 3646 se
2211 3592 2582 3654 absconditur,
2633 3593 3114 3648 intellectualitatis
3157 3605 3338 3652 tamen
3379 3615 3498 3654 cum

1925 3683 2137 3736 caeteris
2163 3683 2446 3737 charitatis
2473 3683 2664 3738 matris
2697 3699 2971 3753 germanae
3017 3689 3117 3742 sibi
3145 3688 3352 3756 junctis
3381 3692 3504 3746 feti-

1923 3773 2046 3839 bus,
2078 3774 2142 3828 ad
2171 3774 2486 3845 Egyptum,
2529 3777 2984 3840 recordationem,
3033 3781 3283 3842 videlicet
3307 3787 3499 3838 condi-

1924 3864 2143 3918 tionalis
2184 3876 2295 3918 sua:
2337 3866 2673 3936 ignorantiae,
2707 3877 2761 3922 et
2786 3869 3136 3925 obscuritatis
3168 3889 3390 3928 necesse
3419 3886 3502 3931 est.

1925 3967 2250 4022 revertatur,
2286 3960 2426 4012 sicut
2458 3960 2671 4030 Iypicns
2700 3959 2868 4015 Jacoh
2907 3964 2972 4016 ad
3010 3971 3210 4019 terram
3242 3966 3502 4023 Chanaan

1923 4051 2174 4120 superius
2195 4065 2226 4105 a
2249 4051 2671 4121 cogitationibus
2700 4061 3025 4121 reportatur.
3054 4054 3504 4113 Unde-Dominus

1922 4158 2020 4213 per
2049 4142 2285 4197 Isaiam:
2328 4143 2604 4197 Descendit
2627 4144 2847 4212 populus
2893 4161 3038 4200 meus
3089 4146 3141 4199 in
3191 4148 3502 4220 Egyptum,

1925 4246 1980 4288 ut
2010 4235 2224 4289 colonus
2269 4244 2398 4289 esset
2430 4235 2500 4288 ibi
2542 4235 2698 4305 (lsai.
2748 4251 2842 4297 ut.
2877 4235 2966 4306 .1);
3020 4247 3075 4292 et
3121 4239 3329 4294 diceret
3379 4259 3502 4296 cum

1925 4327 2242 4383 Psalmista:
2275 4326 2523 4382 Habitari
2549 4344 2662 4380 cum
2689 4329 3046 4382 habitantibus
3070 4329 3260 4393 Cerlar,
3281 4333 3506 4388 multum

259 4445 358 4481 nan
396 4437 476 4482 est
516 4421 680 4480 'lnrha
728 4425 960 4487 modica,
1004 4438 1164 4492 quam
1203 4422 1442 4491 profecto
1483 4425 1820 4476 commendat
1859 4444 1900 4496 ι)
1927 4418 2098 4472 incola
2129 4419 2228 4485 fuit
2250 4419 2428 4472 anima
2456 4435 2567 4470 mea
2595 4417 2766 4486 (I’sal.
2793 4434 2941 4479 CXIX,

264 4517 534 4570 humilitas
585 4515 851 4579 maxima,
901 4515 1026 4580 quia
1076 4527 1184 4581 quo
1233 4511 1511 4582 pulchrior
1561 4521 1644 4565 est
1693 4528 1824 4566 con-

265 4607 502 4671 scientia,
534 4606 678 4659 nnvit
706 4605 857 4674 juxta
887 4603 1236 4672 Prophetam,
1271 4615 1325 4656 et
1351 4617 1540 4657 sonum
1565 4604 1818 4662 nominis.

265 4714 376 4753 cum
406 4699 516 4751 suis
543 4697 747 4750 viribus
775 4697 1103 4750 descendere
1135 4695 1186 4748 in
1219 4695 1422 4764 seipsa.

329 4789 499 4844 Trans
531 4787 822 4842 Jortlanem
866 4801 996 4854 ergo
1029 4800 1153 4838 area
1208 4787 1310 4840 sita
1357 4795 1468 4849 cst,
1512 4786 1636 4855 quia
1681 4799 1826 4856 post-

267 4895 419 4954 quam
455 4895 483 4932 a
516 4879 697 4934 mundi
742 4892 928 4932 amore
959 4887 1014 4930 et
1065 4875 1276 4946 pompis
1319 4875 1435 4946 ejus
1467 4879 1630 4931 corda
1660 4877 1826 4946 (lt-po-

269 4976 453 5036 niiuus,
478 4971 610 5025 etad
635 4970 727 5023 Dei
753 4968 1067 5023 servitutem
1093 4982 1193 5021 nos
1212 4975 1266 5021 et
1286 4978 1470 5020 nostra
1488 4967 1823 5036 subjicimus,

270 5068 325 5119 ad
345 5079 525 5117 aream
549 5061 932 5115 intestinarum
960 5057 1294 5128 passionum,
1324 5059 1411 5112 ubi
1441 5059 1610 5111 virtus
1641 5076 1668 5113 a
1695 5061 1826 5114 vitio

273 5157 558 5213 tolerantia:
597 5154 793 5208 trihnla
842 5151 1162 5215 discutitur,
1192 5151 1637 5220 propinquamus.
1667 5156 1827 5208 Acce-

271 5251 383 5304 dens
414 5248 482 5301 ad
533 5247 698 5300 Deum
739 5255 820 5299 sta
847 5245 898 5297 in
922 5243 1135 5314 justitia
1164 5253 1211 5295 et
1245 5243 1458 5305 timore;
1504 5251 1550 5295 et
1587 5261 1828 5314 prtepara

273 5339 491 5394 animam
523 5347 670 5390 tuam
709 5337 777 5389 ad
817 5335 1153 5390 tentationem
1187 5330 1356 5404 (Eccl.
1387 5348 1449 5398 ιι,
1493 5332 1566 5401 1).
1599 5331 1652 5388 In
1699 5350 1827 5390 area

274 5431 403 5486 enim
432 5430 673 5484 triticum
706 5444 732 5481 a
759 5428 909 5496 palea
941 5426 1164 5480 terendo
1183 5424 1529 5478 discernitur.
1566 5425 1638 5478 lbi
1669 5424 1829 5482 huius

273 5524 476 5595 planctu
515 5522 820 5577 vehementi
882 5519 1233 5580 celebratur,
1291 5515 1416 5585 quia
1477 5516 1826 5575 mortilicalio

279 5613 631 5669 membroru’m
669 5629 830 5683 super
861 5624 1058 5668 terram
1101 5627 1207 5666 non
1239 5611 1345 5667 nisi
1385 5626 1619 5666 moerere
1645 5655 1660 5676 ,
1688 5617 1828 5682 quod

282 5710 411 5765 nullo
440 5713 784 5780 prrescntium
817 5712 1009 5782 gaudio
1055 5709 1208 5764 leniri
1258 5711 1450 5780 possit,
1504 5709 1824 5764 acaniritur.

1991 4510 2164 4564 'Vsns.
2195 4511 2282 4571 15,
2315 4511 2403 4574 16,"
2438 4509 2739 4572 17.—-Qno
2769 4519 2996 4571 mortuo,
3032 4512 3280 4570 timentes,
3313 4517 3505 4583 fratres

1927 4602 2061 4669 ejus,
2090 4612 2136 4653 et
2177 4613 2357 4653 murno
2381 4599 2762 4670 colloquentes:
2797 4599 2878 4652 Ne
2899 4600 3033 4668 forte
3054 4618 3249 4656 menter
3279 4605 3345 4658 sit
3365 4610 3507 4678 quod

1928 4685 2168 4760 fecimus,
2192 4692 2565 4744 vitandarcrrmt
2591 4693 2638 4743 ei
2653 4704 2670 4740 :
2692 4687 2871 4752 Pater,
2897 4691 3302 4760 inquinnl,tuus
3317 4711 3506 4767 prrrce-

1927 4783 2002 4850 pit
2029 4782 2176 4835 nobis
2205 4792 2484 4851 antequam
2511 4792 2815 4849 moreretur,
2835 4797 2889 4839 ut
2914 4784 3024 4838 ἔπτυε
3047 4787 3140 4840 tibi
3167 4789 3331 4845 verbis
3358 4791 3504 4846 illius

1929 4877 2250 4929 diceremus:
2272 4875 2495 4930 Obsecro
2513 4888 2566 4928 ut
2583 4875 2903 4930 obliviscaris
2929 4877 3137 4933 sceleris
3153 4879 3375 4949 fratrum
3391 4894 3506 4937 tuo-

1929 4983 2067 5033 rum,
2093 4977 2139 5022 et
2160 4968 2358 5038 peccati
2383 4976 2534 5036 atque
2561 4967 2778 5022 malitia:
2798 4985 2953 5038 quam
2977 4981 3315 5024 erercuerun:
3339 4973 3394 5024 in
3433 4983 3500 5027 te.

1930 5061 2219 5131 Postquam
2235 5060 2418 5114 mundi
2436 5061 2649 5116 astutia:
2667 5061 2889 5131 spiritus
2905 5071 3086 5115 noster
3099 5065 3380 5126 emoritur,
3399 5064 3507 5119 fra-

1932 5158 2044 5206 tres
2070 5149 2139 5204 de
2166 5147 2362 5217 injuria
2386 5164 2545 5219 quam
2575 5149 2876 5204 intulerunt
2926 5150 3141 5211 timent,
3175 5151 3298 5219 quia
3328 5153 3504 5208 virtu-

1932 5254 2012 5298 tes
2045 5244 2112 5298 de
2145 5243 2323 5298 minus
2371 5241 2562 5296 idonea
2599 5241 2900 5296 stabilitate
2943 5255 3008 5294 ac
3036 5241 3302 5304 munditia
3338 5250 3506 5314 penes

1934 5335 2238 5391 intellectus
2266 5334 2648 5389 excellentiam
2687 5333 3011 5388 erubescere
3040 5333 3232 5398 solent,
3251 5339 3320 5392 "et
3346 5354 3415 5394 ne
3437 5341 3505 5393 ab

1931 5429 2049 5498 ejus
2072 5427 2246 5498 gratia
2276 5426 2566 5497 pmnaliter
2597 5423 2848 5479 decidant
2885 5423 2938 5478 in
2978 5425 3132 5490 vitia,
3175 5442 3279 5482 non
3299 5429 3502 5488 ,imme-

1893 5549 1896 5552 λ
1931 5522 2040 5574 rito
2087 5519 2377 5588 trepidant.
2420 5517 2496 5571 Ac
2542 5515 2587 5569 si
2629 5514 2917 5569 dicerent:
2965 5514 3281 5586 .Spiritualis
3307 5515 3504 5582 virtus,

1935 5629 2001 5666 ex
2035 5627 2138 5681 qua
2173 5625 2293 5665 esse
2325 5603 2530 5672 habes,‘
2553 5609 2677 5662 dum
2710 5607 2764 5662 in
2799 5603 3174 5662 inortiiicando
3212 5619 3374 5677 super
3399 5617 3505 5661 ter-

1938 5719 2051 5760 ram
2087 5702 2329 5759 membra
2375 5701 2587 5757 laborat
2622 5701 2689 5757 ad
2731 5717 2900 5772 quam-
2941 5701 3264 5756 nnivcrsitas
3304 5700 3503 5754 interni
