3952 6360
462 362 587 423 33.5

1294 344 1356 398 ν.
1399 336 1715 400 GUIBERTI
1756 331 2045 391 ABBATIS
2068 326 2128 387 S.
2162 320 2404 384 MARle
2434 320 2521 377 DE
2561 314 2957 376 NOVIGENTO

3655 308 3778 366 336

482 475 701 534 roboris
728 470 945 534 attinet,
979 464 1107 520 dum
1138 458 1355 532 penitus
1380 454 1523 525 quod
1551 449 1716 506 oﬁieit
1744 446 2064 503 abscindere
2092 444 2139 499 Α
2165 441 2294 497 vidit
2322 416 2583 506 Ephraim
2610 431 2750 501 ﬁlios
2790 446 2953 501 usque
2989 428 3060 482 αά
3094 425 3303 482 ("liam
3343 423 3779 496 generationem-

439 556 592 624 ἰιοιι
636 561 927 636 praevalet,
984 563 1302 612 caeterarum
1348 545 1627 611 virtutum,
1657 538 2064 609 subjaeentium

485 628 839 712 inﬁrmitates
885 662 951 702 ac
999 639 1356 713 negligentias
1393 642 1655 698 excusat;
1688 631 1816 701 quia
1859 628 1915 683 in
1959 641 2067 698 quo

486 748 635 819 regis
665 740 948 800 imbecillis
977 734 1251 791 invenitur
1292 729 1616 791 auctoritas,
1648 723 1881 779 militum
1910 720 2071 776 valde

488 815 671 910 torpet
699 834 979 890 alacritas.
1016 825 1317 899 Fragilium
1343 837 1476 893 ergo
1505 821 1707 910 quibus
1728 818 1858 873 olim
1890 815 2069 886 subja-

488 904 702 989 cuimus
725 935 969 982 motuum
1003 918 1359 981 obliviscere,
1376 923 1455 979 et,
1478 921 1540 967 ut
1566 909 1662 966 tibi
1689 907 1972 977 competit,
2000 904 2070 960 ad

487 1033 720 1094 superna
745 1012 1036 1072 contende.
1079 1006 1193 1063 Nos
1230 1019 1434 1077 quoque
1461 1016 1693 1065 oramus,
1725 996 1987 1068 inquiunt,
2015 1004 2070 1048 ut

485 1083 645 1167 servis
666 1107 766 1162 Dei
792 1104 960 1175 patris
983 1100 1063 1155 tui
1088 1098 1323 1151 dimittas
1352 1090 1680 1163 iniquitatem
1703 1089 1856 1141 Itane.
1887 1083 2073 1140 Servis

483 1202 581 1258 Dei
611 1199 791 1270 patris
822 1194 908 1250 sui
944 1189 1288 1261 iniquitatem
1322 1181 1547 1243 dimitti
1574 1187 1789 1251 rogant,
1822 1177 1948 1232 dum
1976 1189 2073 1245 per

486 1269 873 1363 intelligentia:
913 1298 1165 1356 supernae
1214 1280 1320 1335 vim
1356 1276 1592 1333 statibus
1621 1270 1809 1336 animi,
1834 1269 1946 1324 Deo
1982 1282 2073 1321 ra-

493 1359 827 1444 tionalitatis
857 1375 1066 1433 auctori
1095 1372 1300 1430 servire
1322 1366 1647 1431 volentibus,
1678 1359 1899 1419 desidiae
1920 1367 2074 1414 vete-

494 1479 576 1534 ris
596 1487 798 1530 noxam
830 1466 1039 1538 expiari
1064 1463 1363 1535 postulant.

558 1563 736 1620 ’Vsus.
802 1562 889 1625 l8,
938 1558 1025 1613 19.
1056 1583 1126 1597 -
1162 1552 1364 1621 Quibus
1434 1549 1633 1604 auditis
1680 1546 1818 1617 ﬂevit
1858 1542 2074 1612 Ioseph.

503 1658 873 1724 Veneruntque
904 1651 974 1705 ad
1014 1665 1131 1704 eum
1165 1648 1357 1716 fratres
1387 1644 1492 1709 sui,
1524 1651 1570 1697 et
1606 1640 1759 1710 proni
1789 1639 1845 1691 in
1884 1645 2077 1690 terram

495 1748 743 1802 dixerunt
765 1757 786 1797 :
821 1742 975 1799 Servi
1000 1740 1076 1794 tui
1104 1753 1305 1793 sumus.
1334 1732 1537 1799 Nolite,
1567 1734 1665 1796 ait,
1702 1731 1882 1784 timere
1907 1740 1923 1779 :
1955 1741 2079 1780 num

495 1851 778 1910 possumus
821 1833 919 1888 Dei
959 1832 1200 1887 resistere
1248 1815 1508 1883 voluntati
1523 1824 1548 1878 1’
1582 1822 1750 1877 Audit
1793 1819 1991 1910 Joscph
2028 1825 2085 1871 et

497 1909 622 1997 ﬁet,
653 1942 780 1984 cum
820 1923 1211 1995 cogitationum
1242 1916 1609 1974 humilitatem
1663 1910 1729 1968 ad
1776 1909 2085 1966 intellectus

499 2021 737 2092 gratiam
770 2012 1085 2087 eompungit
1105 2019 1160 2067 et
1184 2015 1485 2081 permovet.
1516 2003 1722 2059 Audire
1752 2000 1806 2056 in
1840 1998 2087 2069 Scriptu-

507 2090 589 2170 ris
613 2110 920 2182 intelligere
940 2105 1158 2169 dicitur,
1190 2097 1560 2172 utApostolus
1588 2112 1604 2151 :
1633 2091 1891 2148 Animalis
1926 2090 2088 2161 ιεο

500 2210 657 2264 homo
678 2221 782 2260 non
807 2200 1153 2274 percipitqiw
1170 2204 1291 2252 sunt
1305 2193 1521 2264 spiritus
1535 2189 1631 2244 Dei
1663 2187 1713 2258 (I
1736 2186 1861 2242 Cor.
1888 2200 1948 2247 ιι,
1970 2182 2084 2252 15),

506 2311 689 2367 neque
718 2273 865 2349 enim
888 2289 1064 2354 audit,
1100 2287 1161 2343 id
1183 2295 1269 2342 est
1299 2281 1569 2352 intelligit.
1595 2278 1836 2335 Veniunt
1858 2273 1926 2367 ad
1968 2288 2088 2367 eunt

508 2362 729 2461 fratres,
775 2398 898 2440 cum
930 2393 1163 2453 qumque
1191 2377 1426 2432 virtutes
1459 2371 1535 2427 illi
1571 2379 1832 2441 prospere
1860 2362 2089 2419 admini-

505 2456 793 2541 eulantur;
841 2472 1003 2543 proni.
1038 2471 1093 2525 in
1132 2477 1328 2524 terrain
1368 2470 1555 2528 ruunt,
1602 2460 1729 2516 dum
1765 2456 1820 2512 in
1849 2464 2091 2510 contem-

505 2570 707 2643 plando
734 2565 981 2623 etelestia
1015 2562 1203 2619 desua
1232 2556 1526 2630 fragilitate
1547 2545 2093 2643 humiliantur,_quod

504 2636 744 2735 hioyses,
776 2668 832 2715 et
854 2656 1051 2721 lsaias,
1087 2655 1199 2710 Deo
1224 2650 1328 2707 sibi
1353 2655 1676 2719 apparente,
1697 2640 1793 2701 scd
1813 2648 1867 2698 et
1896 2638 1985 2694 alii
2015 2636 2095 2693 fe-

506 2755 653 2813 cisse
678 2752 955 2823 leguntur.
989 2744 1163 2809 Servi,
1198 2742 1471 2812 inquiunt,
1506 2738 1584 2793 tui
1606 2744 1809 2805 sumus,
1839 2735 1966 2807 quia
1988 2747 2094 2788 non

507 2846 638 2906 imis
662 2841 969 2903 desideriis,
1001 2836 1098 2893 sed
1128 2848 1386 2905 superna:
1412 2830 1599 2902 gloriae
1633 2829 1984 2899 invigilantes
2015 2824 2098 2880 in-

511 2927 910 2991 tellectualitati
955 2923 1331 2983 obsecundare
1377 2919 1650 2976 volumus.
1701 2916 1781 2973 Ne
1832 2914 2094 2980 timeatis,

512 3026 617 3093 ait,
649 3034 863 3081 summa
892 3025 1171 3089 appetere,
1218 3015 1344 3085 quia
1396 3029 1502 3070 non
1554 3024 1843 3083 possumus
1877 3007 1971 3065 Dei
2004 3020 2097 3062 vo-

512 3112 711 3171 luntati
743 3110 1020 3166 resistere.

587 3205 754 3261 Vnus.
783 3202 876 3257 20.
915 3230 984 3243 -—-
1026 3197 1140 3254 Vos
1170 3196 1309 3252 enim
1339 3193 1609 3265 cogitastis
1637 3193 1702 3248 de
1743 3208 1823 3247 me
1870 3190 2095 3256 malum,

507 3311 562 3357 et
588 3300 733 3356 Deus
764 3295 910 3353 vertit
941 3291 1075 3348 illud
1102 3291 1172 3345 in
1218 3288 1435 3356 bonum,
1464 3296 1519 3340 ut
1549 3285 1802 3341 exaltaret
1832 3302 1931 3352 me,
1962 3286 2099 3339 sicut

502 3395 576 3449 .in
617 3388 1023 3463 praesentiarum
1071 3382 1307 3444 cernitis,
1355 3390 1403 3434 et
1453 3377 1625 3433 salvos
1672 3377 1865 3447 faceret
1908 3373 2098 3428 multos

512 3485 755 3555 populos.
778 3479 937 3548 Quod
960 3484 1048 3535 est
1068 3475 1253 3529 dicere
1275 3489 1287 3525 :
1306 3469 1568 3537 Velimus,
1586 3468 1919 3533 nolimus,ad
1942 3482 2100 3522 suum

516 3591 617 3631 vos
646 3574 790 3629 Deus
815 3569 956 3626 velle
980 3564 1493 3632 eontraxithetcum
1521 3561 1589 3616 de
1618 3558 2104 3616 intellectualitatis

518 3664 843 3736 reiectione,
883 3673 949 3715 ac
986 3658 1033 3713 si
1088 3656 1299 3726 cupida:
1336 3651 1692 3708 mediocrium
1738 3649 1806 3704 de
1858 3646 1977 3716 ejus
2024 3645 2106 3700 ui-

520 3758 748 3815 mietate
803 3758 1096 3809 causantes
1156 3746 1565 3818 cogitaveritis,
1629 3750 1758 3799 sunt
1813 3742 1960 3795 enim
2012 3739 2104 3810 qui

521 3849 786 3904 aﬁectant
829 3842 1028 3905 media,
1079 3840 1173 3896 sed
1214 3838 1390 3910 magis
1420 3837 1523 3893 sub
1570 3835 1674 3890 hoc
1722 3831 1904 3888 colore
1952 3830 2103 3885 vitia.

523 3941 670 3995 Deus
698 3937 763 4007 ad
801 3933 909 3991 mei
950 3930 1338 3988 exaltationem
1390 3927 1528 3998 ipsis
1555 3925 1712 3981 vobis
1744 3920 1987 3979 ostendit
2023 3921 2106 3977 ei-

524 4031 782 4097 t‘ectibus,
825 4026 969 4098 quod
1019 4024 1074 4080 in
1118 4038 1204 4078 me
1248 4020 1559 4079 contineam
1612 4016 1835 4081 bonum,
1876 4015 2106 4084 etquod

527 4122 649 4178 sine
675 4131 1033 4189 supernorum
1081 4113 1279 4168 notitia
1331 4111 1384 4166 in
1414 4108 1568 4165 vobis
1599 4121 1707 4161 non
1740 4106 1936 4160 habeat
1980 4119 2108 4160 vera

524 4210 675 4269 salus
700 4210 910 4273 locum;
941 4215 992 4263 et
1017 4203 1217 4260 multos
1243 4200 1495 4274 populos,
1521 4198 1835 4252 innumeras
1859 4195 2111 4252 videlicet

524 4307 648 4364 illas
674 4302 991 4362 insolentias
1015 4297 1183 4355 animi
1213 4293 1529 4362 subjugarct
1550 4304 1647 4363 per
1668 4290 2109 4362 spiritualitatum

525 4414 774 4472 saporem
800 4394 1097 4452 salubriter
1121 4388 1245 4444 sibi.
1274 4386 1351 4440 De
1374 4384 1458 4439 bis
1480 4382 1696 4454 populis
1722 4379 1823 4453 Job
1851 4380 2102 4451 loquitur.

528 4470 614 4546 Ne
642 4486 944 4559 protrahas,
973 4479 1169 4550 inquit,
1197 4487 1399 4532 nectent
1426 4483 1482 4529 ut
1512 4471 1796 4529 ascendant
1818 4470 2110 4543 populi'pro

524 4584 600 4640 eis
633 4580 776 4651 (Job.
808 4567 997 4641 nivi,
1023 4572 1139 4642 20).

599 4674 764 4729 Vens.
798 4670 891 4723 2|.
924 4696 995 4707 -—
1030 4665 1208 4721 Nolite
1232 4673 1482 4720 metuere.
1532 4663 1646 4733 Ego
1684 4677 1899 4731 pascam
1929 4676 2019 4715 vos
2062 4669 2111 4714 ct

526 4764 774 4836 parvulos
804 4768 1020 4816 vestros.
1064 4757 1480 4828 Cansolatusque
1505 4768 1581 4813 est
1613 4774 1721 4823 eos,
1763 4765 1811 4811 et
1842 4754 2031 4809 blande
2052 4768 2115 4807 ac

526 4857 716 4913 leniter
756 4863 835 4910 est
884 4851 1113 4907 loeutus.
1147 4850 1226 4906 Ne
1269 4851 1462 4921 inquit,
1518 4850 1710 4905 fiicatte
1755 4857 1814 4903 et
1842 4846 2115 4918 pestiferae

527 4950 676 5006 illius
716 4948 1115 5005 mediocritatis
1154 4946 1373 5002 nomine
1402 4945 1511 5001 alta
1557 4945 1754 5000 divinat
1786 4940 2113 5013 speculatio-

528 5041 618 5097 nis
646 5039 918 5111 attingere
947 5038 1272 5101 vereamini,
1311 5037 1439 5106 quia
1474 5037 1527 5091 in
1557 5049 1644 5089 mc
1672 5043 1729 5089 et
1753 5049 1873 5097 vos,
1911 5046 2031 5101 quae
2057 5038 2118 5085 ut

530 5134 791 5188 virtutum
819 5131 1186 5188 constantiam
1216 5127 1497 5195 habeatis,
1531 5142 1562 5181 a
1609 5141 1696 5182 me
1724 5124 2031 5194 accepistis,
2063 5131 2118 5178 et

528 5223 746 5279 inﬁrma
770 5238 1000 5294 quaeque
1040 5222 1095 5277 in
1149 5221 1304 5277 vobis
1339 5235 1460 5290 qute
1506 5219 1648 5275 lacte
1691 5217 2115 5289 primordiorum

529 5316 775 5387 indigent
817 5315 1063 5371 alemini.
1116 5312 1446 5370 Consolatur
1503 5320 1562 5368 et
1612 5310 1803 5366 blande
1854 5310 2114 5379 loquitur,

527 5424 652 5466 eum
681 5421 778 5478 per
804 5406 1086 5478 sapientiae
1125 5405 1383 5461 salutaris
1422 5403 1699 5474 illapsum,
1742 5402 2005 5473 quidquid
2029 5417 2118 5456 ar-

529 5500 697 5554 duum
738 5506 795 5553 et
838 5495 1389 5566 ineomprehensibile
1427 5494 1736 5561 videbatur,
1795 5493 2008 5564 levigat,
2060 5500 2116 5547 ct

529 5596 845 5647 nectareum
866 5585 981 5656 jam
1010 5588 1333 5651 aestimatur.

604 5679 770 5738 Vsus.
804 5678 898 5734 22.
931 5708 1003 5720 ——
1039 5678 1108 5735 Et
1156 5677 1408 5733 habitavit
1455 5677 1510 5732 in
1560 5675 1793 5748 .Egypto
1823 5691 1941 5730 cum
1972 5675 2117 5729 omni

534 5770 688 5828 domo
723 5768 888 5843 patris
935 5767 1049 5835 sui;
1084 5769 1313 5839 vixitque
1359 5776 1564 5824 centum
1605 5767 1781 5823 decem
1821 5782 2004 5821 annos.
2047 5764 2113 5819 Et

2123 5589 2175 5659 ut.

2166 534 2300 590 Filii
2321 552 2525 606 quoque
2559 525 2789 590 Machir,
2815 525 2915 594 [itii
2952 522 3202 577 Manasse
3232 521 3345 576 nati
3372 530 3492 575 sunt
3521 521 3577 574 in
3608 520 3779 591 geni-

2171 627 2266 681 bus
2292 625 2512 697 Ioseph.
2544 625 2609 679 1η
2640 617 2878 695 Αῖςῃριο
2908 615 3145 682 habitat,
3177 613 3221 669 si
3248 612 3486 683 quandiu
3515 612 3569 666 in
3597 617 3783 666 mun-

2170 717 2242 773 do
2267 718 2421 782 vivit,
2461 717 2516 771 in
2564 729 2835 781 maerore,
2880 704 3264 770 tribulatione,
3312 713 3475 775 atque
3506 705 3783 775 angustia

2170 811 2407 881 positum
2454 825 2513 866 se
2562 808 2873 879 intelligens
2906 799 3140 877 quisque
3185 796 3382 854 doleat.
3434 794 3567 852 Cum
3618 799 3783 850 omui

2172 910 2354 957 autem
2388 903 2556 972 patris
2602 901 2758 955 domo
2812 894 2886 954 ibi
2915 897 3144 962 habitat,
3176 904 3302 952 cum
3333 888 3503 972 omni'
3524 888 3787 941 rationa-

2174 991 2305 1045 lium
2338 967 2577 1046 statuum
2636 988 2976 1060 frequentia,
3024 985 3291 1058 quidquid
3344 978 3399 1040 in
3460 967 3568 1039 hac
3626 977 3787 1030 valle

2177 1081 2541 1154 lacrymarum
2582 1080 2912 1138 illecebrosas
2960 1078 3349 1135 consolationis
3381 1085 3485 1142 est,
3542 1066 3785 1146 refugit.

2177 1174 2688 1244 exsecrandumque
2719 1172 2964 1243 deputat.
3009 1170 3274 1244 Egyptus
3308 1171 3453 1226 enim
3495 1178 3554 1225 et
3586 1184 3786 1223 maere-

2184 1281 2329 1331 rem,
2378 1273 2433 1321 et
2491 1263 2884 1319 tribulationem
2934 1271 3368 1333 coangustantem
3422 1270 3480 1316 et
3525 1260 3787 1314 tenebras

2180 1363 2364 1411 sonat.
2403 1354 2461 1409 In
2496 1354 2581 1409 his
2604 1369 2733 1426 ergo
2763 1353 2987 1424 degens,
3017 1366 3241 1408 necesse
3278 1359 3362 1406 est
3393 1350 3539 1405 dicat
3569 1368 3583 1403 :
3624 1349 3785 1402 Diem

2182 1446 2411 1501 hominis
2440 1462 2546 1500 non
2580 1444 2851 1515 concupiui
2883 1442 2978 1515 [aL
3012 1440 3350 1513 desideravi],
3387 1451 3444 1494 tu
3482 1440 3587 1494 scis
3638 1438 3784 1509 (Jer.

2182 1555 2319 1605 xvu,
2358 1538 2468 1607 16).
2516 1537 2781 1594 Denarius
2841 1534 3230 1606 multiplicatus
3263 1532 3641 1588 centenarium
3668 1530 3785 1585 etii-

2188 1631 2283 1687 cit.
2321 1630 2426 1685 Per
2455 1630 2740 1686 denarium
2768 1641 3003 1698 namque
3025 1626 3224 1681 divina:
3262 1625 3422 1695 legis,
3466 1639 3592 1679 cum
3648 1637 3787 1676 cen-

2190 1719 2456 1775 tenarium
2484 1717 2743 1790 perfecta:
2776 1716 3175 1773 observationis
3204 1714 3478 1787 attigerit,
3506 1711 3787 1783 sapientis

2114 1791 2157 1846 Β
2186 1800 2367 1868 anima
2396 1812 2548 1876 vivit,
2580 1820 2634 1866 et
2665 1811 2718 1865 in
2755 1826 2821 1865 eo
2860 1810 2978 1866 dies
3015 1808 3294 1863 luminosa:
3321 1806 3559 1861 actionis
3590 1806 3652 1858 in
3687 1819 3776 1857 8W

2186 1920 2289 1961 nos
2318 1905 2690 1975 integritatum
2721 1918 2784 1959 ac
2814 1901 3154 1959 soliditatem
3200 1899 3474 1971 provehit.
3509 1896 3788 1969 Ephraim

2188 2000 2389 2057 dicitur
2410 1999 2762 2070 fructificans.

2260 2092 2495 2147 Fructus
2531 2100 2713 2146 autem
2767 2087 2843 2160 pii
2900 2086 3075 2144 nostri
3106 2085 3354 2142 exercitii
3404 2084 3548 2139 ﬁlios
3592 2082 3787 2145 habet,

2189 2185 2315 2254 quia
2344 2183 2459 2254 spei
2512 2198 2624 2238 sua:
2652 2179 2893 2253 praemiis
2927 2194 3035 2234 non
3082 2186 3253 2234 caret.
3301 2177 3421 2247 Ipsa
3463 2175 3617 2230 enim
3669 2189 3789 2243 spes

2192 2276 2335 2332 ﬁlius
2379 2284 2481 2331 est.
2532 2273 2687 2331 Unde
2734 2272 2973 2328 dicitur:
3028 2269 3221 2325 Videas
3276 2269 3516 2338 ﬁliorum
3568 2278 3784 2322 tuorum

2192 2365 2367 2438 (Psal.
2401 2382 2610 2430 cxxvu,
2643 2362 2728 2437 6),
2754 2366 2808 2419 id
2837 2373 2921 2420 est
2956 2363 3177 2436 praemia
3218 2376 3444 2433 operum
3466 2400 3482 2427 ,
3530 2360 3623 2416 vel
3665 2360 3783 2416 elle-

2194 2467 2312 2514 ctus
2340 2456 2831 2528 exspectationum.
2856 2456 3037 2511 Prima
3060 2455 3245 2525 itaque
3269 2454 3557 2526 generatio
3587 2454 3772 2509 boum

2194 2565 2330 2623 Opus
2373 2560 2488 2615 est;
2551 2550 2828 2614 secunda,
2884 2548 2997 2621 spei
3038 2547 3236 2602 ﬁducia
3287 2562 3355 2602 ex
3402 2547 3604 2601 eodem
3655 2549 3783 2602 bono

2195 2660 2361 2718 opere
2385 2652 2500 2709 est;
2534 2642 2717 2708 tertia,
2746 2642 3030 2713 perventio
3075 2641 3187 2713 spei
3222 2640 3393 2712 ipsius
3417 2640 3483 2694 ad
3527 2656 3651 2694 rem
3693 2653 3784 2694 est.

2198 2738 2389 2794 Potest
2414 2744 2469 2790 et
2499 2734 2641 2790 trina
2666 2734 2784 2791 haec
2808 2733 3088 2805 generatio
3127 2732 3332 2803 accipi,
3360 2732 3520 2803 juxta
3553 2732 3789 2802 Aposto-

2198 2829 2331 2895 lum,
2365 2828 2518 2899 prius
2546 2826 2786 2892 vocatio,
2824 2825 3021 2881 deinde
3059 2823 3413 2893 justiﬁeatio,
3444 2822 3536 2877 .ad
3576 2833 3789 2893 postre-

2200 2936 2346 2977 mum
2376 2917 2721 2990 gloriﬁcatio.
2776 2914 2921 2982 Quos
2959 2916 3122 2979 enim,
3161 2914 3267 2978 ait,
3315 2916 3551 2980 vocavit,
3597 2914 3725 2967 illos
3751 2924 3791 2965 et

2191 3012 2530 3085 justiﬁcavit,
2579 3020 2627 3065 et
2666 3025 2797 3080 quos
2828 3007 3143 3078 justi/ienuit
3169 3046 3183 3070 ,
3233 3006 3350 3060 illos
3381 3015 3429 3059 et
3474 3005 3792 3076 gloriﬁcarit

2123 3132 2169 3195 ρ
2203 3104 2378 3177 (Rom.
2407 3117 2530 3166 vm,
2560 3099 2676 3168 30).
2716 3098 2827 3154 llos
2851 3113 2980 3169 ergo
3010 3096 3319 3152 intellectus
3358 3095 3502 3150 ﬁlios
3539 3093 3792 3153 attendit.

2203 3198 2345 3252 unde
2389 3202 2447 3251 et
2494 3192 2779 3247 ardentius
2829 3189 3165 3245 fructiﬁcare
3203 3186 3507 3244 contendit.
3551 3185 3713 3252 Quod
3752 3186 3792 3238 si

2204 3286 2462 3358 prraim
2494 3282 2637 3338 ﬁlios
2680 3280 2795 3338 sola
2842 3295 2906 3335 ea
2945 3278 3254 3343 commoda,
3291 3292 3413 3348 quae
3445 3292 3509 3331 ex
3534 3276 3799 3344 operibus

2205 3385 2525 3441 nascuntur,
2558 3388 2665 3428 non
2719 3380 2899 3426 autem
2930 3385 3097 3442 opera
3134 3370 3249 3441 ipsa
3291 3366 3677 3438 intelligimus,
3721 3365 3799 3419 di-

2203 3482 2329 3526 cere
2355 3480 2644 3539 possumus
2690 3462 2899 3519 fructus
2947 3477 3204 3533 operum,
3240 3475 3364 3531 spes
3408 3459 3791 3531 praemiorum;

2208 3562 2323 3632 spei
2370 3559 2611 3621 fruetus,
2659 3555 3028 3612 beatitudines
3074 3554 3379 3609 animarum
3408 3592 3425 3617 ,
3474 3551 3684 3606 deinde
3712 3567 3792 3605 re-

2206 3652 2579 3711 surrectiones
2601 3664 2907 3719 corporum.
2943 3646 3098 3704 Unde
3127 3646 3387 3717 psalmus.
3421 3643 3571 3706 Dies,
3600 3644 3792 3714 inqui:,

2206 3764 2365 3817 super
2393 3746 2506 3800 dies
2548 3743 2685 3814 regis
2726 3741 2980 3811 adjicies,
3026 3755 3193 3794 annos
3238 3739 3351 3809 ejus
3379 3754 3545 3806 usque
3578 3738 3640 3791 in
3669 3739 3791 3791 diem

2210 3838 2562 3913 generationis
2591 3877 2606 3901 ,
2662 3834 2874 3891 scilicet
2926 3834 3257 3905 spirituum,
3304 3841 3352 3884 et
3405 3833 3790 3900 generationis.

2209 3934 2463 3990 videlicet
2494 3944 2783 4001 corporum
2813 3925 2984 3999 (Psal.
3014 3943 3106 3989 ιιι,
3149 3925 3225 3992 7).
3258 3923 3396 3978 Hinc
3420 3932 3474 3978 ct
3506 3939 3540 3977 a
3576 3925 3795 3979 Domino

2209 4023 2413 4079 dicitur
2442 4017 2804 4092 regeneratio.
2834 4016 2903 4071 In
2931 4015 3344 4091 regeneratione,
3381 4013 3476 4079 ait,
3512 4029 3641 4068 cum
3667 4016 3798 4070 sedt—

2211 4120 2278 4173 rit
2312 4117 2457 4187 filius
2484 4114 2709 4170 hominis
2734 4110 2950 4183 (Matth.
2980 4124 3092 4173 XIX,
3119 4106 3236 4179 28),
3274 4115 3381 4162 etc.

2280 4208 2453 4264 Filius
2482 4205 2750 4270 Manasse,
2773 4201 2863 4271 qui
2890 4200 3088 4255 dicitur
3113 4198 3438 4262 obliviscens,
3464 4207 3555 4253 est
3578 4197 3795 4257 Marbir.

2214 4303 2304 4375 qui
2335 4303 2729 4371 interpretatur
2758 4295 2961 4350 videns.
2993 4292 3209 4361 Quanto
3236 4291 3381 4346 enim
3417 4293 3596 4361 magis
3626 4293 3799 4346 visiti-

2216 4398 2347 4452 lium
2374 4389 2769 4453 obliviscimur,
2808 4394 2959 4440 tanto
2988 4383 3159 4454 magis
3191 4382 3259 4437 ad
3298 4380 3533 4435 videnda
3559 4381 3795 4437 ccclesiis

2144 4492 2188 4547 D
2219 4481 2665 4545 intcllectualiter
2699 4476 2998 4549 aperimur.
3029 4472 3271 4529 Genibus
3305 4486 3438 4525 vero
3464 4486 3591 4527 sese
3626 4471 3799 4526 town.

2221 4578 2354 4633 tium
2385 4572 2562 4629 solent
2603 4566 2855 4625 infantuli
2886 4563 3144 4629 insidere,
3194 4570 3250 4616 et
3281 4575 3469 4616 eorum
3496 4562 3700 4632 utique
3730 4577 3803 4615 se-

2218 4666 2482 4725 dentium.
2508 4661 2637 4715 Fit’ii
2656 4673 2786 4729 ergo
2808 4655 3017 4711 Machir
3040 4653 3092 4707 in
3107 4652 3322 4724 genibus
3351 4650 3546 4719 Ioseph
3574 4666 3803 4706 nascun-

2222 4771 2338 4822 tur,
2375 4755 2504 4826 quia
2536 4752 2747 4807 iructus
2801 4745 3148 4817 speeulativac
3193 4742 3420 4797 visionis
3447 4780 3463 4806 ,
3522 4744 3681 4811 quod
3730 4753 3803 4796 est

2220 4852 2433 4907 interna
2467 4844 2672 4906 lattitia,
2705 4850 2761 4897 et
2781 4839 2975 4896 salutis
2998 4847 3214 4892 :eternm
3236 4835 3481 4905 quredam
3507 4835 3800 4895 securitas,

2219 4940 2274 4994 in
2311 4948 2520 4999 amore,
2558 4939 2615 4988 et
2645 4945 2715 4986 ex
2762 4928 2957 4984 amore
2977 4925 3252 4997 prodeunt
3291 4921 3801 4978 intellectualitatis.

2219 5027 2335 5083 Nisi
2386 5025 2532 5083 enim
2584 5019 2826 5077 funditus
2880 5015 3256 5085 intelligentia:
3302 5022 3519 5069 ametur
3564 5016 3805 5082 purius.

2219 5134 2322 5176 nec
2348 5112 2822 5187 contemplationis
2848 5108 3184 5172 sublimitas,
3232 5122 3332 5161 nec
3362 5106 3642 5160 fructuum
3678 5122 3807 5175 prr-

2219 5212 2489 5267 dictorum
2521 5214 2781 5277 sequetur
2802 5203 3026 5259 utilitas.
3056 5200 3242 5256 Sessio
3267 5211 3398 5252 sane
3421 5195 3806 5257 humilitatem,

2220 5317 2456 5376 genuum
2488 5298 2732 5362 inﬂexio,
2760 5297 2852 5352 ubi
2887 5295 2956 5350 ad
2990 5291 3342 5364 excipiendos
3374 5288 3514 5343 ﬁlios
3540 5290 3805 5359 gremium

2220 5397 2499 5461 dilatatur,
2546 5388 2838 5447 ebaritatis
2880 5385 3155 5458 signiﬁcat
3190 5380 3659 5448 visceralitatem,
3698 5383 3807 5437 sine

2220 5488 2418 5559 quibus
2445 5483 2630 5559 valere
2658 5496 2767 5550 non
2795 5478 3091 5546 credimus,
3148 5491 3250 5531 nec
3300 5483 3558 5530 constare
3605 5473 3683 5528 ad
3713 5474 3810 5528 ista

2220 5570 3177 5636 contrahendaintellectualitatem;
3208 5566 3437 5624 scientia
3484 5579 3695 5636 nempe
3738 5566 3815 5619 in-

2220 5672 2336 5739 ﬂat,
2370 5669 2610 5725 cbaritas
2640 5665 2877 5722 aediﬁcat
2900 5662 2951 5736 (1
2983 5662 3107 5718 Cor.
3142 5678 3259 5729 vru,
3290 5659 3364 5731 l).

2292 5759 2457 5815 Vens.
2485 5758 2577 5813 25.
2612 5788 2679 5796 --
2709 5755 2908 5824 Quibus
2941 5754 3243 5821 transactis,
3278 5751 3485 5806 locutus
3514 5760 3592 5807 est
3634 5750 3819 5805 fratri-
