3952 6360
148 396 291 453 557

1041 397 1135 453 AD
1173 396 1652 455 TROPOLOGIAS
1687 396 1750 453 IN
1790 397 1985 465 OSEE,
2026 397 2179 455 ETC.
2220 400 2636 457 PROUSMIUM.

3356 411 3481 463 358"

154 511 285 565 bus
335 510 481 566 suis:
520 507 644 565 Post
676 519 894 576 mortpm
935 526 1104 565 meam
1143 510 1283 565 Deus
1313 510 1542 564 visitabit
1571 526 1681 577 vos,
1726 518 1775 565 et
1805 517 1850 575 Α
1881 511 1931 577 (1
1965 510 2088 566 Cor.
2120 528 2175 578 χ,
2211 513 2317 585 15).
2356 514 2427 567 De
2454 512 2564 568 loco
2588 516 2687 569 isto
2718 529 2835 569 ossa
2865 530 2978 570 mea
3000 528 3283 586 asportata,
3308 519 3357 574 id
3380 532 3465 576 est

156 603 482 657 ascendere
514 620 602 657 uos
646 602 803 671 faciet
854 603 919 656 de
958 612 1096 657 terra
1126 603 1228 657 ista
1271 603 1340 656 ad
1380 612 1573 657 terram
1621 618 1778 674 quam

138 695 391 763 juravit
417 696 705 760 Abraham,
735 693 893 749 Isaae
931 705 979 749 et
1015 694 1203 749 Iacob.
1245 696 1379 749 Dum
1412 703 1492 749 tot
1521 696 1776 762 filiorum,

153 784 227 837 id
280 795 370 839 est
419 786 877 840 incrementorum
910 786 1303 841 numerositate
1341 787 1599 852 tenditur,
1637 788 1781 843 inter

153 878 565 941 miseriarum,
603 877 745 946 quod
777 885 862 931 est
886 877 1173 949 Egyptns,
1204 878 1645 936 circumstantias
1678 896 1777 951 po-

143 968 309 1022 s-itis
338 967 638 1023 virtutibus
678 968 835 1039 181
886 969 1119 1039 propriis
1147 968 1440 1025 discretive
1486 968 1776 1040 eloquitur.

157 1059 320 1114 l’ost
356 1070 599 1126 mortem,
629 1060 829 1129 inquit,
862 1076 1053 1126 meam,
1093 1076 1215 1117 cum
1248 1061 1455 1118 scilicet
1483 1062 1779 1117 carnalita-

160 1162 304 1206 tum
333 1152 585 1207 surculos
615 1152 1067 1223 intelligibilitatis
1112 1169 1246 1211 mete
1278 1154 1573 1210 vivacitate
1603 1155 1781 1211 succi-

170 1246 350 1310 dero,
380 1252 494 1299 tum
526 1259 557 1299 a
588 1246 698 1299 Deo
741 1246 1097 1303 visitabimini
1140 1248 1359 1318 superni
1407 1248 1612 1303 amoris
1648 1263 1779 1303 con-

183 1345 368 1407 ceptu
403 1337 675 1405 plenario,
705 1347 761 1392 et
788 1338 853 1393 de
882 1340 1114 1396 terrenis
1151 1340 1236 1394 his
1263 1340 1459 1409 quibus
1488 1340 1778 1397 irretimini

172 1427 529 1498 imaginibus
555 1444 651 1497 per
672 1428 969 1497 Abraham,
1003 1431 1148 1500 quod
1173 1439 1255 1486 est
1282 1431 1583 1502 paternitas
1620 1431 1782 1503 spiri-

174 1526 305 1584 tus,
349 1527 405 1573 et
437 1518 607 1585 Isaac,
642 1522 786 1591 quod
832 1531 918 1577 est
968 1524 1084 1594 spei
1131 1523 1317 1595 gloria:
1366 1524 1533 1592 risus,
1587 1526 1683 1582 sed
1726 1534 1783 1582 et

168 1607 379 1674 Iacob,
410 1610 903 1681 supplantationem
929 1614 1184 1670 videlicet
1208 1614 1373 1671 totius
1410 1616 1561 1672 noxii
1601 1624 1776 1676 actus.

171 1699 610 1757 sublevabimini
639 1702 706 1757 ad
759 1703 904 1759 illam
954 1720 1074 1776 quas
1119 1722 1225 1761 non
1280 1704 1639 1775 dejectionem
1685 1709 1779 1764 sed

170 1788 523 1845 soliditatem
572 1792 844 1863 signiﬁcat
887 1803 1110 1863 terram,
1144 1810 1306 1865 quam
1337 1795 1604 1866 promittit
1638 1795 1781 1852 Deus

1883 605 1949 659 de
1984 604 2235 675 praesenti
2279 606 2474 661 saeculo
2504 621 2768 676 nequam,
2806 609 2947 677 quod
2988 609 3339 678 spiritualitcr
3379 621 3465 668 est

1884 695 2117 752 Sodoma
2150 704 2205 749 et
2236 696 2519 767 Egyptus,
2547 698 2806 767 quidquid
2837 699 3216 756 intellectualis
3247 703 3463 759 virtutis

1882 788 2093 844 habetis
2117 788 2182 841 ad
2208 787 2561 843 intentionem
2591 804 2837 860 supernae
2864 793 3183 849 aeternitatis
3206 795 3461 862 attollite;

1881 895 1983 936 nec
2012 876 2259 934 habeatis
2286 878 2375 933 hic
2404 887 2711 935 manentem
2746 881 3048 950 civitatem,
3074 886 3168 940 sed
3205 884 3464 953 futuram,

1882 968 2036 1038 cujus
2062 969 2205 1024 Deus
2237 975 2319 1023 est
2348 967 2659 1033 fabricator,
2692 970 2948 1040 inquirite
2973 973 3158 1044 (Hebr.
3189 991 3286 1030 xm
3306 1018 3322 1043 ,
3351 977 3461 1048 14).

1881 1058 2018 1114 Ossa
2046 1054 2286 1129 profecto
2315 1058 2479 1114 habet
2506 1058 2559 1112 in
2598 1056 2829 1129 Afyypto
2873 1062 3118 1132 quisquis
3152 1064 3308 1120 fortia
3346 1082 3467 1137 quae

1882 1150 1992 1221 agit
2014 1164 2122 1205 non
2149 1163 2249 1220 pro
2273 1150 2382 1205 Deo
2409 1160 2688 1220 operatur,
2713 1151 2808 1207 sed
2836 1166 2936 1222 pro
2957 1154 3172 1210 saeculo.
3200 1155 3276 1213 De
3302 1156 3386 1213 his
3410 1158 3464 1213 in

1880 1241 2138 1311 psalmo:
2182 1240 2357 1306 Deus,
2409 1240 2619 1311 inquit,
2669 1240 2946 1311 dissipabit
2993 1259 3111 1297 ossa
3163 1261 3343 1300 eorum
3378 1248 3469 1317 qui

1882 1332 2178 1386 hominibus
2194 1330 2399 1402 placent
2422 1330 2594 1402 (Psal.
2625 1345 2747 1397 exc,
2775 1331 2851 1403 7).
2879 1329 3012 1389 Ossa
3043 1348 3276 1403 namque
3305 1336 3485 1391 robur.

1881 1423 2123 1490 virtutis,
2149 1429 2205 1478 et
2229 1435 2425 1479 carnes
2453 1421 2762 1492 significant
2795 1422 3005 1493 pondus
3032 1420 3359 1493 fragilitatis.

1952 1511 2305 1571 Postmodum
2329 1526 2462 1583 ergo
2476 1510 2588 1581 jam
2612 1526 2709 1583 per
2734 1512 3141 1568 observantiam
3178 1511 3427 1583 DeeaIOgi
3444 1520 3467 1577 ‘,

1883 1616 1941 1661 ut
1959 1607 2299 1678 praemissum
2324 1605 2509 1671 est,ad
2531 1604 2916 1660 certitudinem
2940 1613 3157 1660 reterns:
3182 1604 3467 1676 perfectio-

1885 1699 1968 1754 nis
1980 1698 2276 1768 attingens,
2291 1695 2458 1752 totius
2471 1695 3282 1765 terrenitatisconcupiscentia:
3296 1695 3467 1750 mori:

1886 1798 1993 1843 tur.
2018 1786 2381 1843 Centenarius
2400 1785 2558 1855 plane
2577 1800 2608 1839 a
2631 1785 2853 1841 sinistra
2879 1785 3139 1841 transitin
3162 1784 3466 1846 dexteram,

170 1892 209 1932 a
263 1878 495 1935 milibus
546 1881 930 1951 possidendam
980 1886 1000 1956 (
1017 1885 1208 1941 manu,
1243 1902 1294 1949 ν,
1330 1886 1429 1957 4),
1482 1888 1776 1957 puritatem
1809 1870 1850 1928 Β
1879 1877 2006 1947 quia
2030 1876 2307 1947 plenitudo
2329 1876 2555 1931 interior
2572 1875 2768 1932 divinae
2791 1875 3155 1946 multiplicata
3178 1874 3312 1946 legis
3344 1874 3474 1930 eﬂ'e-

173 1963 407 2020 scilicet
434 1967 503 2023 ad
548 1967 718 2024 Deum
755 1973 1122 2029 contuendum
1147 1974 1393 2030 stabilem
1421 1986 1479 2031 et
1505 1976 1782 2032 inconvul-

176 2068 333 2107 sam.
376 2055 639 2126 Superbis
679 2059 842 2131 plane
880 2063 1025 2121 Deus
1064 2066 1307 2132 resistit,
1339 2068 1564 2124 mitibus
1594 2078 1779 2124 autent

176 2140 284 2196 dat
335 2146 568 2213 gratiam
601 2148 757 2218 (Jac.
810 2168 885 2218 Iv,
927 2155 1021 2226 6).
1067 2156 1201 2211 Cum
1250 2172 1488 2228 namque
1546 2160 1781 2216 vivimus

181 2233 418 2302 spiritu,
461 2244 518 2291 et
554 2254 651 2309 per
706 2241 957 2312 spiritum
997 2246 1172 2315 ipsum
1211 2248 1279 2303 ad
1323 2262 1557 2319 superna
1588 2251 1782 2321 gaudia

179 2324 308 2391 spei
362 2324 536 2383 beata:
574 2329 921 2390 ambulamus
949 2336 1163 2393 incessu
1212 2337 1360 2409 (σαι.
1408 2355 1459 2407 v,
1499 2340 1611 2412 25),
1666 2342 1784 2397 sine

182 2412 366 2469 dubio
426 2419 840 2489 supplantandze
905 2428 1165 2497 nequitia:
1225 2444 1490 2500 prospero
1545 2432 1785 2501 petimur

178 2504 415 2575 effectu,
438 2525 467 2563 a
498 2511 699 2580 quibus
727 2514 900 2572 tribus
932 2534 997 2574 ac
1026 2520 1072 2575 si
1102 2522 1347 2592 patronis
1369 2523 1779 2594 principalibus,

184 2597 393 2653 merito
437 2601 681 2673 exigitur
716 2608 1027 2665 sanctitatis
1074 2612 1251 2683 gratia
1298 2628 1328 2667 a
1370 2614 1514 2681 Deo,
1541 2616 1782 2685 quodam

181 2687 362 2745 divini
389 2692 530 2763 juris
556 2694 795 2767 objectu.
824 2699 928 2768 Qui
952 2704 1103 2759 enim
1138 2705 1193 2760 in
1233 2721 1293 2761 se
1319 2706 1423 2777 piis
1456 2708 1673 2764 actibus
1700 2709 1783 2764 di-

186 2781 380 2838 vinam
427 2788 686 2860 resculpit
731 2791 1054 2865 imaginem,
1086 2795 1234 2867 justa
1272 2808 1330 2854 et
1367 2815 1593 2871 prorsus
1638 2801 1781 2859 felici

184 2874 453 2966 violentia
479 2880 575 2936 Dei
612 2888 1015 2953 quodammodo
1061 2892 1163 2947 sibi
1208 2893 1554 2963 promissam,
1582 2904 1638 2950 et
1662 2895 1782 2966 jure

182 2964 433 3023 debitam
487 2971 729 3029 vindicat
776 2980 1221 3039 sanctitudinem.
1296 2984 1518 3052 Sancti,
1574 2964 1781 3056 inquit,

181 3064 386 3149 estote,
416 3064 671 3130 quoniam
702 3080 923 3127 sanctus
948 3088 1067 3129 sum
1094 3074 1237 3146 (Lev.
1272 3093 1338 3143 II,
1364 3078 1455 3143 44,
1482 3096 1597 3149 xIx,
1627 3080 1707 3149 2).

267 3145 430 3240 Yeus.
469 3151 572 3220 24,
619 3156 711 3211 25.
750 3190 821 3200 -
861 3145 1110 3234 Cumque
1140 3166 1436 3236 adjurasset
1477 3145 1594 3235 eos,
1630 3145 1784 3240 atque

188 3234 457 3293 dixisset:
494 3242 631 3299 Deus
664 3247 887 3304 oisitabit
924 3269 1043 3319 ros,
1073 3234 1335 3324 asportate
1379 3274 1496 3312 ossa
1534 3274 1649 3312 mea
1689 3234 1775 3313 ro-

194 3327 398 3383 biscum
426 3332 489 3387 de
513 3334 627 3390 loco
656 3339 756 3393 isto
775 3382 790 3407 ,
822 3354 1060 3398 mortuus
1090 3356 1190 3412 est,
1220 3348 1435 3417 expletis
1458 3360 1663 3405 centum
1693 3351 1783 3404 de-

197 3431 310 3470 cem
340 3420 456 3473 uita'
475 3438 585 3480 sua!
610 3429 784 3481 armis.
814 3429 878 3483 Et
903 3434 1142 3488 conditus
1163 3438 1505 3504 aromatibus,
1533 3442 1785 3507 repositus

198 3516 274 3563 es!
313 3507 365 3560 iu
394 3509 509 3571 loco
538 3515 591 3566 iu
625 3515 880 3593 Αῖρῃριο.
919 3522 1167 3591 Adjurat,
1199 3540 1321 3579 eum
1358 3527 1424 3582 ad
1452 3527 1790 3585 rectitudinis

190 3599 319 3667 jura
360 3601 648 3664 interiores
692 3619 866 3667 status
911 3614 1142 3672 instituit
1183 3624 1238 3672 et
1281 3617 1528 3686 advocat,
1574 3627 1631 3675 ut
1666 3635 1790 3676 cum

199 3693 559 3752 tentationum
610 3698 929 3759 inﬁrmitate
980 3714 1332 3775 torquentur,
1382 3708 1543 3773 Deus,
1591 3708 1784 3779 inquit,

198 3793 295 3837 vos
354 3783 565 3854 visitat,
613 3796 675 3844 ut
730 3806 853 3853 cum
902 3796 1201 3851 tenentione
1260 3806 1578 3867 proventum
1623 3797 1789 3854 faciat

1881 1968 2079 2033 ctihus,
2108 1984 2137 2023 a
2162 1967 2413 2039 praesenti
2450 1967 2647 2025 saeculo
2680 1968 2748 2023 ad
2772 1967 3012 2024 futurum
3032 2010 3046 2035 ,
3076 1968 3203 2024 totis
3229 1975 3472 2023 conteme-

1884 2060 2081 2131 plando
2105 2060 2366 2115 altissima
2382 2060 2579 2114 transit
2592 2059 2894 2116 affectibus.
2912 2059 3213 2130 Reponitur
3230 2060 3473 2116 conditus

1884 2149 2207 2204 «ramalibus
2229 2150 2283 2203 in
2296 2149 2408 2204 loco
2421 2151 2475 2204 in
2487 2150 2738 2221 zEgypto,
2752 2150 2880 2220 quia
2891 2158 3082 2206 contra
3096 2151 3472 2207 carniscorru-

1885 2242 2132 2314 ptiones,
2160 2242 2422 2298 virtutum
2458 2243 2703 2299 custodia
2730 2243 3004 2307 munitus,
3029 2242 3173 2297 inter
3193 2244 3474 2311 praesentis

1884 2332 2068 2387 sreculi
2094 2331 2355 2403 procellas
2377 2332 2478 2388 sub
2501 2331 2829 2389 humilitatis
2851 2331 3148 2388 stabilitate
3167 2331 3471 2403 deponitur.

1890 2422 2181 2491 Reponitur
2200 2422 2365 2478 etiam
2398 2422 2539 2479 solet
2574 2423 2682 2479 dici
2718 2439 2817 2494 pro
2845 2438 2911 2479 eo
2935 2423 3078 2493 quod
3107 2431 3222 2486 est,
3252 2422 3474 2476 abscon-

1883 2515 2048 2571 ditur.
2080 2515 2149 2570 Et
2176 2516 2425 2585 quisquis
2452 2514 2673 2572 humilis
2706 2530 2828 2570 esse
2857 2516 3033 2585 cupit,
3062 2515 3133 2568 ab
3168 2512 3317 2567 omni
3346 2527 3474 2583 pro-

1885 2607 2031 2663 fecto
2060 2607 2465 2678 speetabilitate
2494 2620 2554 2662 se
2592 2607 2812 2662 occulit.
2856 2606 3033 2675 Ipsum
3074 2619 3290 2676 quoque
3326 2604 3474 2674 posi-

1886 2702 2052 2757 tionis
2081 2716 2278 2756 nomen
2306 2701 2410 2757 hoc
2437 2700 2635 2756 innuit.
2661 2700 2815 2757 Unde
2840 2700 3083 2772 psalmus
3109 2719 3121 2753 :
3149 2698 3258 2765 Qui
3278 2698 3473 2767 posuit,

1884 2795 2095 2865 inquit,
2148 2793 2203 2849 id
2253 2803 2337 2850 est
2388 2793 2657 2864 deposuit,
2699 2794 2928 2848 animam
2981 2808 3151 2847 meam
3203 2789 3274 2843 ad
3318 2789 3474 2843 vitam

1884 2886 2059 2958 (Psal.
2083 2888 2297 2958 va,9);
2313 2886 2464 2941 multi
2488 2887 2632 2942 enim
2646 2887 2926 2943 elevantur
2944 2886 3012 2939 ad
3033 2892 3282 2939 mortem.
3300 2881 3474 2935 Locus

1885 2994 2079 3051 nempe
2113 2979 2410 3035 electorum
2446 2979 2500 3034 in
2537 2980 2792 3051 praesenti
2822 2976 3119 3033 humilitas.
3156 2973 3313 3031 Unde
3349 2979 3474 3027 ests

1886 3070 2032 3124 Auro
2077 3070 2224 3125 locus
2259 3079 2357 3136 est,
2398 3070 2454 3123 in
2487 3084 2588 3140 quo
2626 3069 2884 3137 con/letur
2923 3065 3064 3137 (Job.
3106 3059 3325 3131 XXVIII).
3368 3058 3473 3114 Et:

1887 3162 1954 3218 In
1988 3161 2124 3218 valle
2176 3162 2533 3231 lacrymarum
2596 3161 2651 3214 in
2700 3158 2814 3213 loco
2864 3172 3018 3226 quem
3066 3153 3238 3225 posuit
3299 3149 3475 3224 (Psai.

1886 3268 2126 3317 Lxxxm,
2154 3252 2233 3322 7).
2262 3251 2415 3306 Licet
2454 3265 2585 3322 ergo
2622 3248 2788 3305 totius
2828 3248 3135 3317 fragremus
3168 3241 3473 3299 sanctitatis

1886 3344 2222 3399 aromatibus
2243 3383 2258 3407 ,
2286 3358 2355 3397 ne
2401 3342 2646 3397 favorum
2688 3340 2989 3410 vulgarium
3020 3352 3149 3391 aura
3181 3335 3473 3406 iactemur,
3574 3378 3577 3381 .

1889 3432 1992 3487 loci
2021 3434 2181 3503 hujus
2215 3432 2533 3487 modicitate
2560 3432 2917 3502 stringamur,
2951 3427 3079 3498 quia
3109 3425 3212 3482 etsi
3249 3423 3473 3493 Ioseph,

1892 3521 1949 3578 id
1996 3529 2083 3576 est
2124 3519 2610 3575 intellectualitatis
2644 3517 2941 3574 auctoritas
2979 3517 3048 3573 ad
3090 3514 3199 3569 alta
3238 3511 3472 3574 feratur,

1898 3626 2058 3668 nosse
2085 3621 2267 3666 tamen
2297 3610 2625 3667 omnimodis
2655 3611 2836 3677 debet,
2860 3608 2988 3679 quia
3010 3606 3262 3663 adhuc‘in
3293 3602 3472 3659 seaculi

1891 3701 2051 3772 hujus
2096 3701 2349 3777 Egypto‘
2369 3709 2647 3766 moratur,
2680 3700 2769 3755 ubi
2807 3699 2995 3767 facile,
3040 3698 3145 3755 nisi
3189 3696 3290 3753 sibi
3330 3694 3471 3751 Deus

1888 3794 2203 3865 provideat,
2224 3794 2279 3849 in
2307 3792 2578 3853 deteriora
2609 3791 2880 3850 ﬂectatur.

1733 3973 1891 4014 FINIS.

219 4152 1164 4185 η--ν--αη--υ--ιψ-

1170 4147 3467 4185 NW

1174 4295 1618 4409 VEN.
1680 4292 2569 4409 GUIBEBTI

1648 4501 2079 4583 ABBATIS

278 4677 468 4832 ΑΙ)
573 4676 1335 4838 TROP0h0lilAS
1395 4683 1576 4839 ‘IN
1682 4679 2360 4840 PROPllE'l‘AS
2470 4678 2737 4837 08M}
2849 4682 2994 4841 ET
3082 4677 3413 4839 .AMOS

908 4945 1043 5037 AC
1141 4946 2159 5043 LAMENTATIONES
2244 4946 2813 5037 JEREMUE

1425 5182 2209 5302 PRO(EMIUM

284 5556 434 5627 182
456 5554 843 5611 Amantissimo
857 5555 1002 5612 Patri
1018 5565 1072 5613 et
1090 5555 1386 5613 venerabili
1404 5557 1643 5625 domino,
1658 5561 1778 5615 uni-
1810 5602 1857 5658 Β
1880 5571 2136 5632 peccator
2156 5561 2434 5632 operibus,
2459 5558 2733 5631 prosperis
2757 5562 2839 5617 sui
2868 5576 3201 5633 suorumque
3224 5563 3473 5635 gauderet

223 5663 357 5701 versa
371 5647 517 5702 ehari
528 5648 654 5703 tatis
666 5647 950 5703 affectione
968 5650 1215 5717 colendo,
1235 5651 1399 5707 totius
1420 5661 1620 5707 sancta:
1640 5653 1775 5710 inte-

226 5738 465 5795 rioritatis
490 5756 621 5795 vero
657 5740 849 5796 cultori
886 5756 950 5797 ac
971 5756 1112 5797 verae
1139 5742 1487 5800 discretionis
1518 5744 1776 5816 magistro

226 5822 527 5902 hostium,
584 5834 752 5891 frater
798 5832 1135 5904 Celsenres,
1182 5837 1479 5897 monachus
1525 5839 1771 5909 nomine,

1882 5654 2241 5711 successibus.

1957 5746 2200 5801 Arduum
2219 5746 2377 5802 nimis
2388 5755 2440 5804 el
2454 5747 2724 5819 magistris
2747 5750 3018 5805 veteribus
3032 5748 3463 5806 horrescendum

1884 5838 2168 5910 prmsentis
2198 5838 2499 5913 pmphetite
2532 5839 2753 5914 pelagus
2793 5842 3126 5913 aggressuri,
3173 5842 3241 5898 ad
3283 5850 3375 5907 te,
3399 5841 3443 5896 li
