3978 6332
18 4635 22 4879 l

18 5034 21 5184 γ

18 5187 21 5380 l

477 432 590 487 339

1302 433 1359 487 V.
1391 433 1720 492 GUIBERTI
1757 435 2050 506 ABBATIS
2075 439 2133 494 S.
2178 441 2417 505 MARLE
2442 443 2527 498 DE
2552 441 2948 498 NUVIGENTO

3647 443 3747 498 5w

493 543 822 600 utll'alisaillle
851 545 1058 610 doctor,
1104 546 1237 599 tanti
1282 561 1449 602 ausus
1492 563 1686 605 causas
1721 560 1827 606 tute
1866 552 2066 622 conscii
2100 559 2143 613 Α
2173 564 2367 624 praeter
2406 556 2672 618 rationem
2699 566 2792 610 aut
2818 555 3064 626 exempla
3089 555 3495 628 Scripturarum
3531 557 3749 614 investi-

493 635 812 690 numilitatis
843 636 1140 690 inferimus.
1173 627 1338 703 Cujus
1373 641 1537 696 verba
1565 643 1932 699 excusationis
1962 657 2066 698 non

494 729 702 798 mibigo
733 727 874 796 quod
904 716 1168 784 modestia
1212 740 1302 785 tua
1347 747 1410 787 ea
1445 745 1626 814 mente
1665 737 1928 808 suscipiat
1961 754 2066 807 qua

492 838 518 874 δ
571 834 654 874 me
708 820 1010 877 intentione
1053 824 1194 892 apud
1249 833 1368 880 tuas
1417 825 1630 884 sobrias
1681 843 1841 885 aures
1893 831 2068 901 promi

492 921 667 966 consiti
678 922 716 964 ι.

557 1002 932 1061 Diflicnltatem
969 1008 1126 1077 plane
1163 1009 1324 1078 hujus
1353 1013 1640 1068 voluminis
1667 1015 1856 1070 beatus
1880 1015 2069 1071 Hiero-

490 1111 678 1166 nymus
705 1097 956 1169 (Prwful.
985 1102 1041 1154 in
1073 1101 1222 1172 Osee)
1263 1112 1410 1159 tanta
1433 1105 1808 1176 mysteriorum
1845 1107 2068 1160 nebulo-

489 1191 649 1244 sitate
695 1192 1016 1262 multiplicat
1064 1206 1119 1249 ut
1168 1195 1478 1267 Origenem,
1527 1211 1648 1268 post
1697 1202 1970 1271 apostolos
2015 1203 2068 1256 in

489 1283 734 1335 doctrinm
777 1299 1118 1353 supremum,
1169 1296 1223 1342 et
1256 1290 1624 1359 Apollinarem
1671 1291 2068 1360 Laodicenutn,

490 1373 728 1428 Pici-ium
772 1391 1016 1446 quoque,
1049 1377 1339 1434 Eusebium
1370 1383 1536 1449 etiam
1571 1381 1982 1451 Caesariensem,
2005 1387 2070 1441 ad

492 1476 788 1522 extremum
842 1472 1006 1525 etiam
1050 1472 1334 1543 Dydimum
1380 1477 1674 1542 videntem,
1725 1481 1921 1548 quibus
1973 1497 2072 1538 suo

493 1574 730 1628 tempore
759 1561 901 1615 inter
925 1561 1139 1617 divinos
1174 1575 1422 1623 oratores
1455 1568 1712 1626 fainosior
1741 1572 2067 1640 nullusjuit,

489 1666 592 1712 nec
625 1651 799 1720 ipsum
833 1652 1068 1708 fateatur
1097 1671 1383 1726 aggressos
1403 1674 1694 1731 exponere,
1719 1673 1774 1718 et
1800 1645 2069 1720 neminem

493 1743 798 1796 earumdem
830 1743 1062 1801 valuisse
1089 1757 1266 1816 empta
1297 1751 1576 1820 perlicere.

521 1833 524 1838 ’
557 1834 615 1887 ln
639 1851 747 1902 quo
769 1837 902 1891 mibi
922 1850 1117 1893 conatu
1144 1841 1359 1897 videtur
1381 1843 1671 1900 simultatis
1691 1847 1832 1916 apud
1855 1858 2072 1903 exteros

493 1928 766 1996 quidpiam
788 1931 1067 1997 generari,
1095 1931 1185 2001 qui
1219 1932 1374 2002 longe
1401 1933 1505 1988 alia
1531 1951 1692 1998 «uiam
1721 1947 1870 1991 tanta
1896 1953 2074 1992 sacra-

491 2027 670 2072 menta
719 2020 973 2090 exigunt,
1021 2022 1138 2077 inec
1185 2027 1456 2078 :rstimant
1502 2026 1798 2082 intentione
1845 2029 2072 2097 patrari.

493 2108 601 2165 Sed
633 2109 684 2164 lii
717 2112 812 2179 qui
843 2113 966 2166 talia
998 2115 1307 2184 opinantur,
1339 2119 1384 2171 si
1411 2134 1590 2187 a-qna,
1622 2122 1763 2188 quod
1793 2121 1864 2174 illi
1899 2120 2077 2177 facere

495 2200 794 2264 voluerunt,
827 2214 876 2256 et
907 2207 1048 2274 quod
1072 2223 1172 2262 nos
1195 2209 1422 2262 subinde
1452 2213 1703 2280 prosequi
1737 2213 1838 2266 nisi
1865 2227 2076 2280 sumus,

494 2293 629 2346 libra
668 2297 1100 2363 perpenderent,
1139 2301 1205 2355 ab
1236 2301 1382 2355 omni
1417 2303 1600 2370 procul
1633 2303 1795 2358 dubio
1830 2305 2078 2359 vecordia

491 2383 650 2452 nujus
692 2387 906 2456 injusta:
969 2389 1294 2459 suspicionis
1348 2395 1694 2457 al-sistereut,
1743 2411 1866 2449 cum
1933 2398 2078 2450 enim

453 2543 464 2552 _
493 2476 680 2545 legunt
705 2479 952 2534 eumdem
987 2479 1203 2534 beatum
1237 2482 1620 2562 Hieronymum
1648 2487 1857 2554 magn’s
1884 2488 1932 2538 ol
1956 2502 2079 2542 scu-

497 2565 750 2622 iitntibus
781 2569 1018 2624 involuta
1061 2572 1220 2642 hujus
1259 2573 1382 2628 libri
1420 2577 1622 2631 dixisse
1663 2581 1958 2646 sequentia.
1995 2582 2081 2635 lu-

495 2666 729 2722 tantunt,
762 2660 957 2729 inquit,
991 2672 1047 2714 ut
1075 2672 1128 2716 et
1161 2681 1260 2719 nos
1287 2667 1375 2734 qui
1403 2666 1696 2737 explanare
1725 2685 2006 2738 conamur,
2029 2683 2094 2728 et‘

495 2749 738 2816 prudens
763 2757 936 2806 lector
959 2753 1122 2808 simul
1147 2759 1412 2824 attendat,
1433 2759 1560 2827 quia
1577 2760 1624 2814 si
1650 2776 1754 2816 non
1777 2763 2080 2828 veritatem,

497 2843 643 2910 quod
675 2838 1050 2898 diﬂicillimum
1074 2857 1176 2910 est,
1206 2847 1398 2904 saltem
1423 2851 1786 2919 suspicionem
1810 2855 2082 2910 verisimi-

493 2934 628 2986 lium
663 2933 990 3005 investigare
1020 2937 1315 3005 valeamus,
1345 2939 1572 2996 forsitan
1600 2944 1732 2998 mihi
1764 2961 1946 3002 ntcvos
1976 2962 2082 3001 non

501 3024 741 3080 minimae
771 3028 1095 3083 temeritatis
1115 3029 1352 3098 inurent,
1388 3033 1480 3102 qui
1510 3035 1766 3090 materias
1791 3035 1924 3091 viris
1948 3037 2087 3092 exti-

504 3118 819 3172 mescendus
850 3119 1152 3192 insignibus
1177 3123 1364 3178 videar
1393 3125 1538 3182 velut
1564 3127 1909 3198 impudenter
1928 3130 2087 3185 ador-

2169 663 2296 718 gare
2319 664 2450 703 eone
2458 665 2550 704 1⁵13.

2241 739 2412 796 Porro
2445 741 2489 796 si
2520 741 2586 796 de
2620 750 2889 796 tantarum
2922 756 3101 797 rerum
3127 742 3550 813 praesumptione
3575 756 3658 796 me
3684 744 3746 797 ab

2171 831 2350 901 aliquo
2390 832 2679 902 dijudicari
2719 834 3030 904 contingat,
3069 833 3285 888 indubie
3326 835 3465 888 sciat
3508 848 3596 888 me
3639 833 3750 888 solo

2172 921 2268 977 Dei
2309 923 2566 978 instinctu
2610 925 2913 980 certissime
2953 925 3068 979 haec
3119 934 3435 994 penetrasse
3475 923 3750 994 mysteria.

2172 1016 2240 1070 Et
2268 1025 2436 1072 testor
2465 1017 2660 1082 Deum,
2684 1017 2777 1086 qui
2801 1017 3050 1087 aspirare
3075 1033 3181 1072 non
3205 1017 3432 1080 distulit,
3463 1015 3610 1070 nullo
3632 1031 3750 1070 meo

2171 1109 2508 1177 praecedente
2527 1109 2814 1175 exercitio,
2835 1107 2978 1163 nulla
2993 1107 3350 1177 providentia,
3369 1106 3470 1160 nisi
3493 1114 3748 1175 quantum

2172 1199 2315 1256 inter
2336 1200 2680 1254 scribendum
2696 1200 2836 1255 dicta
2845 1200 2912 1255 nd
2921 1216 3046 1269 umq
3055 1215 3121 1254 ue
3135 1199 3444 1270 exceptoris
3455 1197 3568 1254 mei-
3579 1199 3754 1252 brevis

2173 1290 2464 1346 admodum
2495 1292 2800 1361 patiebatur
2829 1305 3001 1347 mora.
3031 1291 3304 1346 Hactenus
3331 1289 3474 1344 enim
3508 1301 3618 1342 non
3649 1295 3756 1341 tam

2173 1384 2535 1452 perpetuitate
2563 1383 2769 1454 legendi
2795 1400 2958 1454 quam
2991 1383 3157 1438 nimia
3182 1381 3592 1438 continuatione
3619 1379 3752 1434 scri-

2173 1474 2356 1538 bendi,
2384 1484 2570 1544 utpote
2589 1474 2681 1544 qui
2713 1491 2820 1529 non
2851 1473 3024 1528 solum
3045 1475 3282 1530 dictator
3301 1471 3641 1535 exstiterant,
3665 1472 3758 1528 sed

2174 1575 2228 1621 et
2271 1566 2472 1622 laboris
2520 1566 2774 1622 indefessi
2845 1567 3121 1631 notarius,
3181 1566 3463 1621 oculorum
3515 1577 3757 1618 meorum
3816 1561 3822 1567 ’

2174 1657 2344 1710 aciem
2401 1657 2757 1727 undecunque
2805 1656 3149 1724 obtuderam,
3194 1657 3335 1712 unde
3378 1657 3446 1711 ad
3490 1656 3592 1710 hoc
3641 1645 3756 1708 mea

2175 1747 2592 1804 immoderantia
2646 1766 2732 1805 me
2761 1750 3004 1820 redegit,
3043 1760 3103 1804 ut
3151 1760 3444 1820 exceptore
3487 1747 3756 1810 adhibito,

2179 1843 2321 1910 quod
2362 1842 2490 1896 milii
2543 1856 2819 1910 nunquam
2863 1842 3034 1896 moris
3073 1841 3277 1906 fuerat,
3311 1839 3427 1894 sola
3475 1851 3763 1899 memoria,

2181 1932 2296 1988 sola
2320 1947 2472 1997 voce,
2501 1935 2619 1987 sine
2641 1949 2824 1998 manu,
2847 1933 2964 1988 sine
2986 1932 3158 1987 oculis
3187 1945 3424 2002 pra-scus
3447 1927 3764 1998 opusculum

2179 2035 2398 2094 cogeret
2422 2026 2702 2095 explicari.
2731 2025 2788 2079 ln
2810 2041 2916 2094 quo
2933 2025 3004 2093 pii
3031 2023 3329 2078 moderatio
3352 2021 3571 2076 lectoris
3591 2029 3762 2074 atten-

2181 2117 2271 2174 dat
2298 2126 2375 2182 ut,
2401 2119 2444 2172 si
2469 2116 2690 2173 insolito
2721 2117 2852 2172 milii
2877 2115 3036 2172 modo
3065 2116 3359 2170 dictanteni
3386 2114 3564 2167 minus
3590 2111 3764 2180 aliqua

2181 2221 2553 2279 competenter
2604 2209 2807 2264 dixisse
2853 2207 3139 2278 repererit,
3171 2221 3236 2260 eo
3275 2204 3410 2259 milii
3451 2203 3648 2256 intuitu
3689 2202 3764 2254 itt-

2179 2303 2404 2371 dulgcre
2449 2319 2554 2358 non
2597 2301 2839 2367 dilferat,
2879 2317 2988 2372 quo
3023 2301 3204 2355 minus
3246 2297 3436 2352 aliena:
3482 2295 3612 2348 dum
3651 2305 3766 2345 mea

2183 2397 2372 2454 scribit
2398 2396 2611 2460 manui,
2651 2377 2812 2466 quam
2844 2410 2977 2450 mese
3011 2394 3286 2464 quondam
3317 2391 3497 2445 facere
3539 2401 3760 2442 consuc-

2184 2504 2368 2544 veram
2418 2488 2682 2543 institisse
2720 2487 3020 2557 cognoscit.
3062 2484 3200 2538 Dum
3242 2481 3389 2537 enim
3437 2495 3555 2534 mea
3608 2493 3769 2532 manu

2185 2578 2404 2648 propria
2431 2577 2832 2647 scriptitarem,
2877 2584 2933 2630 et
2955 2575 3150 2630 crebro
3183 2572 3429 2628 contuitu
3469 2571 3612 2624 inter
3640 2566 3767 2622 scri-

2181 2671 2419 2728 bendum
2462 2671 2652 2726 eadem
2701 2670 2845 2725 dicta
2895 2669 3224 2732 reviserem,
3271 2665 3596 2720 facillimum
3644 2663 3768 2716 milii

2183 2773 2305 2820 erat
2339 2773 2392 2817 et
2419 2763 2621 2818 omissa
2653 2771 2922 2826 retexere,
2951 2768 3006 2814 et
3033 2760 3160 2815 dum
3195 2756 3388 2812 notarii
3418 2754 3524 2810 mei
3555 2751 3768 2807 fastidia

2188 2855 2332 2909 trulla
2362 2870 2427 2909 ex
2466 2871 2617 2910 mora
2648 2868 2921 2918 revereor,
2947 2853 3234 2908 verborum
3262 2845 3554 2904 curialitati
3585 2859 3768 2900 secure

2189 2950 2436 3004 mibimet
2466 2948 2567 3018 ipsi
2602 2962 2848 3002 morosus
2888 2945 3132 3000 intendo.
3167 2941 3344 2996 Tanto
3374 2938 3520 2994 enim
3552 2937 3774 2991 liberius

2189 3042 2256 3095 ad
2296 3042 2534 3095 animum
2579 3040 2737 3110 183
2769 3039 2994 3095 dicenda
3033 3034 3320 3104 recolligo,
3357 3037 3562 3102 quanto
3599 3031 3776 3082 minus

2189 3151 2288 3205 pro
2311 3132 2798 3203 circumspicienda
2824 3127 3096 3185 sententia
3127 3123 3366 3182 dictandi
3401 3119 3772 3178 lentitudinetn

501 3221 618 3262 sus.
664 3207 770 3264 Sed
813 3211 859 3265 si
901 3224 1103 3280 quanta
1150 3215 1220 3270 sit
1255 3216 1400 3272 inter
1443 3217 1759 3290 allegorias,
1799 3220 1910 3277 imo
1948 3221 2088 3278 inter
2117 3245 2159 3302 ε
2194 3230 2326 3285 mihi
2357 3228 2455 3283 soli
2489 3239 2692 3282 vacuus
2714 3223 2998 3279 erubesco.

503 3299 655 3367 ipsas
671 3299 865 3358 litterae
892 3305 1322 3375 explanationes,
1344 3317 1400 3364 et
1421 3310 1807 3379 moralitatem,
1827 3328 1949 3384 qua:
1965 3314 2092 3372 inde

504 3393 740 3460 elicitur,
757 3397 1118 3468 discrepantia
1142 3402 1768 3474 attenderent,profecto
1782 3420 1878 3462 sua
1905 3405 2097 3461 adver-

503 3502 627 3540 sum
660 3501 757 3542 nos
790 3487 992 3557 judicia
1026 3493 1392 3549 continerent.
1437 3493 1622 3566 Longe
1658 3497 1804 3552 enim
1851 3498 2098 3554 securius

505 3578 574 3632 de
603 3588 910 3636 nostrarum
939 3586 1275 3653 passionum,
1303 3603 1441 3657 quas
1467 3589 1781 3659 experimur
1807 3589 1950 3645 intra
1975 3605 2096 3654 nos,

505 3679 701 3723 natura
747 3682 1078 3740 tractamus,
1121 3693 1287 3748 quam
1340 3678 1407 3733 de
1457 3679 1735 3748 mysteriis
1789 3679 1990 3736 Christi
2043 3693 2097 3737 et

505 3758 797 3828 Ecclesiae,
829 3763 882 3817 in
910 3765 1142 3834 quibus,
1172 3768 1276 3823 nisi
1305 3767 1478 3826 simus
1505 3769 1906 3840 circumspecti,
1939 3771 2098 3828 facile

505 3849 818 3906 exorbitare
852 3855 1115 3911 valemus.
1153 3856 1209 3910 ln
1240 3858 1537 3929 tropologia
1575 3859 1720 3912 enim
1745 3875 1809 3915 eo
1835 3861 1950 3915 solo
1973 3878 2098 3932 pro-

503 3941 623 3995 viso
639 3953 699 3998 ut
718 3943 914 4001 littera:
934 3949 1246 4004 obscuritas
1265 3952 1332 4005 ad
1355 3951 1624 4022 integrum
1649 3953 1851 4008 nostris
1868 3954 2098 4025 ingeniis

503 4033 817 4103 clucescat,
871 4039 1148 4095 interioris
1197 4042 1432 4097 nominis
1481 4052 1660 4098 status
1719 4048 2097 4113 prosecutione

501 4126 778 4182 tutissima
809 4131 926 4184 sine
960 4133 1167 4188 erroris
1198 4135 1391 4190 timore
1417 4133 1764 4207 disquiritur,
1797 4138 1841 4191 si
1874 4148 2094 4194 cautum

504 4228 688 4274 tamen
717 4223 859 4290 apud
899 4239 998 4280 nos
1044 4236 1286 4293 constet,
1327 4243 1395 4284 ne
1429 4239 1618 4284 noster
1651 4229 1904 4286 videlicet
1940 4233 2096 4290 intel-

504 4307 676 4364 lectus
692 4327 720 4364 a
743 4310 933 4368 litterae
951 4317 1242 4372 concordia
1262 4318 1523 4376 violenter
1539 4320 1834 4392 intorqueri
1859 4323 2093 4379 sinatur.

503 4397 616 4454 Nisi
650 4402 794 4457 enim
834 4404 1066 4462 litteram
1097 4417 1346 4478 patenter
1375 4427 1670 4482 agnoscas,
1707 4414 1908 4470 frustra
1950 4425 2003 4471 te
2039 4417 2093 4470 in

503 4491 684 4548 studio
697 4494 886 4567 allego:
903 4499 965 4553 ia:
985 4501 1333 4570 exquirenda}
1347 4503 1428 4558 vel
1444 4505 1788 4563 mortalitatis
1808 4523 2090 4577 exerceas,

504 4593 556 4635 et
595 4587 822 4642 multum
861 4591 911 4645 in
949 4592 1046 4647 liae
1087 4594 1419 4652 discussione
1451 4597 1682 4664 falleris,
1713 4601 1756 4655 si
1795 4601 2088 4672 quidquam

2271 3321 2350 3375 Ex
2397 3321 2480 3374 bis
2526 3333 2686 3389 ergo,
2716 3332 2836 3387 qua:
2877 3317 2932 3370 in
2970 3313 3093 3369 aliis
3137 3310 3443 3368 diliicilibus
3479 3306 3776 3376 quibusque

2197 3431 2317 3470 sum
2357 3413 2412 3467 St
2432 3412 2656 3482 ripturis
2681 3420 2966 3480 expertus,
3000 3407 3203 3462 divinis
3224 3399 3568 3458 adminiculis
3598 3409 3655 3497 et
3684 3399 3775 3497 hoc

2197 3521 2334 3577 opus
2366 3504 2617 3566 adoiior,
2665 3519 2772 3556 non
2813 3501 3006 3556 dubius
3039 3499 3197 3569 quia,
3225 3497 3320 3567 qui
3358 3496 3414 3550 in
3458 3490 3656 3548 minori
3700 3490 3773 3544 sui

2199 3597 2401 3653 amoris
2436 3595 2626 3650 notitia
2661 3601 2741 3647 tot
2770 3592 3052 3662 praestitit,
3091 3589 3146 3642 in
3179 3603 3290 3642 suae
3326 3581 3779 3679 contempla-tione

2199 3689 2335 3759 legis
2355 3703 2485 3742 mete
2509 3685 2799 3741 intentioni
2827 3681 3093 3745 subsidia,
3111 3679 3305 3734 melius
3323 3677 3436 3772 iam
3458 3673 3774 3772 intendenti,

2199 3793 2255 3837 et
2301 3779 2546 3836 devotius
2588 3777 2860 3847 aspirato,
2894 3781 3002 3829 nun
3047 3769 3270 3840 negabit
3306 3767 3490 3821 animo
3533 3767 3779 3832 majestas

2199 3867 2378 3922 divina
2419 3867 2627 3937 potiora
2657 3865 2722 3918 de
2761 3879 2820 3918 se
2858 3859 3126 3918 tractandi
3159 3867 3323 3927 atque
3353 3852 3624 3926 cogitandi
3655 3866 3774 3905 con-

2197 3968 2340 4023 silia.
3183 3991 3198 4004 ο
3493 4039 3503 4042 _
3763 4033 3772 4042 ,

2269 4060 2404 4126 Quia
2431 4058 2593 4127 igitur
2615 4071 2722 4125 quo
2743 4053 2960 4108 nomine
2979 4056 3266 4105 censeatur
3279 4039 3598 4137 opusculum
3613 4039 3776 4137 quaeri

2199 4159 2373 4221 potest
2411 4125 2538 4203 mihi
2573 4146 2805 4205 videtur,
2845 4125 3779 4228 quandoquidemcontn‘ietitariolos

2200 4219 2350 4297 meos
2385 4242 2437 4296 in
2467 4239 2742 4295 Gcncseus
2770 4234 2910 4289 libro
2942 4233 3016 4288 ita
3052 4225 3386 4288 vocaverim,
3420 4219 3642 4275 Moralia
3677 4230 3776 4316 non

2199 4336 2396 4390 debere
2433 4330 2645 4394 vocari,
2682 4329 2775 4384 sed
2821 4325 2902 4380 vel
2949 4329 3202 4378 manente
3243 4331 3438 4379 sensu,
3477 4313 3654 4380 lingua
3686 4313 3774 4358 im-

2201 4433 2428 4488 mntata,
2456 4419 2809 4491 'l‘ropologias
2839 4417 2890 4472 in
2926 4411 3204 4484 prophetis
3225 4421 3385 4478 posse
3428 4401 3656 4470 conjicio
3687 4411 3774 4465 ap-

2196 4513 2401 4586 pellari.

1824 4904 1885 4939 lix
1897 4904 2068 4943 PLICIT
2113 4901 2432 4942 Ρῐὶοωκιυπς.
