3978 6332
244 254 337 311 3η

892 260 1347 318 'IROPOLOGIA‘I
1381 260 1447 316 IN
1487 264 1685 331 OSEE,
1712 265 1901 324 AMOS
1950 269 2035 326 ET
2074 269 2220 327 JER.
2256 302 2325 311 -—
2350 271 2474 327 LIB.
2507 272 2547 328 Ι.
2586 273 2649 328 IN
2679 275 2876 331 OSEE.

3413 276 3531 333 552

263 398 3505 458 W:

834 534 1447 750 VEN.
1610 416 2907 761 eufniﬁﬁi

1397 820 2356 1003 TROPOLOGI/ii

325 1108 534 1259 IN
654 1103 1795 1264 PROPHETAS

1913 1108 2407 1267 OSEE
2522 1116 2802 1272 ET.
2888 1116 3410 1284 AMOS

796 1357 2969 1674 LAMENTATIouES'JEREMm
3042 1582 3047 1585 μ

888 1992 895 1995 _
1387 1876 1746 1966 LIBER
1834 1880 2290 1971 ramus

905 2062 1593 2142 TROPOLOGUE
1670 2065 1775 2147 IN

1924 2068 2489 2153 ltUPHETAM
2566 2078 2822 2157 osse

743 2368 970 2426 CAPUT
1010 2367 1304 2426 PRIMUM.

283 2464 441 2517 Vnus.
480 2463 533 2516 l.
560 2492 638 2503 --
674 2480 692 2514 t
739 2461 972 2517 Verbum
997 2461 1209 2517 Domini
1239 2461 1381 2532 quod
1413 2461 1614 2517 factum
1643 2472 1723 2517 est
1749 2462 1815 2517 ad

223 2575 239 2607 ι
273 2555 406 2613 Osee
448 2554 652 2610 ﬁliium
687 2554 865 2611 Beeri.
911 2575 930 2608 ›
979 2553 1201 2609 Verbum
1240 2554 1342 2610 hoc
1383 2570 1487 2610 non
1517 2554 1815 2610 elementa-

220 2649 374 2714 rium,
403 2665 507 2704 nec
543 2648 782 2703 interius
810 2647 988 2718 aliqua
1022 2646 1372 2703 intellectuali
1406 2648 1818 2704 ratiocinatione

218 2758 306 2812 per
358 2741 767 2797 sententiarum
828 2740 1069 2795 membra
1124 2740 1449 2797 distinctum
1509 2741 1817 2813 intelligere

226 2834 504 2900 debemus,
532 2832 686 2903 quod
717 2847 823 2886 non
856 2832 926 2887 sit
946 2832 1090 2886 aliud
1116 2847 1279 2901 quam
1305 2831 1483 2888 lumen
1515 2832 1645 2888 illud
1674 2834 1817 2903 quod

218 2922 480 2978 illuminat
507 2938 739 2979 omnem
773 2923 1045 2979 hominem
1068 2924 1377 2979 venientem
1410 2924 1462 2979 in
1486 2924 1630 2980 hunc
1659 2940 1818 2980 mun-

215 3014 331 3067 dum
349 3012 535 3082 (Joun.
556 3029 575 3066 ι
588 3055 603 3078 ,
618 3013 698 3082 9),
716 3015 967 3084 quodque
982 3027 1011 3067 a
1026 3012 1311 3068 Psalmista
1325 3013 1525 3069 dicitur
1544 3032 1555 3067 :
1581 3032 1599 3066 t
1624 3012 1818 3084 Signa-

215 3119 315 3160 tum
352 3115 437 3161 est
477 3121 662 3177 super
699 3121 798 3161 nos
829 3105 1007 3162 lumen
1050 3105 1126 3159 tui
1162 3104 1536 3175 vultus(Paal.
1573 3122 1645 3172 tv,
1675 3107 1749 3175 7).
1793 3127 1810 3158 ι

215 3200 302 3254 Est
338 3210 525 3255 autem
588 3200 819 3255 rationis
867 3208 1047 3254 motus
1097 3200 1163 3253 ad
1212 3200 1304 3255 Dei
1355 3200 1815 3272 dignoscentiam,

213 3290 441 3361 bonique
472 3291 727 3362 malique
762 3290 1143 3347 discretionem
1185 3290 1316 3346 solis
1354 3301 1471 3362 post
1518 3292 1684 3347 Deum
1726 3309 1818 3347 an-

212 3385 339 3455 gelis
366 3386 809 3455 hominibusque
839 3385 1057 3441 insitus.
1098 3384 1211 3441 Hoc
1238 3388 1447 3440 verbum
1478 3386 1691 3442 Domini
1712 3398 1814 3451 est,

212 3477 331 3545 quia
379 3476 447 3530 ab
499 3478 631 3547 ipsa
682 3476 961 3547 Sapientia
1012 3476 1310 3542 creatrice,
1359 3493 1480 3546 quae
1531 3476 1813 3548 loquitur:

218 3586 233 3615 ι
268 3567 374 3637 Ego
405 3568 456 3622 in
489 3567 788 3623 altissimis
816 3568 1005 3623 habito
1038 3566 1229 3640 (Eccli.
1260 3584 1410 3635 xxw,
1436 3569 1513 3639 7).
1548 3590 1565 3621 ι
1604 3571 1688 3625 Ab
1716 3571 1817 3626 ini-

215 3656 284 3710 tio
309 3664 363 3712 et
390 3667 521 3711 ante
569 3657 767 3712 saecula
808 3657 948 3712 intra
985 3658 1203 3729 angelos
1239 3668 1293 3715 et
1332 3660 1579 3715 homines
1608 3671 1663 3716 et
1693 3662 1809 3730 ipsa

214 3749 349 3802 dicta
382 3749 668 3820 sapientia
709 3758 891 3805 creata
922 3759 1004 3803 est
1030 3721 1226 3821 (ibim,
1270 3751 1377 3821 tl).
1430 3750 1541 3807 lloc
1587 3721 1813 3807 verb-um
1845 3721 1888 3780 Β

215 3840 300 3905 ﬁt,
343 3856 467 3893 cum
523 3838 667 3895 illud
723 3841 923 3895 interni
974 3849 1240 3898 tractatus
1292 3843 1569 3914 diligentia
1626 3845 1811 3899 subtili

214 3926 605 3983 distributione
634 3927 789 3997 quasi
827 3943 924 3998 per
960 3943 1220 3999 corporea
1250 3929 1573 3985 lineamenta
1603 3931 1813 4001 disper-

217 4020 293 4072 tit.
332 4020 417 4075 Fit
449 4036 679 4090 quoquc
711 4018 781 4073 ad
817 4018 978 4087 Osee,
1007 4038 1129 4077 cum
1164 4023 1228 4077 ad
1258 4024 1427 4077 solum
1456 4026 1810 4096 capacitatem

217 4112 705 4169 intellectualitatis
719 4114 981 4185 pertingit
1001 4115 1271 4170 humante.
1296 4115 1378 4168 Ad
1399 4115 1550 4180 Osee,
1568 4116 1810 4185 inquam,

220 4204 293 4267 ﬁt,
325 4206 452 4259 dum
478 4206 554 4258 ad
583 4204 834 4276 spiritum
870 4215 1138 4273 nostrum,
1170 4207 1222 4261 in
1255 4222 1362 4278 quo
1384 4206 1649 4263 salutiferi
1677 4223 1813 4264 con-

217 4297 313 4349 silii
341 4312 567 4352 summa
606 4307 720 4363 est,
760 4299 1114 4355 erudiendum
1152 4300 1415 4370 singulari
1452 4301 1714 4372 dignitate
1753 4316 1813 4357 se

224 4388 439 4459 colligit.
486 4388 637 4445 Osee
683 4390 827 4444 enim
879 4390 1360 4455 salvator,Domini
1402 4394 1811 4464 interpretatur.

217 4477 280 4532 Et
322 4480 409 4534 cui
450 4480 634 4549 magis
673 4495 797 4550 spes
825 4481 1077 4536 humana:
1119 4482 1309 4539 salutis
1350 4492 1473 4553 post
1524 4471 1811 4540 Dominum

218 4568 521 4625 intenditur
570 4586 735 4641 quam
777 4569 853 4626 illi
890 4561 1084 4636 verbo,
1125 4573 1268 4642 quod
1316 4574 1542 4642 pedibus
1588 4574 1810 4640 nostris,

212 4660 362 4730 juxta
394 4663 704 4732 psalmum.
736 4663 888 4732 quasi
929 4663 1149 4719 lucerna
1187 4666 1606 4735 praescribitur?
1636 4665 1808 4732 (Psal.

216 4767 404 4816 cxvtn,
435 4751 588 4822 105).
628 4752 781 4808 Unde
807 4762 861 4808 et
895 4754 1108 4808 Domini
1139 4753 1355 4821 dicitur,
1390 4756 1515 4825 quia
1544 4756 1688 4827 quod
1712 4771 1811 4813 nos

219 4843 463 4899 docendo
504 4844 711 4911 salvat,
755 4844 854 4900 soli
896 4844 1217 4900 illuminanli
1258 4847 1438 4917 potius
1469 4863 1633 4919 quam
1671 4848 1812 4903 luna:

223 4934 547 4990 illuminata:
575 4935 889 5007 imputatur.
920 4934 970 4991 ls
998 4926 1136 4991 OSce
1164 4938 1307 4992 ﬁlius
1343 4947 1426 4993 est
1463 4938 1648 5006 Beeri,
1684 4940 1808 4994 auia

220 5024 544 5082 salvationis
584 5042 696 5082 sua:
731 5027 958 5098 gloriam
996 5042 1103 5082 non
1142 5028 1326 5083 haurit
1380 5029 1513 5084 alias
1550 5046 1708 5101 quam
1743 5032 1809 5087 de

222 5119 336 5187 ipso
372 5120 599 5191 proprio
628 5119 778 5175 fonte
812 5120 941 5187 Dei,
967 5120 1125 5176 Becri
1173 5136 1408 5191 namque
1443 5133 1629 5193 puteus
1663 5141 1807 5178 metu

221 5215 439 5268 dicitur.
499 5214 751 5269 Salvator
796 5216 978 5285 itaque
1023 5216 1166 5272 ﬁlius
1198 5216 1342 5285 putei
1390 5217 1472 5271 sui
1520 5225 1635 5282 est,
1680 5218 1804 5287 quia

221 5306 482 5375 quidquid
524 5306 753 5362 interius
788 5309 1124 5378 suggerendo
1168 5306 1387 5363 salubre
1427 5307 1699 5363 ministrat
1736 5323 1803 5363 ex

223 5396 493 5454 amuentia
524 5414 787 5470 aquarum
819 5400 1113 5455 viventium
1143 5416 1264 5471 quae
1304 5401 1477 5456 ﬂuunt
1506 5402 1704 5471 impetu
1738 5403 1803 5457 de

224 5487 428 5547 Libano
455 5499 539 5547 est
569 5491 746 5563 (Cant.
786 5510 861 5558 tv,
887 5495 994 5563 15).

302 5597 319 5630 ι
354 5580 414 5635 In
440 5582 630 5639 diebus
652 5584 816 5648 Olim,
843 5583 1092 5648 Joathan,
1121 5584 1324 5651 Achaz,
1350 5584 1596 5641 Ezechiae
1618 5599 1802 5655 regum

228 5668 381 5728 Iuda.
410 5695 427 5729 ι
456 5672 613 5733 Ozias
643 5674 891 5733 fortitudo
914 5676 1148 5735 Domini.
1171 5677 1406 5737 Joathan
1428 5679 1805 5735 consummatio

1845 2364 1887 2414 Α
1920 2377 2001 2431 vel
2041 2368 2312 2447 per/gena;
2350 2381 2531 2434 Achaz
2569 2370 2753 2447 virtus,
2788 2376 3052 2443 Eie'ébias
3094 2386 3368 2459 imperium
3401 2381 3515 2449 Do-

1920 2469 2047 2522 mini
2078 2478 2293 2524 sonant.
2333 2469 2570 2527 Verbum
2602 2488 2733 2544 ergo
2770 2489 2866 2545 per
2898 2475 3055 2533 bonae
3092 2480 3384 2539 voluntatis
3426 2502 3511 2542 re-

1921 2559 2307 2617 tractationem
2365 2564 2522 2633 quasi
2584 2565 2940 2623 substantiale
3006 2567 3259 2628 eﬂ‘ectum
3330 2592 3511 2648 regum

1915 2648 2082 2713 Juda,
2116 2650 2169 2704 id
2205 2659 2289 2706 est
2323 2651 2687 2710 confessionis
2712 2655 2830 2712 dies
2864 2656 3062 2727 etﬁcit,
3095 2661 3221 2717 dum
3259 2678 3357 2734 per
3387 2681 3510 2736 pec-

1916 2739 2023 2793 cati
2063 2740 2411 2797 emissionem
2446 2743 2733 2801 virtutibus
2765 2748 3017 2806 admissis
3045 2753 3211 2809 menti
3231 2754 3513 2813 claritates

1862 2856 1893 2895 ,ι
1916 2830 2175 2885 ostendit.
2207 2830 2539 2904 Principium
2570 2837 2716 2892 enim
2745 2838 3010 2896 bonorum
3046 2843 3314 2902 confessio
3339 2847 3510 2903 malo-

1920 2936 2068 2987 rum;
2098 2922 2143 2976 si
2164 2923 2309 2977 enim
2332 2922 2493 2980 Ozias
2517 2924 2726 2982 Domini
2751 2937 2835 2984 est
2859 2929 3137 3000 fortitudo,
3162 2935 3290 3004 quid
3314 2935 3510 2993 fortius

1916 3028 2078 3082 quam
2138 3013 2437 3085 injustitias
2488 3016 2540 3071 in
2590 3018 2790 3087 quibus
2838 3022 3209 3081 erubescimus
3259 3027 3509 3083 conﬁteri

1916 3103 2203 3160 adversum
2243 3119 2341 3161 nos
2379 3106 2651 3163 Domino?
2679 3110 2852 3180 (Paul.
2883 3128 3034 3179 xxxx,
3071 3115 3149 3188 5.)

1989 3193 2210 3262 Deinde,
2248 3196 2399 3265 juxta
2425 3201 2568 3267 quod
2594 3199 2823 3256 Joathan
2871 3204 3075 3272 innuit,
3107 3210 3360 3275 quoniam
3399 3227 3505 3268 non

1917 3282 2093 3338 solum
2122 3286 2322 3340 bonum
2355 3297 2435 3343 est
2471 3290 2748 3356 conﬁteri,
2787 3292 2884 3347 sed
2912 3294 3076 3348 etiam
3106 3310 3506 3369 consequenter

1917 3374 2151 3444 psallere
2180 3375 2357 3447 (Psal.
2387 3396 2497 3444 xci,
2531 3380 2611 3451 2),
2641 3382 2685 3436 si
2725 3382 2778 3437 in
2806 3382 2930 3437 boni
2963 3385 3294 3443 exhibitione
3324 3392 3511 3461 operis

1918 3480 2363 3525 consummamur
2390 3480 2555 3542 atque
2583 3472 2918 3543 perﬁcimur,
2954 3475 3109 3545 juxta
3146 3480 3287 3549 quod
3328 3481 3507 3535 Acha;

1919 3574 2018 3614 suo
2048 3561 2225 3633 signat
2258 3562 2498 3618 nomine.
2535 3562 2716 3619 Virtus
2747 3567 3055 3622 necessaria
3082 3577 3186 3632 est,
3220 3571 3353 3638 quia?
3375 3573 3500 3626 dum

1919 3648 2057 3705 bona
2090 3652 2141 3704 in
2175 3652 2329 3707 nobis
2353 3654 2673 3720 exuberant,
2697 3654 2962 3710 honorum
2995 3658 3219 3714 ambitio
3246 3669 3302 3715 et
3326 3661 3505 3718 laudis

1917 3743 2262 3812 appetentia,
2296 3757 2417 3813 quae
2446 3755 2578 3800 tunc
2614 3747 2921 3817 importune
2954 3749 3169 3821 ingerit,
3210 3766 3419 3806 summa
3450 3755 3501 3808 vi

1921 3834 2271 3903 propellenda
2306 3845 2407 3891 est.
2435 3837 2553 3904 Quo
2581 3838 2746 3905 facto,
2772 3838 2924 3907 juxta
2958 3842 3101 3911 quod
3127 3842 3389 3899 Ezechias
3421 3845 3500 3900 in-

1918 3932 2246 3993 terpretatur
2285 3926 2443 3997 plene
2473 3927 2729 3982 Dominus
2768 3930 3019 3999 imperat,
3056 3932 3182 4001 quia
3215 3934 3305 4002 qui
3336 3935 3413 3989 sic
3444 3950 3502 3990 se

1918 4018 2104 4082 habet,
2140 4027 2510 4088 competenter
2541 4020 2687 4075 valet
2724 4021 2945 4077 dicere:
2982 4041 2999 4074 ι
3038 4023 3184 4079 Tuus
3218 4039 3337 4080 sum
3368 4040 3501 4097 ego,

1915 4109 2123 4165 salvum
2152 4124 2239 4165 me
2270 4109 2357 4164 l‘ac
2386 4109 2557 4181 (Paul.
2599 4128 2786 4178 cxvm,
2818 4113 2944 4184 94),
2983 4133 3002 4165 ο
3045 4117 3345 4184 praesertim
3377 4133 3501 4173 cum

1914 4203 2149 4259 sinistrae
2179 4204 2348 4274 partis
2380 4204 2453 4258 nil
2479 4205 2532 4259 in
2561 4219 2620 4260 se
2652 4206 2794 4275 quod
2827 4206 3134 4260 dominetur
3156 4207 3425 4263 admittat.

1987 4294 2153 4349 Vens.
2196 4294 2251 4347 ‘2.
2287 4325 2357 4335 —-
2405 4313 2423 4346 ι
2469 4295 2536 4350 Ει
2580 4296 2632 4350 in
2668 4297 2858 4353 diebus
2898 4297 3186 4353 Jeroboam
3228 4299 3321 4353 ﬁlii
3373 4297 3500 4353 Joas

1922 4402 1939 4434 ι
1974 4384 2117 4454 regis
2140 4383 2326 4441 Israel.
2346 4384 2676 4456 Principium
2700 4386 2951 4455 loquendi
2971 4387 3200 4443 Domino
3215 4393 3269 4441 in
3287 4387 3441 4444 Osee.
3475 4409 3493 4438 ›

1913 4476 2219 4532 Notandum
2267 4476 2412 4547 quod
2452 4477 2703 4548 superius
2757 4478 2966 4531 uerbum
3009 4478 3146 4533 dixit
3186 4478 3387 4548 factum
3428 4481 3498 4532 ad

1916 4566 2069 4631 Osee,
2093 4567 2254 4622 modo
2285 4566 2601 4636 principium
2632 4565 2878 4637 loquendi
2913 4566 3075 4639 184
3110 4582 3217 4623 non
3244 4570 3316 4622 ad
3344 4567 3503 4634 Osce,

1913 4655 2008 4725 sed
2034 4657 2088 4710 in
2117 4654 2265 4711 Osee.
2302 4654 2383 4708 Ad
2414 4654 2545 4709 Osee
2570 4654 2831 4711 Dominus
2850 4655 3107 4726 loquitur,
3134 4672 3255 4712 cum
3287 4668 3379 4712 aut
3403 4674 3496 4729 per

1913 4748 2097 4802 divina
2136 4747 2380 4816 eloquia,
2415 4757 2509 4802 aut
2534 4761 2631 4817 per
2660 4747 2896 4818 aliquam
2935 4748 3174 4805 exterius
3199 4749 3501 4804 exhibitam

1870 4858 1877 4869 ’
1911 4841 2253 4897 occasionem
2277 4855 2431 4897 mens
2458 4850 2643 4896 nostra
2674 4844 3083 4914 compungitur;
3106 4844 3162 4897 in
3186 4842 3341 4906 Osee,
3367 4857 3499 4898 vero

1912 4949 2035 4989 cum
2077 4949 2174 4989 sua
2217 4934 2385 5005 ipsius
2428 4933 2882 5005 contemplatione
2927 4945 2982 4990 et
3017 4936 3119 5005 pia:
3150 4934 3497 5004 cogitationis

1864 5092 1876 5107 η
1913 5038 2211 5097 spontanea
2273 5027 2715 5098 augmentatioue
2773 5026 3141 5081 succenditur.
3207 5023 3495 5080 Jeroboam

1913 5117 2238 5188 temporalis,
2268 5117 2397 5173 Joas
2436 5135 2651 5189 sperans
2692 5119 3101 5187 interpretatur,
3145 5116 3313 5171 Israel
3346 5118 3494 5187 prin-

1915 5228 2030 5279 ceps
2053 5219 2134 5265 est
2155 5210 2284 5273 Deo,
2310 5209 2397 5265 vel
2420 5211 2649 5265 directus
2672 5209 2788 5264 Dei.
2810 5210 2913 5264 Per
2934 5208 3097 5263 Israel
3122 5224 3251 5279 ergo
3273 5207 3503 5267 aﬁ’ectus

1914 5311 2097 5358 uoster
2143 5302 2378 5358 carnalis
2426 5303 2706 5371 accipitur,
2757 5302 2848 5369 qui
2893 5315 3167 5370 nunquam
3222 5301 3325 5357 nisi
3369 5318 3494 5358 cum

1912 5397 2041 5461 Deo,
2072 5394 2123 5448 id
2155 5402 2237 5449 est
2257 5394 2469 5450 ratione
2491 5395 2689 5449 comite
2710 5393 3067 5464 principatur,
3099 5409 3372 5464 nunquam
3399 5411 3493 5465 per

1909 5504 1967 5542 se
2001 5486 2271 5557 dirigitur,
2312 5486 2438 5555 quia
2477 5501 2576 5540 nec
2609 5485 2678 5539 ab
2716 5484 2974 5553 Apostolo
3009 5485 3209 5541 bonum
3241 5487 3295 5541 in
3329 5502 3497 5543 carne

1908 5580 2124 5652 propria
2160 5577 2429 5648 reperitur
2469 5575 2648 5647 (Rom.
2682 5591 2775 5643 vn,
2817 5576 2926 5648 l9).

1982 5672 2079 5729 Hic
2104 5670 2387 5729 Jeroboatn
2412 5680 2466 5726 et
2490 5670 2615 5728 Joas
2643 5670 2803 5727 habet
2833 5688 3005 5744 reges,
3031 5674 3155 5744 quia
3184 5673 3502 5745 temporalis.
