3978 6332
437 303 541 357 353

1243 295 1305 348 V.
1349 292 1675 351 CUIBERTI
1717 292 2008 351 ABBATIS
2041 292 2097 349 S.
2142 290 2379 349 MARIIE
2423 292 2513 350 DE
2550 291 2942 351 NOVIGENTO

3590 292 3688 349 3H

435 417 704 472 commodi
747 425 802 474 et
835 417 948 487 spei
988 413 1307 476 mundanae,
1338 427 1458 481 quae
1490 428 1555 466 ex
1593 426 1658 466 eo
1701 427 1917 481 semper
1944 413 2023 481 gi-
2052 413 2095 468 Α
2124 418 2266 465 stum
2323 425 2457 481 opus
2508 418 2593 466 est
2651 408 2911 479 quidquid
2970 423 3035 463 ex
3088 406 3410 463 humilitatis
3462 418 3695 465 semente

434 509 642 577 gnitur,
667 508 908 564 dominio
930 506 1239 574 frequenter
1262 501 1347 556 vel
1369 502 1652 558 exactione
1674 501 2011 571 deprimitur.

435 596 538 663 Qui
587 600 693 653 duo
737 596 937 650 habent
975 594 1115 656 dies,
1151 591 1280 661 quia
1324 605 1431 645 non
1482 590 1584 646 nisi
1628 590 1791 661 hujus
1832 590 2015 645 saeculi

434 687 723 755 explorant
761 683 1172 754 prosperitates.
1206 681 1450 748 Quatuor
1483 696 1615 752 ergo
1653 680 1803 736 Judm
1837 695 2016 752 reges,

435 788 493 832 et
532 779 638 832 duo
681 775 896 830 Israelis
932 782 1086 837 sunt,
1134 774 1262 844 quia
1313 775 1457 829 unde
1495 774 1633 829 ratio
1654 774 1903 843 cegitur,
1934 772 2018 829 vel

435 870 578 939 quod
611 869 750 922 ratio
777 875 953 938 reget,
997 867 1264 937 quadrum
1301 876 1356 923 et
1390 867 1512 922 ideo
1549 866 1777 922 solidum
1818 874 1932 932 est;
1963 866 2017 922 in

434 971 543 1026 quo
561 967 741 1012 autem
783 956 1141 1013 all‘ectualiter
1163 957 1593 1023 intumescimus,
1624 965 1829 1027 quanto
1863 966 2019 1012 extra

433 1049 698 1105 unitatem
729 1057 847 1116 est,
881 1057 1033 1123 tanto
1067 1050 1319 1106 divisioni
1352 1058 1407 1106 et
1443 1050 1753 1106 im‘identiae
1788 1064 2017 1122 pronum

432 1149 539 1197 est.
568 1140 821 1209 Quandiu
847 1143 1033 1212 itaque
1055 1142 1392 1213 temporalia,
1420 1150 1474 1199 et
1497 1157 1621 1213 spes
1644 1140 2019 1213 temporalium

434 1233 620 1289 animo
648 1234 936 1305 imperant,
961 1234 1210 1304 quamvis
1230 1243 1463 1306 quatuor
1486 1234 1906 1305 praecedentium
1936 1248 2024 1288 re-

434 1340 564 1394 gum
597 1339 791 1396 magna
823 1324 1064 1395 potentia
1093 1325 1193 1391 sit,
1225 1332 1406 1380 tamen
1436 1325 1634 1379 mentis
1669 1332 1844 1380 status
1872 1333 2024 1378 utro.

434 1415 603 1486 bique
644 1415 977 1472 alternantes
1011 1416 1223 1472 duobus
1262 1415 1550 1484 aliquoties
1590 1413 1828 1470 molliter
1860 1414 2022 1470 obse-

436 1509 696 1562 cundant.
740 1505 892 1562 Unde
932 1506 1250 1575 principium
1292 1506 1458 1561 habet
1494 1504 1756 1560 Dominus
1794 1505 1851 1559 in
1892 1504 2023 1560 Osee

436 1598 710 1669 loquendi,
752 1613 876 1654 cum
914 1598 968 1653 in
1013 1597 1259 1654 interiori
1303 1597 1523 1654 homine
1559 1596 1761 1651 habent
1788 1605 2024 1667 quatuor

437 1698 626 1743 contra
662 1689 797 1746 duos
828 1690 1032 1761 primas
1064 1704 1132 1746 ex
1180 1690 1361 1761 aliqua
1401 1706 1459 1746 re
1501 1691 1815 1747 occasiones
1855 1688 2023 1746 alter-

436 1779 619 1833 candi.
648 1779 788 1835 Hinc
816 1791 899 1836 est
930 1781 1072 1850 quod
1096 1781 1358 1851 sequitur.

514 1891 535 1924 s
572 1872 642 1928 Et
694 1872 831 1928 dixit
882 1873 1142 1929 Dominus
1186 1873 1254 1929 ad
1294 1873 1475 1930 Osee:
1523 1873 1693 1940 Vade,
1735 1886 1890 1928 sume
1930 1872 2026 1928 tibi

445 1987 464 2019 ι
501 1981 730 2023 uxorem
754 1968 1195 2033 fornicationum,
1224 1977 1280 2024 et
1302 1969 1387 2025 fac
1418 1969 1556 2025 ﬁlios
1580 1968 2021 2032 fornicationum,

445 2078 466 2109 ι
503 2058 629 2129 quia
660 2057 936 2115 fornicans
970 2058 1330 2116 fornicabitur
1360 2070 1503 2116 terra
1534 2077 1563 2115 a
1593 2059 1844 2116 Domino.
1890 2078 1910 2113 ι
1944 2060 2028 2112 Ad

442 2150 576 2206 Osee
609 2149 865 2205 Dominus
894 2148 1044 2215 dicit,
1080 2164 1201 2204 cum
1229 2165 1424 2205 causas
1464 2149 1742 2206 interioris
1779 2157 1934 2205 actus
1962 2150 2028 2202 ah

440 2242 699 2298 exteriori
727 2242 942 2313 ingerit.
985 2239 1154 2308 Vade,
1178 2242 1371 2312 inquit,
1403 2259 1473 2298 ne
1500 2241 1707 2310 majora
1737 2241 1804 2297 de
1834 2254 1886 2296 te
1908 2254 2030 2296 seu-

441 2337 547 2392 tias
572 2351 733 2405 quam
756 2336 1034 2406 competit,
1068 2336 1252 2407 sciens
1287 2336 1442 2407 quia,
1473 2336 1600 2392 dum
1631 2334 1869 2399 advivis,
1901 2347 2030 2388 caro

442 2430 706 2485 adversus
733 2429 984 2500 spiritum
1014 2429 1353 2500 concupiscit
1375 2428 1517 2500 (Gal.
1549 2446 1603 2494 v,
1632 2428 1744 2499 l7),
1768 2428 1859 2483 sed
1886 2442 2031 2480 sume

443 2519 537 2573 tibi
569 2534 783 2573 uxorem
821 2518 1254 2587 fornicationum,
1282 2517 1337 2572 id
1362 2526 1446 2573 est.
1477 2516 1688 2572 ascribe
1715 2516 1812 2572 tibi
1842 2515 2032 2571 volun-

444 2618 644 2670 tatem,
678 2609 795 2664 sine
839 2623 946 2678 qua
989 2623 1090 2663 nec
1128 2607 1329 2663 bonum
1371 2623 1471 2664 nec
1506 2608 1708 2662 malum
1750 2607 1837 2671 ﬁt,
1869 2605 2030 2662 lasci-

443 2701 681 2755 vientem
723 2715 822 2770 per
868 2698 1147 2755 volutabra
1191 2698 1628 2766 delectationum,
1675 2710 1725 2754 et
1774 2700 1858 2769 fac
1892 2698 2031 2767 ﬁlios

449 2791 861 2860 fornicationum
888 2831 903 2858 ,
955 2805 1121 2862 opera
1164 2790 1417 2847 videlicet
1455 2791 1793 2848 diversorum
1839 2804 2030 2846 exces-

445 2898 627 2939 suum.

518 2973 646 3028 Ilaec
672 2981 753 3029 est
780 2988 917 3028 uxor
938 2988 1058 3043 qua:
1080 2975 1132 3030 in
1160 2975 1436 3045 Evangelii
1464 2973 1720 3045 parabole
1747 2987 1871 3028 cum
1910 2971 2034 3027 ﬁliis

2121 507 2353 554 creatur.
2380 498 2489 554 Nec
2512 499 2658 553 enim
2680 498 2853 553 virtus
2879 496 3099 563 dicitur,
3124 511 3243 567 qua:
3268 511 3375 551 non
3397 496 3698 554 humilitate

2120 590 2389 645 conditur.
2420 589 2778 659 Reddensque
2799 604 2993 645 causas
3011 631 3027 653 ,
3055 590 3263 654 adhuc,
3296 588 3504 658 inquit,
3531 592 3695 644 modi-

2122 697 2266 747 cum,
2313 691 2363 735 et
2403 681 2619 736 visitabo
2663 682 2971 751 sanguinem
3007 680 3254 735 Jezraltel
3290 698 3448 751 super
3494 682 3699 737 domum

2119 771 2276 835 Jeltu,
2314 772 2366 828 id
2405 782 2488 828 est
2526 789 2692 844 parva
2726 774 2829 828 erit
2868 773 3095 828 internae
3131 788 3282 827 mora
3318 772 3546 843 quietis,
3584 788 3702 829 cum

2123 864 2311 920 ulcisci
2354 880 2574 936 cmpero
2617 866 2967 934 sanguinem,
3007 866 3150 935 quod
3184 875 3270 921 est
3305 872 3588 935 peccatum
3622 865 3703 919 vi-

2123 959 2269 1013 t’iatse
2302 959 2650 1028 humilitatis,
2674 968 2729 1015 et
2764 961 2867 1015 hoc
2904 976 3061 1031 super
3090 960 3303 1013 domum
3337 958 3511 1024 Jelm,
3539 958 3591 1012 id
3627 969 3709 1013 est

2123 1052 2471 1108 stabilitatem
2492 1053 2859 1121 conscientiae,
2881 1068 3001 1122 quae
3020 1067 3087 1107 ex
3110 1043 3204 1108 Dei
3230 1052 3501 1108 desiderio
3524 1065 3708 1121 quam-

2124 1144 2247 1199 dam
2273 1144 2497 1200 molitur
2522 1144 2980 1211 immobilitatem,
3004 1144 3060 1199 in
3084 1159 3188 1215 qua
3211 1143 3304 1199 diu
3325 1143 3427 1198 sibi
3454 1157 3561 1197 non
3586 1141 3710 1196 licet

2122 1236 2445 1293 consistere.
2473 1236 2563 1293 Fit
2596 1237 2740 1293 enim
2767 1236 3039 1293 silentium
3069 1237 3124 1292 in
3161 1236 3320 1305 ctelo,
3348 1236 3443 1292 sed
3470 1236 3561 1290 vix
3601 1248 3712 1289 me-

2124 1325 2212 1380 dia
2239 1326 2395 1380 liora.

2199 1415 2503 1473 Notandum
2535 1425 2717 1473 autem
2746 1417 2890 1489 quod
2918 1433 3027 1474 non
3057 1417 3201 1474 aliud
3224 1417 3296 1473 sit
3322 1431 3521 1474 vocare
3548 1415 3715 1470 filium

2126 1524 2291 1581 quam
2325 1510 2600 1567 mstimare
2639 1524 2775 1581 opus
2810 1510 3111 1582 proprium.
3153 1509 3418 1576 Verbum,
3449 1508 3592 1580 quod
3635 1514 3718 1562 est

2126 1603 2374 1669 visitare,
2410 1617 2532 1659 cum
2565 1602 2637 1658 sit
2679 1602 3133 1674 frequentativum
3157 1642 3174 1668 ,
3200 1600 3451 1657 bifariam
3482 1601 3536 1655 in
3569 1599 3717 1655 Scri-

2126 1694 2301 1764 pluris
2341 1695 2627 1765 accipitur,
2662 1704 2721 1751 ut
2757 1704 2841 1751 est
2871 1710 2887 1749 :
2924 1715 2942 1749 ς
2989 1693 3236 1751 Visitabo
3267 1695 3321 1749 in
3357 1694 3509 1764 virga
3539 1691 3713 1765 (Psal.

2055 1758 2101 1817 Β
2128 1758 2402 1851 txxxvm,
2430 1758 2543 1854 53).
2579 1758 2619 1840 »-
2648 1786 2755 1842 Et:
2792 1805 2810 1839 ι
2847 1785 3020 1842 Visita
3057 1801 3158 1841 nos
3186 1786 3239 1841 in
3276 1758 3501 1842 salutari
3540 1758 3715 1856 (1)ωὲ.

2129 1894 2215 1946 cv,
2242 1878 2319 1950 4),
2352 1898 2370 1932 ›
2400 1888 2455 1934 et
2478 1880 2855 1935 assiduitatem
2879 1877 3074 1935 divinae
3094 1878 3392 1935 introrsum
3418 1876 3719 1933 correctio-

2130 1969 2215 2024 nis
2243 1970 2503 2025 insinuat.
3083 1967 3096 1977 ’

2199 2061 2364 2119 Israel
2385 2078 2484 2134 pro
2506 2061 2704 2121 allectu
2727 2064 2932 2120 carnali
2956 2064 3259 2134 posuimus,
3291 2062 3407 2132 qui,
3436 2061 3558 2117 sine
3582 2061 3721 2122 Deo,

2131 2154 2418 2223 seductor;
2440 2171 2564 2212 cum
2590 2156 2723 2220 Deo,
2744 2156 2999 2227 princeps
3016 2164 3071 2211 et
3090 2156 3330 2211 directus
3352 2162 3455 2209 est.
3487 2152 3722 2223 Regnum

2130 2242 2394 2311 quiescere
2421 2240 2553 2297 facit
2588 2242 2761 2307 Deus,
2792 2257 2916 2297 cum
2952 2241 3200 2297 mitiores
3226 2240 3405 2296 reddit
3435 2236 3726 2293 turbulen-

2135 2332 2262 2386 tiam
2286 2344 2451 2399 atque
2474 2334 2785 2403 superbiam
2810 2332 3051 2403 ejusdem
3079 2333 3313 2389 carnalis
3332 2332 3575 2386 affectus.
3601 2329 3723 2384 Non

2132 2425 2276 2479 enim
2325 2424 2466 2481 dixit
2505 2425 2769 2493 deﬁcere,
2821 2427 2917 2483 sed
2960 2425 3255 2498 quiescere,
3307 2432 3369 2479 ut
3411 2432 3496 2478 est
3546 2420 3721 2475 illud:

2139 2535 2157 2567 ι
2183 2517 2472 2574 Peccatum
2495 2518 2549 2574 in
2572 2519 2726 2576 vobis
2748 2534 2854 2575 non
2885 2515 3441 2586 dominabitur(Rom.
3462 2530 3534 2580 vt,
3558 2513 3673 2584 14),
3700 2532 3717 2564 ι

2132 2608 2290 2680 plane
2320 2610 2510 2667 nolens
2538 2610 2739 2677 dicere,
2770 2627 2877 2666 non
2913 2611 3031 2665 erit.

2206 2700 2370 2756 Vens.
2401 2701 2555 2756 5.—s
2579 2702 2648 2757 Et
2664 2702 2719 2757 in
2736 2702 2823 2758 illa
2849 2702 2936 2757 die
2957 2710 3234 2757 conteram
3257 2714 3445 2755 arcum
3478 2697 3643 2753 Israel
3667 2696 3724 2751 in

2136 2789 2271 2847 valle
2292 2790 2563 2849 Jezrahel.
2600 2812 2618 2845 ι
2644 2790 2713 2847 In
2738 2792 2831 2847 illa
2853 2793 2958 2857 die,
2992 2792 3097 2848 hoc
3121 2801 3206 2847 est
3232 2790 3391 2846 milia
3407 2788 3725 2844 visitatione

2135 2884 2318 2939 divina
2349 2900 2510 2941 arcus
2538 2884 2704 2940 Israel
2724 2886 3048 2951 conteritur,
3080 2886 3206 2955 quia
3236 2881 3475 2940 subdolae
3501 2880 3731 2936 allectus

2136 2977 2307 3032 nostri
2336 2979 2712 3048 suggestiones
2744 2978 2969 3048 superni
3008 2977 3211 3033 amoris
3247 2975 3521 3047 diligentia
3558 2972 3727 3027 deco—

446 3065 564 3121 suis
585 3067 808 3138 jubetur
832 3068 992 3143 vendi
1023 3066 1247 3139 :(Mattlz.
1279 3084 1446 3136 xrtn,
1477 3069 1603 3141 25),
1629 3069 1734 3125 hoc
1769 3077 1852 3124 est
1878 3076 2029 3123 extra
2060 3105 2103 3165 Ο
2136 3077 2393 3139 quuntur.
2429 3069 2496 3124 Et
2518 3071 2620 3126 hoc
2658 3069 2721 3125 fit
2758 3070 2817 3124 in
2852 3068 2985 3124 valle
3024 3067 3299 3133 Jezrahel,
3333 3067 3385 3122 in
3422 3065 3729 3120 humilitate

447 3157 758 3214 libertatem
815 3159 1025 3214 arbitrii
1083 3160 1137 3214 in
1196 3161 1482 3231 reprobutn
1537 3176 1754 3217 sensum
1814 3160 2027 3215 abduci.

448 3251 634 3318 Sume,
668 3251 863 3322 inquit,
900 3268 1149 3317 uxorem,
1192 3263 1241 3307 et
1280 3253 1367 3323 fac
1398 3252 1557 3322 ﬁlios,
1588 3251 1639 3308 id
1678 3261 1763 3308 est
1803 3252 2034 3308 ﬁrmiter

448 3345 545 3400 tibi
583 3361 827 3417 propone
857 3362 965 3402 non
1002 3349 1141 3403 bona
1176 3363 1298 3417 quae.
1331 3349 1537 3417 cogitas
1571 3356 1625 3404 et
1660 3362 1913 3413 exerces,
1941 3348 2034 3403 sed

448 3439 842 3509 cogitationum
902 3438 1155 3494 libidines
1196 3448 1252 3495 et
1299 3441 1457 3496 luxus
1506 3448 1789 3505 externos;
1834 3454 1935 3495 nec
1982 3438 2035 3494 id

447 3529 676 3601 injuria,
700 3531 968 3601 fornicum
1003 3531 1149 3587 enim
1179 3531 1427 3599 interius,
1463 3543 1517 3588 et
1545 3536 1696 3603 quasi
1723 3541 2037 3603 apostatans

450 3620 961 3687 consuetudinarie,
1002 3620 1242 3676 exterius
1288 3622 1453 3677 etiam
1510 3623 1811 3678 fornicatur
1850 3620 2032 3687 (Prov.

450 3728 529 3777 vt,
576 3712 692 3784 l2),
726 3727 853 3778 ore,
901 3720 962 3767 ut
1000 3711 1254 3769 Salomon
1305 3714 1399 3781 ait,
1458 3714 1709 3785 gradiens
1757 3726 2033 3784 perverso.

457 3802 645 3869 Terra,
671 3802 724 3857 id
749 3813 834 3859 est
865 3803 1163 3874 corporalis
1190 3804 1482 3875 appetitus,
1512 3822 1544 3859 a
1570 3804 1816 3859 Domino.

526 3895 693 3950 Vens.
729 3895 783 3950 3.
824 3926 894 3935 —
934 3915 952 3948 ι
999 3895 1068 3951 Ει
1115 3896 1281 3964 abiit,
1312 3906 1367 3953 et
1403 3897 1604 3968 accepit
1644 3895 1844 3952 Gomer
1872 3895 2038 3951 ﬁliam

459 4003 477 4035 ι
516 3984 823 4051 Debelaim,
861 3994 916 4041 et
946 3988 1217 4058 concepit,
1254 3998 1309 4043 et
1338 3987 1549 4059 peperit
1583 3986 1771 4043 filium.
1814 4006 1834 4040 ι
1872 3988 2036 4054 Abiit,

454 4092 580 4131 cum
613 4092 643 4131 a
681 4079 763 4133 sui
802 4079 929 4134 boui
960 4089 1115 4136 actus
1137 4081 1588 4146 consideratione,
1623 4079 1926 4150 ﬁduciaque
1948 4096 2039 4137 re-

455 4168 621 4223 cedit.
655 4167 856 4225 Gomer
891 4171 1283 4241 interpretatur
1316 4172 1496 4236 locus,
1542 4173 1595 4227 id
1639 4180 1725 4225 est
1771 4172 2036 4239 cisterna,

454 4259 736 4315 Debelaim
770 4261 965 4331 palata:
998 4280 1200 4318 eorum.
1238 4263 1376 4318 Sunt
1408 4270 1588 4318 autem
1621 4262 1813 4332 palata:
1849 4263 2042 4319 caricze

457 4358 735 4416 recentes,
768 4351 909 4409 inter
929 4353 1062 4408 duas
1088 4353 1240 4423 palas
1268 4354 1562 4422 premendo
1585 4352 1637 4407 in
1665 4353 1880 4408 modum
1911 4352 2043 4409 late-

456 4454 577 4493 rum
609 4450 927 4511 compactaa.
956 4442 1151 4498 Camer
1175 4442 1393 4511 accipit,
1422 4458 1543 4497 cum
1566 4442 1735 4498 solam
1759 4443 2037 4498 lasciviam
2068 4466 2115 4525 ο

456 4530 612 4598 quasi
652 4530 891 4601 laticem,
933 4549 1052 4603 quae
1092 4533 1233 4589 intra
1265 4548 1324 4589 se
1356 4534 1514 4601 latet,
1546 4535 1794 4591 attendit.
1827 4536 1891 4591 Et
1923 4535 2041 4592 haec

457 4630 543 4675 est
568 4620 676 4676 ﬁlia
700 4623 995 4689 Debelaim,
1021 4624 1145 4695 quia
1170 4640 1494 4682 venenosam
1522 4628 1859 4683 dulcedinem
1890 4645 2044 4697 mult;

455 4712 638 4778 dialis,
669 4730 788 4785 quae
825 4731 923 4786 per
950 4715 1101 4786 palas
1126 4717 1393 4786 signatur,
1421 4718 1670 4788 voluptas
1694 4719 1763 4774 ob
1798 4719 1879 4774 sui
1904 4718 2045 4774 dila-

456 4804 720 4860 tationem
747 4808 937 4878 gignit.
968 4808 1218 4879 Concipit
1248 4816 1450 4875 tamen,
1476 4819 1531 4865 et
1555 4812 1697 4881 parit
1724 4825 1831 4866 non
1854 4810 2043 4876 ﬁliam,

456 4895 552 4950 sed
584 4895 785 4965 ﬁlium,
818 4897 943 4967 quia
972 4898 1098 4952 dum
1135 4900 1187 4953 in
1219 4898 1332 4955 suis
1356 4899 1458 4955 sibi
1500 4900 1711 4956 vilescit
1745 4900 2042 4967 obtutibus,

456 5002 567 5044 non
585 4991 943 5061 consequitur
958 4989 1270 5048 effeminata
1298 4992 1572 5061 mollities,
1597 4992 1692 5049 sed
1720 4991 2042 5060 masculina,

456 5088 518 5134 ut
542 5080 623 5135 sic
644 5081 871 5138 dixerim
900 5083 1097 5140 virtus.

531 5168 697 5235 Vens.
741 5171 795 5225 4.
826 5201 896 5213 -——
931 5192 950 5225 ι
1001 5174 1069 5229 Et
1104 5174 1239 5230 dixit
1277 5173 1536 5229 Dominus
1574 5174 1641 5229 ad
1686 5188 1851 5229 eum:
1897 5171 2043 5229 Voca

464 5281 486 5314 s
520 5278 715 5317 nomen
739 5263 856 5334 ejus
884 5265 1154 5323 Jezrabel.
1183 5267 1439 5322 ouoniam
1467 5268 1644 5323 adhuc
1673 5266 1963 5332 modicum,
1991 5273 2047 5321 et

465 5372 485 5405 ς
528 5352 762 5409 visitabo
791 5355 1110 5426 sanguinem
1143 5355 1392 5411 Jezrahet
1434 5371 1598 5427 super
1633 5358 1850 5413 domum
1882 5356 2042 5423 Jehu,

464 5464 487 5496 s
520 5453 578 5500 et
597 5446 878 5515 quiescere
909 5444 1104 5501 faciam
1133 5461 1359 5516 regnum
1383 5449 1573 5506 domus
1598 5448 1783 5506 Israel.
1814 5469 1834 5502 ι
1866 5448 2044 5503 Domi-

460 5556 561 5593 nus
582 5540 651 5592 ad
674 5555 791 5592 eum
815 5539 968 5599 dicit.
994 5554 1118 5594 cum
1142 5542 1285 5609 quod
1313 5556 1477 5612 super
1506 5558 1606 5599 suo
1631 5551 1775 5599 statu
1812 5556 2043 5613 pensare

462 5632 678 5694 debeat,
719 5631 973 5685 ostendit.
1010 5629 1258 5686 Jezrahel
1300 5632 1682 5703 interpretatur
1712 5650 1886 5689 semen
1924 5633 2039 5687 Dei.

466 5723 666 5777 Semen
691 5735 818 5791 ergo
841 5721 933 5777 Dei
966 5722 1143 5778 vocari
1178 5722 1322 5781 filius
1358 5726 1684 5797 praecipitur,
1720 5727 1843 5799 quia
1876 5727 2041 5782 robu-

2136 3162 2389 3219 videlicet
2417 3163 2576 3235 185
2608 3180 2729 3234 quae
2754 3180 2817 3219 ex
2858 3163 3153 3220 seminario
3188 3162 3283 3217 Dei
3314 3161 3524 3217 timoris
3550 3159 3727 3243 solum

2139 3256 2298 3310 modo
2319 3255 2581 3325 originem
2612 3255 2795 3311 habet.

2208 3345 2344 3401 Nota
2397 3346 2776 3417 propheticum
2832 3360 3060 3411 morem,
3112 3346 3257 3417 quod
3320 3343 3516 3400 crebro
3565 3354 3725 3412 repe-

2140 3446 2261 3493 tunt
2313 3439 2368 3493 in
2410 3439 2498 3495 die
2547 3439 2659 3505 illa,
2689 3440 3117 3495 demonstrativo
3161 3437 3483 3509 pronomine
3533 3443 3720 3492 osten-

2139 3530 2332 3587 dentes
2363 3545 2526 3599 quam
2554 3530 2816 3601 frequens
2845 3531 3025 3586 inesse
3054 3531 3220 3585 menti
3247 3530 3443 3608 debeat
3481 3526 3616 3582 lucis
3643 3525 3727 3579 in-

2140 3632 2309 3677 ternae
2356 3622 2670 3692 praesentia.
2704 3620 3257 3677 Consuetudinarium
3316 3632 3532 3692 quoque
3577 3616 3731 3674 Scri-

2138 3713 2315 3784 pturis
2342 3722 2426 3769 est
2451 3730 2635 3768 arcum
2674 3730 2771 3785 pro
2798 3714 3007 3768 insidiis
3037 3728 3259 3783 ponere.

2214 3802 2376 3858 Vsus.
2401 3803 2452 3857 6.
2483 3833 2555 3844 -—
2583 3821 2601 3854 ‹
2632 3803 2697 3858 Εῑ
2723 3802 2973 3873 concepit
3020 3803 3201 3856 adhuc
3218 3810 3274 3857 et
3299 3800 3513 3872 peperit
3536 3799 3722 3855 ﬁliam.

2145 3915 2163 3946 ι
2195 3896 2261 3950 Et
2285 3894 2423 3949 dixit
2446 3895 2494 3951 ei
2522 3937 2533 3948 .
2562 3895 2707 3951 Voca
2761 3910 2958 3952 nomen
2987 3894 3105 3964 ejus
3134 3895 3354 3965 Absque
3405 3894 3723 3950 misericor-

2148 4005 2163 4038 ι
2196 3986 2316 4053 dia;
2346 3986 2472 4055 quia
2505 4001 2615 4042 non
2643 3986 2839 4041 addam
2871 3985 3015 4040 ultra
3038 3985 3287 4040 misereri
3323 3986 3506 4041 domui
3536 3986 3723 4049 Israel,

2147 4095 2164 4127 ι
2200 4076 2294 4131 sed
2334 4074 2610 4130 oblivione
2638 4074 2940 4130 obliviscar
2967 4088 3177 4129 corum.
3201 4092 3220 4125 ι
3255 4075 3441 4129 Adhuc
3468 4074 3727 4144 concipit,

2143 4164 2419 4234 ﬁliamque
2442 4164 2605 4234 parit,
2638 4178 2761 4218 cum
2783 4173 2906 4234 post
2932 4162 3247 4234 rigidiorem
3279 4172 3484 4219 statum
3523 4164 3592 4219 ad
3635 4164 3725 4218 in-

2143 4255 2383 4312 ﬁrmiora
2410 4272 2518 4311 non
2565 4254 2739 4310 solum
2781 4255 3071 4325 cogitanda
3103 4255 3197 4310 sed
3229 4256 3393 4310 etiam
3423 4255 3726 4327 peragenda

2142 4362 2262 4403 sese
2287 4348 2543 4405 deflectit.
2580 4348 2625 4401 A
2652 4347 2762 4402 Deo
2797 4355 2978 4401 tamen
3007 4348 3307 4419 imperatur
3327 4356 3386 4403 ut
3407 4366 3594 4403 nomen
3614 4348 3728 4417 eius

2144 4444 2350 4513 Absque
2370 4441 2743 4497 misericordia
2791 4448 3042 4506 vocetur,
3071 4441 3198 4511 quia
3221 4456 3436 4511 semper
3459 4456 3524 4495 ex
3558 4442 3728 4495 ratio-

2143 4534 2230 4588 nis
2266 4533 2367 4588 sibi
2400 4531 2795 4588 deliberatione
2825 4531 3113 4601 ingeritur,
3143 4546 3213 4586 ne
3241 4545 3370 4602 erga
3403 4531 3584 4586 carnis
3615 4546 3725 4585 ma-

2144 4624 2475 4679 cerationem
2521 4623 2702 4694 aliqua
2743 4621 2878 4676 falsa
2935 4622 3139 4693 pietate
3196 4622 3473 4677 moliatur.
3534 4622 3725 4677 Solent

2145 4715 2290 4771 enim
2350 4714 2441 4784 qui
2476 4714 2703 4784 vigilant
2754 4713 2984 4767 cerebro
3029 4728 3129 4768 suo
3159 4713 3391 4779 timere;
3431 4714 3524 4783 qui
3574 4711 3724 4776 flent,

2146 4808 2362 4874 oculis;
2417 4808 2511 4877 qui
2558 4805 2832 4877 jejunant,
2865 4806 3082 4876 corpori
3112 4805 3389 4861 universo.
3443 4805 3561 4860 Non
3589 4805 3728 4876 quod

2146 4901 2339 4955 horum
2367 4900 2622 4954 nimietas
2651 4898 2946 4954 inhibenda
2970 4914 3078 4954 non
3123 4898 3218 4965 sit,
3251 4899 3346 4955 sed
3381 4899 3546 4967 quod,
3575 4898 3619 4954 si
3645 4899 3724 4952 ni-

2148 4992 2316 5047 mium
2344 4991 2670 5061 lcvigentur,
2719 4990 2883 5047 obsit.
2913 4990 3010 5046 Cui
3072 4991 3316 5046 concinit
3344 4991 3474 5047 illud
3505 5010 3518 5045 :
3561 5010 3579 5042 s
3616 4989 3728 5045 Pel-

2146 5087 2244 5153 les,
2311 5087 2507 5157 inquit,
2564 5086 3037 5142 tabernaculorum
3098 5096 3316 5143 tuorum
3369 5090 3620 5156 extende,
3663 5103 3726 5141 uo

2146 5175 2519 5248 parcastlsai.
2547 5193 2655 5243 LIV,
2683 5178 2805 5246 2).»
2849 5176 3004 5244 Quod
3051 5184 3138 5231 est
3185 5177 3415 5234 dicere:
3469 5177 3722 5247 Exempla

2146 5276 2483 5335 sanctorum,
2536 5282 2767 5336 quorum
2824 5265 3151 5322 auctoritate
3204 5268 3474 5336 muniris,
3527 5268 3580 5322 in
3633 5276 3722 5322 ttto

2146 5372 2310 5428 opere
2336 5358 2455 5413 sine
2508 5357 2617 5412 ulla
2650 5358 3038 5413 retractatione
3066 5373 3328 5430 prapaga.
3368 5358 3486 5414 Non
3542 5373 3603 5415 se
3632 5358 3724 5414 ad-

2146 5451 2386 5505 diturum
2416 5449 2559 5505 Deus
2589 5449 2831 5504 misereri
2883 5448 3049 5505 Israel
3098 5449 3407 5519 pollicetur,
3460 5452 3587 5507 dum
3631 5463 3727 5521 per

2147 5540 2470 5595 instinctum
2499 5553 2656 5593 suum
2685 5547 2876 5593 contra
2903 5554 2961 5594 se
2990 5538 3233 5594 indurari
3259 5539 3456 5595 edocet
3478 5540 3612 5607 eos,
3635 5538 3721 5609 qui

2146 5652 2245 5708 pro
2274 5650 2332 5691 se
2357 5644 2621 5691 aetemam
2655 5633 3048 5704 parcimoniam
3099 5633 3444 5704 proﬁtentur,
3475 5633 3569 5690 sed
3591 5633 3728 5688 obli2

2148 5729 2296 5783 vione
2324 5724 2567 5783 oblivisci
2590 5740 2790 5793 eorum,
2814 5725 2940 5779 dum
2970 5726 3187 5795 quodin
3218 5741 3329 5781 suae
3352 5725 3721 5783 conversionis
