3952 6360
89 428 222 488 545
806 426 1271 486 ΤΒΟΡΟῙιΟῦΙλΕ
1292 426 1362 483 IN
1400 426 1599 496 OSEE,
1639 430 1681 486 Α
1692 427 1730 485 Μ

1853 430 1940 485 ET
1966 430 2111 485 JER.
2144 442 2223 470 —-'
2245 429 2373 485 LIB.
2413 428 2456 484 l.
2486 428 2554 484 lN
2582 428 2781 486 OSEE.
3288 430 3399 488 3i6

90 546 302 602 initiis
329 543 494 601 semel
523 541 883 598 obliterarunt
913 557 941 594 τι
993 542 1264 608 cordibus,
1291 550 1550 611 perpetua
1587 542 1713 599 sub—
1742 546 1787 601 Α
1815 543 1980 597 divini
2039 543 2251 598 timoris
2293 551 2397 610 est,
2425 553 2481 599 et
2503 545 2852 599 condimento
2893 543 3088 598 divina:
3117 546 3399 614 sapientia:

95 638 390 695 ductione
443 634 778 691 dimoveant.
814 632 1108 688 Sciendum
1143 640 1323 687 autem
1355 634 1499 702 quod
1543 632 1714 704 gemi-
1820 635 2044 690 fatuitas
2085 635 2298 691 interna
2341 635 2551 691 salitur.
2614 635 2707 693 Sal
2762 634 2930 701 enim,
2970 645 3030 691 ut
3079 636 3283 703 dicunt,
3329 654 3397 695 ex

1820 726 2092 782 maritima
2119 741 2283 782 arena
2305 726 2595 783 conficitur
2626 744 2642 789 :
2673 744 2791 798 qua:
2817 737 2993 784 tamen
3017 729 3131 784 sine
3153 746 3401 787 mensura

1819 826 1917 884 est,
1968 826 2018 872 et
2073 833 2177 871 non
2230 825 2578 882 numeratur,
2626 818 2751 886 quia
2803 833 3128 890 quocunque
3181 822 3403 892 superni

1822 918 2001 965 metus
2036 909 2271 965 artificio
2322 908 2715 980 cogitationum
2766 909 3010 965 inanium
3047 912 3286 967 minutim
3312 916 3406 968 de-

96 731 383 785 uationes
412 728 727 793 verborum,
758 733 818 779 ut
861 733 967 791 est,
998 724 1104 778 vita
1133 726 1320 792 vivere,
1363 735 1531 780 morte
1561 726 1714 791 mori,

94 827 165 876 et
189 829 400 876 caetera
439 818 524 873 his
551 816 771 882 similia,
815 813 1113 870 vernacula
1143 814 1496 871 Hebraeorum
1518 816 1719 872 locutio

99 929 183 966 ηις
213 913 305 983 gis
342 928 502 983 quam
533 919 690 983 typus
717 909 915 978 aliquis
939 908 1033 964 sit.

194 1004 377 1058 Vens.
406 1002 462 1056 7.
499 1033 569 1041 —
603 1020 622 1054 t
651 1000 719 1056 Et
748 1001 931 1055 domui
984 999 1120 1055 Juda
1150 1000 1471 1071 miserebor,
1513 1012 1569 1058 et
1610 1003 1717 1059 sal-

108 1116 129 1148 ι
170 1098 328 1154 vabo
360 1110 457 1151 eos
480 1094 535 1150 in
566 1094 797 1151 Domino
846 1093 962 1150 Deo
998 1109 1119 1163 suo,
1148 1103 1202 1149 et
1240 1111 1345 1150 non
1376 1096 1600 1153 salvabo
1625 1112 1720 1151 eos

110 1209 132 1239 ι
175 1190 237 1243 in
271 1204 429 1255 arcu,
467 1196 522 1242 et
558 1188 759 1258 gladio,
809 1195 865 1242 et
895 1188 948 1242 in
977 1187 1139 1255 bello,
1166 1196 1220 1244 et
1248 1188 1300 1242 in
1346 1189 1521 1258 equis,
1568 1198 1620 1244 et
1666 1189 1719 1242 in

120 1299 139 1330 ι
184 1279 495 1349 equitibus.
534 1298 552 1331 ι
598 1279 785 1347 Israel,
818 1288 873 1335 et
907 1277 1044 1334 Juda
1099 1280 1303 1335 habent
1347 1280 1562 1349 domus,
1592 1280 1720 1351 quia

114 1372 383 1426 diversos
410 1371 478 1425 ab
505 1370 737 1427 invicem
763 1371 966 1427 habent
987 1380 1178 1426 status.
1206 1372 1401 1426 Domui
1425 1387 1554 1444 ergo
1573 1370 1610 1427 Ι
1616 1374 1720 1427 uda

120 1463 456 1529 miseretur,
489 1463 616 1533 quia
665 1478 781 1531 eos,
840 1464 1040 1532 quibus
1097 1463 1199 1534 piae
1248 1465 1611 1520 confessionis
1640 1464 1719 1519 in-

122 1556 325 1627 dulget
345 1556 596 1627 gratiam,
628 1569 927 1612 reveretur.
953 1558 1143 1613 Salvat
1169 1575 1256 1613 eos
1281 1560 1337 1613 in
1360 1558 1589 1613 Domino
1612 1557 1721 1612 Deo

125 1668 261 1717 suo,
290 1652 433 1720 quod
460 1660 515 1705 et
568 1652 744 1722 ipsum
778 1651 1043 1709 Hebraica
1078 1652 1283 1708 locutio
1311 1662 1414 1721 est,
1468 1652 1612 1723 quod
1640 1660 1725 1707 est

126 1743 188 1796 in
220 1742 426 1812 seipso,
474 1742 599 1823 dum
635 1759 703 1799 ex
757 1759 822 1799 eo
851 1744 997 1815 quod
1047 1745 1319 1800 dominari
1368 1760 1490 1799 eum
1521 1744 1723 1811 sciunt,

128 1834 333 1888 timent
358 1851 374 1901 ;
400 1850 467 1889 ex
491 1849 558 1889 eo
577 1835 722 1905 quod
753 1836 922 1891 Deum
950 1844 1170 1903 norunt,
1196 1850 1255 1891 se
1292 1850 1417 1891 eum
1443 1834 1722 1890 habituros

122 1925 186 1979 in
213 1925 445 1996 przemio
469 1942 536 1983 ex
574 1942 762 1983 amore
791 1937 1033 1998 sperant.
1065 1927 1220 1995 Quod
1249 1936 1419 1982 totum
1453 1927 1529 1982 nil
1577 1927 1723 1982 aliud

126 2024 220 2071 est
242 2032 407 2087 quam
440 2019 633 2074 timore
658 2019 916 2089 primum,
941 2019 1141 2074 dehinc
1169 2035 1353 2075 amore
1375 2019 1596 2074 salvari.
1622 2019 1727 2075 Do-

131 2109 295 2163 mino
332 2110 480 2164 enim
513 2110 697 2178 timor,
741 2119 801 2164 ut
848 2111 1106 2181 Aggeus:
1144 2128 1165 2163 σ
1207 2110 1262 2165 Si
1305 2126 1405 2181 ego
1446 2110 1725 2181 Dominus,

133 2197 233 2252 ubi
268 2198 434 2252 timor
463 2200 654 2254 meus?
686 2198 841 2270 (Mal.
869 2215 912 2265 ι,
941 2200 1019 2268 6.)
1041 2220 1059 2253 ›
1078 2201 1190 2255 Deo
1214 2209 1393 2255 autem
1417 2216 1482 2255 ac
1509 2202 1553 2256 si
1584 2202 1727 2271 patri

132 2305 303 2345 amor
326 2291 544 2346 attinet.
587 2289 741 2346 Unde
771 2292 941 2347 isdem
974 2309 987 2346 :
1029 2312 1046 2344 ι
1077 2291 1134 2347 Si
1162 2306 1283 2363 ego,
1322 2291 1516 2362 inquit,
1552 2302 1724 2364 pater,

131 2383 230 2437 ubi
257 2381 434 2436 honor
455 2382 650 2437 meus?
681 2380 873 2453 (Ibid.)
902 2401 920 2433 ι
956 2382 1023 2436 Et
1054 2399 1156 2436 non
1180 2382 1355 2438 salvat
1381 2399 1467 2437 eos
1493 2383 1547 2437 in
1576 2399 1727 2450 arcu,

133 2474 270 2545 quia
316 2473 466 2528 nullo
492 2489 603 2529 sua:
632 2472 817 2545 rigidm
845 2474 1162 2529 intentionis
1194 2473 1379 2529 labore
1407 2475 1727 2544 consolidat,

138 2580 249 2621 nec
294 2565 473 2636 gladio
508 2558 855 2622 discretionis
908 2568 1191 2633 observat,
1241 2580 1419 2636 neque
1459 2567 1515 2620 in
1566 2566 1721 2632 bello,

145 2657 281 2728 quia
304 2672 427 2713 cum
475 2658 625 2714 vitiis
657 2658 916 2729 frequens
946 2658 1188 2724 dimicat,
1236 2675 1342 2712 non
1389 2659 1443 2712 in
1470 2660 1637 2729 equis,
1675 2659 1730 2714 in

144 2762 263 2817 quo
294 2747 505 2804 scilicet
528 2749 713 2804 carnis
746 2748 1101 2819 petulantiam
1134 2747 1347 2813 frtenat,
1380 2765 1481 2803 non
1507 2751 1563 2804 in
1588 2752 1733 2820 equi-

141 2840 306 2905 tibus,
329 2841 419 2895 ubi
458 2841 605 2896 omni
629 2840 898 2910 superbia:
942 2855 1007 2895 ac
1055 2834 1730 2910 animalitati'superequi-

147 2938 249 2997 tat,
288 2931 581 3002 quidquam
609 2930 947 2988 salutiferum
1000 2932 1080 2988 eis
1105 2938 1347 3002 praestat.
1378 2932 1531 2999 Quod
1560 2942 1731 2988 totum

147 3032 272 3079 est:
311 3042 329 3075 ι
365 3022 481 3078 Non
511 3024 768 3087 volentis,
798 3039 975 3095 neque
1002 3025 1296 3089 currentis,
1345 3025 1437 3079 sed
1468 3024 1733 3079 miseren-

150 3116 220 3172 tis
237 3126 322 3171 est
341 3116 436 3171 Dei
466 3116 645 3188 (Rom.
676 3133 757 3183 ix,
786 3115 899 3187 16),
932 3135 953 3170 ι
988 3124 1178 3172 utnon
1206 3117 1332 3188 quis
1359 3116 1414 3172 in
1444 3116 1728 3182 exercitio,

150 3206 244 3261 sed
273 3206 370 3261 Dei
404 3207 614 3262 nitatur
634 3207 860 3263 auxilio.
1034 3264 1039 3269 ,

222 3296 387 3353 Vens.
412 3298 468 3364 8,
509 3299 564 3355 9.
596 3330 662 3339 ——
698 3317 718 3351 ι
778 3300 845 3354 Et
896 3298 1193 3354 ablactavit
1243 3312 1390 3364 eam,
1442 3313 1564 3369 qure
1614 3307 1735 3353 erat

164 3407 183 3441 c
215 3389 435 3460 Absque
490 3390 889 3445 misericordia.
921 3390 989 3445 Et
1014 3390 1284 3462 concepit,
1339 3398 1393 3447 et
1422 3391 1633 3461 peperit
1667 3391 1733 3445 li-

156 3500 178 3534 ς
208 3482 362 3537 lium.
404 3482 474 3537 Et
511 3481 648 3537 dixit
679 3498 692 3535 :
725 3482 871 3537 Voca
913 3497 1110 3538 nomen
1141 3483 1260 3554 ejus
1288 3499 1302 3537 :
1353 3481 1471 3538 Non
1501 3483 1728 3553 populus

159 3595 178 3626 ι
216 3590 391 3641 meus,
422 3575 552 3647 quia
573 3589 669 3630 vos
698 3590 804 3630 non
834 3576 1064 3648 populus
1086 3591 1262 3643 meus,
1291 3584 1347 3632 et
1372 3590 1475 3646 ego
1506 3590 1612 3630 non
1642 3591 1737 3631 ero

153 3687 175 3723 ι
206 3677 392 3724 vester
440 3668 608 3723 Deus.
633 3687 652 3722 ι
696 3667 834 3723 Filia
865 3666 1191 3734 ablactatur,
1231 3684 1353 3725 cum
1397 3683 1431 3723 a
1468 3667 1737 3725 lenocinio

150 3774 337 3830 pravae
383 3759 727 3815 remissionis
773 3759 1081 3815 absistitur.
1136 3758 1362 3815 Nosmet
1389 3772 1627 3829 namque
1659 3758 1737 3813 la-

153 3862 384 3917 ctamus,
436 3866 560 3906 cum
606 3866 705 3907 nos
738 3851 893 3906 nobis
922 3851 1080 3906 bonis
1115 3851 1256 3908 male
1288 3853 1562 3920 parcendo
1587 3850 1739 3907 labo-

152 3941 301 3996 ribus
331 3941 476 3995 intra
509 3955 610 3995 nos
634 3940 938 3995 adulamur.
980 3940 1235 4011 Concipit
1271 3940 1490 4008 deinde,
1528 3949 1583 3997 et
1599 3942 1740 4012 parit

152 4032 343 4101 ﬁlium,
372 4047 493 4089 cum
551 4034 619 4087 de
668 4032 1003 4099 experientia
1058 4034 1291 4104 propriae
1321 4033 1634 4109 fragilitatis
1680 4033 1735 4088 in

156 4121 435 4177 fortiorem
478 4124 707 4195 emergit
736 4133 961 4179 statum.
1004 4122 1202 4179 Voeari
1236 4140 1422 4178 nomen
1462 4123 1578 4192 ejus
1611 4120 1737 4175 Non

155 4210 373 4281 populus
399 4229 543 4268 meus
565 4214 741 4285 jubet,
760 4216 885 4285 quia
908 4214 1308 4286 quantumlibet
1331 4214 1383 4268 in
1409 4214 1554 4268 bono
1571 4226 1739 4283 opere

155 4310 490 4367 exerceatur,
516 4305 681 4359 etiam
709 4320 831 4361 eum
853 4319 1063 4361 summa
1094 4303 1325 4373 gesserit
1352 4302 1564 4357 inutilia
1597 4303 1738 4374 apud

156 4405 217 4445 se
254 4392 464 4447 censeri
519 4393 696 4460 docet,
743 4410 811 4450 ne
862 4393 1075 4449 scilicet
1124 4393 1477 4449 securitatem
1524 4392 1738 4464 piorum

156 4483 453 4538 studiorum
481 4483 528 4539 ei
552 4484 780 4555 populus
802 4484 1002 4557 pariat,
1034 4483 1135 4539 etsi
1157 4483 1225 4538 ad
1249 4483 1355 4539 hoc
1380 4483 1549 4538 multa
1573 4483 1736 4539 etiam

1821 1004 2146 1075 primantur,
2171 1015 2447 1071 nunquam
2481 1007 2663 1055 tamen
2702 999 2770 1054 ad
2818 999 3087 1069 integrum
3139 1003 3404 1069 cohiberi,

1820 1103 1916 1147 aut
1944 1091 2333 1163 comprehendi
2364 1098 2595 1163 possunt
2643 1091 2712 1146 ab
2756 1107 2822 1148 eo
2875 1094 2992 1161 ipso
3045 1093 3138 1164 qui
3180 1094 3406 1163 patitur.

1823 1180 2139 1237 Mensuram
2190 1189 2373 1238 autem
2431 1181 2617 1251 accipe
2667 1180 2735 1234 ad
2774 1195 3064 1237 excursum
3111 1183 3406 1253 appetitus.

1822 1289 2110 1329 numerum
2134 1288 2266 1328 vero
2292 1272 2359 1327 ad
2407 1270 2633 1329 crebras
2682 1271 3052 1328 revolutiones
3082 1272 3282 1327 interni
3314 1273 3410 1343 qui

1823 1366 1883 1420 fit
1904 1365 2191 1437 cogitando
2228 1373 2459 1420 rotatus.
2494 1384 2513 1416 ι
2565 1364 2633 1420 Et
2660 1364 2788 1430 erit,
2844 1364 2899 1417 in
2929 1363 3048 1419 loco
3074 1363 3166 1417 ubi
3200 1364 3411 1419 dicetur

1829 1475 1848 1509 ‹
1884 1457 1995 1521 eis,
2023 1456 2140 1512 Non
2170 1457 2399 1527 populus
2430 1471 2582 1512 meus
2600 1471 2728 1521 vos,
2762 1455 2974 1511 dicetur
3007 1455 3126 1511 eis:
3167 1454 3289 1509 Filii
3317 1456 3411 1510 Dei

1832 1569 1851 1603 ι
1896 1551 2150 1605 viventis.
2178 1566 2197 1602 ι
2232 1549 2378 1609 Erit.
2428 1549 2623 1619 inqttit,
2686 1548 2830 1603 idem
2877 1547 3022 1618 quod
3077 1546 3277 1611 dicam,
3318 1563 3412 1617 pro

1824 1652 1967 1696 certo
1992 1642 2274 1696 constabit.
2302 1641 2398 1696 Est
2442 1650 2621 1695 autem
2648 1639 2901 1695 llebraici
2929 1640 3117 1706 moris,
3167 1640 3310 1695 sicut
3357 1648 3414 1694 et

1826 1733 1956 1787 illud
1993 1734 2139 1803 quod
2174 1732 2498 1802 quibusdam
2527 1730 2857 1802 propheticis
2900 1732 3086 1787 verbis
3104 1729 3416 1801 praescribi-

1829 1830 1939 1888 tur,
1990 1839 2213 1894 semper,
2263 1831 2325 1878 ut
2374 1823 2584 1878 scilicet
2625 1836 2685 1877 se
2735 1833 2953 1889 (eterna,
3012 1837 3120 1878 non
3160 1822 3413 1877 volubilia

1758 1894 1800 1951 Β
1830 1914 2147 1967 denuntiare
2196 1913 2526 1985 significent.
2582 1916 2759 1972 Locus
2807 1923 2993 1971 autem
3055 1918 3262 1977 noster,
3320 1912 3414 1966 Dei

1831 2005 1995 2058 timor
2017 2013 2120 2060 est.
2154 2005 2307 2060 Sicut
2351 2006 2497 2061 enim
2550 2008 2808 2076 gaudium
2861 2005 3054 2061 effusio
3085 2003 3285 2058 mentis
3308 2011 3414 2064 est.

1831 2094 1906 2150 ita
1946 2098 2107 2151 timor
2158 2098 2454 2152 restrictio.
2510 2099 2663 2155 Unde
2701 2107 2832 2155 est:
2875 2116 2894 2149 ι
2931 2096 3057 2151 Haec
3095 2086 3417 2150 recordatus

1830 2194 2051 2250 sum,et
2095 2187 2258 2258 186
2294 2187 2457 2242 effudi
2504 2189 2679 2245 inme
2726 2190 2962 2243 animam
3011 2202 3189 2243 meam
3240 2184 3414 2257 (l’sal.

1830 2291 1945 2343 xu,
1970 2276 2044 2347 5),
2068 2296 2087 2331 ι
2121 2287 2227 2333 etc.
2249 2278 2356 2333 Et:
2389 2298 2408 2330 ι
2445 2279 2503 2335 1η
2531 2280 2688 2345 valle,
2719 2281 2917 2351 inquit,
2954 2278 3324 2351 lacrymarum
3361 2278 3415 2332 in

1834 2369 1955 2426 loco
1998 2387 2161 2442 quem
2210 2374 2365 2445 posui
2401 2373 2575 2445 (Psal.
2604 2391 2834 2441 uxxm,
2864 2376 2942 2447 7),
2968 2394 2988 2429 ι
3042 2374 3136 2445 qui
3187 2389 3292 2429 non
3334 2382 3420 2429 est

1833 2462 1973 2517 alius
2007 2478 2169 2529 quam
2224 2465 2394 2520 timor
2428 2474 2483 2519 et
2533 2465 2836 2522 humilitas.
2884 2467 2941 2521 ln
2993 2466 3120 2533 hoc,
3171 2465 3415 2535 inquam.

1834 2553 1973 2620 loco,
2000 2555 2087 2609 ubi
2113 2556 2409 2627 spiritualis
2434 2544 2677 2613 mentem
2700 2558 3035 2629 populositas
3060 2572 3197 2626 pene
3220 2570 3416 2612 exsor-

1835 2653 1916 2701 tes
1947 2659 1977 2699 a
2002 2644 2114 2702 Deo
2146 2663 2245 2702 nos
2276 2648 2433 2704 nobis
2459 2649 2631 2705 videri
2663 2648 2846 2705 efﬁcit.
2881 2647 3014 2703 Filii
3059 2647 3157 2703 Dei
3201 2648 3414 2702 viventis

1835 2739 2093 2794 dicuntur
2122 2780 2138 2806 ,
2185 2741 2312 2811 quia
2360 2758 2431 2799 ex
2473 2744 2652 2800 nostri
2698 2745 3206 2815 recompensatione
3258 2758 3418 2815 quem

1836 2829 2075 2895 patimur
2098 2828 2153 2884 in
2175 2829 2517 2887 observanda
2564 2833 2871 2890 humilitate
2902 2834 3127 2900 laboris,
3157 2832 3203 2890 is
3232 2834 3421 2903 saepis-

1836 2920 1972 2975 sime
1998 2918 2208 2976 fructus
2233 2922 2461 2988 accedit,
2509 2933 2567 2978 ut
2593 2933 2868 2981 tantarum
2894 2924 3033 2980 nube
3070 2934 3277 2981 remota
3304 2933 3422 2979 tur-

1838 3012 2030 3066 barum
2055 3011 2265 3067 infinita
2297 3014 2502 3083 redeat,
2542 3024 2597 3072 et
2627 3018 2915 3088 plusquam
2952 3018 3161 3089 sperari
3191 3015 3422 3073 valuerit

1838 3100 2123 3171 placiditas
2154 3106 2482 3172 animorum,
2514 3115 2575 3161 ut
2589 3107 2703 3177 jam
2734 3123 2890 3163 mens
2913 3109 2978 3165 de
3009 3117 3212 3164 aeterna
3245 3109 3422 3163 salute

1841 3192 2138 3262 periclitari
2168 3211 2274 3252 non
2300 3197 2513 3266 timeat,
2538 3200 2633 3256 sed
2658 3199 2771 3270 jam
2800 3216 2897 3272 spe
2922 3202 2973 3255 in
3001 3216 3234 3272 superna
3258 3201 3423 3255 homo

1792 3278 1810 3298 ¹
1841 3283 2085 3341 sublatus
2144 3285 2364 3343 Christo
2415 3304 2539 3344 cum
2590 3290 2850 3360 Apostolo
2908 3301 3206 3360 conregnet
3259 3299 3424 3359 atque

1835 3380 2127 3436 consedeat
2172 3380 2388 3452 (Ephes.
2418 3398 2479 3450 tt,
2505 3384 2582 3456 6).
2618 3384 2731 3439 Hoc
2785 3385 2946 3439 modo
2982 3392 3160 3440 status
3210 3383 3403 3448 nostri,

1836 3475 1927 3547 qui
1960 3466 2116 3544 juxta
2147 3476 2432 3546 psalmum,
2462 3478 2855 3534 descenderant
2877 3478 2933 3532 in
2964 3478 3427 3548 abyssos,ascen-

1837 3568 1974 3624 dunt
2009 3582 2180 3638 usque
2221 3567 2286 3622 ad
2324 3569 2490 3625 caelos
2536 3569 2715 3643 (Psal.
2738 3586 2845 3636 ενι,
2876 3568 2993 3640 26).
3024 3567 3157 3623 Filii
3195 3567 3293 3622 Dei
3337 3567 3426 3622 di-

1837 3669 2056 3725 cuntur,
2096 3658 2190 3713 sed
2222 3659 2453 3727 viventis,
2506 3661 2650 3732 quod
2684 3661 2973 3733 vigilanter
3021 3667 3105 3715 est
3159 3657 3423 3724 additum,

1840 3763 1897 3807 ut
1922 3753 2011 3821 qui
2045 3761 2277 3809 mortem
2310 3755 2377 3810 de
2415 3753 2691 3810 interioris
2732 3767 2925 3825 pugna:
2970 3749 3428 3820 praestolabantur

1838 3852 2057 3910 eventu,
2086 3843 2198 3901 Deo
2225 3845 2549 3902 adhaerendo
2575 3847 2641 3903 de
2681 3843 3001 3902 immortalis
3025 3843 3150 3899 vitae
3197 3856 3293 3913 spe
3310 3841 3425 3913 jam

1839 3934 2208 3991 certilieentur
2231 3951 2479 3993 accessu.

1915 4024 2083 4082 Vens.
2121 4027 2209 4081 ll.
2257 4058 2328 4067 —
2357 4045 2377 4080 ι
2422 4027 2491 4083 Et
2539 4030 3010 4101 congregabuntur
3064 4026 3158 4082 lilii
3193 4025 3327 4082 Juda
3372 4033 3429 4080 et

1845 4139 1864 4171 ‹
1903 4120 1995 4175 lilii
2020 4119 2185 4175 lsrael
2214 4121 2442 4191 pariter,
2469 4129 2524 4178 et
2547 4130 2750 4192 ponent
2778 4122 2999 4177 sibimet
3030 4128 3194 4190 caput
3228 4133 3423 4184 unum,

1846 4231 1865 4263 ‹
1898 4218 1953 4265 et
1974 4211 2272 4267 ascendent
2299 4212 2367 4267 de
2392 4220 2557 4280 terra,
2575 4214 2700 4285 quia
2728 4213 3083 4285 magnusdies
3102 4208 3375 4267 Jezrabel.
3400 4225 3421 4261 ι

1841 4299 1977 4357 Filii
2012 4304 2180 4370 Juda,
2210 4315 2258 4359 et
2290 4304 2394 4375 ﬁlii
2437 4303 2611 4359 Israel
2631 4306 2829 4375 pariter
2852 4311 3269 4375 congregantur,
3301 4314 3426 4355 cum

1843 4396 1947 4466 piae
1971 4396 2328 4454 confessionis
2374 4396 2653 4463 alacritas,
2704 4406 2760 4451 et
2785 4395 3149 4452 aﬂ'ectualium
3179 4403 3426 4448 motuum

1844 4487 2115 4545 stoliditas
2137 4490 2236 4545 sub
2261 4489 2422 4546 unius
2449 4488 2545 4544 Dei
2594 4488 2809 4542 timoris
2854 4484 3069 4540 vinculo
3116 4483 3426 4556 glomeran-

158 4574 733 4644 irreprehensibilitate
771 4576 1021 4631 desudat.
1058 4573 1215 4631 Unde
1258 4582 1375 4630 est:
1411 4592 1430 4626 ι
1466 4573 1627 4631 Servi
1659 4575 1739 4629 in-
1768 4595 1817 4654 υ
1847 4590 1956 4646 tur,
1984 4581 2111 4635 dum
2141 4580 2403 4649 quidquid
2461 4579 2608 4651 vulgi
2640 4577 2887 4649 nugacis,
2938 4577 3080 4648 quod
3130 4577 3425 4631 introrsum

158 4668 313 4723 utiles
336 4683 546 4734 sumus,
577 4671 721 4739 quod
762 4669 1050 4724 debuimus
1079 4667 1263 4724 facere
1302 4666 1530 4722 fecimus
1582 4666 1733 4738 (Luc.

156 4776 291 4826 xvn,
325 4760 436 4832 t0).
463 4780 482 4813 ι
512 4761 578 4815 Et
602 4778 615 4814 :
638 4779 657 4812 ι
694 4758 881 4816 Nescit
909 4761 1071 4817 homo
1094 4768 1279 4815 utrum
1306 4773 1494 4814 amore
1514 4773 1582 4814 an
1612 4758 1736 4814 odio

158 4854 227 4907 sit
251 4852 444 4925 dignus
488 4852 689 4922 (Eccle.
739 4867 815 4917 ιι,
845 4852 922 4923 l).
956 4871 975 4905 ι
1012 4851 1330 4908 Aﬂ'ectando
1382 4858 1565 4907 autem
1605 4866 1738 4906 con-

161 4943 409 5013 cipimus,
434 4941 716 4998 eﬂlciendo
750 4942 1010 5012 parimus.
1058 4941 1157 4995 Vos
1191 4959 1292 4997 non
1323 4941 1549 5012 populus
1588 4956 1733 4994 meus

160 5034 311 5100 dicit,
374 5035 504 5104 quia
551 5035 752 5090 mentis
802 5034 1083 5089 obtutibus
1111 5034 1316 5104 peccati
1352 5047 1569 5103 semper
1605 5048 1737 5089 con-

162 5126 488 5182 sideratione
534 5128 755 5198 praelata
788 5143 855 5181 ne
887 5125 1148 5196 reprobus
1178 5126 1508 5192 inveniatur,
1556 5125 1737 5195 cujus-

160 5234 260 5286 que
284 5223 547 5275 tumorem
575 5220 769 5276 rellare
798 5236 907 5275 non
967 5220 1180 5275 desinit.
1213 5219 1366 5275 Unde
1404 5232 1453 5275 et
1495 5238 1598 5275 non
1646 5238 1737 5276 ero

161 5322 315 5366 vester
342 5310 484 5366 Deus
514 5311 876 5383 subjungitur,
931 5320 991 5366 ut
1017 5325 1232 5381 semper
1261 5312 1443 5367 omnis
1483 5312 1738 5382 quaelibet

161 5420 293 5463 nona
316 5420 484 5477 agens
513 5406 577 5461 de
602 5421 695 5460 sua
723 5415 871 5461 sorte
918 5406 1096 5460 futura
1125 5404 1325 5461 debere
1356 5412 1600 5461 metuere
1641 5406 1737 5463 do-

163 5512 249 5552 cca
259 5505 365 5550 llﬂ'.

234 5586 389 5640 Vens.
430 5586 516 5639 10.
553 5614 624 5626 --
652 5602 670 5636 t
712 5584 781 5639 Et
808 5585 917 5639 erit
966 5601 1232 5642 numerus
1289 5587 1523 5643 filiorum
1573 5585 1737 5641 Israel

172 5698 186 5730 ι
223 5679 373 5749 quasi
404 5691 569 5732 arena
591 5678 777 5743 maris,
804 5692 925 5747 quae
960 5679 1081 5734 sine
1110 5695 1365 5736 mensura
1395 5688 1496 5743 est,
1534 5686 1589 5735 et
1629 5695 1735 5733 non

171 5768 610 5825 «numerabitur.
648 5788 666 5821 ι
723 5767 990 5824 Filiorum
1051 5770 1224 5826 Israel
1280 5788 1528 5827 numerus
1586 5773 1737 5842 quasi

165 5879 313 5920 arena
343 5863 502 5919 maris
531 5871 634 5933 est,
666 5878 787 5921 cum
831 5861 1131 5920 all‘ectualis
1158 5864 1350 5923 levitas
1376 5865 1476 5922 sub
1496 5865 1735 5938 pondere

1444 5973 1474 5991 ἢ

1843 4672 2157 4741 perstrepit,
2202 4671 2533 4727 scurrilitate
2580 4671 2932 4743 dispergitur,
2973 4676 3176 4725 sancta:
3205 4666 3424 4724 confes-

1846 4763 2019 4818 sionis
2041 4761 2373 4818 cobibitione
2425 4761 2692 4819 frenatur.
2742 4760 2919 4816 Unum
2965 4768 3119 4830 caput
3172 4759 3274 4815 sibi
3324 4772 3425 4828 po-

1841 4862 1995 4922 nunt,
2028 4856 2243 4928 quando
2287 4855 2388 4911 sub
2419 4870 2523 4911 una
2572 4855 2786 4910 ratione
2834 4852 3094 4923 magistra
3121 4867 3183 4909 se
3228 4866 3426 4921 conge-

1842 4956 1991 5013 runt,
2024 4946 2168 5002 nnde
2211 4955 2268 5002 et
2318 4947 2619 5003 ascendunt
2646 4947 2713 5002 de
2765 4955 2931 5011 terra,
2962 4944 3090 5015 quia
3121 4942 3426 4997 illustrante

1840 5039 2029 5094 eadem
2065 5055 2094 5093 a
2124 5040 2234 5094 Deo
2281 5040 2512 5109 primum
2552 5040 2670 5111 ipso
2726 5038 2956 5094 lustrata
3005 5045 3184 5097 terrae,
3236 5032 3289 5087 id
3341 5038 3429 5085 est

1798 5180 1809 5187 .
1840 5132 2045 5197 carnis,
2077 5132 2347 5188 excedunt
2374 5132 2665 5190 desideria.
2690 5132 2757 5187 Et
2782 5132 2885 5186 hoc
2915 5128 2996 5195 ﬁt,
3027 5128 3150 5199 quia
3170 5120 3424 5180 .Iesraltel

1839 5222 1950 5276 dies
1975 5239 2197 5292 magnus
2226 5223 2434 5287 existit,
2486 5237 2681 5293 magna
2734 5219 2947 5276 scilicet
2994 5215 3215 5271 claritas
3257 5212 3428 5267 divini

1840 5313 2086 5380 seminis,
2119 5314 2169 5368 id
2194 5322 2276 5369 est
2309 5313 2702 5383 inSpirationis,
2734 5325 2833 5381 per
2879 5321 3042 5379 quam
3088 5320 3221 5360 vera
3249 5304 3428 5359 humi-

1839 5403 1968 5461 litas
1991 5406 2265 5462 mentibus
2316 5394 2645 5471 insinuatur,
2682 5401 2915 5474 ignoscit
2947 5415 2962 5465 ;
2997 5413 3105 5455 non
3130 5397 3276 5452 enim
3306 5411 3428 5452 sese

1839 5497 2107 5567 quispiam
2138 5497 2240 5553 nisi
2265 5511 2333 5551 ex
2358 5506 2554 5568 magno
2593 5495 2688 5550 Dei
2718 5506 2906 5549 amore
2930 5491 2981 5546 in
3011 5489 3265 5562 praesenti
3291 5504 3426 5545 con-

1839 5590 2048 5645 temnit.

2469 5677 2699 5736 CAPUT
2735 5677 2799 5733 ll.

1913 5772 2079 5829 Vens.
2117 5773 2167 5827 l.
2206 5804 2275 5815 ——
2308 5791 2327 5826 ί
2363 5773 2536 5829 Dicite
2590 5772 2853 5828 fratribus
2895 5769 3137 5828 vestris:
3189 5762 3425 5835 Populus

1847 5888 1865 5922 ι
1902 5881 2077 5938 meus,
2103 5876 2157 5925 et
2181 5868 2354 5926 sorori
2386 5865 3049 5926 vestrm:Misericordiam
3064 5865 3370 5919 consecuta.
3399 5873 3417 5905 ι
