3978 6332
522 389 625 444 347

1340 375 1400 428 ‘t'.
1441 371 1766 448 GUIBERTI
1806 366 2099 425 ABBATIS
2129 366 2187 423 S.
2217 363 2456 422 ΜΑΒΙᾹΞ
2494 360 2583 416 DE
2620 353 3013 415 NOVIGENTO

3677 350 3770 406 548

469 529 479 540 -
523 506 637 560 Vox
665 511 752 558 est
780 497 988 553 Israelis
1015 494 1080 548 ad
1109 491 1244 546 lilius
1267 489 1400 545 Juda
1426 487 1544 558 jam
1568 501 1674 542 non
1697 484 2098 554 desperantium
2129 486 2173 542 Α
2203 473 2730 547 incorrigibilitatem
2789 466 3154 523 aﬂ'ectualiunt
3203 471 3467 526 motuum,
3523 463 3613 532 qui
3672 465 3770 520 Deo

522 604 646 665 post
671 602 844 649 motus
874 590 992 660 illos
1026 586 1334 653 superiores
1381 581 1448 636 de
1500 578 1676 634 salute
1723 591 1843 640 sua,
1884 575 1996 629 acsi
2025 573 2104 627 di-

525 698 712 743 cerent
741 703 752 738 :
795 682 1082 750 Quoniam,
1125 693 1158 730 o
1205 676 1296 729 lilii
1325 674 1483 736 Juda,
1517 679 1697 726 motus
1717 669 1920 724 scilicet
1951 665 2107 736 spiri-

529 780 718 841 tualcs,
749 777 838 845 qui
869 788 968 827 nos
1016 771 1084 826 ad
1121 767 1478 824 confessionis
1504 761 1865 820 coltortamini
1899 759 2104 830 purita-

525 883 654 934 tcm,
685 882 847 922 unum
871 865 970 919 sub
1001 880 1108 918 uno
1130 862 1308 933 capite
1331 861 1442 931 jam
1471 857 1756 922 sentinms,
1807 854 1964 906 dicite
1993 851 2105 920 fra—

531 959 696 1013 tribus
725 957 930 1022 vestris,
969 955 1021 1009 id
1069 964 1148 1010 est
1205 953 1498 1008 all'ccttmm
1541 946 1778 1004 tuotibus
1816 947 1930 1018 jam
1957 943 2108 999 vobis

521 1048 930 1112 consentaneis,
963 1057 1021 1100 ut
1052 1055 1177 1117 pote
1203 1061 1269 1099 ex
1293 1045 1484 1099 eadem
1510 1035 1686 1095 matré
1720 1039 1928 1092 ratione
1957 1035 2106 1106 geni-

521 1140 610 1204 tis,
648 1140 776 1209 quia
821 1137 922 1193 sub
947 1139 1138 1192 eadem
1167 1139 1280 1206 ipsa
1320 1131 1731 1203 compopularcs
1779 1129 1932 1193 estis,
1981 1136 2034 1181 et
2063 1125 2129 1189 si

521 1247 628 1300 qua
659 1229 890 1284 subinde
919 1228 1206 1300 fragilitas,
1253 1236 1506 1295 tanquam
1536 1238 1713 1286 soror,
1743 1219 1899 1273 vobis
1936 1217 2109 1272 inces-

522 1324 616 1386 sit,
643 1323 761 1378 sine
788 1337 884 1392 spe
934 1320 1326 1376 misericordia:
1382 1317 1545 1372 fortia
1579 1312 1950 1384 repetentibus
2002 1324 2105 1364 non

523 1414 616 1467 sit.

597 1504 761 1558 Vens.
797 1505 849 1556 9..
881 1535 950 1544 -—
979 1523 994 1553 ι
1034 1501 1282 1557 Judicatc
1305 1509 1531 1554 matrem
1559 1507 1815 1559 vestram,
1846 1494 2106 1562 judicate,

529 1619 547 1648 ε
599 1597 858 1666 quoniam‘
883 1597 994 1666 ipsa
1029 1611 1134 1650 non
1167 1600 1530 1657 uxormea,et
1555 1606 1654 1661 ego
1677 1603 1781 1642 non
1815 1587 1895 1640 vir
1925 1585 2060 1652 ejus.
2087 1604 2103 1636 ι

527 1691 682 1745 Licet
710 1698 858 1743 tanta
913 1687 1247 1759 indulgentia
1275 1685 1448 1742 sorori
1485 1692 1541 1739 et
1570 1681 1834 1736 fratribus
1871 1679 2141 1750 praebeas

527 1794 635 1850 tur,
675 1781 1162 1852 tamenjudicanda
1193 1789 1274 1836 est
1302 1786 1475 1834 mater
1501 1777 1640 1832 ratio
1671 1776 1738 1830 ab
1761 1771 2110 1828 inferioribus

2207 587 2315 625 non
2351 565 2674 637 respiciente
2714 563 3005 625 durantur,
3060 555 3249 612 referri
3300 554 3575 610 convenit.
3631 554 3772 612 Unde

2207 661 2470 730 sequitur.

2281 754 2447 810 Vens.
2480 750 2627 805 5.—
2670 769 2687 799 ι
2732 745 3024 813 Quoniam,
3077 739 3274 809 inquit,
3326 737 3421 792 filii
3473 735 3774 793 fornicatio-

2214 867 2232 900 t
2265 862 2393 902 num
2423 853 2550 899 sunt
2593 840 2718 912 quia
2772 837 3038 893 fornicata
3075 842 3160 890 est
3209 839 3384 886 mater
3413 843 3625 894 eorum,
3655 844 3775 882 con-

2215 961 2230 992 t
2261 940 2379 994 fusa
2405 946 2489 994 est
2522 934 2680 1004 187
2703 946 2824 1002 quae
2877 927 3129 997 concepit
3167 939 3280 980 eos.
3303 943 3320 975 ι
3358 921 3473 976 Nisi
3505 921 3648 975 cnim
3675 922 3775 989 pri-

2210 1047 2356 1087 mum
2382 1027 2710 1085 conscientia
2741 1033 2916 1079 mater
2944 1036 2974 1074 a
3001 1019 3092 1074 Dei
3121 1029 3308 1074 amore
3336 1027 3622 1079 exerrans,
3650 1013 3780 1068 velut

2209 1125 2368 1197 legali
2400 1121 2789 1178 exorbitareta
2817 1117 2998 1180 thoro,
3029 1115 3157 1184 ipsae
3198 1109 3564 1180 cogitationes
3611 1113 3662 1159 et
3705 1107 3778 1160 in-

2211 1217 2500 1280 tentiones,
2533 1228 2652 1284 qui?
2673 1210 2828 1282 quasi
2853 1208 2945 1264 lilii
2975 1206 3101 1262 inde
3138 1209 3533 1275 propagantur,
3578 1198 3780 1252 nomine

2211 1326 2316 1364 non
2349 1309 2541 1365 fierent
2602 1305 2908 1360 inhonesto.
2949 1299 3087 1367 Quia
3136 1296 3280 1352 enim
3348 1289 3782 1348 irrationabiliter

2213 1403 2264 1457 itt
2295 1403 2409 1471 ipsa
2441 1397 2728 1471 pravitatis
2768 1392 3125 1464 conceptione
3165 1385 3542 1448 confunditur,
3589 1398 3652 1436 ex
3683 1391 3778 1434 tra-

2212 1498 2349 1551 duce
2393 1491 2704 1566 gener-antis
2750 1486 2930 1558 proles
2978 1497 3197 1540 necesse
3240 1489 3324 1535 est
3375 1475 3667 1532 identidem
3709 1475 3777 1528 vi-

2214 1591 2398 1644 lietttr.

2291 1701 2306 1731 ι
2359 1679 2492 1745 Quia
2527 1675 2684 1732 dixit,
2717 1673 2913 1741 inquit,
2944 1669 3132 1724 vadam
3172 1675 3289 1737 post
3325 1669 3602 1716 amatores
3629 1676 3780 1724 meos,

2220 1793 2239 1826 ι
2260 1760 2363 1844 qui
2394 1773 2524 1826 dant
2553 1784 2719 1838 panes
2744 1765 2898 1828 tnilti,
2922 1773 2976 1818 et
3003 1777 3172 1832 aquas
3197 1773 3364 1820 meas,
3391 1757 3570 1808 lanam
3607 1769 3780 1814 meant,

525 1875 641 1930 suis
673 1873 929 1938 motibus,
973 1881 1232 1942 tanquam
1270 1885 1391 1941 quae
1435 1883 1626 1939 regere
1678 1882 1772 1940 eos
1805 1863 2056 1922 debuerit
2091 1879 2104 1928 ;
2143 1870 2184 1924 Β
2217 1887 2231 1917 ι
2275 1877 2328 1921 et
2374 1865 2542 1918 limun
2573 1873 2774 1923 meum,
2799 1855 2974 1911 oleum
3005 1868 3208 1917 meum,
3239 1859 3293 1905 et
3330 1857 3518 1920 potttm
3549 1859 3733 1900 meum.
3763 1865 3778 1897 ο

531 1978 585 2021 et
638 1965 858 2036 insuper
887 1962 1210 2036 judicanda,
1261 1962 1421 2032 plane
1465 1959 1780 2028 judirauda,
1832 1955 2110 2026 quodnon

528 2059 823 2131 primordia
855 2056 1237 2113 delectationis
1277 2055 1625 2115 obstruserit,
1678 2066 1774 2106 nec
1807 2051 1984 2103 minus
2024 2047 2112 2117 ju-

530 2151 784 2214 d'canda,
820 2150 928 2204 imo
983 2147 1164 2218 potius
1192 2146 1338 2216 quod
1384 2145 1623 2214 ineptum
1667 2140 1954 2210 aliquoties
1981 2153 2114 2206 opus

528 2241 830 2308 admiserit,
859 2240 1118 2310 quoniam
1154 2240 1206 2293 in
1229 2254 1294 2292 eo
1333 2238 1476 2307 quod
1505 2245 1750 2298 externo,
1787 2234 1837 2288 id
1887 2239 1972 2288 est
1999 2231 2116 2286 dia-

529 2331 705 2388 bolico
741 2331 950 2386 semine
972 2328 1306 2400 cettcepet'it.
1336 2325 1460 2381 Non
1487 2343 1620 2381 uxor
1641 2341 1780 2387 mea,
1818 2333 1865 2377 et
1888 2339 1981 2394 ego
2013 2338 2114 2375 non

530 2427 653 2481 talis
681 2425 939 2496 germinis
984 2423 1254 2479 infusione
1299 2422 1376 2476 vir
1399 2421 1532 2491 ejus.
1569 2419 1744 2474 Omne
1797 2416 1944 2472 enim
1973 2414 2117 2485 quod

533 2517 776 2572 nascitur
797 2532 863 2571 ex
891 2517 1000 2570 Deo
1032 2514 1206 2570 nescit
1236 2511 1355 2585 (aL,
1381 2509 1564 2582 vincit]
1594 2507 1851 2564 mundum
1876 2505 1928 2577 (1
1953 2505 2114 2560 Joan.

530 2625 586 2674 ν,
617 2607 696 2680 4).
727 2627 745 2660 ‹
779 2605 1010 2662 Auferat
1044 2604 1434 2662 fornicationes
1461 2615 1587 2656 suas
1630 2615 1659 2653 a
1703 2597 1843 2653 facie
1889 2610 2024 2666 sua,
2065 2604 2120 2649 et

541 2719 560 2752 ς
597 2699 861 2754 adulteria
885 2713 982 2753 sua
1012 2699 1078 2752 de
1107 2695 1285 2752 medio
1316 2694 1541 2750 uberum
1569 2703 1816 2746 suorum.
1835 2685 2118 2760 (\'£ns.3.)

542 2811 560 2842 ι
594 2792 670 2846 Ne
696 2790 835 2846 forte
862 2788 1157 2859 exspoliem
1194 2803 1314 2841 eam
1369 2784 1592 2848 nudam,
1626 2791 1683 2836 et
1712 2787 1950 2834 statuam
1997 2792 2119 2832 eam

543 2902 564 2934 ι
599 2879 896 2936 secundum
929 2879 1072 2934 diem
1105 2875 1406 2931 nativitatis
1431 2889 1561 2928 suae.
1586 2892 1605 2925 ι
1650 2870 1841 2925 Aufert
1887 2867 2122 2938 fornica-

537 2971 706 3024 tiones
727 2988 760 3022 ιι
790 2969 924 3038 facie
952 2984 1072 3032 sua,
1103 2981 1227 3022 cum
1263 2981 1292 3018 a
1324 2981 1425 3020 sua
1455 2960 1844 3032 imaginatione
1879 2966 2124 3013 removet

540 3071 762 3132 peccata
798 3061 1109 3127 praeterita;
1155 3075 1279 3115 cum
1332 3056 1478 3111 enim
1522 3054 1760 3126 turpium
1808 3061 2124 3108 nostrorum

542 3153 897 3208 recordamur
943 3160 1187 3216 actuum,
1214 3152 1266 3204 in
1293 3149 1488 3216 vapido
1519 3146 1687 3202 animi
1737 3153 1882 3200 statu
1925 3141 2127 3198 consti-

2213 1960 2361 2014 Dixit
2400 1956 2472 2011 nil
2503 1953 2645 2008 aliud
2671 1960 2755 2007 est
2784 1963 2948 2020 qttam
2980 1951 3120 2016 apud
3158 1961 3213 1998 se
3247 1941 3550 1996 destinavit.
3581 1939 3784 1992 Amato-

2217 2066 2304 2105 res
2349 2064 2454 2102 non
2489 2045 2577 2099 alii
2623 2050 2750 2098 sunt
2787 2054 2948 2109 quam
2979 2045 3073 2091 aut
3127 2035 3424 2097 daemones,
3480 2030 3571 2100 qui
3606 2029 3783 2084 nostris

2217 2139 2502 2198 desideriis
2531 2149 2724 2190 causas
2755 2131 3013 2185 vitiorum
3061 2124 3458 2198 suppeditando
3513 2120 3785 2192 suffragan-

2219 2246 2326 2300 tur,
2357 2241 2449 2285 aut
2477 2228 2707 2301 quilibet
2737 2223 2898 2280 amici
2932 2223 3045 2277 sive
3071 2229 3338 2292 potentes,
3367 2216 3464 2286 qui
3496 2214 3683 2270 talibus
3709 2229 3784 2268 as-

2217 2324 2526 2398 sequendis,
2560 2337 2653 2377 seu
2697 2319 2900 2381 favore,
2943 2331 3038 2372 seu
3071 2327 3296 2368 munere
3336 2311 3572 2364 miseros
3623 2322 3786 2377 prose-

2218 2426 2476 2490 quuntur.
2529 2414 2592 2468 I-li
2638 2413 2766 2466 dant
2799 2425 2984 2480 partes,
3031 2423 3154 2461 cum
3210 2419 3393 2460 rerum
3436 2399 3788 2472 temporalium

2221 2514 2601 2571 administrant
2625 2506 3016 2578 jucunditates.
3068 2500 3218 2556 Unde
3248 2506 3380 2554 est:
3424 2493 3788 2550 Abominabilis

2221 2609 2268 2664 ei
2307 2605 2448 2661 haud
2476 2602 2700 2656 dubium
2735 2599 2865 2669 quin
2888 2597 3038 2664 justo
3066 2593 3243 2665 panis,
3281 2589 3332 2645 id
3361 2598 3452 2645 est
3480 2587 3715 2657 voluptas
3744 2585 3787 2637 in

2227 2703 2334 2756 vita
2381 2714 2477 2753 sua
2532 2694 2677 2767 (Job.
2730 2707 2921 2752 χχχιιι,
2955 2688 3069 2758 20).
3105 2687 3244 2740 Dant
3277 2699 3471 2754 aquas,
3503 2679 3705 2751 quando
3732 2677 3789 2732 ad

2225 2803 2408 2848 votum
2436 2785 2687 2842 carnales
2709 2785 2962 2855 ingerunt
2986 2780 3160 2832 fluxus
3177 2784 3338 2848 atque
3363 2773 3636 2828 lascivias.
3663 2769 3791 2826 Unde

2224 2904 2320 2959 per
2360 2887 2475 2940 loca
2525 2885 2782 2952 inaquosa
2813 2877 3040 2949 spiritus
3095 2871 3380 2944 egrediens
3419 2866 3693 2921 ambulare
3723 2864 3791 2918 di-

2227 2980 2365 3035 citur
2393 2976 2610 3049 (Matth.
2639 2991 2732 3035 xu,
2766 2973 2882 3040 43),
2912 2978 2966 3026 et
2997 2966 3291 3023 Bebentotlt
3331 2965 3383 3016 itt
3417 2961 3562 3015 locis
3599 2961 3799 3014 humen-

2227 3072 2374 3126 tibus
2397 3068 2644 3124 habitare
2666 3065 2987 3138 proltibctur
3014 3059 3157 3133 (Job.
3185 3074 3272 3124 ιιι,
3301 3055 3412 3125 l6).
3440 3053 3592 3108 Dant
3613 3065 3797 3123 quoque

2230 3163 2432 3226 tonant,
2467 3175 2592 3214 cum
2636 3155 2914 3213 szecularis
2945 3168 3089 3208 cura:
3125 3150 3310 3219 reique
3338 3145 3650 3208 familiaris,
3679 3142 3796 3213 quod

543 3243 667 3309 tuti,
700 3259 941 3300 errorem
987 3243 1143 3298 nobis
1172 3240 1428 3296 facillime
1468 3237 1788 3294 refricamus
1821 3233 2126 3304 antiquum.
2157 3221 2199 3276 C
2234 3221 2448 3324 plurim}
2506 3248 2665 3322 preti-1
2715 3248 2857 3318 apud
2904 3248 3052 3318 ipsos
3103 3253 3218 3307 est,
3275 3242 3484 3295 docent
3521 3237 3795 3294 scientiam.

541 3337 687 3392 inter
722 3335 889 3390 ubera
941 3349 1036 3388 cor
1063 3333 1335 3388 consistit.
1384 3329 1622 3384 Dilectus
1648 3326 1794 3382 enim
1822 3325 1878 3378 in
1929 3321 2131 3376 amoris

544 3432 770 3486 tlautico
802 3414 961 3486 inter.
975 3429 1139 3483 ubera
1162 3425 1490 3482 commorari
1524 3423 1722 3478 dicitur
1741 3419 1918 3492 (Cum.
1946 3413 2133 3486 1,12).

545 3523 624 3577 De
650 3523 821 3576 medio
847 3535 977 3590 ergo
1002 3520 1218 3573 uberum
1251 3515 1513 3571 adulteria
1566 3512 1908 3576 auferuntur,
1947 3524 2070 3564 cmn
2101 3522 2131 3560 a

539 3617 664 3687 jure
699 3613 956 3676 maritali,
986 3610 1132 3680 quod
1168 3609 1261 3664 Dei
1290 3619 1449 3662 tenax
1480 3621 1634 3660 amor
1681 3612 1785 3669 est,
1846 3615 1966 3670 quae
2008 3614 2128 3668 pos-

549 3716 678 3765 sunt
709 3707 845 3762 falso
887 3704 1036 3774 diligi
1075 3700 1446 3772 corruptibilia
1495 3696 1751 3769 quielibet
1802 3691 2132 3750 subtrahun-

553 3811 659 3856 tur.
693 3798 776 3854 Ne
799 3799 955 3868 forte,
993 3796 1190 3866 inquit,
1221 3792 1500 3860 exspoliari
1538 3805 1654 3844 eam
1687 3792 1905 3850 nudam,
1937 3797 2005 3836 ne
2034 3796 2132 3834 usu

551 3894 759 3950 scilicet
787 3889 1044 3962 peccandi
1073 3888 1223 3958 justo
1281 3899 1403 3940 meo
1451 3880 1659 3952 judicio
1699 3891 1795 3947 per
1846 3873 2133 3942 rcprobum

550 4000 774 4042 sensum
810 3983 1042 4038 ducatur
1072 3981 1140 4036 ad
1197 3975 1608 4048 impudentiam.
1661 3970 1831 4025 Nemo
1861 3967 2002 4020 enim
2032 3964 2132 4019 nisi

555 4079 638 4138 sui
694 4077 999 4131 incuriosus
1048 4071 1428 4142 aequanimiter
1477 4066 1622 4120 ferre
1674 4061 2036 4130 dignoscitur.
2090 4057 2133 4130 si

551 4182 745 4222 sensus
772 4164 1088 4234 improbitas
1114 4175 1267 4230 teque
1297 4155 1544 4228 pudenda
1576 4163 1634 4207 ut
1661 4149 1986 4222 itnpudenda
2015 4162 2136 4218 per-

551 4259 772 4330 petitur.
800 4256 896 4310 νει
925 4255 1221 4310 secundum
1253 4250 1382 4306 illud
1415 4267 1427 4304 :
1484 4266 1501 4298 ι
1539 4247 1734 4301 Beatus
1765 4243 1856 4314 qui
1899 4239 2138 4297 custodit

551 4352 876 4406 vestimenta
913 4366 1032 4414 sua,
1076 4364 1144 4403 ne
1178 4346 1353 4400 nudus
1381 4340 1637 4404 ambulet,
1669 4355 1734 4392 ne
1770 4337 1987 4391 videant
2018 4343 2132 4388 tur-

551 4443 852 4519 pitudinem
903 4443 1023 4511 ejus
1051 4441 1236 4510 (Apoc.
1272 4452 1385 4502 xw,
1435 4434 1542 4504 15).
1574 4453 1591 4486 ι
1633 4429 1943 4488 Secundum
1991 4428 2132 4484 dictu

2234 3348 2350 3402 Non
2383 3347 2562 3401 minus
2593 3345 2760 3400 etiam
2790 3343 2956 3396 linum
2990 3338 3254 3410 praebent,
3286 3350 3411 3389 cum
3446 3341 3550 3387 aut
3576 3329 3796 3386 liberales

2235 3451 2402 3504 artes,
2453 3453 2574 3508 qua:
2619 3436 2852 3509 plurimo
2889 3441 3053 3504 egent
3085 3429 3360 3493 acumine,
3400 3435 3502 3481 aut
3543 3439 3794 3481 causarum

2235 3529 2530 3585 forensium
2574 3525 2900 3582 subtilitates
2933 3522 3230 3578 insinuant.
3264 3517 3453 3574 Oleum
3503 3518 3695 3589 pariter
3721 3513 3796 3568 tri-

2237 3623 2426 3685 buunt,
2455 3636 2578 3676 cum
2618 3617 2854 3690 qualiter
2899 3614 3186 3672 ditioribus
3231 3627 3289 3668 se
3319 3610 3537 3665 adulari
3593 3609 3794 3664 debeant

2237 3714 2536 3768 instruunt.
2567 3709 2761 3766 Polum
2819 3722 3040 3778 quoque
3079 3705 3166 3760 his
3205 3703 3506 3776 propitiant
3538 3715 3666 3770 quos
3697 3697 3797 3752 libi-

2237 3806 2432 3872 dintmt
2474 3804 2750 3858 furoribus
2809 3799 3123 3856 malesuada
3189 3795 3672 3853 circumlocutione
3731 3792 3797 3845 itt-

2239 3897 2472 3952 ebriant.
2509 3895 2621 3950 Hac
2654 3895 2778 3949 lana
2807 3907 2980 3962 coque
3006 3891 3116 3946 lino
3142 3889 3304 3945 etiam
3337 3886 3548 3942 utiliter
3583 3883 3796 3940 Ecclesia

2239 3987 2426 4053 utitur,
2459 4001 2580 4058 qua}
2616 3985 2756 4056 apud
2787 3983 3131 4038 Salomonem
3163 3990 3454 4048 utrumque
3491 3976 3732 4048 quaesisse
3755 3983 3797 4029 ct

2237 4090 2456 4151 operata
2481 4080 2680 4134 dicitur
2707 4078 2893 4149 (Prov.
2930 4093 3084 4140 XXXI,
3116 4073 3223 4138 15).
3257 4071 3672 4128 Cunfunduntur
3694 4083 3797 4138 quo-

2237 4187 2342 4242 que
2384 4169 2628 4242 rEgyptii
2665 4185 2695 4224 e
2725 4170 2964 4232 diverso,
3012 4167 3102 4236 qui
3135 4167 3508 4235 operabantur
3539 4161 3698 4216 linum
3725 4172 3798 4227 pe-

2237 4272 2465 4326 ctentes,
2498 4271 2553 4318 et
2581 4269 2824 4316 texentes
2851 4258 3070 4315 subtilia
3097 4255 3253 4328 (Isai.
3281 4270 3397 4320 xu,
3423 4253 3502 4323 9),
3528 4253 3580 4308 id
3609 4261 3685 4308 est
3706 4266 3798 4304 ma-

2237 4353 2522 4408 cltinatttes
2552 4360 2753 4407 astuta.
3069 4359 3072 4361 ’

2309 4443 2618 4500 Notandum
2655 4443 2898 4513 denique
2933 4442 3099 4512 quod,
3137 4421 3264 4497 dum
3301 4442 3368 4497 de
3400 4441 3516 4498 suis
3545 4454 3603 4495 se
3631 4434 3800 4492 mulier

552 4535 854 4590 nativitatis
882 4548 995 4588 sua:
1027 4547 1146 4586 eam
1180 4531 1324 4584 Deus
1342 4527 1575 4624 statuit,
1605 4541 1750 4624 cum-
1767 4521 2051 4624 originalia
2081 4531 2134 4575 et
2171 4570 2216 4624 Β
2242 4537 2514 4592 mercibus
2538 4535 2743 4604 iactat,
2775 4534 3066 4603 unicuique
3092 4533 3290 4605 speciei
3322 4533 3465 4603 quod
3501 4546 3599 4587 sua
3625 4529 3711 4590 εει,
3737 4524 3796 4577 τί.

549 4627 780 4682 actualia
823 4625 960 4678 mala
992 4625 1040 4679 ei
1071 4624 1122 4677 itt
1153 4638 1380 4676 vacuum
1437 4619 1667 4692 gratiam
1719 4616 1812 4672 Dei
1853 4615 2134 4685 recipienti

552 4734 896 4788 nequaquam
932 4715 1224 4770 imminuit.
1264 4732 1281 4765 t
1313 4714 1379 4768 Et
1408 4729 1605 4783 ponam
1655 4725 1776 4766 eam
1823 4707 1977 4778 quasi
2012 4706 2138 4762 soli-

555 4838 572 4862 ι
607 4812 870 4873 tudinem,
905 4818 960 4864 et
983 4818 1216 4864 statuant
1245 4823 1367 4864 eam
1408 4807 1552 4860 velut
1601 4815 1800 4859 terram
1831 4801 2057 4864 inviam,
2087 4809 2142 4854 ct

558 4924 575 4954 ι
627 4904 946 4958 interficiant
977 4918 1128 4979 .eam
1181 4902 1289 4956 siti.
1323 4899 1508 4970 (Vens.
1535 4899 1591 4967 lt)
1627 4897 1694 4951 Et
1747 4895 1980 4950 ﬁliorum
2023 4891 2138 4960 ejus

560 5017 577 5048 ι
611 5013 718 5052 non
745 4996 1042 5050 miserebor
1069 5013 1080 5048 :
1111 4996 1363 5064 quoniam
1386 4993 1478 5046 lilii
1508 4990 1926 5046 fornicationum
1950 4995 2090 5040 sunt.
2116 5005 2131 5035 ι

557 5092 614 5144 ltt
641 5081 937 5145 solitudine
963 5089 1202 5158 ponitur,
1231 5088 1320 5157 qui
1359 5102 1388 5139 a
1422 5086 1529 5140 Deo
1583 5082 1949 5138 inhabitatore
1979 5080 2138 5134 deso-

562 5182 722 5236 latttr.
761 5181 921 5236 Velut
969 5189 1115 5234 terra
1171 5180 1316 5234 invia
1367 5178 1644 5240 statuitur,
1695 5175 1747 5228 in
1784 5173 1937 5243 cujus
1978 5170 2140 5226 corde

555 5273 755 5328 nullius
777 5272 1060 5334 doctrina',
1091 5271 1290 5325 nullius
1314 5270 1440 5324 boni
1487 5267 1714 5336 exempli
1749 5266 2031 5334 vestigium
2059 5281 2142 5319 re-

560 5367 790 5435 peritur.
845 5365 946 5418 Siti
998 5364 1343 5428 interficitur,
1400 5362 1554 5432 cujus
1595 5360 1945 5415 interioribus
1997 5357 2142 5424 nullo

561 5455 724 5509 modo
771 5453 894 5508 fons
925 5467 1076 5520 aqua:
1103 5454 1154 5506 in
1187 5455 1350 5506 vitam
1398 5463 1658 5519 mter-nam
1685 5451 1932 5518 salientis
1964 5450 2143 5505 illabi-

559 5555 667 5596 tur.
701 5542 958 5597 Fdiorum
982 5543 1098 5609 ejus
1130 5562 1234 5599 nun
1265 5546 1549 5600 miseretur
1573 5547 1734 5608 Deus,
1754 5560 1875 5599 cum
1900 5544 2141 5614 peccanti

563 5636 631 5686 ad
665 5643 891 5688 mortem
925 5636 1166 5701 cuilibet,
1195 5647 1261 5693 ‘et
1289 5639 1519 5708 gratiam
1559 5656 1662 5708 qua
1703 5638 1902 5693 salvari
1931 5646 2144 5708 poterat

564 5727 920 5794 impugnanti,
957 5728 1120 5782 etiam
1163 5740 1485 5787 caeterorum
1517 5734 1755 5791 fidelium
1787 5733 1962 5787 oratio
1988 5731 2143 5802 juxta

557 5816 822 5873 Joannem
881 5820 1182 5889 apostolum
1229 5825 1580 5905 denegatur.
1631 5827 1786 5896 Quod
1850 5837 2023 5884 totum
2078 5825 2143 5880 ad

2242 4632 2475 4701 gilanter
2501 4629 2759 4693 assignat.
2793 4628 2932 4695 Quid
2973 4628 3117 4682 enim
3162 4628 3304 4698 apud
3354 4625 3615 4697 reprobos
3651 4618 3799 4688 magis

2241 4737 2396 4778 suum
2428 4735 2589 4790 quam
2621 4718 2751 4774 illud
2777 4720 2945 4789 quod,
2989 4719 3098 4774 Deo
3138 4719 3451 4789 reprobato,
3474 4717 3602 4772 solis
3631 4711 3800 4768 militat

2243 4812 2429 4868 usibus
2458 4813 2755 4866 vitiorum?

2317 4903 2476 4959 Vens.
2507 4903 2558 4958 6.
2589 4935 2659 4943 -
2697 4922 2715 4954 ι
2751 4903 2981 4973 Propter
3019 4905 3120 4959 ltoc
3146 4919 3274 4958 ecce
3309 4918 3408 4973 ego
3444 4901 3645 4972 sepiam
3675 4895 3795 4949 viain

2249 5018 2266 5047 ‹
2315 5008 2458 5050 tuam
2478 4996 2732 5067 spinis,et
2750 4997 2950 5064 sepiam
2968 5011 3087 5050 eam
3111 4996 3366 5060 maceria,
3391 5003 3443 5048 et
3461 4992 3675 5049 semitas
3695 4999 3799 5042 suas

2250 5107 2267 5140 ι
2315 5103 2420 5142 nun
2455 5088 2707 5142 inveniet.
2741 5107 2757 5138 ι
2799 5086 2934 5152 Quia
2965 5102 3094 5158 ergo
3140 5087 3312 5158 magis
3347 5083 3674 5140 amatoribus
3706 5075 3801 5132 suis

2245 5196 2406 5248 quam
2457 5179 2564 5234 Deo
2605 5179 2937 5250 prosperitas
2995 5179 3119 5233 talis
3159 5178 3473 5242 ascribitur,
3506 5185 3560 5231 et
3613 5185 3713 5227 non
3745 5167 3800 5221 ad

2251 5271 2362 5335 Dei,
2391 5273 2484 5326 sed
2521 5270 2572 5325 in
2601 5285 2726 5344 suos
2771 5271 3002 5338 turpiter
3046 5284 3176 5325 usus
3220 5270 3562 5340 expenditur.
3604 5262 3803 5329 Propter

2245 5367 2362 5427 hoc,
2407 5364 2649 5433 inquam,
2699 5362 2784 5416 via
2825 5362 2942 5431 ejus
2974 5361 3138 5431 spinis
3171 5369 3389 5432 repente
3421 5359 3641 5429 scpitur,
3692 5351 3800 5404 dum

2249 5466 2359 5509 tota
2400 5455 2485 5510 illa
2517 5453 2770 5509 mollities
2817 5465 2872 5509 et
2902 5453 3196 5507 secundum
3230 5453 3334 5506 ista
3372 5444 3680 5520 proficiendi
3729 5441 3798 5493 itt—

2251 5550 2418 5605 tentio
2449 5550 2499 5603 in
2526 5548 2912 5602 adversitatum
2954 5545 3190 5610 aculeos,
3227 5553 3281 5600 et
3311 5545 3364 5598 itt
3399 5540 3630 5614 lapidum
3664 5531 3798 5590 duri-

2251 5641 2378 5694 tiatn
2433 5647 2818 5694 commutatur.
2862 5636 2959 5691 Cui
3014 5635 3325 5706 tropologia:
3379 5634 3598 5705 pulchre
3637 5620 3800 5682 alludit

2248 5731 2484 5796 Balaam,
2534 5732 2686 5785 asino
2739 5730 2970 5794 sedens,
3030 5730 3086 5783 in
3137 5728 3402 5796 angustiis
3450 5727 3671 5780 duarum
3706 5731 3800 5769 uta-

2247 5825 2516 5908 ccriaru'm
2543 5823 2914 5897 deprehensus
2942 5819 3130 5896 (Num.
3173 5835 3309 5888 xxn,
3333 5819 3445 5892 24).
3475 5816 3653 5891 Solent
3677 5810 3799 5868 enim
