3952 6360
29 365 180 420 ῖις)
247 325 252 330 ’

828 369 1289 426 ἰ-ιιοροιλοωμκ
1329 365 1394 425 IN
1431 371 1626 438 esse,
1655 372 1734 425 Alli

1877 372 1964 426 ET
1995 373 2140 428 JEll.
2165 401 2235 412 -
2271 373 2398 426 ΜΒ.
2441 373 2480 426 1.
2517 373 2584 427 l.\'
2628 371 2818 429 USEE.

3323 373 3425 428 5.30

30 483 335 538 .alibus
375 485 694 554 provenire,
723 495 780 539 ut
808 488 985 542 subita
1017 489 1316 544 mutatione
1341 490 1570 545 fortuna:
1600 490 1739 543 ami-
1772 496 1818 551 Α
1847 489 2054 554 citium,
2099 490 2242 559 quod
2275 491 2419 544 circa
2469 490 2774 552 scientiam,
2805 504 2922 558 qua:
2952 504 3048 559 per
3075 488 3277 556 lanam,
3307 509 3421 560 qum

29 590 174 630 eos
251 592 450 647 mque
503 586 562 632 ut
605 578 854 634 inimicos
904 581 1260 651 experiantur
1291 582 1547 638 infensos.
1586 583 1740 639 Unde

29 670 348 722 semitas
383 687 520 724 suas
547 671 658 738 jam
691 689 791 725 non
831 674 1048 738 invenit,
1093 675 1221 750 quia
1250 676 1565 731 diverticula
1612 688 1738 745 pra-

29 774 320 814 varum
352 765 640 818 actionum
664 774 718 819 et
742 764 1065 820 furtivorum
1097 767 1432 823 moliminum
1455 769 1738 839 angiporta

30 854 289 908 divini
326 853 536 925 judicii
571 856 822 912 incursus
852 859 1138 915 obstrusit.

159 945 379 1000 Vsus.
413 947 473 998 7.
499 975 568 986 ο-
603 964 620 997 ι
672 948 738 1000 Et
768 948 912 1002 dicet
957 964 972 1002 :
1004 947 1230 1012 Vadam,
1280 957 1336 1004 et
1382 959 1628 1006 revertar
1671 951 1738 1006 ad

55 1055 81 1086 ιι
161 1038 396 1092 virum
453 1055 632 1092 meum
672 1041 931 1108 priorem,
979 1041 1104 1110 quia
1142 1042 1278 1096 bene
1306 1043 1438 1096 tnihi
1466 1056 1582 1098 erat
1612 1053 1738 1100 tunc

65 1147 93 1177 ε
173 1130 397 1198 magis
437 1144 602 1199 quam
645 1145 806 1185 nunc.
848 1150 868 1183 ι
923 1130 1110 1195 Dicet,
1159 1131 1407 1186 videlicet
1452 1145 1736 1203 proponet.

79 1220 358 1276 Vadam
381 1264 401 1287 ,
437 1223 645 1278 scilicet
683 1239 712 1276 a
755 1223 878 1278 talis
925 1225 1354 1294 prosperitatuhe
1391 1242 1476 1282 me
1507 1241 1739 1297 occupa-

73 1315 276 1368 tione
313 1330 660 1370 removeam.
697 1315 779 1369 Ad
813 1317 982 1370 virum
1017 1333 1189 1371 meum
1219 1319 1446 1385 priorem
1487 1330 1733 1384 revertar,

80 1405 251 1472 quia
291 1407 373 1460 ad
409 1422 552 1470 eum,
587 1408 670 1461 cui
705 1407 877 1475 prima
919 1421 1062 1470 mea,
1098 1403 1186 1462 me
1215 1408 1448 1474 scilicet,
1480 1418 1534 1463 ct
1577 1425 1738 1463 omne

88 1497 379 1552 interius
414 1514 590 1552 meum
633 1499 826 1564 debeo,
871 1515 959 1555 me
989 1499 1247 1565 referam,
1281 1517 1310 1554 a
1358 1517 1466 1570 quo
1508 1501 1740 1556 viriliter

93 1601 320 1658 regar.
372 1587 528 1643 Bene
574 1590 700 1642 mihi
747 1599 1008 1644 erattunc
1037 1590 1204 1660 ntagi:
1240 1608 1396 1661 quam
1429 1607 1585 1655 nunc,
1609 1592 1735 1660 quia

89 1689 439 1748 postquam
485 1681 718 1750 primum
749 1682 1015 1745 ordinem,
1059 1693 1117 1737 et
1146 1682 1344 1756 divinae
1378 1684 1738 1739 institutionis

93 1770 393 1841 legisque
446 1783 653 1829 natura:
701 1774 937 1840 deservi,
983 1775 1306 1830 multimodo
1352 1791 1438 1831 me
1472 1778 1645 1832 errori
1681 1787 1737 1832 et

97 1863 313 1918 dolori
348 1865 580 1920 inservi.
1295 1915 1302 1924 .

195 1955 388 2012 Vens.
422 1956 477 2011 8.
503 1987 575 1997 —-
613 1976 631 2008 ι
679 1957 747 2011 Et
771 1958 889 2013 haec
917 1959 1167 2024 nescivit,
1215 1960 1344 2030 quia
1383 1975 1484 2031 ego
1521 1961 1642 2016 dedi
1687 1961 1736 2016 ei

115 2066 140 2098 ι
193 2046 576 2111 frumentum,
607 2056 661 2102 et
687 2048 894 2112 vinum,
927 2057 981 2104 et
1016 2049 1216 2104 oleum.
1256 2070 1275 2102 ι
1325 2053 1406 2105 Ac
1430 2052 1474 2106 si
1498 2051 1736 2106 diceret:

114 2137 264 2192 Ilaec
316 2137 652 2193 miserabilis
683 2139 793 2204 illa,
826 2139 952 2194 dum
1000 2149 1274 2196 amatores
1317 2150 1741 2210 prosequeretur

110 2231 387 2298 iniquos,
434 2231 576 2298 quod
611 2231 708 2286 sibi
738 2242 925 2287 essent
965 2234 1016 2286 in
1055 2233 1341 2288 adversum
1372 2234 1738 2288 convertenda

111 2319 398 2373 nescivit.
431 2319 503 2374 At
527 2320 689 2376 modo
719 2336 826 2376 non
851 2322 1124 2378 immerito
1146 2323 1536 2394 postliminium
1565 2323 1741 2379 medi-

118 2423 308 2475 tatur,
341 2412 472 2482 quia
516 2427 618 2484 ego
658 2415 780 2470 dedi
817 2415 866 2470 ei
900 2430 1114 2480 causas,
1146 2431 1246 2484 pro
1286 2417 1486 2487 quibus
1528 2419 1596 2472 ad
1651 2433 1740 2474 me

125 2501 359 2556 avidius
399 2514 726 2560 revertatur.
760 2505 1113 2560 Frumentum
1154 2508 1270 2573 dat,
1312 2523 1438 2564 cum
1475 2509 1739 2565 doctrinas

130 2594 404 2650 salutaris
437 2595 691 2651 alimenta
727 2597 1023 2652 minisuat.
1064 2597 1135 2652 Et
1173 2599 1299 2668 quia
1331 2600 1737 2670 prtedicationis

135 2688 257 2742 sive
303 2687 556 2744 lectionis
595 2689 916 2746 exercitatio
940 2731 955 2755 ,
993 2689 1114 2746 sine
1144 2691 1328 2746 divina
1381 2692 1738 2764 inSpiratione

135 2794 314 2836 vacua
346 2790 581 2847 constat,
622 2783 803 2838 vinum
854 2798 1104 2854 supernae
1145 2783 1445 2840 dulcedinis
1496 2786 1734 2852 additur,

143 2889 254 2944 quo
275 2876 481 2930 veteris
512 2876 722 2931 inertiae
750 2885 937 2947 torpor
965 2876 1242 2932 abscedat.
1271 2879 1441 2933 Datur
1460 2887 1515 2934 et
1534 2878 1749 2943 oleum,-

143 2975 206 3018 ut
242 2966 625 3033 progrediatur
677 2968 918 3022 suavitas
959 2967 1264 3023 dilectionis
1291 2969 1359 3024 ad
1405 2970 1736 3040 proximum.

153 3072 171 3105 ι
219 3053 288 3107 Et
317 3062 598 3122 argenturm
631 3054 981 3125 multiplicavi
1007 3056 1080 3122 ei,
1116 3066 1171 3110 et
1201 3072 1412 3123 aurum,
1445 3073 1566 3128 qua:
1594 3058 1738 3115 fece-

158 3163 176 3198 r
223 3154 348 3200 runt
381 3145 528 3200 Baal.
563 3167 582 3198 ›
624 3148 908 3217 Argentum
943 3149 1283 3218 multiplicat,
1333 3166 1456 3206 cum
1489 3152 1735 3224 Scriptu-

159 3249 340 3287 rarum
363 3234 663 3299 scientiam,
678 3236 792 3289 sive
815 3236 1074 3301 doctrina:
1095 3236 1388 3292 elIicaciam
1411 3254 1736 3312 coaugmen-

163 3333 261 3378 tat.
292 3323 492 3378 Aumm
519 3340 732 3395 quoque
757 3326 947 3380 eadem
988 3326 1240 3398 largitate
1268 3341 1556 3400 praerogat,
1611 3347 1736 3388 cum

161 3424 255 3470 aut
313 3431 670 3485 supernorum
723 3418 996 3485 notitiam,
1048 3429 1144 3474 aut
1191 3421 1313 3476 vitae
1364 3423 1737 3480 excellentiam

163 3507 545 3562 Subministt‘at.
580 3507 708 3564 ﬂare
727 3510 1000 3579 quondam
1031 3509 1158 3564 Baal
1186 3511 1460 3578 fecerunt,
1489 3514 1615 3583 quia
1643 3529 1740 3584 per

165 3603 369 3656 inanem
396 3601 622 3668 gloriam
653 3603 708 3658 in
751 3601 1016 3659 diabolica
1049 3603 1273 3660 servitia
1301 3605 1525 3662 abusive
1563 3615 1740 3665 trans-

166 3694 412 3750 tulerunt.

177 3797 180 3800 '
235 3785 362 3842 Nota
391 3790 760 3859 propheticum
807 3803 1036 3861 morem,
1072 3805 1235 3862 quam
1265 3790 1423 3848 facile
1458 3791 1525 3848 de
1551 3791 1738 3862 singu-

174 3875 271 3930 lari
297 3879 358 3932 ad
393 3878 673 3947 pluralem,
707 3879 773 3935 de
799 3879 990 3948 plurali
1027 3882 1092 3936 ad
1129 3881 1482 3952 singularem,
1513 3883 1581 3938 de
1608 3897 1735 3953 per-

178 3983 296 4020 sona
321 3983 528 4038 quoque
559 3969 626 4023 ad
658 3983 944 4039 personam
969 3971 1274 4048 delabatur.
1309 3971 1460 4029 Unde
1488 3973 1737 4045 superius

180 4059 346 4113 dicens
383 4059 589 4130 Sapiam
643 4061 800 4116 vitam
848 4071 1023 4127 luam,
1073 4064 1305 4134 subjecit
1353 4081 1478 4121 mox
1523 4069 1735 4122 semitas

181 4163 292 4205 alia:
333 4169 427 4207 non
456 4154 698 4208 inveniet.
734 4155 799 4208 Et
846 4155 936 4209 hic
983 4167 1105 4222 cum
1149 4171 1211 4211 se
1245 4157 1294 4212 ei
1348 4159 1735 4229 multiplicasse

185 4256 355 4296 aurum
399 4241 640 4309 diceret,
698 4243 1134 4314 subdiditzquze
1193 4244 1467 4313 fecerunt,
1523 4248 1730 4318 inquit,

185 4330 314 4398 Baal.
391 4391 394 4396 ,
779 4355 782 4358 ·

250 4425 392 4479 \‘sns.
415 4426 546 4480 9.—-
582 4445 598 4475 ι
633 4424 837 4480 Idcirco
853 4435 1462 4494 convertar,etsumam
1494 4428 1736 4484 frumen-

195 4535 210 4566 ι
252 4523 346 4568 tum
374 4532 542 4571 meum
592 4517 644 4570 in
693 4527 935 4586 tempore
965 4533 1092 4581 suo,
1143 4529 1198 4572 et
1239 4519 1423 4572 vinum
1455 4535 1630 4574 metnn
1678 4523 1729 4574 in

196 4625 211 4656 ι
254 4617 461 4676 tempore
504 4624 624 4670 suo,
657 4618 711 4661 et
743 4608 985 4662 liberabo
1017 4607 1194 4668 lanam
1231 4622 1432 4674 meam,
1471 4617 1526 4663 et
1563 4609 1729 4665 linum

197 4720 211 4748 σ
256 4714 430 4764 meum,
451 4714 567 4767 qua:
597 4699 914 4767 aperiebant
937 4699 1286 4771 ignominiam
1312 4685 1450 4771 ejus.
1473 4722 1490 4755 ι
1521 4702 1729 4758 Idcirco

196 4790 462 4855 revertitur,
493 4792 616 4860 quia
646 4807 710 4844 ex
740 4799 1011 4846 tantorum
1041 4807 1348 4862 munerum,
1381 4811 1500 4865 qua:
1541 4796 1590 4850 ei
1629 4797 1730 4850 im-

197 4885 433 4952 penderat,
465 4886 902 4941 consideratione
935 4878 1245 4944 reﬂectitur.
1278 4889 1432 4946 Unde
1462 4892 1652 4947 crebro
1681 4893 1727 4946 ei

196 4974 458 5044 objicimus,
487 4987 544 5030 ut
576 4977 738 5047 188
775 4992 889 5042 eos,
923 4994 1020 5046 pro
1051 4981 1244 5048 quibus
1277 4999 1490 5050 passum
1526 4999 1582 5038 se
1615 5001 1727 5038 mc-

203 5066 350 5132 minit,
376 5066 628 5122 diabolica
679 5084 786 5122 non
836 5059 1004 5123 sinat.
1033 5069 1216 5128 fraude
1256 5059 1514 5127 .lacerari.
1553 5073 1730 5128 Sumit

200 5160 470 5226 frumentum
501 5176 650 5212 suum
678 5159 730 5213 in
755 5171 981 5230 tempore
1001 5177 1116 5228 suo,
1138 5177 1260 5214 cum
1285 5161 1520 5217 divinam
1549 5163 1726 5219 scien-

204 5252 328 5318 tiam,
354 5268 444 5305 uon
482 5267 588 5321 qua
621 5251 962 5319 abutebatur,
1015 5253 1109 5308 sed
1139 5269 1292 5307 suam
1337 5263 1643 5320 conservat,
1677 5264 1731 5309 et

206 5345 365 5400 retinet
386 5346 826 5400 remunerandum
859 5345 1209 5410 mternaliter,
1239 5345 1381 5415 quod
1412 5354 1494 5401 est
1518 5347 1571 5399 in
1603 5357 1731 5401 tem-

203 5452 303 5504 pore
327 5452 421 5489 suo.
449 5436 524 5490 De
548 5453 655 5506 quo
683 5437 878 5491 dicitur
907 5458 919 5490 :
959 5455 978 5488 ε
1013 5435 1247 5508 Tempus
1272 5450 1450 5491 meum
1487 5437 1728 5492 nondum

207 5529 380 5584 advenit
419 5529 617 5600 (Jonn.
686 5545 780 5594 vn,
820 5529 916 5600 6).
960 5552 980 5584 ι
1021 5532 1117 5588 Est
1153 5539 1334 5586 autem
1366 5539 1576 5601 tempus
1613 5531 1730 5586 sine

211 5633 418 5688 tempore,
452 5639 552 5692 pro
586 5625 812 5689 smculo,
847 5626 931 5680 vel
976 5633 1120 5684 stata
1165 5640 1273 5679 non
1327 5638 1425 5694 pro
1468 5625 1730 5680 varietate

211 5714 414 5784 positum.
441 5715 514 5770 De
538 5715 661 5769 vino
681 5727 733 5770 et
762 5727 1002 5786 tempore
1024 5717 1140 5787 ejd‘s
1171 5717 1312 5790 idem
1341 5717 1596 5772 sentitur.
1618 5715 1728 5769 Ln-

214 5825 307 5864 nam
330 5825 454 5865 suam
476 5819 528 5866 ct
556 5809 719 5864 linum
743 5825 899 5867 suum
929 5810 1064 5868 Deus
1093 5810 1306 5882 liberat,
1337 5811 1552 5884 quando
1575 5826 1727 5868 exer-

1423 5895 1476 5915 ‘-

1845 579 2128 632 crassioris
2161 587 2368 633 natura:
2399 588 2502 642 est,
2535 579 2872 650 intelligitur,
2913 580 3231 645 habuimus;
3263 591 3318 638 et
3362 584 3417 636 li-

1844 689 1970 727 num
2010 663 2308 727 subtilioris
2338 672 2721 742 intelligentize,
2755 689 2874 742 qua:
2905 674 3168 744 sapientia
3199 675 3419 740 dicitur,

1845 766 2030 819 bravio
2069 763 2276 818 cmlesti
2317 765 2672 835 apponderat.
2710 763 2913 818 Lanam
2945 767 3107 821 etiam
3151 776 3206 821 et
3249 768 3419 822 linum

1845 857 2027 918 librat,
2067 859 2286 928 quando
2332 856 2592 928 quidquid
2648 859 3020 926 temporaliter
3063 868 3157 914 aut
3199 861 3421 927 scimus,

1843 949 1936 1004 aut
1985 951 2247 1021 sapimus,
2279 951 2443 1006 etiam
2480 949 2531 1003 in
2565 949 2815 1020 praesenti
2849 951 2915 1003 ad
2955 951 3045 1006 Dei
3088 953 3421 1024 contempla-

1844 1041 2042 1096 tionem
2095 1043 2376 1112 suspendit
2427 1052 2479 1096 et
2539 1041 2734 1096 elevat.
2789 1041 2885 1096 Cui
2917 1053 3218 1099 consonat:
3271 1067 3288 1097 ι
3321 1046 3422 1113 Qui

1841 1135 2114 1202 appendit,
2147 1134 2339 1203 inquit,
2376 1133 2548 1187 tribus
2577 1133 2781 1202 digitis,
2816 1133 2867 1187 id
2898 1143 2982 1186 est
3013 1152 3196 1190 auore
3242 1138 3422 1191 Trini-

1845 1227 1990 1289 tatis,
2022 1226 2216 1280 molcm
2257 1236 2484 1280 terrena:
2534 1227 2754 1290 mentis,
2788 1234 2841 1279 et
2886 1225 3046 1279 librat
3091 1227 3142 1280 in
3187 1229 3424 1295 pondere

1843 1327 2049 1370 montes
2079 1316 2232 1386 (Iani.
2264 1316 2510 1386 χι,“1⁴Ξ),
2552 1335 2570 1368 ›
2606 1325 2663 1370 ut
2695 1316 2868 1370 sancti
2916 1327 3176 1386 qttantutn
3217 1329 3422 1380 amant,

1844 1415 2050 1459 tantum
2111 1407 2306 1461 interni
2355 1407 2566 1478 saporis
2597 1406 2884 1476 accipiant.
2944 1407 3156 1462 Poudus
3211 1407 3354 1461 enim
3394 1426 3423 1461 a

1839 1497 2116 1565 plmdendo
2155 1497 2373 1562 dicitur,
2421 1510 2475 1551 et
2501 1498 2590 1568 qui
2620 1497 2817 1566 pendet
2861 1499 2927 1551 ad
2959 1497 3160 1566 aliquid
3193 1497 3424 1552 inclina~

1841 1598 1951 1651 tur,
1987 1589 2127 1643 unde
2159 1599 2212 1643 ct
2243 1589 2332 1658 qui
2381 1598 2528 1643 amat
2555 1590 2777 1658 pendere
2809 1589 3024 1642 dicitur.
3059 1589 3183 1644 llaec
3227 1590 3422 1659 operie-

1842 1679 1960 1732 bant
1988 1680 2325 1749 ignominiam
2350 1677 2481 1746 e'jns,
2507 1679 2634 1749 quia
2656 1695 2763 1749 quo
2809 1678 2981 1746 major
3021 1680 3294 1750 aliquibus
3331 1695 3419 1734 ex-

1840 1769 2032 1825 uberat
2055 1770 2105 1823 in
2143 1772 2392 1839 przesenti
2427 1762 2661 1835 astutia,
2706 1786 2772 1826 eo
2816 1770 3031 1825 licent'a
3067 1771 3325 1840 peccandi
3358 1785 3420 1826 ex

1839 1862 2160 1916 eruditionis
2200 1863 2467 1917 velamine
2513 1864 2682 1934 magis
2727 1865 2808 1919 eis
2851 1863 3028 1918 inesse
3072 1864 3288 1918 videtur
3332 1879 3423 1916 au-

1845 1954 2104 2008 thentica.

1915 2047 2078 2100 Vens.
2108 2047 2190 2100 iO.
2218 2077 2287 2086 ——-
2319 2067 2334 2097 ι
2376 2047 2440 2100 Et
2472 2058 2596 2102 tunc
2629 2047 2878 2102 revelabo
2905 2047 3186 2103 stultitiam
3210 2049 3327 2118 ejus
3373 2051 3426 2103 in

1847 2155 1868 2188 ς
1913 2137 2084 2192 oculis
2123 2145 2426 2192 amatorum
2457 2136 2606 2207 ejus,
2653 2148 2709 2192 et
2753 2139 2839 2192 vir
2892 2155 2996 2193 nun
3025 2151 3176 2194 eruet
3207 2155 3328 2195 eam
3361 2143 3428 2196 de

1847 2219 1882 2280 ι’
1913 2245 2074 2284 manu
2113 2245 2255 2286 mea.
2294 2250 2316 2282 ν
2371 2228 2524 2284 Nunc
2565 2230 2836 2286 revelatur
2875 2231 3100 2286 stultitia
3125 2231 3264 2299 ejus,
3299 2234 3426 2303 quia

1841 2315 1893 2373 in
1923 2319 2039 2388 ipso
2068 2315 2444 2375 conversionis
2478 2319 2593 2390 ejus
2641 2335 2778 2375 novo
2812 2330 2952 2374 statu
2983 2331 3286 2377 amatorum
3311 2321 3427 2390 ejus

1839 2409 2030 2475 oculis,
2063 2410 2114 2464 id
2154 2420 2237 2466 est
2280 2412 2530 2468 sensibus
2563 2412 2790 2484 intelligi
2819 2414 2994 2477 datur,
3027 2415 3153 2484 quia
3185 2417 3426 2472 studium

1841 2503 1971 2558 illud
2017 2501 2384 2559 inordinatum
2417 2514 2469 2559 et
2499 2504 2872 2574 incompctens
2915 2514 3052 2572 erat,
3103 2507 3246 2576 quod
3276 2515 3427 2563 tanta

1839 2593 2131 2648 severitate
2175 2595 2564 2648 contemnitur.
2597 2593 2740 2648 Nulli
2792 2594 2935 2648 enim
2989 2595 3253 2665 improbis
3283 2597 3430 2652 viva-

1839 2685 1985 2740 ciora
2017 2685 2261 2755 exempla
2295 2695 2624 2756 proponunt,
2656 2701 2820 2756 quam
2847 2686 2938 2756 qui
2974 2701 3070 2756 pro
3108 2687 3216 2742 Deo
3240 2689 3310 2743 ab
3336 2704 3430 2743 eo-

1839 2789 1958 2828 rum
2002 2773 2320 2829 illecehrosa
2357 2775 2621 2830 societate
2670 2776 3001 2831 desciscunt.
3036 2776 3134 2831 Vir
3163 2778 3230 2832 de
3264 2793 3426 2832 manu

1840 2864 1934 2920 Dei
1960 2879 2078 2918 eam
2111 2878 2216 2918 non
2247 2865 2408 2930 eruit,
2437 2867 2567 2935 quia
2605 2865 2786 2921 nullus
2821 2866 2959 2921 adeo
2991 2867 3153 2922 vivax
3199 2868 3428 2922 rationis

1838 2966 1922 3011 est
1948 2965 2150 3022 motus,
2190 2957 2281 3026 qui
2327 2968 2516 3012 contra
2547 2959 2860 3029 ingruentes
2903 2961 3052 3016 cordi
3082 2959 3426 3030 ejus-aeterni

1831 3047 2022 3116 judicii
2052 3047 2228 3102 minas
2257 3050 2570 3104 excusabile
2600 3049 2802 3120 aliquid
2835 3051 2978 3122 loqui
3014 3054 3206 3121 possit.

1823 3184 1830 3190 .
1913 3138 2076 3195 Vens.
2118 3141 2208 3203 ll,
2237 3140 2324 3194 η.
2355 3170 2426 3183 —
2456 3159 2474 3193 ι
2517 3141 2585 3196 Et
2618 3155 2837 3198 cessare
2865 3142 3059 3198 faciam
3099 3158 3262 3200 omne
3295 3160 3426 3216 gau-

1845 3253 1864 3286 ι
1907 3234 2052 3288 dium
2091 3232 2226 3302 ejus,
2275 3233 2676 3289 solemnitatem
2722 3235 2869 3305 ejus,
2906 3237 3243 3291 neomeuiam
3285 3237 3424 3304 ejus,

1845 3345 1863 3378 ι
1913 3324 2210 3381 Sabbatum
2239 3325 2376 3396 ejus,
2402 3332 2458 3380 et
2493 3325 2676 3382 omnia
2711 3326 2849 3380 festa
2903 3335 3144 3395 tempora
3190 3328 3326 3397 ejus.
3358 3328 3428 3382 Et

1846 3437 1864 3470 ι
1909 3433 2254 3488 corrumpam
2284 3418 2498 3472 vineam
2530 3417 2670 3488 ejus,
2705 3425 2760 3471 et
2795 3417 2957 3471 ﬁcum
2987 3417 3105 3486 ejus
3132 3416 3200 3472 de
3230 3418 3432 3486 quibus

1845 3531 1863 3562 σ
1907 3511 2040 3566 dixit
2078 3527 2092 3564 :
2130 3509 2410 3566 Mercedes
2456 3511 2560 3576 hzr,
2608 3523 2744 3563 mea:
2783 3517 2932 3572 sunt,
2977 3523 3114 3578 quas
3163 3511 3427 3566 dederunt
3486 3554 3491 3558 .

1845 3621 1863 3656 α
1913 3604 2043 3658 mihi
2075 3611 2350 3658 amatores
2380 3603 2507 3657 mei.
2541 3621 2560 3656 ι
2607 3601 2773 3656 Omne
2797 3601 3049 3672 gaudium
3083 3604 3196 3673 ejus
3214 3619 3431 3658 cessare

1840 3695 1992 3761 facit,
2023 3711 2146 3750 cum
2195 3695 2456 3767 quidquid
2488 3695 2685 3766 ineptae
2729 3693 2930 3750 latitia:
2974 3710 3065 3750 ex.
3097 3695 3430 3751 instantibus

1839 3787 2116 3856 prosperis
2147 3783 2374 3842 eatenus
2423 3787 2714 3859 colligebat
2763 3787 2881 3842 solo
2917 3786 3283 3858 lacrymarum
3331 3801 3430 3856 ap-

1837 3877 2010 3948 petitu
2040 3877 2290 3948 despuit:
2325 3897 2345 3928 ‹
2375 3875 2637 3942 Fuerunt,
2671 3877 2943 3946 inquiens,
2981 3875 3234 3949 lacrymae
3265 3891 3424 3942 metr,

1837 3984 2005 4038 panes
2031 3969 2116 4024 die
2150 3985 2215 4025 ac
2241 3978 2401 4024 nocte
2429 3968 2605 4041 (Psal.
2635 3985 2747 4034 xu,
2778 3969 2856 4040 4).
2892 3987 2910 4020 ι
2953 3967 3281 4024 Solemnitas
3308 3966 3427 4035 ejus

1839 4069 2034 4128 cessat,
2067 4077 2187 4117 cum
2217 4061 2378 4131 hujus
2407 4061 2590 4115 mundi
2621 4059 2928 4131 spectacula
2954 4061 3067 4131 jam
3099 4069 3154 4114 et
3179 4059 3422 4116 celeber-

1839 4155 2028 4220 rimos,
2066 4154 2156 4224 qui
2185 4153 2371 4208 oeulos
2399 4153 2667 4223 praecipue
2693 4167 2916 4224 pascere
2947 4153 3144 4219 solent,
3187 4167 3426 4209 conven-

1841 4255 1928 4301 tus
1953 4246 2184 4316 ignorat.
2219 4245 2512 4301 Neomenia
2545 4260 2780 4316 quoque,
2809 4261 2929 4315 qua:
2965 4261 3103 4302 nova
3128 4246 3254 4302 luna
3286 4246 3426 4302 dici-

1841 4346 1951 4403 tur,
1981 4336 2336 4408 conquiescit,
2367 4335 2496 4409 quia
2538 4337 2683 4392 nulla
2733 4345 3036 4406 temporum
3085 4338 3313 4392 mutatio
3355 4338 3428 4394 de

1839 4433 2082 4489 adversis
2105 4433 2336 4499 scilicet,
2387 4448 2510 4502 quae
2534 4447 2697 4502 supra
2745 4431 3049 4496 retulimus,
3080 4431 3133 4485 in
3161 4446 3425 4501 prospera

1765 4532 2074 4614 Dmentem
2127 4524 2244 4594 ejus
2294 4524 2347 4578 in
2409 4535 2562 4594 spem
2607 4523 2825 4577 inanem
2885 4521 3064 4592 erigit.
3127 4521 3422 4576 Sabbatum

1837 4617 2032 4673 deinde
2061 4616 2381 4681 destruitur,
2431 4616 2648 4687 quando
2677 4625 2863 4685 torpor
2893 4624 2946 4670 et
2991 4615 3160 4670 otium
3208 4615 3276 4668 ab
3305 4613 3426 4682 ejus

1834 4709 2160 4780 cogitatione
2176 4710 2457 4765 recutitur.
2480 4709 2692 4765 Etenim
2718 4708 3214 4764 Nabuchodonosor
3225 4710 3418 4773 otium,

1828 4801 1981 4871 juxta
2013 4800 2284 4865 Ezechiel,
2331 4798 2691 4856 Sabbatorum
2741 4800 2986 4854 imitatur
3039 4799 3258 4870 (Ezech.
3301 4816 3422 4864 xxi,

1831 4893 1946 4953 9.3).
1985 4892 2177 4949 Omnia
2204 4893 2336 4948 festa
2364 4902 2606 4965 tempora
2633 4893 2750 4963 ejus
2779 4892 3084 4962 sopiuntur,
3109 4893 3235 4946 dum
3263 4891 3425 4957 quid-

1832 4985 1960 5054 quid
2013 4984 2064 5037 in
2099 4984 2202 5038 hoc
2250 4986 2446 5040 sarculo
2481 4983 2776 5052 jocundum
2816 4992 2870 5038 et
2905 4982 3141 5053 optabile
3181 4979 3417 5034 suboriri

1833 5085 2013 5147 potest
2061 5077 2113 5129 in
2157 5074 2273 5144 ejus
2315 5076 2617 5130 intentione
2658 5073 3031 5130 eommoritur.
3089 5070 3257 5125 Vinea
3298 5069 3417 5138 ejus

1833 5167 2220 5236 corrumpitur,
2273 5168 2489 5235 quando
2531 5181 2685 5222 amor
2732 5163 2933 5229 Steculi,
2981 5178 3047 5216 ex
3095 5177 3204 5231 quo
3233 5161 3416 5215 vinum

1818 5253 2002 5314 totius
2030 5260 2316 5314 dementia:
2342 5261 2620 5322 hauserat,
2654 5259 2706 5311 in
2731 5254 2848 5323 ejus
2888 5253 3198 5324 pt'azcordiis
3227 5252 3418 5307 exstir-

1834 5355 2012 5422 patur.
2047 5351 2367 5407 Sicutenim
2416 5349 2609 5403 domus
2660 5347 2825 5403 lsrael
2871 5346 3024 5401 vinea
3055 5344 3150 5401 Dei
3196 5345 3412 5408 dicitur,

1835 5447 1904 5500 ita
1937 5460 1966 5500 e
1995 5444 2206 5500 diverso
2236 5443 2392 5498 vinea
2425 5441 2808 5505 Sodomorum,
2839 5447 2894 5495 et
2936 5439 3072 5494 alias
3113 5439 3268 5494 vinea
3307 5446 3416 5492 ter-

1834 5555 1907 5592 rae
1937 5537 2255 5608 appellatur.
2287 5535 2446 5591 Ficus
2475 5545 2694 5614 quoque
2729 5533 3113 5602 corrumpitur,
3136 5539 3256 5600 qua:
3285 5547 3412 5587 suc-

1833 5645 1926 5683 cos
1974 5628 2208 5691 lacteos,
2239 5641 2531 5696 ramosque
2563 5632 2779 5680 teneros
2818 5625 3017 5679 habere
3059 5623 3412 5694 dignoscitur,

1835 5734 1955 5772 cum
1988 5731 2152 5787 prava
2184 5733 2346 5788 penes
2375 5716 2653 5782 szeculum,
2686 5715 2768 5770 vel
2796 5725 3066 5787 parentes,
3099 5714 3412 5785 qum-Deum

1834 5811 2079 5879 puslpﬂtti
2121 5809 2296 5876 docet,
2341 5806 2554 5866 all‘e‘clio
2583 5821 2610 5862 a
2643 5806 2803 5864 corde
2845 5805 3104 5877 rejicitur.
3149 5804 3299 5860 lianc
3353 5804 3414 5856 li-
