3978 6332
560 396 658 450 551

1380 388 1439 443 ν.
1479 387 1805 445 GUIBERTI
1846 391 2143 449 ABBATIS
2162 396 2221 450 S.
2263 395 2518 453 MAliUE
2559 398 2644 454 DE
2676 398 3075 457 NOVlGENTO

3712 401 3807 457 552

560 531 684 569 cum
715 512 854 583 apud
877 509 1038 563 alium
1064 507 1403 577 prophetam,
1426 519 1483 559 se
1508 504 1650 560 Deus
1679 507 2139 564 deCOI‘licalurum
2170 513 2215 572 A
2247 529 2468 571 aversos
2488 531 2616 587 ergo
2640 518 2680 572 it
2703 518 2793 589 qui
2821 518 2912 573 Dei
2935 515 3426 585 obliviscitur,quia
3448 516 3620 586 pudor
3644 520 3807 576 omnis

561 606 721 675 (loel.
760 622 796 665 ι,
826 604 901 671 7),
939 600 989 654 id
1021 607 1106 654 est
1134 596 1358 652 roburei
1384 597 1723 651 sublaturum
1748 600 2134 655 comminatur.

562 694 836 748 Mercedes
862 692 957 744 has
979 703 1105 744 suas
1129 687 1360 749 dixerat,
1387 703 1523 756 quas
1568 702 1597 741 a
1635 688 1748 742 suis
1804 692 2140 745 amatoribus

561 791 860 851 acceperat,
894 780 1018 849 quia
1049 780 1190 833 hunc
1218 778 1453 835 fructum
1489 796 1600 835 sum
1635 782 2029 843 szeeularitatis.
2054 786 2139 839 vel

560 890 588 926 a
618 870 967 937 daunonibus,
1009 885 1103 924 seu
1132 870 1343 936 amicis,
1375 879 1435 924 ut
1465 871 1564 926 sibi
1594 872 1902 935 videbatur,
1935 873 2141 929 habue-

559 974 661 1023 rat.
695 963 836 1031 quod
879 964 1311 1033 Opportunitates
1340 965 1598 1033 peccandi
1641 965 1984 1035 frequentius
2012 983 2139 1037 sup-

554 1042 917 1126 peditautibus
963 1057 1093 1126 ipsis
1125 1058 1420 1111 invenerat.
1479 1076 1497 1107 ‹
1557 1059 1621 1112 Et
1672 1074 1868 1128 ponam
1922 1073 2043 1113 eam
2084 1060 2138 1113 in

558 1171 578 1202 ‹
625 1150 793 1214 saltu,
832 1160 887 1206 et
916 1148 1167 1206 comedet
1190 1164 1309 1204 eam
1343 1149 1512 1204 bestia
1544 1151 1676 1221 agri.
1720 1170 1737 1203 ι
1782 1151 1836 1205 In
1874 1152 2013 1206 saltu
2040 1166 2137 1222 po-

555 1241 724 1304 nitur,
747 1255 868 1295 cum
896 1241 948 1295 in
973 1240 1206 1307 fervore,
1227 1242 1315 1311 qui
1340 1241 1404 1295 ad
1430 1241 1781 1296 teutationem
1814 1242 1860 1296 ei
1888 1241 2137 1309 iit,juxta

554 1332 893 1402 Apustolnm,
933 1334 1312 1404 peregrinatur
1341 1331 1393 1400 (1
1429 1330 1569 1386 Pclr.
1621 1332 1673 1394 4,
1728 1332 1839 1401 12).
1873 1333 1915 1386 Α
1967 1332 2138 1387 bcslia

554 1427 668 1499 agri
719 1426 788 1481 ibi
837 1427 1163 1492 comeditur,
1216 1424 1432 1496 quando
1477 1424 1793 1478 multimoda
1848 1440 1877 1477 a
1926 1424 2140 1480 diabolo

554 1519 895 1589 suggestione
925 1518 1252 1572 corroditur.
1291 1516 1456 1571 Recte
1494 1516 1666 1571 bestia
1701 1517 1839 1588 agri,
1878 1517 2005 1587 quia
2056 1527 2142 1589 ty-

556 1627 757 1667 rannus
792 1620 872 1665 est
903 1611 1107 1664 mundi.

624 1702 786 1756 Vens.
822 1702 993 1755 1'5.-—
1020 1721 1038 1753 ‹
1076 1702 1141 1755 Ει
1169 1700 1395 1755 visitabo
1426 1716 1590 1771 super
1616 1716 1740 1756 eam
1767 1700 1883 1754 dies
1907 1699 2137 1765 Baalim,

558 1812 575 1845 ι
625 1794 822 1865 quibus
853 1793 1182 1849 accendebat
1210 1793 1511 1857 incensum,
1544 1801 1599 1848 ct
1627 1792 1921 1847 ornabatur
1949 1794 2141 1847 innure

557 1906 575 1937 ι
623 1901 743 1950 sua,
770 1893 824 1940 et
856 1885 1041 1940 monili
1074 1900 1191 1950 suo,
1224 1893 1279 1939 ct
1318 1885 1431 1939 ibat
1459 1894 1579 1955 post
1614 1894 1887 1941 amatores
1912 1900 2063 1950 suos,
2086 1893 2141 1937 et
2172 1884 2221 1945 Β

559 1998 576 2030 ο
622 1979 725 2033 mei
761 1978 1207 2040 obliviscebatur,
1247 1977 1379 2033 dicit
1407 1979 1685 2034 Dominus.
1719 1999 1737 2031 ι
1779 1979 1905 2034 Dies
1932 1978 2139 2033 Baalim

554 2084 719 2139 super
744 2085 864 2124 eam
893 2069 1202 2134 visitantur,
1236 2086 1358 2125 cum
1388 2070 1496 2137 jam
1536 2071 1791 2143 lacrymis
1822 2071 2016 2141 punire
2046 2086 2140 2126 co-

552 2164 715 2227 gitur,
741 2160 882 2232 quod
909 2162 1179 2231 quondam
1222 2162 1408 2216 multis
1442 2162 1695 2217 innutriri
1732 2177 1791 2217 se
1812 2162 1962 2218 vitiis
1990 2162 2140 2217 lacta—

553 2252 733 2305 batttr.
778 2250 903 2305 Dies
944 2251 1088 2306 enim
1136 2268 1234 2321 pro
1262 2252 1601 2322 jurunditate
1642 2253 1879 2323 ponitur,
1925 2261 1983 2307 ut
2009 2263 2136 2307 cst:

557 2360 575 2392 ‹
624 2341 681 2395 In
711 2342 815 2396 hac
846 2342 951 2408 d'e,
997 2358 1118 2411 quae
1157 2345 1226 2397 ad
1259 2357 1448 2414 pacem
1492 2344 1588 2399 tibi
1626 2342 1776 2416 (Luc.
1808 2360 1923 2411 xu,
1966 2343 2079 2415 12).
2114 2364 2134 2398 ι

550 2436 755 2491 Baalim
794 2452 892 2506 pro
936 2436 1092 2491 idolis
1140 2437 1379 2506 ponitur,
1407 2445 1461 2492 et
1498 2446 1583 2492 est
1632 2438 1743 2492 acsi
1774 2438 1999 2504 diceret,
2028 2437 2139 2492 dies

550 2530 837 2584 idolorum.
880 2528 1275 2597 Interpretatur
1297 2543 1511 2599 quoque
1544 2530 1741 2584 habens
1765 2547 1869 2597 me,
1890 2529 1974 2584 vel
2002 2532 2141 2584 viro-

553 2638 670 2674 rum
699 2636 951 2674 meorum.
991 2620 1053 2673 Et
1079 2636 1200 2689 qua:
1228 2630 1354 2675 sunt
1398 2622 1539 2676 idola
1584 2623 1789 2690 majora
1833 2637 1995 2691 quam
2034 2621 2140 2676 cri-

553 2714 738 2777 mina,
791 2713 857 2767 de
904 2711 1101 2781 qui‘..us
1145 2712 1478 2780 Apostolus:
1517 2731 1536 2764 ¢
1564 2713 1842 2779 Avaritia,
1882 2730 2003 2785 qua:
2056 2721 2141 2769 est

555 2805 818 2859 idolorum
852 2806 1085 2861 servitus
1114 2804 1311 2875 (Colos.
1340 2822 1421 2866 ιιι.
1448 2806 1526 2878 5).
1559 2826 1578 2859 ι
1612 2806 1681 2861 Ει
1705 2808 1830 2862 alibi
1858 2825 1870 2862 :
1899 2808 2137 2874 Quorum

552 2895 697 2951 Deus
721 2903 910 2950 venter
936 2905 1039 2959 est,
1073 2904 1128 2948 et
1154 2896 1323 2965 gloria
1357 2896 1407 2949 in
1457 2897 1722 2966 pudendis
1751 2913 1937 2951 eorum
1969 2894 2136 2966 (Phil.

557 3004 640 3053 Ill,
672 2988 787 3055 19}.
817 3008 836 3042 ι
871 2987 933 3042 lli
965 2997 1093 3053 sunt
1119 2989 1242 3055 viri,
1272 2991 1363 3060 qui
1403 3006 1500 3044 nos
1524 3006 1629 3046 non
1661 3001 1873 3061 regunt,
1907 2993 1998 3046 sed
2022 2992 2139 3047 abi-

554 3089 708 3153 gunt,
735 3083 800 3136 de
827 3082 1024 3150 quibus
1053 3081 1140 3137 ille
1167 3091 1280 3136 est:
1308 3100 1325 3131 ‹
1346 3082 1413 3136 Et
1435 3083 1522 3138 hic
1545 3098 1705 3153 quem
1728 3084 1897 3139 habes
1924 3099 2031 3139 non
2056 3093 2140 3139 est

554 3183 678 3228 tuus
707 3168 993 3245 vionan.
1040 3189 1115 3238 tv,
1165 3174 1286 3245 18);
1326 3193 1346 3227 ι
1386 3184 1441 3229 et
1469 3176 1708 3245 quandiu
1761 3191 1863 3231 nos
1914 3176 2134 3239 habent,

555 3280 662 3320 non
709 3275 817 3319 tam
858 3266 1136 3336 possident
1167 3283 1327 3337 quam
1354 3268 1624 3323 obsident.
1663 3267 1869 3334 Quibus
1898 3276 2023 3324 tunc
2055 3270 2138 3323 in-

552 3371 773 3412 censum
811 3358 1156 3426 accenditur,
1183 3376 1304 3413 (um
1339 3374 1404 3414 ex
1434 3360 1586 3430 pravi
1626 3359 1841 3416 fervore
1883 3362 2138 3417 desiderii

554 3448 692 3502 intra
726 3457 982 3513 mentem,
1010 3466 1131 3519 qua:
1156 3466 1255 3505 nos
1284 3450 1424 3505 male
1451 3452 1713 3515 obcmcat,
1738 3451 1932 3508 nebula
1966 3452 2139 3508 susci-

555 3550 717 3595 tatur.
756 3540 868 3596 Hoc
896 3551 998 3606 est,
1024 3543 1166 3612 quod
1198 3543 1337 3612 apud
1373 3544 1711 3600 Ezechielem
1738 3560 1907 3615 vapor
1930 3546 2140 3601 nebula:

554 3634 620 3686 de
657 3634 819 3687 thure
848 3648 1180 3704 consurgere
1221 3634 1424 3690 dicitur
1454 3635 1670 3704 (Ezech.
1707 3651 1834 3700 vut,
1870 3636 1981 3708 11).
2030 3636 2141 3693 Nec

552 3725 712 3781 nobis
739 3722 927 3790 edicit,
961 3725 1102 3795 quod
1130 3726 1364 3781 libenter
1392 3725 1682 3797 aliquoties
1706 3727 1951 3781 ardentia
1980 3728 2138 3782 thura

555 3817 841 3882 sentimus,
872 3818 996 3888 quia
1045 3819 1343 3887 saepissime
1385 3833 1484 3888 per
1524 3819 1937 3889 imaginationes
1979 3820 2142 3891 189

558 3922 665 3962 nou
696 3909 876 3964 minus
901 3924 1065 3980 quam
1093 3910 1509 3978 prteseutialiter
1532 3910 1669 3975 visa,
1707 3920 1763 3965 et
1802 3910 1985 3965 audita
2014 3925 2141 3981 gra-

558 4009 735 4055 tanter
763 4000 1061 4056 olfacimus.

627 4088 823 4143 lunare
843 4108 940 4145 sua
972 4102 1218 4159 ornatur,
1266 4093 1357 4163 qui
1403 4093 1470 4149 de
1520 4092 1843 4148 claritudine
1900 4092 2139 4164 propriae

558 4180 925 4251 intelligentia:
970 4182 1251 4240 elevatur.‘
1292 4185 1490 4240 Monile
1538 4197 1721 4241 autem
1777 4187 1844 4240 ad
1893 4196 2139 4242 extrema

555 4272 678 4326 colli
710 4275 1053 4343 appenditur.
1084 4274 1271 4329 Manili
1306 4290 1438 4347 ergo
1464 4286 1713 4340 ornatur,
1750 4277 1841 4346 qui
1890 4278 1957 4333 de
2015 4291 2141 4347 pro-

557 4362 819 4420 funditate
833 4366 1041 4422 consilii
1066 4366 1349 4436 gloriatur.
1376 4366 1592 4423 Habent
1615 4368 1763 4423 enim
1790 4368 1881 4439 qui
1913 4377 2140 4438 peccant

556 4458 718 4511 verba
751 4460 1028 4530 cujusdam
1066 4460 1208 4528 apud
1250 4475 1310 4514 se
1360 4459 1814 4524 ratiocinationis,
1864 4461 1932 4515 ad
1979 4476 2143 4516 excu-

2245 608 2527 674 recutitur,
2558 610 2647 665 ubi
2680 608 2942 681 quidquid
2970 608 3063 662 Dei
3109 616 3215 673 est,
3269 624 3301 660 a
3343 607 3461 662 sinu
3491 608 3686 664 mentis
3722 625 3804 664 ar-

2241 711 2414 757 CCI'R‘.

2312 837 2476 893 Vsus.
2510 838 2599 906 14,
2630 838 2719 893 15.
2747 868 2820 879 --
2851 857 2871 889 ι
2912 837 3138 907 Propter
3164 835 3287 900 hoc,
3318 849 3448 891 ecce
3479 850 3582 907 ego
3605 834 3808 893 iactabo

2247 947 2267 980 ι
2312 946 2453 995 eam,
2482 941 2535 985 et
2559 932 2753 986 ducam
2788 946 2906 986 eam
2935 932 2986 985 in
3020 928 3390 991 solitudinem,
3425 936 3480 982 et
3516 927 3706 997 loquar
3747 931 3805 984 ad

2247 1039 2266 1072 ι
2313 1037 2408 1076 cor
2435 1022 2573 1092 ejus.
2614 1022 2680 1076 Et
2707 1023 2847 1076 dabo
2875 1022 2923 1075 ei
2947 1022 3210 1076 vinitores
3235 1018 3351 1087 ejus
3376 1033 3441 1072 ex
3469 1018 3659 1073 eodem
3684 1018 3806 1083 loco,

2247 1132 2266 1167 ‹
2311 1122 2365 1167 et
2396 1114 2591 1169 vallem
2621 1115 2802 1169 Acbor
2842 1113 2909 1167 ad
2948 1112 3296 1181 aperiendam
3340 1125 3515 1180 spem,
3567 1118 3624 1165 et
3664 1120 3810 1165 canet

2247 1225 2267 1258 ι
2312 1206 2383 1261 ibi
2414 1205 2571 1277 juxta
2601 1207 2716 1262 dies
2739 1205 3043 1276 iuventutis
3073 1219 3206 1265 suaa,
3247 1213 3302 1257 et
3321 1202 3477 1271 juxta
3500 1201 3615 1256 dies
3638 1215 3811 1255 ascen-

2247 1314 2267 1348 ‹
2316 1297 2485 1352 sionis
2510 1312 2624 1353 sua:
2649 1298 2717 1352 de
2745 1306 2886 1351 terra
2921 1294 3161 1366 IEgypti.
3192 1313 3210 1344 ι
3240 1291 3465 1361 Propter
3494 1292 3610 1355 hoc,
3629 1290 3808 1359 inquit.

2243 1388 2453 1443 lactabo
2491 1406 2627 1450 eam.
2661 1388 2713 1445 id
2755 1398 2839 1443 est
2880 1387 3126 1442 dulcibus
3152 1384 3402 1454 eloquiis,
3434 1390 3492 1437 ut
3532 1380 3637 1436 mei
3665 1383 3811 1435 remi-

2242 1483 2506 1548 niscatur,
2535 1491 2589 1538 et
2615 1482 2925 1537 desertores
2947 1495 3056 1535 non
3083 1486 3442 1548 prosequatur
3463 1472 3721 1529 erudiam.
3752 1472 3810 1527 In

2241 1571 2578 1626 solitudinem
2605 1588 2720 1626 eam
2746 1572 2959 1633 ducam,
2985 1570 3112 1639 quia
3142 1584 3171 1623 a
3201 1567 3431 1637 strepitu
3459 1564 3735 1627 vitiorum,
3763 1572 3812 1618 et

2243 1665 2407 1719 etiam
2455 1665 2525 1719 ab
2568 1663 2812 1719 inanium
2842 1662 3238 1732 cogitationum
3283 1673 3404 1712 eam
3460 1654 3655 1718 turbis,
3697 1655 3813 1722 quia

2244 1756 2347 1811 sibi
2385 1755 2497 1811 sola
2528 1770 2649 1811 esse
2686 1770 2791 1809 non
2842 1761 3046 1824 potest,
3100 1766 3220 1823 qua:
3265 1748 3432 1804 tantis
3477 1746 3810 1804 exactoribus

2245 1848 2451 1903 subest.
2484 1848 2566 1901 Ad
2596 1864 2687 1904 eor
2734 1848 2849 1917 ejus
2881 1846 2952 1901 ibi
3000 1845 3140 1900 Deus
3182 1842 3445 1914 loquitur,
3486 1840 3615 1895 dum
3659 1853 3810 1893 sacra:

2245 1941 2455 2012 paginae
2495 1941 2721 1996 verbum
2768 1956 2864 2011 per
2891 1937 3324 2009 compunctionis
3354 1934 3586 2007 gratiam
3618 1932 3668 1985 in
3709 1930 3810 1996 eius

2243 2031 2424 2086 animo
2452 2030 2787 2087 dulcoratur.
2819 2030 2913 2086 Vel
2962 2030 3127 2083 etiam
3169 2027 3238 2081 ad
3271 2042 3363 2079 cor
3399 2024 3518 2094 ejus
3568 2019 3813 2090 loquitur,

2242 2138 2365 2178 cum
2398 2137 2483 2189 ea,
2517 2138 2637 2193 quin
2670 2123 2759 2177 vix
2787 2138 2997 2178 summa
3028 2135 3161 2175 aure
3189 2119 3455 2188 attingere
3483 2112 3813 2184 dignabatur,

2242 2213 2360 2283 ejus
2390 2212 2707 2282 prtecordiis
2750 2211 3063 2266 medullitus
3109 2208 3424 2263 illabuntur.
3482 2201 3737 2258 Vinitom
3770 2200 3813 2252 ei

2241 2318 2308 2357 ea;
2344 2304 2524 2358 eodem
2556 2302 2670 2357 loco
2715 2302 2937 2366 dantur,
2984 2315 3107 2355 cum
3138 2296 3433 2354 rationales
3478 2301 3680 2356 motus,
3730 2290 3807 2358 qui

2243 2394 2515 2464 quondam
2563 2394 2679 2464 ipsa
2718 2408 2814 2449 sua
2866 2393 3079 2447 interna
3119 2390 3517 2460 disperserant,
3558 2385 3626 2440 ad
3665 2381 3806 2452 spiri-

2245 2487 2404 2541 tualis
2431 2486 2660 2542 cultura:
2685 2484 3005 2542 exercitium
3025 2484 3259 2539 ﬁdeliter
3286 2482 3678 2553 glomerantur.
3701 2474 3807 2529 Val-

2242 2575 2308 2632 lis
2340 2576 2522 2631 Aehor
2566 2577 2773 2646 pariter
2821 2575 3096 2641 tribuitur,
3127 2560 3345 2644 quando
3396 2568 3624 2625 humilis
3672 2579 3807 2621 mens

2243 2668 2573 2739 poenitentiae
2600 2667 2898 2723 acerbitate
2923 2667 3202 2731 turbatur;
3234 2664 3419 2718 Achor
3446 2663 3600 2715 enim
3629 2658 3806 2713 dicitur

2242 2758 2496 2814 tumultus
2525 2760 2639 2815 sive
2673 2760 2969 2813 turbarum.
3004 2757 3159 2813 Unde
3199 2754 3485 2827 psalmus:
3524 2771 3543 2805 ι
3572 2751 3806 2807 Commo-

2241 2849 2387 2913 visti,
2421 2848 2666 2915 Domine,
2719 2859 2944 2913 terram,
2989 2858 3044 2903 et
3087 2844 3425 2903 conturbasti
3475 2857 3601 2898 eam
3650 2837 3805 2911 (Psal.

2242 2958 2352 3008 LIX,
2384 2942 2464 3013 1),
2495 2962 2513 2995 ι
2543 2954 2648 2997 etc.
2669 2940 2952 3009 Quanenim
2984 2940 3135 2994 turba
3163 2936 3548 3010 gravior,quis
3571 2932 3809 2988 tumultus

2241 3051 2404 3108 quam
2430 3035 2819 3091 conscientiam
2844 3034 2943 3088 sub
2974 3032 3084 3087 Deo
3106 3030 3290 3099 judice
3315 3029 3383 3085 de
3413 3027 3652 3100 propriis
3681 3038 3806 3079 mor-

2242 3127 2355 3182 deri
2391 3135 2446 3184 et.
2476 3126 2660 3183 dolere
2697 3123 3055 3181 criminibus?
3110 3120 3214 3177 Sed
3267 3136 3373 3175 non
3416 3134 3562 3173 vane
3589 3117 3697 3171 haec
3724 3114 3805 3167 hu-

2165 3231 2211 3293 c
2244 3218 2444 3273 milites
2481 3217 2847 3289 perturbatur,
2877 3213 2963 3269 cui
2994 3212 3224 3268 subinde
3245 3226 3360 3281 quo.
3379 3208 3571 3264 acrius
3594 3202 3807 3261 voluerit

2240 3311 2549 3381 spesvenite
2576 3308 3017 3380 aperiturJuxta
3032 3305 3322 3375 jtwentutis
3347 3304 3459 3357 dies
3492 3300 3567 3355 ibi
3595 3299 3807 3358 canitur,

2241 3402 2368 3470 quia
2420 3401 2716 3456 secundum
2763 3398 3072 3455 claritatem
3102 3397 3372 3452 innovatae
3418 3392 3639 3447 virtutis
3674 3402 3811 3443 mens

2241 3493 2483 3560 ltrtatur;
2528 3507 2637 3563 quo
2674 3493 2817 3548 enim
2841 3491 3073 3562 amplius
3096 3489 3239 3545 diem
3278 3487 3475 3543 divina:
3507 3482 3810 3555 cognitionis

2242 3584 2504 3654 attigerit,
2559 3592 2614 3637 et
2663 3583 2894 3638 interna:
2936 3580 3229 3639 soliditatis
3264 3579 3432 3633 robur
3459 3576 3630 3649 (quod
3657 3572 3809 3644 signi-.

2242 3677 2370 3730 ﬂeat
2399 3674 2679 3747 juventus)
2710 3674 2967 3739 induerit,
3002 3682 3150 3728 tanto
3181 3670 3541 3744 gratiosiores
3574 3669 3625 3724 in
3656 3667 3807 3721 Deum

2236 3766 2437 3836 jabilos
2458 3768 2654 3823 fundit.
2686 3767 2856 3822 Juxta
2894 3767 3059 3822 etiam
3111 3766 3222 3819 dies
3253 3763 3580 3819 ascensionis
3625 3776 3727 3815 sum
3751 3758 3807 3810 de

2242 3870 2382 3914 terra
2412 3860 2633 3931 Αἴθῃ)ιί
2662 3860 2829 3925 canit,
2860 3859 2989 3929 quia
3014 3873 3122 3928 quo
3145 3857 3315 3927 magis
3338 3856 3677 3910 illuminante
3699 3865 3809 3921 ειη-η

2244 3953 2316 4008 tia
2348 3962 2589 4007 terrenos
2618 3952 2906 4023 appetitus,
2930 3949 3073 4021 quod
3102 3948 3372 4020 Egyptus
3401 3947 3603 4017 signat,
3638 3957 3803 3997 exces-

2242 4050 2397 4115 serit,
2431 4057 2578 4104 tanto
2608 4049 2678 4110 ei,
2719 4063 2817 4117 pro
2852 4061 2960 4117 quo
3007 4060 3072 4101 ea
3119 4052 3570 4107 contemnuntur,
3620 4038 3803 4110 gloriﬁ-

2242 4140 2415 4194 cando
2442 4148 2498 4194 et
2519 4139 2750 4194 amando
2774 4136 3076 4208 expeditior
3102 4136 3227 4192 erit.

2312 4276 2480 4331 Vens.
2519 4274 2606 4330 16.
2635 4306 2704 4315 -
2731 4292 2749 4326 ι
2784 4274 2853 4329 Et
2877 4274 2983 4328 erit
3009 4274 3137 4345 (hoc
3163 4287 3325 4343 supra
3364 4268 3734 4343 exposuimus)
3761 4266 3803 4317 in

2249 4388 2267 4419 ι
2315 4369 2401 4423 die
2450 4368 2539 4422 illa
2578 4366 2743 4438 (quod
2789 4375 2844 4422 et
2894 4380 3058 4434 supra
3106 4366 3412 4435 expositum
3452 4362 3585 4434 est),
3615 4357 3805 4414 vocabit

2248 4479 2266 4511 ι
2318 4474 2403 4513 me
2433 4475 2446 4511 :
2475 4456 2570 4512 Vir
2599 4472 2777 4522 meus,
2805 4465 2861 4511 et
2891 4471 2997 4510 non
3032 4456 3247 4510 vocabit
3277 4471 3363 4509 me
3393 4454 3537 4508 ultra
3584 4450 3746 4506 Baali.
3786 4467 3803 4497 ι

557 4548 758 4601 sandas
788 4549 995 4605 scilicet
1042 4552 1420 4606 cxcuSationes
1458 4551 1510 4606 in
1542 4552 1782 4622 peccatis
1815 4549 1988 4624 (Psal.
2012 4567 2139 4617 CXL,
2172 4574 2218 4632 ι)
2247 4549 2359 4605 Vox
2391 4558 2474 4605 est
2524 4550 2766 4605 mulieris
2805 4550 2875 4604 de
2928 4548 3205 4618 prmmissa
3246 4548 3339 4603 Dei
3377 4546 3669 4618 sponsione
3710 4543 3807 4616 glo-

554 4638 632 4708 4).
666 4638 777 4693 Sub
805 4642 1021 4697 nomine
1046 4641 1192 4696 enim
1235 4641 1373 4710 ejus,
1421 4658 1540 4713 qua:
1570 4643 1724 4713 quasi
1764 4644 1855 4699 vix
1895 4643 2137 4699 cohiberi

556 4731 744 4798 possit,
774 4732 1124 4788 humanitatis
1151 4735 1398 4790 securius
1429 4735 1609 4810 solent
1651 4735 1916 4790 inservire
1950 4748 2141 4804 pecca-

559 4826 645 4877 t's.
680 4822 787 4880 Nec
814 4829 1008 4880 mirum
1057 4827 1101 4880 si
1137 4827 1190 4880 in
1230 4827 1370 4881 malo
1395 4842 1459 4882 ea
1500 4827 1772 4898 ponimus,
1822 4842 1946 4882 cum
1989 4841 2140 4895 repe-

558 4913 770 4967 tiautnr
802 4916 853 4969 iu
900 4916 1041 4971 bono
1068 4915 1428 4986 frequentius,
1457 4919 1582 4987 quia
1615 4918 1667 4971 in
1713 4917 1853 4972 libro
1888 4915 2149 4991 Judicutn’

558 5005 854 5062 luuaelitas
916 5008 1136 5063 inaures
1197 5018 1254 5064 et
1307 5010 1549 5065 armillas
1606 5009 1859 5064 habuisse
1914 5008 2140 5078 legimus

555 5095 708 5167 (Jud.
737 5110 850 5164 vu‘t,
882 5098 1007 5170 24);
1048 5099 1188 5154 sicut
1218 5100 1271 5154 in
1320 5116 1483 5154 manu
1524 5098 1818 5170 Babylonis
1841 5096 2137 5154 secundum

555 5187 939 5259 Apocalypsin)
976 5189 1119 5261 calix
1148 5198 1231 5245 est
1260 5189 1672 5261 aureusjApoc.
1706 5204 1816 5255 xvr,
1850 5187 1959 5258 19).
1988 5187 2139 5244 Unde

555 5286 609 5331 ct
636 5280 713 5333 ire
748 5290 863 5350 post
903 5288 1164 5336 amatores
1212 5295 1357 5335 nunc
1386 5269 1610 5346 dicitur,
1639 5280 1768 5353 quia
1819 5280 2139 5351 plerumque

555 5385 656 5424 nec
686 5371 923 5436 homine,
968 5385 1068 5425 nec
1093 5372 1307 5427 diabolo
1339 5372 1622 5428 incentore
1659 5388 1880 5443 pravam
1911 5388 2138 5428 consue-

557 5460 796 5515 tudinem
838 5469 1034 5530 sponte
1068 5462 1440 5531 prosequitur.
1484 5463 1636 5519 Unde
1663 5464 1876 5520 cuidam
1905 5464 2132 5520 dicitur:

560 5567 580 5600 ς
628 5551 838 5604 Mittam
872 5559 924 5604 te
948 5553 1101 5619 quasi
1135 5554 1190 5607 in
1220 5553 1383 5623 pilam
1414 5556 1467 5609 in
1494 5564 1693 5612 terram
1722 5557 1885 5613 latam
1911 5566 1967 5612 et
2012 5572 2136 5628 Spa-

556 5641 751 5695 tiosam
788 5640 945 5709 (Isai.
984 5658 1123 5708 xxtt,
1158 5644 1262 5714 18).
1299 5666 1319 5699 ι
1372 5648 1483 5702 Pila
1534 5649 1677 5703 enim
1732 5650 1851 5720 plus
1902 5652 2136 5708 volvitur

556 5746 719 5796 quam
750 5731 880 5784 velit
915 5732 960 5786 is
991 5749 1020 5786 a
1052 5736 1397 5804 quojacitur.
1427 5740 1574 5796 Multi
1604 5743 1747 5797 enim
1793 5760 1896 5798 non
1932 5754 1989 5798 ut
2022 5744 2134 5797 alli-

556 5821 771 5877 ('iautut‘
797 5833 1131 5897 exspectant,
1163 5831 1256 5884 sed
1289 5830 1510 5891 atiectus
1542 5834 1594 5891 in
1626 5851 1682 5894 sc
1718 5838 1973 5895 excitant.
2003 5837 2132 5895 Post

2244 4642 2454 4697 riantis.
2482 4640 2616 4695 Cum
2664 4642 2821 4707 hanc,
2870 4641 3064 4711 inquit,
3128 4640 3258 4695 mihi
3309 4640 3452 4694 Deus
3510 4636 3803 4711 praestiterit

2241 4737 2439 4802 lucem,
2468 4736 2690 4800 vocabit,
2727 4735 2777 4789 id
2814 4743 2897 4789 est
2916 4734 3211 4789 aastimabit
3235 4749 3320 4788 me
3344 4749 3595 4797 uxorem,
3627 4742 3682 4786 ut
3707 4730 3803 4785 sci-

2241 4827 2367 4882 licet
2410 4827 2524 4896 ipse
2570 4826 2781 4879 dicatur
2827 4825 2906 4878 vir
2968 4842 3147 4892 meus,
3209 4840 3309 4880 nec
3365 4834 3588 4895 peccata
3635 4831 3803 4877 vetera

2238 4921 2506 4984 oberunt,
2565 4917 2690 4988 quia
2750 4916 2927 4972 cultus
2987 4918 3233 4990 pristina:
3294 4917 3611 4971 idololatria:
3660 4912 3805 4983 sepiti

2240 5022 2385 5067 sunt.
2419 5011 2606 5081 (Vatis.
2640 5009 2747 5079 17.)
2803 5030 2821 5061 ι
2860 5010 2919 5063 Et
2952 5010 3194 5065 auferam
3226 5010 3447 5064 nomina
3497 5007 3698 5062 Baalim
3747 5005 3802 5057 de

2245 5123 2262 5156 ι
2310 5120 2405 5159 ore
2431 5104 2567 5175 ejus,
2605 5113 2660 5159 et
2697 5119 2804 5157 non
2848 5103 3220 5159 recordabitur
3267 5103 3409 5157 ultra
3447 5101 3681 5157 nominis
3724 5111 3802 5152 eo-

2244 5214 2262 5247 ι
2309 5211 2446 5250 rum.
2484 5214 2504 5249 ι
2535 5195 2693 5251 Redit
2731 5195 2991 5252 Dominus
3010 5196 3079 5250 ad
3111 5196 3160 5249 id
3195 5195 3338 5266 quod
3362 5194 3614 5266 superius
3639 5191 3801 5246 dicere

2240 5294 2497 5355 coeperat.
2539 5285 2691 5352 Quod
2717 5294 2886 5340 totum
2920 5293 3041 5341 est:
3088 5283 3203 5341 Non
3233 5285 3410 5341 solum
3449 5284 3687 5354 antiqua:
3706 5278 3799 5335 cri-

2240 5377 2563 5432 minositatis
2589 5377 2792 5434 cultum
2829 5376 2931 5431 sibi
2984 5377 3328 5442 subtraham,
3358 5376 3453 5431 sed
3499 5375 3662 5430 etiam
3695 5372 3796 5439 ipsa

2237 5469 2457 5524 nomina
2488 5470 2761 5536 vitiorum,
2798 5469 2941 5540 quod
2974 5469 3268 5539 Apostolus
3300 5487 3319 5520 ι
3360 5464 3739 5539 turpiloquium
3778 5476 3792 5508 ι

2236 5562 2479 5618 nominat
2526 5562 2741 5634 (Epltes.
2768 5576 2820 5626 v,
2850 5561 2931 5633 4).
2980 5560 3047 5616 de
3096 5576 3191 5615 ore
3238 5559 3358 5630 ejus
3405 5559 3682 5622 abradam,
3712 5567 3799 5609 nec

2237 5657 2411 5710 solum
2459 5655 2750 5711 verborum
2800 5654 3071 5710 fmditates
3121 5654 3459 5717 subtraham,
3508 5651 3601 5706 sed
3652 5648 3797 5704 etiam

2236 5746 2414 5801 omnis
2446 5744 2675 5801 obsoleti
2700 5755 2856 5800 actus
2890 5744 2957 5797 ab
2994 5743 3111 5813 ejus
3156 5744 3338 5799 animo
3365 5743 3673 5799 obliterabo
3695 5752 3798 5792 me-

2236 5838 2485 5897 moriam.
2513 5838 2664 5897 Unde
2685 5836 2971 5910 Apostolus
2998 5855 3010 5891 ;
3058 5854 3074 5889 ι
3107 5835 3215 5892 Nec
3246 5836 3553 5892 nominetur
3580 5834 3633 5889 in
3665 5830 3799 5886 vobis

3754 5977 3796 5999 »ρ
