3952 6360
18 342 182 401 555

784 332 1251 394 TROPOLOGUE
1293 333 1359 389 IN
1392 333 1590 398 OSEE,
1621 331 1810 388 AMOS
1832 332 1920 387 ET
1945 332 2088 388 JER.
2116 363 2186 375 —
2206 332 2334 389 LIB.
2364 334 2405 389 1.
2435 332 2500 389 IN
2525 333 2721 391 OSEE.

3271 336 3377 392 551

22 464 290 534 (Ibid.,
341 462 419 529 3).
463 478 480 511 ι
529 458 596 514 Ει
632 476 649 512 :
714 475 732 509 ι
771 456 997 523 Qualem
1030 454 1282 519 fructum
1320 451 1587 508 habuistis
1639 448 1691 503 in
1723 450 1769 507 Α
1795 449 2002 503 dcudas
2033 464 2119 504 res
2172 448 2226 502 in
2281 449 2447 503 corde
2487 447 2660 502 ﬁdelis
2698 457 2843 501 tanta
2894 444 3056 500 faciat
3105 446 3378 505 soliditate

22 556 296 623 quibus
323 566 468 608 nunc
492 547 851 604 erubescitis?
886 545 1067 616 (Rom.
1095 560 1169 608 vi,
1190 543 1305 614 2t.)
1353 563 1373 595 ι

30 679 53 692 ο
132 648 338 702 Vsus.
370 646 459 700 18.
492 673 562 683 --
596 660 616 693 ε
659 640 723 693 Ει
744 637 1045 709 percutiam
1067 637 1148 691 eis
1177 634 1356 689 frndus
1382 633 1434 688 in
1458 632 1545 688 die
1575 631 1685 698 illa,

37 756 65 790 ι
133 753 291 793 cum
345 737 515 792 bestia
544 736 680 806 agri,
728 743 943 789 etcum
984 733 1207 788 voluere
1268 730 1413 795 cmli,
1458 741 1514 785 et
1564 745 1687 784 cum

40 850 65 882 ε
138 829 353 901 reptili
384 837 566 894 terrae,
613 835 668 881 et
722 842 931 891 areum,
965 834 1023 880 et
1072 824 1332 896 gladium,
1384 833 1440 878 et
1489 821 1688 878 bellum

44 941 70 969 ο
141 933 454 977 conteram
488 921 553 975 de
577 930 755 982 terra;
797 927 854 973 et
897 918 1135 972 dormire
1178 931 1272 971 eos
1324 915 1520 970 faciam
1556 914 1693 969 ﬁdu-

50 1034 75 1066 ι
143 1014 408 1068 cialiter.
451 1032 470 1065 ι
523 1010 589 1066 1η
633 1011 718 1064 die
757 1011 849 1064 illa
895 1009 1062 1078 {tedas
1091 1007 1164 1062 eis
1208 1007 1352 1063 Deus
1378 1022 1496 1060 cum
1526 1006 1688 1059 bestia

48 1108 235 1177 agri,
265 1107 378 1162 hoc
408 1112 495 1161 est
527 1119 690 1175 super
717 1103 891 1159 bestia
926 1103 1037 1173 agri
1069 1100 1321 1171 percutit,
1349 1115 1473 1155 cum
1501 1098 1555 1153 in
1596 1098 1690 1153 illo

50 1196 351 1252 interiori
388 1196 596 1251 lumine
639 1211 707 1251 ex
758 1196 913 1251 bona:
964 1194 1278 1249 intentionis
1323 1192 1581 1247 ﬁrmitate
1610 1191 1690 1246 eis

58 1287 460 1356 pasciscitur,
485 1287 628 1357 quod
653 1287 823 1342 bestia
848 1286 987 1357 agri,
1018 1286 1069 1340 id
1097 1294 1181 1341 est
1212 1283 1396 1338 feralis
1422 1282 1689 1353 cupiditas

60 1380 133 1433 in
169 1379 336 1434 nullo
366 1379 446 1434 eis
479 1380 743 1436 dominari
768 1379 1135 1450 permittatur,
1171 1393 1272 1433 nec
1294 1376 1513 1432 volucre
1540 1376 1685 1443 coeli,

65 1468 239 1538 quod
306 1479 394 1525 est
445 1470 717 1541 superbia,
776 1484 878 1524 nec
926 1469 1132 1540 reptilie
1186 1478 1366 1532 terrai,
1414 1468 1558 1537 quod
1606 1476 1691 1523 est

70 1557 343 1614 luxuria.
374 1558 508 1614 Nota
530 1559 863 1624 distantiam,
894 1559 1037 1629 quod
1063 1558 1272 1614 scilicet
1303 1557 1492 1628 reptile
1536 1558 1685 1612 humi

72 1666 328 1720 prorsus
356 1652 634 1716 inlimreat,
668 1650 887 1707 volucre
917 1667 1018 1722 per
1067 1651 1175 1705 alta
1226 1650 1453 1718 feratur,
1512 1649 1687 1706 bestia

73 1755 141 1794 se
171 1741 584 1812 aliquantisper
627 1757 657 1795 a
690 1751 834 1797 terra
866 1743 1178 1812 suspendat.
1201 1744 1397 1798 Arcum
1428 1743 1686 1808 conterit,

73 1846 216 1883 eum
248 1831 623 1901 subripientes
668 1832 852 1887 animo
882 1833 1290 1904 suggestionum
1335 1833 1557 1889 insidias
1596 1850 1683 1889 re-

75 1921 309 1989 primit,
342 1921 604 1992 gladium,
636 1940 757 1979 cum
785 1924 1177 1981 delectationes
1217 1928 1399 1982 carnis
1446 1943 1477 1981 a
1524 1927 1691 1983 ratio-

82 2012 177 2065 nis
208 2011 446 2081 imperio
471 2014 800 2069 dissidentes
830 2015 1030 2069 obruit.
1063 2016 1267 2071 Bellum
1298 2018 1689 2084 destruit,cum

83 2102 464 2170 cogitationes
525 2118 646 2158 sese
698 2103 894 2158 oblatae
964 2106 1226 2177 voluptati
1305 2108 1693 2179 immergentes

87 2202 326 2242 summa
371 2189 597 2259 Spiritus
621 2193 945 2248 auctoritate
988 2195 1200 2249 recidit.
1230 2193 1579 2252 Fiducialiter
1606 2214 1692 2252 eos

88 2279 341 2333 dormire
368 2278 517 2347 facit,
550 2296 674 2335 eum
708 2283 1064 2338 tentationum
1116 2286 1309 2341 harum
1359 2288 1545 2356 trium,
1573 2304 1694 2359 quas

94 2375 433 2423 eaeterarum
455 2370 695 2442 origines
722 2382 869 2439 sunt,
902 2373 1093 2444 sopitis
1121 2375 1453 2442 incursibus,
1482 2392 1510 2430 a
1539 2392 1695 2431 mun-

94 2462 262 2517 danis
308 2479 406 2520 eos
445 2467 711 2536 permittit
752 2483 947 2525 vacare
992 2471 1333 2527 tumultibus.
1368 2471 1519 2527 Unde
1565 2480 1689 2526 est:

99 2572 118 2604 ι
170 2552 291 2625 Ego
343 2555 571 2623 dormio,
613 2566 665 2613 et
692 2574 790 2615 cor
826 2576 1006 2616 meum
1033 2562 1221 2633 vigilat
1249 2562 1425 2633 (Cant.
1458 2578 1509 2624 v.
1552 2562 1630 2631 2).
1668 2582 1687 2613 δ

94 2645 259 2712 Quod
288 2647 435 2701 enim
467 2647 774 2705 hicdicitur
793 2652 1021 2706 dormire
1050 2654 1244 2723 faciam
1267 2652 1612 2722 ﬁducialitcr,
1637 2653 1691 2707 in

98 2737 209 2791 alia
230 2738 589 2796 translatione
610 2741 809 2797 dicitur
837 2761 849 2795 :
880 2742 1135 2799 Habitare
1162 2761 1248 2799 eos
1276 2744 1469 2814 faciam
1498 2747 1551 2799 in
1570 2760 1692 2813 spe;

98 2828 253 2897 quod
284 2837 415 2884 est:
464 2828 565 2897 Qui
615 2831 667 2886 in
726 2833 1158 2903 impassibilitate
1208 2835 1439 2903 dormit,
1495 2835 1548 2890 in
1599 2849 1694 2904 spe

101 2927 292 2973 tamen
322 2918 529 2989 vigilat,
562 2929 619 2975 et
646 2921 745 2977 hos
782 2923 1127 2989 ﬁducialiter,
1155 2928 1280 2994 quia
1296 2922 1410 2993 jam
1442 2924 1507 2979 de
1537 2924 1696 2994 190

101 3011 435 3066 certitudine
461 3011 832 3069 retributionis
854 3015 1109 3070 exsultat.

1789 540 2107 603 subsistere,
2141 549 2197 593 ut
2219 540 2428 595 certius
2449 554 2507 593 se
2534 539 2765 593 restituet
2794 555 2906 602 eas,
2938 555 3099 608 quam
3124 540 3378 609 quaslibet

1793 630 2096 686 tractabilia
2122 642 2175 686 et
2199 646 2491 701 corporosa
2525 640 2731 686 tenere.
2760 630 2826 686 In
2855 631 2960 699 ﬁde
2998 647 3129 702 ergo
3155 649 3378 703 sponsa-

1790 733 1898 792 tur,
1929 739 2051 779 cum
2089 724 2155 777 ad
2188 724 2624 778 immobilitatem
2668 724 2835 778 animi
2884 725 3221 782 credulitatis
3268 744 3379 782 sum

1791 814 1986 870 crebra
2015 814 2475 885 contemplatione
2521 814 2797 870 fundatur.
2828 816 2957 873 Inde
2986 826 3070 873 est
3112 820 3253 889 quod
3293 836 3378 877 se-

1789 908 2013 978 quitur:
2058 906 2127 960 Et
2156 907 2285 960 scies
2319 907 2443 976 quia
2471 924 2564 976 ego
2606 907 2882 962 Dominus.
2925 910 3039 964 Etsi
3091 913 3234 967 enim
3282 929 3380 969 nec

1790 1000 2062 1065 doctrina,
2114 1014 2214 1054 nec
2258 999 2394 1054 liber
2425 1000 2659 1062 adesset,
2710 1001 2800 1069 qui
2857 1002 3173 1071 instrueret,
3233 1016 3379 1061 certe

1790 1094 1958 1147 Deum
1991 1106 2110 1147 esse
2158 1106 2226 1146 ex
2280 1091 2394 1146 sola
2446 1091 3110 1161 experientialdulcedinis
3156 1099 3380 1154 interna:

1792 1182 2091 1253 colligeret.

1863 1272 2027 1328 Vens.
2058 1273 2149 1338 2|,
2177 1272 2366 1329 21-
2402 1293 2419 1326 ι
2455 1274 2522 1328 Et
2551 1274 2655 1329 erit
2694 1274 2747 1327 in
2780 1273 2865 1329 die
2894 1275 2981 1327 illa
3010 1294 3023 1327 :
3056 1275 3375 1343 Esaudiam,

1796 1386 1815 1419 ‹
1861 1367 1992 1421 dicit
2020 1367 2303 1431 Dominus,
2354 1367 2642 1422 exaudiam
2694 1367 2883 1433 caelos,
2912 1376 2966 1423 et
2995 1368 3066 1421 illi
3091 1370 3380 1424 exaudient

1797 1475 1815 1508 ι
1864 1466 2083 1512 terram.
2117 1458 2182 1512 Et
2214 1468 2356 1512 terra
2402 1456 2657 1513 exaudiet
2689 1458 2948 1521 triticum,
2980 1468 3036 1514 et
3085 1460 3294 1527 vinum,
3327 1473 3382 1515 ct

1797 1570 1816 1603 ι
1862 1551 2064 1607 oleum.
2099 1569 2118 1603 ›
2149 1549 2215 1605 Et
2246 1552 2367 1616 erit,
2393 1551 2603 1605 scilicet
2645 1551 2786 1620 quod
2818 1551 3103 1606 dicendum
3141 1561 3244 1615 est,
3300 1552 3382 1605 in-

1791 1643 1949 1697 dubie
2002 1642 2278 1696 constabit.
2335 1642 2443 1698 Sed
2505 1642 2557 1697 in
2608 1642 2712 1697 hoc
2763 1643 2938 1713 primo
2996 1643 3381 1698 attendendum

1790 1736 1918 1807 quid
1943 1734 2213 1800 exaudiat,
2246 1750 2367 1789 cum
2400 1734 2533 1790 nihil
2557 1734 2895 1800 subinferat;
2937 1734 3080 1788 unde
3100 1734 3381 1789 sciendum

1791 1836 1897 1892 est,
1920 1827 2062 1897 quod
2092 1826 2251 1882 ﬁdem
2280 1826 2448 1893 illam,
2482 1842 2643 1896 quam
2695 1826 2978 1896 prauuisit,
3014 1825 3290 1880 exaudiat.
3323 1825 3380 1880 In

1792 1922 1895 1975 hac
1917 1934 2047 1989 ergo
2078 1919 2202 1975 ﬁdei
2236 1919 2354 1973 luce
2387 1920 2621 1989 primum
2652 1920 2893 1984 exaudit,
2946 1919 3070 1988 quia
3102 1933 3168 1972 ex
3219 1919 3384 1974 corde

1795 2019 2006 2076 nostro,
2059 2010 2226 2063 etiam
2274 2018 2504 2063 vacante
2547 2025 2734 2081 Opere,
2788 2010 2862 2063 nil
2911 2012 3117 2081 gratius
3159 2012 3381 2082 accipit.

1794 2100 2147 2155 Postmodum
2180 2101 2545 2155 exaudiuutur
2570 2101 2717 2166 cudi,
2747 2102 2874 2171 quia
2915 2102 3057 2157 nulla
3083 2119 3189 2157 non
3213 2105 3382 2160 virtus

1799 2200 1951 2259 grata
1983 2199 2088 2255 est,
2128 2206 2249 2259 qua:
2275 2198 2425 2245 tanto
2455 2191 2769 2247 fundamine
2800 2192 2984 2248 innixa
3011 2202 3114 2259 est,
3143 2209 3262 2263 qua:
3286 2211 3383 2263 per

1796 2294 1855 2334 se
1882 2278 2045 2334 etiam
2075 2279 2349 2335 sufﬁciens
2388 2289 2493 2336 est.
2526 2280 2704 2335 Ctelos
2740 2284 2884 2336 enim
2926 2283 3108 2336 vocari
3158 2284 3383 2338 virtutes

1796 2385 1902 2424 non
1952 2369 2049 2424 abs
2078 2385 2138 2423 re
2174 2377 2280 2437 est,
2319 2371 2445 2439 quia
2490 2372 2543 2425 in
2588 2372 2672 2425 bis
2709 2370 3050 2441 potissimum
3084 2372 3224 2426 Dens
3260 2383 3379 2439 est;

1794 2461 1942 2517 omni
1985 2462 2128 2516 enim
2159 2461 2534 2519 benedictione
2560 2464 2828 2534 spirituali
2862 2466 2916 2519 in
2957 2465 3042 2520 his
3070 2466 3384 2521 coelestibus

1794 2552 2109 2608 benedietos
2134 2568 2233 2608 nos
2259 2553 2390 2609 dicit
2419 2554 2711 2624 Apostolus
2743 2553 2960 2626 (Ephes.
3002 2572 3038 2620 ι,
3069 2555 3145 2626 5).
3193 2556 3261 2610 Et
3304 2557 3383 2611 illi

1795 2645 2092 2700 exaudiunt
2117 2656 2335 2712 terram,
2363 2647 2491 2716 quia
2520 2647 2749 2701 virtutes
2780 2664 2885 2702 non
2918 2648 3170 2703 desinunt
3194 2660 3384 2704 contra

1796 2738 2131 2807 emergentia
2170 2737 2300 2791 vitia
2350 2737 2597 2807 corporis
2631 2738 2805 2791 nostri
2837 2738 2971 2792 tueri
3002 2739 3381 2793 substantiam.

1797 2828 1967 2883 Terra
1998 2828 2219 2883 exaudit
2250 2828 2507 2894 triticum,
2531 2844 2655 2883 cum
2687 2844 2814 2899 pars
2845 2840 3028 2884 nostra
3065 2829 3290 2885 inferior
3318 2832 3386 2885 ad

1798 2918 2057 2974 doctrina:
2075 2919 2373 2989 spiritualis
2396 2918 2849 2990 irrefragabiliter
2863 2918 3045 2974 obcdit
3073 2919 3382 2990 imperium.

1798 3012 2032 3069 Exaudit
2056 3021 2111 3068 et
2133 3014 2330 3079 vinum,
2362 3027 2485 3067 cum
2515 3020 2572 3067 et
2608 3012 2721 3082 ipsa
2761 3028 2891 3068 caro
2930 3028 3029 3067 suo
3058 3013 3389 3082 respondens

181 3102 346 3159 Vens.
388 3103 471 3157 l9.
502 3134 573 3143 —
616 3122 635 3156 ι
667 3105 734 3159 Ει
761 3107 1030 3177 sponsabo
1085 3115 1137 3161 te
1174 3106 1228 3161 in
1275 3105 1692 3176 sempiternum,
1723 3135 1769 3197 ο
1802 3105 2014 3174 spiritui
2038 3104 2680 3174 immortalitatisaspirat
2703 3103 2767 3157 ad
2791 3103 3065 3174 gaudium.
3095 3102 3246 3159 Unde
3272 3116 3382 3158 est:

111 3202 133 3243 ἀ
180 3200 237 3247 ει
262 3193 536 3262 sponsabo
569 3201 622 3247 te
650 3194 783 3249 mihi
820 3195 875 3249 in
917 3192 1151 3262 justitia,
1184 3204 1241 3249 et
1271 3194 1323 3248 in
1364 3194 1594 3264 judicio,
1640 3202 1696 3247 et

117 3301 136 3333 ι
184 3283 239 3336 in
270 3284 664 3352 misericordia,
694 3294 749 3340 et
771 3286 1230 3341 miserationibus.
1270 3305 1289 3338 ι
1324 3284 1391 3339 1η
1421 3286 1693 3355 sempiter-

115 3388 243 3425 num
270 3382 514 3442 sponsat,
562 3390 685 3429 cum
733 3390 886 3430 mens
913 3376 1052 3446 ejus,
1081 3376 1173 3447 qui
1205 3392 1263 3432 se
1310 3377 1421 3431 Deo
1469 3377 1698 3445 despon-

117 3460 282 3527 derit,
314 3478 657 3533 nequaquam
686 3462 795 3519 ullo
839 3467 997 3519 modo
1021 3465 1075 3519 in
1109 3465 1491 3534 perseverandi
1520 3465 1698 3520 studio

119 3552 341 3607 titubat.
385 3552 452 3606 In
475 3553 685 3623 justitia
716 3562 1031 3626 sponsatur,
1070 3570 1194 3612 cum
1240 3555 1309 3611 ad
1368 3555 1695 3611 reddendum

118 3640 248 3711 quid
282 3640 413 3705 Deo,
445 3640 573 3710 quid
610 3641 872 3711 proximis
908 3641 1123 3710 debeat,
1171 3644 1512 3699 tenacissime
1541 3645 1697 3699 robo-

118 3742 289 3789 ratur.
322 3731 578 3787 Diﬁiuitio
603 3733 746 3787 enim
774 3732 1000 3802 justitiae
1035 3743 1117 3790 est
1159 3752 1172 3789 :
1224 3753 1243 3786 ι
1278 3736 1563 3791 Communi
1587 3737 1695 3790 uti-

120 3823 272 3879 litate
314 3831 532 3878 servata
584 3823 811 3879 reddere
839 3824 1037 3894 cuique
1079 3825 1223 3894 quod
1264 3824 1593 3895 eompetit.‘i
1628 3825 1696 3881 Et

116 3912 219 3968 hoc
246 3912 361 3967 sine
379 3909 612 3981 judicio,
640 3912 691 3966 id
718 3922 803 3967 est
821 3912 1147 3970 discretione
1174 3932 1278 3970 non
1300 3925 1535 3982 constat,
1567 3918 1692 3987 quia

115 4004 413 4060 cavendum
472 4014 555 4059 est
607 4019 675 4059 ne
729 4004 956 4059 nimium
1011 4008 1387 4077 prosequendo
1424 4007 1693 4079 justitiam

119 4096 312 4168 injusto
341 4098 580 4155 deterior
608 4097 721 4153 ﬁat.
752 4097 821 4152 In
842 4099 1203 4153 misericordia
1226 4114 1441 4170 quoque
1463 4100 1693 4172 despon-

120 4201 286 4254 satur,
313 4205 439 4245 cum
470 4205 570 4245 nos
594 4190 707 4245 suis
749 4203 808 4245 se
838 4190 1071 4255 meritis,
1102 4190 1199 4246 sed
1243 4190 1356 4245 sola
1393 4191 1484 4247 Dei
1516 4193 1692 4263 gratia

123 4283 189 4337 de
241 4296 414 4336 massa
464 4280 786 4351 perditionis
827 4290 1163 4351 assumptum
1211 4282 1523 4338 arbitratur.
1581 4281 1693 4338 Nec

123 4376 236 4430 sine
253 4374 712 4440 miserationibus,
747 4374 873 4443 quia
900 4375 1315 4445 quibuscunque
1352 4376 1688 4430 vocationem

1806 3213 1825 3247 ι
1870 3194 1978 3250 Cor
2015 3210 2195 3249 meum
2239 3202 2294 3249 et
2344 3208 2470 3248 caro
2520 3208 2634 3247 nzea
2681 3192 3091 3247 exsultaverunt
3125 3194 3178 3247 in
3218 3193 3387 3247 Deum

1799 3286 1979 3340 vivum
2006 3284 2177 3355 (Psal.
2213 3300 2440 3346 unm,
2466 3283 2541 3354 4).
2589 3302 2607 3334 ι
2652 3282 2763 3337 lloc
2810 3293 2896 3338 est
2925 3283 3132 3350 viuum,
3160 3285 3301 3353 quod
3334 3284 3386 3338 in

1804 3376 1943 3431 libro
1972 3375 2223 3430 Judicum
2287 3376 2564 3430 laetiﬁcarc
2597 3376 2765 3429 Deum
2812 3384 2867 3429 ει
2916 3376 3162 3430 homines
3191 3377 3387 3431 dicitur

1802 3462 1955 3533 (Jud.
1985 3480 2058 3529 ιι,
2100 3464 2212 3535 15).
2244 3464 2477 3519 Exaudit
2506 3474 2562 3518 ct
2601 3462 2794 3531 oleant,
2837 3479 2959 3518 cum
2988 3480 3051 3518 ex
3085 3465 3187 3519 hac
3216 3465 3387 3520 ebrie-

1801 3564 1911 3611 tate
1937 3571 2065 3611 vere
2088 3564 2306 3611 seusata
2339 3556 2503 3611 totius
2522 3554 2769 3611 bcnelicii
2800 3554 3123 3610 suavitatem
3152 3556 3386 3613 refundit

1800 3647 1869 3702 ad
1892 3647 2222 3717 proximum.

1871 3740 2037 3795 Vens.
2067 3737 2158 3805 25,
2195 3737 2285 3791 21.
2315 3768 2384 3777 —
2430 3755 2449 3789 ι
2495 3738 2562 3793 Ει
2613 3738 2728 3794 lucc
2771 3738 3064 3795 exaudient
3107 3739 3384 3796 Jezrahel.

1803 3848 1823 3882 s
1865 3831 1932 3885 Et
1956 3832 2233 3886 seminabo
2269 3846 2389 3886 eam
2434 3831 2564 3885 mihi
2604 3832 2657 3886 in
2698 3844 2920 3900 terram,
2975 3843 3032 3887 ει
3088 3834 3384 3888 miserebor

1803 3941 1822 3975 ι
1868 3923 1985 3994 ejus
2011 3939 2132 3995 qua:
2156 3923 2256 3977 fuit
2290 3924 2513 3993 Absque
2542 3925 2931 3980 misericordia.
2962 3923 3028 3978 Et
3054 3925 3231 3979 dicam
3279 3940 3386 3979 non

1801 4035 1822 4070 ι
1867 4017 2063 4087 populo
2096 4031 2216 4072 meo
2253 4035 2265 4070 :
2296 4015 2531 4085 Populus
2560 4031 2712 4072 meus
2737 4033 2797 4073 es
2853 4029 2945 4085 tu;
2992 4030 3047 4075 et
3076 4020 3190 4088 ipse
3213 4018 3383 4073 dicet:

1802 4128 1820 4160 ι
1866 4109 2125 4164 Dominus
2147 4122 2300 4163 meus
2327 4122 2387 4163 es
2426 4118 2501 4162 tu.
2540 4128 2558 4161 ι
2585 4106 2856 4178 Jezraliel,
2886 4111 3027 4165 sicut
3048 4111 3250 4167 dictum
3280 4119 3382 4177 est,

1796 4215 1982 4255 semen
2004 4200 2098 4255 Dei
2121 4201 2340 4256 dicitur.
2373 4202 2499 4259 llaec
2525 4219 2655 4275 ergo
2678 4205 2954 4275 praelibala
2992 4206 3173 4260 omnia
3196 4205 3383 4260 Jezra-

1796 4292 1882 4346 hcl
1913 4292 2231 4359 exaudiunt,
2264 4309 2385 4348 cum
2413 4311 2479 4350 ex
2502 4296 2683 4351 divina
2707 4298 3212 4366 inspirationc,qum
3235 4299 3385 4367 origo

1798 4386 1963 4440 totius
1994 4384 2152 4452 hujus
2177 4386 2301 4441 boui
2326 4397 2429 4454 est,
2472 4388 2586 4443 haec
2628 4390 2878 4443 universa
2912 4389 3142 4444 fideliter
3185 4388 3386 4443 habere

127 4467 218 4522 Dei
245 4467 396 4522 bonis
424 4467 680 4537 operibus
729 4478 1111 4540 prosequatur.
1166 4468 1493 4523 credendum
1544 4484 1688 4525 δυῐη·
1722 4484 1767 4538 D
1794 4494 1851 4534 se
1880 4480 2131 4534 credunt.
2157 4481 2225 4534 Et
2248 4481 2302 4533 in
2324 4490 2517 4533 terram
2532 4479 2632 4534 sibi
2655 4480 2767 4549 ipsa
2792 4478 3040 4534 Jezrahel
3063 4480 3381 4546 seminatur,

125 4571 335 4626 mepere
363 4555 462 4611 sibi
486 4565 572 4611 est
608 4558 751 4625 quod
775 4556 919 4612 inter
941 4559 1269 4614 tentationes
1307 4559 1451 4614 nulla
1483 4560 1693 4615 ratione

127 4647 587 4713 subsisteret,nisi
620 4648 819 4718 pietate
842 4649 924 4704 sui
957 4648 1269 4705 Conditoris
1292 4650 1507 4706 assidue
1534 4650 1692 4722 juva-

125 4746 283 4794 TCIIII'.

202 4828 345 4883 Vsus.
372 4827 461 4883 20.
496 4858 566 4868 —
605 4846 623 4880 ι
676 4827 739 4882 Et
768 4828 1036 4899 sponsabo
1072 4838 1122 4886 te
1169 4830 1298 4885 mihi
1355 4830 1407 4886 in
1464 4833 1591 4898 ﬁde,
1640 4843 1694 4889 et

135 4942 157 4975 ι
202 4923 324 4979 scies
349 4922 474 4992 quia
512 4937 611 4992 ego
666 4922 945 4978 Dominus.
980 4943 999 4976 ι
1049 4923 1242 4978 Mirum
1285 4933 1367 4980 est
1407 4927 1549 4997 quod
1580 4936 1689 4981 tam

132 5023 435 5085 prapostere
463 5013 625 5069 ﬁdem
649 5015 850 5084 posuit.
884 5028 1008 5070 cum
1041 5015 1322 5085 praelibata
1360 5018 1542 5073 omnia
1582 5034 1691 5074 non

136 5106 244 5161 dico
266 5114 424 5172 stare,
456 5106 551 5161 sed
578 5119 679 5160 nec
700 5120 820 5161 esse
850 5103 967 5161 sine
988 5119 1053 5160 ea
1100 5106 1331 5176 possint.
1362 5106 1469 5161 Sed
1505 5109 1689 5163 consi—

137 5198 405 5253 derandum
429 5209 512 5253 est
539 5197 681 5268 quod
704 5196 1161 5267 opportunissime
1189 5196 1321 5252 ﬁdes
1348 5200 1687 5267 supponitur,

138 5296 194 5342 ut
215 5303 296 5357 per
315 5288 503 5343 merita
532 5287 793 5357 simplicis
822 5287 944 5342 ﬁdei
984 5286 1191 5344 fructus
1222 5288 1391 5359 ipsius
1435 5289 1557 5345 ﬁdei
1598 5293 1693 5349 de-

138 5388 349 5437 notetur.
394 5379 632 5436 Fructus
660 5396 893 5452 namque
916 5388 972 5436 et
1001 5382 1284 5452 praemium
1313 5382 1429 5453 ejus
1467 5384 1520 5439 in
1550 5400 1687 5454 pra:-

139 5472 258 5528 senti
282 5470 583 5529 intellectus
615 5479 721 5529 est.
760 5471 809 5527 ls
845 5480 1027 5528 autem
1055 5490 1163 5529 non
1221 5483 1329 5529 tam
1369 5475 1421 5529 iu
1464 5476 1688 5533 scientia

138 5583 279 5639 quam
317 5568 368 5624 in
414 5581 603 5623 amore
650 5574 754 5634 εει,
786 5567 910 5635 quia
940 5582 1092 5622 amor
1130 5567 1218 5621 illa
1248 5569 1552 5626 substantia
1583 5582 1686 5637 est,

140 5662 200 5717 de
219 5676 306 5731 qua
338 5661 624 5733 Apostolus
654 5679 667 5716 :
706 5679 725 5714 ι
760 5661 879 5728 Εει,
901 5662 1094 5732 inquit,
1131 5661 1265 5717 ﬁdes
1294 5664 1686 5734 sperandarum

141 5750 411 5807 substantia
437 5768 619 5809 rerum
645 5753 831 5815 (Hebr.
875 5772 955 5824 ιι,
988 5756 1061 5826 1),
1102 5774 1120 5807 ι
1172 5770 1291 5827 qua:
1317 5756 1523 5814 scilicet
1561 5771 1685 5817 cre-

1796 4584 1919 4623 cum
1957 4571 2122 4626 totius
2148 4579 2350 4626 sancta:
2379 4570 2712 4640 operationis
2760 4572 3135 4629 fructuositate
3172 4588 3384 4644 resper-

1796 4662 1964 4731 gitur.
1994 4662 2124 4731 Ejus
2170 4678 2291 4732 quae
2327 4661 2428 4716 fuit
2465 4661 2684 4732 Absque
2714 4664 3103 4733 misericordia,
3154 4666 3380 4720 misere-

1800 4764 1906 4820 tur,
1947 4754 2075 4823 quia
2101 4754 2267 4808 meuti
2304 4753 2576 4823 quondam
2607 4756 2675 4810 ad
2705 4756 2836 4811 vitia
2873 4774 3079 4829 prome,
3125 4758 3219 4814 sed
3265 4758 3379 4829 jam

1796 4846 1995 4902 divinis
2046 4846 2517 4917 puriﬁcationibus
2564 4850 2839 4908 deftecatze
2870 4896 2886 4922 ,
2939 4870 3045 4910 non
3096 4866 3179 4910 est
3240 4855 3382 4909 unde

1793 4937 2018 5010 spiritus
2043 4939 2329 4994 irascatur.
2360 4940 2482 4995 Non
2507 4948 2699 5014 poputo
2730 4959 2828 4999 suo
2853 4945 3075 5016 populus
3097 4961 3225 5000 suus
3241 4944 3372 5000 dici-

1797 5040 1901 5097 tur,
1924 5045 2048 5085 cum
2070 5030 2460 5102 cogitationum
2489 5031 2793 5105 frequentia
2824 5035 2953 5089 olim
2980 5035 3260 5090 lasciviens
3278 5034 3381 5089 sub

1794 5122 1888 5177 Dei
1920 5122 2122 5177 ditione
2135 5122 2538 5195 frcnatuerse
2563 5126 2698 5181 dicit
2725 5144 2739 5181 :
2769 5126 3023 5180 Dominus
3050 5142 3192 5180 meus
3214 5143 3267 5179 es
3295 5135 3377 5182 tu.

1794 5229 1915 5269 cum
1942 5213 2036 5269 Dei
2066 5213 2373 5270 Domiuimu
2398 5217 2542 5271 intra
2558 5204 2947 5274 conscientiam
2973 5217 3170 5273 nullius
3190 5232 3380 5290 super-

1792 5310 2032 5368 stitiouis
2052 5313 2345 5372 interstitio
2367 5313 2668 5370 mutilatur.

2396 5470 2626 5527 CAPUT
2684 5468 2771 5524 lll.

1865 5581 2031 5636 Vens.
2063 5584 2115 5637 1.
2142 5611 2215 5623 -
2250 5602 2269 5635 α
2308 5583 2375 5638 Ει
2419 5583 2556 5639 dixit
2605 5582 2864 5638 Dominus
2905 5581 2972 5637 ad
3026 5596 3146 5635 me:
3188 5581 3379 5637 Adhuc

1799 5686 1818 5723 ι
1865 5672 2020 5736 vade,
2041 5683 2094 5728 et
2119 5672 2279 5744 dilige
2298 5673 2579 5729 mulierem
2603 5675 2855 5731 dilectam
2877 5676 3053 5730 amico
3083 5686 3137 5729 et
3166 5674 3374 5729 adulte~

1800 5783 1818 5817 ι
1862 5780 2001 5833 ram,
2032 5765 2171 5821 sicut
2219 5765 2392 5838 diligit
2446 5766 2707 5825 Dominus
2758 5768 2897 5827 ﬁlios
2950 5768 3139 5836 Israel,
3187 5768 3367 5837 etipsi
