3978 6332
619 278 722 330 5395
1403 272 1464 324 ξ’.
1493 271 1817 360 ClIIDERTl
1857 272 2148 327 ABBATIS
2182 273 2216 324 S

2323 273 2522 326 IAIlIAS
2567 273 2651 327 DE
2686 273 3082 329 NOVIGENTO
3763 283 3848 338 556

624 414 642 444 ε
693 398 996 474 respectant
1046 390 1109 442 ad
1157 390 1282 442 deos
1322 387 1545 451 alienos,
1597 394 1652 439 et
1700 386 1928 456 diligunt
1982 386 2191 440 vinacia
2229 397 2273 452 Α
2303 387 2497 442 affectu
2527 388 2838 459 disparatur
2876 390 3144 443 adultero.
3183 389 3365 444 Sedet
3393 390 3532 445 Deus
3561 406 3848 463 exspectare

623 504 641 534 ι
691 495 936 537 uvarum.
969 498 985 530 ι
1021 479 1099 532 Ac
1128 477 1170 531 si
1217 477 1457 528 diceret:
1498 474 1668 528 Alicui
1706 475 1757 528 in
1802 485 1948 528 tanta
1985 476 2203 530 virtutis
2309 497 2365 535 se
2395 481 2547 542 dicit,
2591 497 2712 535 cum
2757 498 2824 535 an
2869 496 2925 535 se
2966 483 3152 552 diligat
3190 483 3391 550 anima,
3425 499 3518 554 per
3560 485 3656 540 hoc
3699 489 3845 559 ipsum

626 587 752 627 arce
784 569 1041 640 reposito,
1069 582 1191 621 cum
1219 567 1399 619 dicere
1451 563 1541 618 Dei
1586 581 1692 619 non
1741 565 1810 620 sit
1849 566 1994 620 aliud
2039 583 2202 636 quam
2311 571 2540 639 intelligi
2566 571 2716 625 facit.
2759 571 3068 627 Secundum
3099 575 3199 629 hoc
3226 576 3507 644 psalmus:
3562 597 3577 627 ι
3627 579 3734 636 Non
3763 601 3848 651 me,

626 667 874 718 humana:
905 660 1095 715 rationi
1123 673 1432 729 suggerere.
1468 657 1653 712 Adhuc
1679 659 1827 724 vade,
1875 658 1927 712 id
1977 668 2060 713 est
2105 674 2203 728 per
2310 661 2502 728 inquit,
2535 661 2879 732 derelinquas
2902 678 3287 734 usquequaque
3312 665 3484 735 (Psal.
3513 682 3695 732 cxvut,
3725 671 3790 738 8).
3832 699 3845 727 ι

619 752 1100 834 considerationem
1130 757 1272 802 tuam
1292 750 1359 803 ab
1383 750 1484 804 hoc
1511 758 1604 802 tuo
1631 750 1994 804 statua'stima
2023 749 2204 820 aliquo
2383 749 2546 804 Vens.
2583 751 2638 805 4.
2669 781 2738 792 -
2789 770 2808 801 ι
2873 751 3007 818 Quia
3062 755 3178 809 dies
3229 755 3435 810 multos
3490 758 3735 814 sedebam
3777 743 3850 819 mp

622 843 914 900 infortunio
969 851 1018 896 te
1074 855 1231 910 posse
1290 841 1564 896 recedere.
1627 839 1903 894 Mulierem
1957 840 2203 894 dilectam
2315 862 2333 893 ι
2391 843 2556 896 lsrael
2585 844 2702 896 sine
2727 859 2872 910 rege,
2902 854 2956 898 et
2988 845 3104 899 sine
3135 847 3401 916 principe,
3427 857 3480 901 et
3523 849 3634 902 sine
3673 855 3851 908 sarriﬁ.

621 938 790 989 antica
820 934 1000 1004 dilige,
1031 934 1084 988 id
1129 942 1208 988 est
1252 934 1528 987 meliorem
1579 933 1794 988 vivendi
1843 933 2110 1001 habitum,
2149 933 2204 987 in
2315 951 2331 981 ι
2379 931 2486 994 cio,
2528 939 2582 984 et
2613 931 2730 984 sine
2777 931 2955 992 altari,
3005 942 3060 985 et
3107 933 3223 987 sine
3257 936 3453 1002 cphod,
3482 944 3536 987 et
3566 935 3673 990 sine
3702 938 3850 993 thera-

619 1045 727 1099 quo
753 1039 930 1082 tamen
962 1044 1067 1082 non
1093 1027 1384 1098 displicens
1409 1026 1540 1092 Deo,
1577 1040 1834 1096 propone.
1870 1024 1998 1092 Qua:
2024 1035 2203 1080 tamen
2315 1041 2332 1072 ‹
2377 1021 2545 1092 phim.
2586 1042 2603 1073 ι
2641 1022 2760 1076 Dies
2793 1023 2984 1076 multos
3032 1024 3130 1091 filii
3162 1025 3332 1078 Israel
3363 1027 3476 1079 sine
3525 1042 3636 1095 rege
3674 1030 3848 1097 sedent,

613 1120 856 1174 adultera
893 1120 1020 1185 erit,
1050 1119 1173 1189 quia
1203 1118 1254 1173 in
1288 1119 1403 1188 ipsa
1435 1118 1773 1184 remissione,
1797 1133 1915 1186 qua-
1939 1116 1990 1170 in
2016 1130 2204 1186 supcr-
2309 1117 2435 1182 quia
2469 1115 2558 1167 diu
2601 1116 2731 1178 Deo,
2772 1127 2829 1168 ιιι
2882 1117 3014 1180 divi,
3064 1118 3129 1171 ad
3168 1128 3379 1186 tempus
3429 1133 3487 1172 se
3519 1119 3850 1188 subtrahente,

614 1209 934 1280 ﬁcic,quasi
966 1211 1210 1281 quredam
1243 1209 1383 1264 bona
1409 1207 1672 1262 deliberat
1701 1206 1925 1262 intentio
1944 1206 2204 1276 peccandi
2311 1201 2622 1258 afl'ectuales
2658 1215 2834 1257 mutus
2877 1206 3046 1259 nostri
3083 1207 3349 1277 regimine
3404 1207 3627 1261 rationis
3676 1221 3852 1267 carent.

616 1305 756 1359 male
789 1305 1006 1374 palliata
1031 1303 1238 1356 latebit.
1268 1301 1451 1370 Difigit
1483 1299 1735 1353 Dominus
1765 1298 1904 1368 ﬁlios
1937 1297 2127 1364 Israel,
2155 1307 2205 1352 et
2314 1291 2438 1346 Sine
2467 1293 2702 1363 principe
2739 1304 2888 1359 sunt,
2929 1297 3149 1364 quando
3177 1297 3342 1350 etiam
3383 1312 3411 1348 a
3457 1297 3592 1350 bona
3624 1298 3854 1356 voluntate

617 1396 717 1464 ipsi
740 1395 945 1448 addens
977 1395 1174 1446 alienos
1208 1400 1516 1461 respectant,
1548 1390 1673 1458 quia
1702 1388 1954 1444 allectum
1986 1388 2202 1454 orandi,
2311 1384 2587 1440 deficiunt.
2620 1385 2767 1441 Velle
2821 1387 2968 1441 enim
3020 1387 3280 1458 Apostolo
3335 1387 3574 1457 adjacet,
3627 1393 3851 1458 perﬁcere

617 1496 673 1540 et
727 1486 891 1540 etiam
943 1482 1373 1553 compunctionis
1417 1482 1648 1552 gratiam
1675 1522 1689 1547 ,
1758 1478 1976 1534 affectui
2017 1488 2207 1534 nostro
2314 1485 2640 1532 tamennon
2699 1478 2907 1532 invenit
2935 1477 3117 1548 (Rom.
3155 1480 3387 1549 vu,18).
3438 1479 3566 1535 Haec
3600 1492 3680 1536 est
3729 1484 3851 1546 Sara,

621 1579 762 1632 Deus
798 1577 1118 1647 plerumque
1159 1574 1406 1646 largitur,
1435 1582 1491 1627 et
1520 1582 1699 1628 tamen
1749 1573 1814 1627 ad
1847 1571 2206 1627 all'ectandam
2313 1584 2433 1638 qua:
2474 1569 2864 1638 interpretatur
2912 1571 3152 1641 princeps
3193 1571 3288 1624 sub
3325 1583 3474 1641 patre
3501 1574 3694 1626 excelso
3721 1576 3854 1630 Abra-

618 1665 960 1736 nequitiam,
993 1664 1102 1719 acsi
1149 1679 1256 1719 non
1308 1660 1516 1717 fleverit
1543 1705 1558 1730 ,
1607 1660 1889 1732 impudens
1935 1671 2058 1732 post
2095 1677 2209 1716 mo-
2312 1658 2455 1724 ham,
2507 1659 2558 1712 id
2605 1668 2691 1714 est
2729 1660 2919 1730 spiritu
2955 1671 3178 1715 auctore
3207 1676 3394 1732 agens.
3448 1661 3574 1716 Sine
3605 1665 3847 1733 sacriﬁcio.

620 1765 805 1812 menta
841 1757 1152 1811 revertitur.
2239 1745 2280 1802 Β
2313 1751 2362 1804 id
2391 1760 2474 1806 est
2503 1752 2624 1806 sine
2663 1752 2859 1807 interni
2890 1753 3170 1820 desiderii,
3200 1754 3344 1823 quod
3375 1768 3472 1808 nos
3521 1754 3732 1809 interius
3769 1773 3854 1810 ma-

692 1849 850 1919 191
899 1847 1118 1902 Vinacia
1168 1862 1386 1900 uvarum
1438 1844 1686 1915 diligunt,
1730 1843 1854 1914 quia
1909 1859 2032 1898 cum
2085 1852 2209 1913 post
2311 1850 2444 1908 ctat,
2477 1853 2622 1897 voto.
2656 1843 2786 1898 Sine
2811 1843 2992 1912 altari,
3024 1845 3078 1899 id
3106 1853 3190 1899 est
3215 1845 3333 1899 sine
3373 1843 3588 1900 fervore
3626 1846 3763 1908 fidei;
3798 1848 3854 1901 al.

621 1939 1151 1996 abrenuntiationem
1185 1936 1372 1991 mundi
1421 1937 1641 2006 quidam
1687 1933 1801 2004 jam
1852 1935 1952 2004 ipsi
2008 1935 2210 1988 mundo
2314 1943 2429 1990 tare
2459 1935 2600 1989 enim
2641 1946 2769 1992 tunc
2798 1951 2919 1992 esse
2977 1953 3082 1991 non
3136 1945 3373 2007 poterat,
3424 1937 3516 1990 ubi
3571 1936 3730 2007 ignis,
3770 1955 3854 2008 quo

618 2030 982 2102 despicabiles
1014 2028 1141 2082 facti
1164 2029 1306 2082 intra
1342 2025 1516 2096 ipsum
1557 2025 1813 2105 mundum
1846 2024 1979 2078 nihil
2017 2023 2206 2079 dulcc-
2315 2041 2512 2081 carnes
2539 2037 2937 2094 cremarentur,
2971 2045 3077 2103 non
3100 2037 3243 2094 erat,
3275 2037 3328 2081 et
3357 2026 3489 2082 fides
3517 2041 3623 2081 non
3651 2037 3727 2082 est
3758 2044 3851 2098 qua:

617 2121 760 2176 diuis
796 2130 852 2176 et
886 2119 1086 2174 amoris
1127 2117 1430 2182 inveniant,
1467 2125 1644 2171 tamen
1699 2117 1900 2170 mundo
1950 2114 2206 2184 colloqui,
2311 2117 2384 2188 pii
2429 2117 2628 2172 caloris
2675 2133 2870 2189 expers
2917 2127 3018 2174 est.
3077 2118 3202 2174 Sine
3256 2119 3425 2187 eplzod
3485 2129 3628 2182 sunt,
3677 2123 3851 2191 quando

619 2212 889 2265 mtmdana
921 2207 1228 2280 spectacula
1268 2207 1518 2278 prosequi
1547 2205 1854 2276 importune
1877 2205 2207 2260 desiderant.
2313 2212 2806 2279 supercminentem
2832 2213 3070 2268 scientiae
3096 2213 3418 2268 charitatem
3440 2210 3638 2267 Christi
3665 2213 3853 2282 perdunt

618 2303 755 2359 llinc
785 2310 869 2358 est
895 2302 1035 2372 quod
1067 2301 1133 2355 .in
1161 2300 1329 2354 veteri
1367 2299 1482 2369 lege
1511 2299 1577 2352 ab
1605 2312 1704 2350 uva
1733 2313 1891 2368 passa
1923 2313 2095 2366 usque
2143 2299 2209 2351 ad
2315 2300 2532 2372 (Eplies.
2563 2318 2643 2366 In,
2679 2303 2796 2374 16);
2832 2303 3008 2372 ephod
3044 2319 3279 2372 namque
3317 2316 3480 2372 super
3523 2302 3851 2356 indumentum

615 2395 835 2450 “tinum
887 2392 1114 2448 Νπίιηεῖ
1159 2399 1411 2446 ιέῑειιιῑιπ
1442 2389 1728 2444 comedere
1776 2387 1966 2457 (λίιιηο
1995 2403 2072 2452 νι,
2121 2386 2203 2456 4)ο
2314 2393 2649 2449 sacerdotale
2693 2408 2939 2451 vocatur.
2971 2395 3100 2450 Sine
3127 2395 3419 2465 theraphim
3451 2403 3598 2455 sunt,
3645 2394 3854 2462 quoniam

620 2487 732 2544 Uva
757 2504 916 2558 passa
943 2496 1046 2555 est,
1077 2501 1196 2556 qua:
1226 2484 1514 2538 immatura
1547 2482 1888 2552 decoquitur,
1922 2489 1976 2533 ιιι
1999 2480 2210 2534 diutur-
2315 2486 2456 2539 nulla
2487 2485 2978 2558 exemplificationc
3009 2484 3311 2562 cmlestium
3340 2485 3564 2549 vivunt;
3592 2484 3853 2554 theraphim

617 2583 746 2638 nius
766 2582 963 2652 vigeat.
998 2578 1135 2647 Quid
1167 2595 1264 2632 uva
1300 2593 1457 2647 passa
1485 2577 1589 2631 nisi
1617 2592 1735 2639 eos,
1763 2575 1856 2645 qui
1884 2583 2012 2629 ante
2043 2574 2216 2644 possi-
2314 2576 2457 2630 enim
2492 2577 2679 2632 forma:
2731 2577 2835 2631 illac
2866 2586 3044 2640 erant,
3097 2591 3218 2646 qua:
3267 2576 3368 2630 sub
3396 2574 3577 2646 specie
3605 2573 3854 2629 Cherubim

617 2673 885 2728 bilitatem
937 2671 1115 2725 relatis
1165 2683 1394 2738 peccare
1443 2667 1726 2731 docentur,
1781 2665 2054 2720 insinuat?
2099 2662 2209 2719 Uva
2316 2665 2483 2738 Moysi
2534 2683 2564 2720 a
2620 2668 2848 2722 Domino
2878 2669 2933 2721 in
2976 2665 3329 2722 tabernaculo
3376 2665 3492 2719 fieri
3534 2663 3696 2733 jussze
3741 2674 3852 2718 sunt.

620 2777 830 2821 matura
859 2773 965 2830 est,
1013 2761 1210 2831 quibus
1256 2760 1514 2830 peccandi
1563 2758 1873 2814 facultatem
1902 2766 2034 2812 tetas
2092 2757 2206 2826 ipsa
2315 2755 2445 2822 Qua:
2476 2765 2586 2812 tota
2635 2756 2942 2824 significant
2984 2757 3127 2825 quod
3191 2755 3400 2810 scilicet
3457 2763 3614 2808 terra:
3666 2752 3854 2806 accline'

619 2857 949 2928 suppeditat.
975 2855 1176 2909 Acinus
1202 2852 1434 2921 est,qui,
1457 2852 1719 2905 exhausta
1743 2851 1888 2905 onmi
1916 2850 2210 2918 voluptate,
2315 2847 2518 2918 absque
2541 2849 2708 2904 tozius
2725 2847 3128 2919 spiritualitatis
3155 2856 3404 2916 respectu
3427 2860 3486 2901 se
3513 2846 3724 2900 habent.

621 2949 707 3004 vel
745 2949 1060 3003 infirmitate
1087 2989 1101 3012 ,
1151 2944 1237 3000 vel
1291 2946 1442 2999 senio
1469 2987 1483 3010 ,
1535 2944 1648 2998 solo
1694 2959 1860 3014 pravo
1911 2959 2009 2998 tlS'I
2036 2985 2051 3010 ,
2101 2942 2212 2996 Sola
2387 2943 2550 2997 Vens.
2578 2942 2632 2997 5.
2657 2973 2728 2981 ——
2758 2961 2777 2993 ‹
2813 2941 2876 2995 Et
2906 2950 3026 3009 post
3051 2941 3168 2994 haec
3194 2946 3541 2994 revertentur
3578 2937 3667 2990 lilii
3709 2933 3854 2996 Israel,

622 3043 788 3096 etiam
844 3041 1117 3094 voluntate
1168 3046 1378 3107 peccat.
1445 3035 1682 3090 Vinaciis
1743 3051 1872 3105 ergo
1938 3033 2212 3104 diligendo
2247 3093 2285 3107 η
2323 3053 2342 3086 ‹
2387 3043 2440 3092 et
2470 3045 2714 3106 quzcrent
2745 3035 3032 3088 Dominum
3060 3033 3227 3087 Deum
3247 3047 3426 3095 suum,
3450 3039 3504 3084 et
3529 3030 3694 3083 David
3716 3043 3854 3097 regem

629 3140 896 3194 utuntur,
955 3129 1046 3198 qui
1103 3125 1427 3197 spectaculis
1492 3126 1680 3179 alien-.e
1730 3123 2001 3178 felicitatis
2040 3165 2054 3188 ,
2107 3123 2214 3175 imo
2243 3120 2286 3152 υ
2325 3147 2343 3179 ι
2393 3144 2573 3193 suum,
2620 3136 2674 3182 et
2712 3126 2984 3196 parebunt
3027 3124 3095 3179 ad
3132 3123 3440 3186 Dominum,
3496 3131 3550 3176 et
3593 3121 3657 3174 ad
3691 3120 3850 3176 bonum

625 3227 818 3278 alienae
867 3221 1119 3292 nequitia:
1165 3218 1504 3275 solummodo
1561 3218 1866 3273 contuendo
1920 3234 2044 3272 cum
2102 3217 2211 3271 sint
2326 3237 2344 3269 ι
2387 3217 2506 3287 ejus
2558 3220 2610 3273 in
2661 3218 2956 3273 novissimo
2987 3217 3220 3271 dierum.
3261 3234 3278 3266 ι
3318 3214 3592 3268 Multcties
3635 3216 3856 3280 contingit

625 3312 811 3370 miseri
849 3312 949 3382 ipsi
977 3320 1289 3381 pascuntur.
1324 3307 1547 3362 Nazarei
1572 3307 1996 3378 interpretantur
2023 3307 2213 3370 sancfi,
2320 3323 2377 3365 ut
2406 3328 2472 3368 ex
2503 3312 2662 3366 nimia
2695 3328 2790 3366 sua
2819 3311 3139 3381 evagationc
3175 3308 3336 3363 etiam
3365 3307 3598 3362 carnalis
3629 3315 3856 3361 terreatur

623 3403 824 3474 quibus
852 3401 1212 3469 interdititur,
1265 3415 1331 3455 ne
1375 3399 1496 3454 uvis
1543 3398 1954 3468 quibuscunque
1991 3413 2217 3452 vescan-
2321 3403 2564 3469 affectus,
2585 3415 2638 3458 et
2661 3404 2785 3459 inde
2814 3403 2873 3458 fit
2904 3413 2960 3457 ut
2988 3403 3053 3456 ad
3077 3402 3144 3456 de
3165 3400 3277 3456 Deo
3300 3399 3702 3470 recogitandum
3731 3395 3855 3450 Israel

632 3506 739 3558 tur,
763 3511 884 3550 cum
919 3495 986 3548 ab
1013 3509 1199 3548 eorum
1249 3493 1578 3556 imitatione,
1631 3492 1722 3562 qui
1771 3492 2058 3562 prazsrnzis
2094 3493 2216 3545 viae
2325 3510 2447 3548 cum
2490 3494 2746 3554 filiorum.
2777 3495 2830 3550 id
2860 3503 2963 3560 est,
2992 3491 3378 3563 cogitationum
3422 3490 3714 3560 frequentia
3741 3490 3794 3540 ad
3813 3502 3855 3539 se.

634 3587 917 3641 dulcedine
945 3597 1070 3640 sunt
1098 3585 1282 3650 vividi,
1318 3585 1410 3639 Dei
1439 3595 1708 3655 praecepto
1739 3595 2014 3639 arcentur.
2327 3586 2690 3656 recolligatur.
2717 3586 2877 3642 Unde
2904 3597 2957 3641 et
2994 3603 3117 3641 mox
3157 3585 3325 3641 David
3347 3599 3439 3638 rex
3469 3581 3741 3653 qua-ritur,
3762 3594 3854 3634 cum

699 3678 864 3730 Vens.
895 3675 949 3742 2,
980 3677 1032 3730 5.
1071 3706 1139 3714 -
1174 3693 1191 3725 ι
1232 3675 1296 3727 Et
1327 3674 1432 3728 fodi
1473 3690 1591 3728 eam
1633 3675 1763 3728 mihi
1790 3673 2096 3742 quindecim
2131 3688 2216 3726 ar-
2322 3675 2460 3731 ττι-ἧι)
2494 3693 2653 3730 manu
2684 3677 2856 3744 fortis,
2889 3694 3008 3748 qua:
3044 3677 3155 3731 sala
3188 3675 3392 3730 carnali
3437 3683 3492 3727 et
3519 3673 3768 3728 diaboliro
3791 3686 3855 3722 re-

631 3787 650 3819 ι
697 3767 926 3836 genteis,
949 3775 1154 3821 eteoro
1190 3766 1402 3832 hordei,
1427 3777 1482 3819 ct
1513 3765 1738 3818 dimidio
1765 3779 1894 3818 coro
1919 3763 2126 3816 hordei.
2153 3763 2215 3816 Et
2321 3778 2521 3838 pugnat
2575 3769 2822 3838 impetui,
2854 3769 2918 3822 ad
2968 3777 3122 3823 vetus
3167 3766 3454 3836 imperium
3507 3765 3852 3834 reciprocatur.

630 3877 650 3909 ι
696 3845 997 3936 dixi’eam:
1037 3857 1159 3912 Dies
1192 3856 1388 3911 multos
1416 3855 1760 3926 exspectabis
1783 3870 2019 3921 me,non
2051 3854 2217 3908 forui-
2321 3859 2400 3910 At:
2431 3858 2706 3914 Dominum
2743 3868 2955 3928 parcnt,
3011 3874 3132 3911 cum
3191 3856 3260 3910 ab
3310 3855 3497 3908 illicito
3544 3867 3760 3908 excursu
3805 3849 3853 3902 ad

633 3971 651 4002 ι
701 3951 936 4017 cabcris,
964 3959 1020 4004 ct
1047 3965 1151 4003 non
1185 3950 1294 4004 eris
1330 3950 1466 4015 viro,
1506 3949 1599 4002 sed
1647 3958 1701 4002 et
1737 3963 1836 4016 ego
1889 3949 2216 4016 exspectabo
2319 3952 2669 4020 cjusuutuut,
2705 3949 2794 4018 qui
2826 3948 3010 4002 ulcisci
3048 3955 3246 4015 potest,
3283 3954 3344 3998 ut
3374 3943 3633 3998 Dominus
3679 3939 3774 4010 jam
3812 3951 3854 3990 se

634 4064 652 4096 ι
703 4054 774 4100 te.
805 4064 824 4096 ι
872 4043 1180 4109 Quindecim
1205 4042 1462 4112 argenteis
1498 4041 1720 4105 foditur,
1755 4056 1877 4095 cum
1910 4040 2134 4095 interior
2163 4055 2217 4096 et
2318 4043 2591 4107 cohibent,
2626 4041 2900 4094 humiliter
2927 4039 3290 4108 scilicet,quia
3321 4037 3463 4106 quod
3494 4035 3669 4090 servili
3698 4033 3854 4086 timore

628 4135 868 4191 exterior
911 4133 1029 4204 ejus
1058 4133 1382 4189 sensualizas
1438 4130 1701 4202 Dccalogo
1741 4131 1873 4202 legis
1917 4131 2213 4196 excolitur;
2319 4135 2660 4190 contrahitur
2690 4133 2855 4187 mttlta
2887 4149 3012 4187 cum
3048 4133 3200 4185 lorus
3225 4141 3310 4186 est
3346 4129 3606 4183 facilitate
3656 4127 3848 4186 laxatur,

629 4231 792 4302 plane
841 4229 1066 4294 foditur,
1105 4241 1228 4282 cum
1272 4225 1566 4280 terrenitas
1623 4239 1651 4276 a
1703 4232 1880 4278 mente
1932 4225 2214 4278 recutitur.
2321 4237 2463 4281 recte
2495 4227 2737 4281 additum
2770 4234 2851 4279 est
2885 4242 2896 4276 :
2929 4223 2994 4276 Is‘t
3040 4223 3108 4277 ad
3138 4223 3327 4276 bonum
3376 4220 3487 4290 ejus
3540 4219 3592 4272 in
3622 4214 3853 4270 novissimo

629 4320 893 4388 Quiuario
949 4333 1144 4388 nempe
1207 4331 1462 4370 sensuum
1521 4314 1826 4384 dtspcrtitio
1879 4315 2212 4385 designatur.
2317 4319 2551 4380 dierum;
2581 4317 2625 4370 si
2665 4317 2808 4370 enim
2844 4331 3002 4379 pmna
3047 4316 3286 4376 timetur,
3318 4312 3490 4365 multo
3517 4307 3770 4364 liberalius
3792 4310 3854 4355 est

631 4413 734 4466 l‘er
761 4420 1048 4481 argenteos
1092 4417 1274 4461 autem
1315 4405 1556 4460 divinum
1603 4404 1877 4474 eloquium
1930 4406 2209 4474 figuratur.
2248 4436 2293 4494 ι)
2320 4418 2377 4461 ut
2402 4408 2680 4476 przemium
2703 4415 3008 4475 appetatur.
3042 4404 3122 4457 Ad
3138 4404 3474 4471 bonumcrgo
3498 4400 3590 4454 Dei
3619 4399 3667 4451 in
3691 4398 3854 4448 dierum

629 4506 804 4559 (lorus
856 4501 1042 4557 hordei
1090 4498 1555 4554 universalitatcm
1609 4496 1960 4551 animalitatis
2003 4497 2213 4561 innuit;
2249 4482 2288 4494 ν
2322 4500 2599 4552 novissimo
2629 4506 2876 4568 pavetur,
2907 4511 3028 4550 cum
3070 4495 3195 4548 illud
3222 4492 3498 4564 singulare
3529 4482 3854 4544 retributionis

631 4596 722 4665 qui
750 4607 928 4650 tamen
963 4593 1029 4646 ad
1061 4591 1340 4646 dimidium
1371 4604 1560 4643 corum
1584 4591 1745 4654 redit,
1788 4589 1916 4660 quia
1945 4591 2048 4644 etsi
2077 4591 2218 4659 Apo-

633 4687 805 4741 stolus
844 4685 1023 4741 cat'uis
1060 4697 1245 4736 curam
1279 4697 1384 4735 non
1427 4682 1617 4746 vetuit,
1659 4697 1905 4747 carnem,
1945 4682 2215 4751 inquiens,

632 4792 788 4830 suam
822 4789 983 4830 nemo
1027 4786 1264 4839 unquam
1319 4771 1443 4824 odio
1490 4772 1678 4826 habuit
1722 4771 1940 4841 (Ep/tes.
1989 4787 2071 4841 v,‘
2101 4770 2213 4841 29).

2321 4599 2579 4644 extrema:
2627 4590 2825 4642 bonum
2866 4587 3058 4642 timore
3089 4585 3320 4656 paritur,
3355 4594 3410 4638 et
3457 4581 3635 4636 laetitia
3666 4585 3853 4649 praesto-

2322 4683 2501 4736 latur:
2539 4702 2556 4732 ι
2596 4681 2857 4746 Laetetur,
2899 4680 3096 4750 inquit,
3133 4694 3228 4732 cor
3258 4692 3436 4731 meum
3483 4683 3542 4730 ut
3578 4675 3746 4729 timeat
3778 4680 3853 4720 no-

2322 4794 2442 4832 men
2468 4787 2613 4831 tuum
2645 4773 2815 4845 (Psal.
2841 4789 3036 4841 mtxv,
3075 4773 3155 4844 ll)
3186 4791 3230 4824 ι.

633 4867 748 4920 fieri
782 4876 961 4918 tamen
1003 4862 1056 4914 in
1099 4860 1384 4916 desideriis
1435 4861 1668 4915 inhibuit
1715 4861 1894 4931 (Rom.
1935 4877 2056 4928 xm,
2105 4861 2214 4928 M).

635 4960 773 5013 Ecce
804 4953 1076 5027 quomodo
1110 4968 1206 5021 per
1238 4961 1524 5017 argenteos
1569 4952 1787 5019 foditur,
1829 4969 1952 5007 cum
2004 4953 2219 5007 univer-

632 5054 769 5105 sitas
807 5051 875 5105 ad
901 5044 1336 5102 mediocritatem
1370 5045 1737 5116 restringitur.
1771 5043 2040 5098 llordeum
2073 5045 2217 5098 enim

640 5142 845 5200 cibaria
873 5141 1251 5211 jumentorum
1275 5145 1380 5189 est.
1399 5135 1518 5188 Dixi
1545 5137 1614 5188 ad
1641 5151 1776 5199 eam,
1811 5136 1864 5190 id
1889 5145 1973 5190 est
1997 5137 2214 5190 instinxi

632 5234 703 5285 ei.
737 5230 856 5284 Dies
887 5227 1081 5280 multos
1117 5224 1281 5275 Deum
1312 5233 1608 5292 exspectat,
1625 5240 1747 5278 cum
1777 5226 1885 5279 Deo
1916 5241 1972 5280 sc
1999 5226 2220 5296 dispen-

633 5322 806 5375 Sative
833 5321 899 5374 ad
942 5313 1318 5386 probationem
1347 5314 1581 5370 hominis
1625 5316 1980 5372 subtrahente
2005 5318 2219 5373 animus

630 5429 659 5465 a
692 5405 1130 5480 compunctionis
1159 5405 1353 5472 gratia,
1390 5407 1472 5461 vel
1507 5410 1668 5462 etiam
1702 5424 1731 5462 a
1762 5410 2219 5480 contemplatione

630 5507 813 5562 vaeat;
853 5508 908 5553 et
961 5505 1142 5560 tamen
1185 5485 1324 5546 intra
1356 5497 1719 5554 innocentiam
1755 5516 1812 5555 se
1831 5492 2108 5570 coarctat.
2152 5502 2219 5556 Et

630 5591 735 5643 hoc
763 5598 846 5642 est
899 5584 1050 5654 quod
1095 5583 1378 5651 sequitur:
1429 5586 1551 5642 Non
1596 5590 1961 5659 fornicaberis,
2012 5602 2060 5645 et
2114 5609 2216 5644 non

630 5682 733 5734 eris
765 5683 894 5763 viro,
931 5679 1062 5757 dum
1117 5676 1333 5732 interim
1391 5695 1420 5734 a
1473 5681 1628 5739 solita
1680 5685 2012 5740 continentia
2071 5683 2216 5739 nullo

2936 4927 3164 4982 CAPUT
3205 4926 3291 4979 IV.

2395 5043 2555 5097 Vens.
2600 5044 2644 5096 Ι.
2673 5073 2740 5082 --
2777 5063 2792 5094 ι
2834 5042 3026 5096 Audite
3052 5041 3272 5096 verbum
3315 5038 3550 5098 Domini,
3592 5035 3676 5089 filii
3705 5026 3854 5086 Israel.

2328 5154 2344 5185 ι
2392 5137 2518 5205 quia
2550 5133 2810 5203 judicium
2847 5133 3074 5186 Domino
3101 5146 3224 5184 cum
3254 5128 3850 5182 habitatoribusterram

2331 5225 2557 5280 Verbum
2587 5225 2682 5280 Dei
2730 5225 2826 5292 filii
2876 5223 3043 5278 Israel
3085 5223 3331 5286 audiunt,
3388 5236 3512 5274 cum
3564 5209 3856 5273 carnalitatis

2322 5322 2598 5385 duritiam,
2632 5321 2860 5389 sagittae,
2902 5317 3056 5384 juxta
3108 5316 3394 5386 psalmum,
3441 5310 3855 5383 potentisirrum-

2322 5421 2454 5484 punt
2476 5409 2647 5476 (Psal.
2685 5426 2834 5474 (λιιι,
2857 5410 2933 5479 4).
2965 5407 3029 5460 Et
3055 5407 3270 5472 merito,
3296 5406 3493 5475 inquit,
3518 5402 3682 5457 audiri
3707 5394 3850 5450 debel.

2322 5483 2380 5560 ut
2429 5500 2785 5557 alIcctualitas
2832 5499 3178 5569 reprimatur,
3213 5497 3340 5568 quia
3378 5513 3504 5552 cum
3557 5491 3783 5550 szcculum
3813 5483 3852 5532 iu

2322 5594 2428 5648 fine
2459 5609 2486 5645 a
2533 5587 3076 5656 Dominojudicatur,
3113 5605 3216 5642 non
3260 5587 3406 5641 solus
3451 5587 3564 5656 ipse
3605 5574 3851 5651 iudicabit.

2321 5684 2413 5742 scd
2441 5696 2492 5739 et
2518 5683 2847 5736 habitatores
2879 5690 3055 5746 terrm,
3086 5682 3173 5750 qui
3200 5671 3333 5734 bene
3356 5679 3560 5734 scilicet
3592 5663 3850 5731 terrenitati
