3952 6360
858 321 1321 392 TROPOLOGIAE
1362 330 1429 386 IN
1461 329 1663 394 osus,
1699 328 1763 382 Αι

1870 330 1888 384 5
1922 327 2006 383 ET
2042 325 2186 382 JER.
2229 358 2298 368 --
2337 328 2466 382 LIB.
2506 327 2548 382 1.
2580 327 2644 383 IN
2673 328 2870 385 OSEE.
3347 335 3452 391 5758

112 473 281 514 sum
312 453 580 513 dominati
609 461 757 516 sunt,
791 449 1080 518 judiciaria
1125 448 1329 518 pariter
1365 445 1626 517 dignitate
1669 444 1767 498 do-
1796 448 1842 502 Α
1873 461 1892 493 ι
1940 443 2212 496 tradicnnt
2242 444 2528 498 sacerdoti.
2562 444 2627 498 Et
2666 460 2888 501 corrucs
2932 448 3113 513 hodie,
3151 459 3206 503 et
3233 462 3452 504 corruet

113 558 413 612 nantur;
448 545 586 600 unde
612 552 666 598 et
697 542 919 596 mitibus
945 539 1219 608 possessio
1263 539 1420 606 hujus
1447 547 1604 592 terrae
1645 551 1772 606 pro-
1879 553 1898 587 ι
1945 536 2110 590 etiam
2137 537 2418 605 prophetia
2459 545 2656 592 tecum.
2698 557 2715 590 ι
2763 535 2998 609 Populus
3030 551 3175 608 tuus,
3199 558 3232 597 ο
3262 541 3448 605 Israel,

114 641 418 694 mittitur
453 635 670 710 (Matth.
706 649 760 699 v,
809 632 892 702 4).
947 631 1206 685 Habitare
1259 639 1438 684 autem
1487 629 1555 684 ab
1610 628 1768 698 192
1873 628 2007 681 sicut
2035 626 2089 678 hi
2119 628 2208 696 qui
2253 629 2618 682 contradicunt
2644 631 2903 684 sacerdoti
2923 640 3029 697 est,
3053 633 3175 702 quia
3208 625 3451 688 motuum

115 730 366 796 habeo,
403 729 581 794 habes,
630 723 1029 794 frequentativa
1081 723 1341 775 intortum
1389 719 1654 773 dominari
1698 719 1772 772 si-
1874 724 2088 770 tuorum
2128 718 2446 782 enormitas,
2491 734 2523 772 o
2552 721 2788 775 carnalis
2820 721 3061 788 allectus,
3095 725 3250 791 sicut,
3289 725 3340 779 id
3370 737 3454 780 est

120 821 425 890 gniﬁcat,
459 827 518 872 ut
539 824 621 872 est
648 815 779 869 illud
809 833 822 866 :
863 831 881 864 ι
919 811 1167 866 lnhabita
1201 820 1429 874 terram,
1452 817 1507 863 et
1530 808 1771 877 pasceris
1874 821 2062 861 revera
2103 808 2154 862 hi
2183 817 2330 874 sunt,
2365 809 2456 879 qui
2487 825 2546 863 se
2575 826 2788 880 semper
2815 813 3075 880 objiciunt
3104 831 3258 870 sacro
3287 818 3456 872 duca-

131 907 211 963 in
270 908 487 963 divitiis
541 905 660 976 ejus
708 903 884 976 (Psal.
913 917 1097 967 XXXVI,
1129 903 1205 970 5).
1249 921 1267 953 ι
1317 917 1337 950 ι
1370 899 1485 954 Non
1519 907 1602 954 est
1624 898 1768 952 enim
1875 899 1973 964 tui,
2020 900 2071 954 id
2123 910 2205 956 est
2245 901 2464 956 rationi.
2502 902 2570 955 Et
2609 921 2818 958 corrucs
2868 907 3041 975 hodie,
3098 909 3150 963 id
3179 920 3261 964 est
3289 927 3451 964 causa

139 1018 166 1050 ι
231 1000 458 1066 veritas
485 1006 541 1052 et
575 1013 682 1051 non
705 1005 790 1051 est
815 991 1211 1056 misericordia,
1234 999 1289 1045 et
1313 1005 1418 1044 non
1445 998 1528 1046 est
1542 990 1768 1067 scientia

144 1111 170 1144 ς
239 1092 347 1146 Dei
399 1091 454 1146 in
488 1099 653 1145 terra.
693 1107 714 1140 ι
765 1086 905 1155 Quid
956 1093 1041 1139 est
1088 1084 1298 1151 veritas,
1355 1083 1461 1136 nisi
1509 1083 1628 1136 sine
1662 1082 1769 1136 ulla

136 1183 533 1239 vacillatione
557 1182 633 1236 rei
666 1180 827 1234 unius
853 1177 1144 1233 identitas?
1166 1176 1290 1230 Haec.
1309 1191 1412 1230 non
1434 1183 1506 1229 est
1529 1175 1584 1229 in
1606 1183 1767 1241 terra,

147 1290 306 1345 quae
361 1282 447 1328 est
481 1272 848 1327 indesinenter
880 1269 1109 1324 vanitati
1163 1267 1426 1336 subjecta,
1476 1281 1579 1322 nec
1624 1267 1769 1320 enim

155 1367 300 1434 ipse
333 1363 626 1434 Apostolus
674 1361 880 1417 invenit
923 1360 1123 1415 bonum
1172 1359 1224 1414 in
1265 1373 1431 1415 carne
1474 1373 1570 1414 sua
1594 1356 1768 1430 (Rom.

160 1475 275 1526 vn,
318 1458 433 1527 18).
480 1455 600 1510 Non
649 1464 724 1508 est
775 1453 1160 1519 misericordia,
1220 1446 1344 1521 quia
1399 1451 1512 1506 suis
1557 1464 1773 1521 semper

161 1565 357 1619 prona
418 1546 700 1602 desideriis
747 1547 894 1601 omni
947 1544 1154 1600 alienas
1207 1543 1510 1598 anxietates
1563 1551 1774 1613 spectat

162 1641 416 1699 incuria.
447 1640 571 1694 Non
597 1650 672 1693 est
695 1639 936 1706 scientia,
960 1639 1086 1708 quia
1115 1637 1182 1693 ab
1213 1636 1458 1692 inferiori
1487 1635 1574 1690 illa
1617 1645 1773 1706 parte

160 1733 458 1789 suboritur
485 1732 649 1787 menti
681 1731 936 1787 discretio
964 1730 1133 1786 nulla.

1873 993 1990 1061 ejus
2020 1011 2179 1066 quam
2203 993 2423 1050 affectas
2448 997 2762 1066 temporalis
2795 997 3144 1066 l.tscivi:e,vel
3173 1005 3456 1074 praesentis

1873 1088 2076 1156 glorim.
2129 1086 2348 1142 Corruet
2384 1089 2544 1141 etiam
2589 1089 2860 1158 prophetia
2903 1100 3068 1144 tecum
3097 1107 3115 1144 :
3150 1094 3286 1161 Quia
3325 1096 3450 1150 dum

1873 1195 2218 1251 nequaquam
2265 1180 2331 1235 ad
2369 1181 2642 1234 anteriora
2671 1190 2722 1235 te
2752 1183 2998 1236 extendis
3030 1181 3194 1254 (Phil.
3231 1203 3307 1250 Ill,
3341 1189 3458 1254 15),

1875 1281 1966 1326 tua
1997 1281 2048 1328 te
2075 1273 2264 1328 reddet
2301 1271 2723 1342 improvideutia
2749 1287 2972 1327 caecum.
3026 1294 3044 1326 ι
3082 1274 3248 1329 Nocte
3281 1286 3457 1333 tacere

1880 1381 1898 1411 ε
1947 1363 2048 1418 feci
2072 1375 2299 1418 matrem
2328 1372 2496 1416 tuam.
2534 1381 2552 1413 ι
2584 1361 2755 1417 Mater
2783 1361 2945 1431 hujus
2974 1365 3154 1434 populi
3185 1366 3322 1418 ratio
3349 1378 3452 1431 est,

1875 1454 2005 1510 facit
2047 1472 2175 1527 ergo
2221 1455 2362 1510 Deus
2398 1464 2571 1508 tacere
2597 1467 2818 1509 matrem
2867 1455 3024 1524 hujus
3067 1456 3248 1525 populi
3279 1466 3457 1522 nocte,

1875 1563 1998 1602 cum
2039 1563 2138 1602 suo
2174 1547 2322 1618 justo
2369 1545 2578 1615 judicio
2620 1557 2781 1617 negat
2829 1549 2970 1602 vires
3021 1548 3218 1618 quibus
3264 1548 3460 1602 debeat

1875 1639 2122 1695 insolenti
2179 1637 2566 1708 cogitationum
2619 1641 2789 1693 turba:
2846 1640 3121 1694 resistere.
3178 1637 3332 1694 Unde
3374 1649 3461 1693 est

1876 1731 2020 1802 quod
2051 1729 2324 1801 sequitur.

241 1822 418 1879 Vens.
446 1823 504 1878 2.
531 1851 602 1864 —-
636 1841 655 1873 ι
694 1819 1066 1889 Maledictum,
1093 1829 1148 1876 et
1186 1820 1552 1884 mendacium,
1586 1828 1642 1875 et
1667 1821 1768 1874 ho-
1801 1792 1847 1851 Β
1893 1792 1908 1802 ⁸
1945 1822 2107 1878 Vens.
2132 1792 2198 1879 ’δέ
2230 1851 2296 1863 -—-
2347 1841 2365 1873 ‹
2396 1821 2671 1876 Conticuit
2705 1821 2931 1891 populus
2977 1837 3151 1882 meus.
3201 1837 3267 1876 eo
3315 1823 3458 1892 quod

171 1932 192 1965 ι
244 1915 558 1980 micidium,
585 1925 641 1968 et
670 1914 966 1980 furtum,et
993 1913 1318 1969 adulterium
1347 1913 1769 1978 inundaveruut,

176 2024 192 2055 I
247 2015 308 2060 et
334 2005 557 2076 sanguis
581 2004 900 2072 sanguinem
936 1991 1130 2073 tetigit.
1179 2023 1197 2056 ι
1241 2003 1377 2070 Quia
1405 2018 1538 2074 ergo
1569 2019 1671 2056 non
1696 2013 1770 2056 est

169 2097 402 2161 veritas,
441 2111 544 2148 non
603 2104 678 2148 est
732 2095 1115 2159 misericordia,
1154 2111 1259 2148 non
1308 2095 1528 2147 scientia
1573 2093 1665 2146 Dei
1717 2095 1771 2147 in

173 2193 373 2240 mente
426 2193 666 2247 terrena,
707 2184 1040 2237 maledictum
1074 2192 1473 2252 consequenter
1523 2181 1773 2247 inundat,

173 2273 310 2342 quia
343 2271 434 2327 ubi
480 2272 646 2326 divini
700 2271 913 2326 timoris
951 2287 1046 2326 cor
1087 2272 1242 2326 freno
1275 2287 1384 2326 non
1433 2272 1660 2341 regitur,
1705 2271 1774 2326 ad

173 2379 365 2434 pravae
396 2363 686 2420 locutionis
711 2365 1052 2420 atrocitatem
1096 2365 1279 2434 lingua
1318 2365 1602 2434 impudens
1640 2362 1772 2420 eife-
1831 2377 1834 2380 ί

174 2466 357 2522 tatur,
383 2463 585 2510 etcum
631 2455 754 2510 aliis
790 2455 1038 2526 derogat,
1079 2455 1252 2510 multo
1280 2455 1469 2525 majori
1496 2455 1658 2509 etiam
1690 2470 1774 2510 se-

173 2547 418 2600 curitate
441 2545 734 2611 mentitur;
785 2560 887 2600 nec
917 2546 1114 2600 mirum
1158 2544 1321 2616 plane
1351 2560 1476 2599 cum
1520 2545 1628 2611 vix,
1678 2553 1773 2599 aut

177 2635 495 2691 nullomodo
524 2637 783 2698 humana,
829 2635 923 2690 sed
952 2633 1067 2692 sola
1119 2635 1303 2689 divina
1337 2633 1540 2688 virtute
1587 2635 1771 2689 dome-

177 2737 288 2780 tur.
323 2727 568 2797 Cumque
609 2726 834 2782 libertas
867 2727 1230 2783 maledictioni
1261 2727 1654 2798 mendacioque
1688 2743 1771 2783 re-

178 2817 468 2887 linquitur,
498 2832 720 2872 neeesse
751 2828 836 2872 est
856 2826 915 2872 ut
951 2818 1205 2873 facillime
1229 2821 1295 2872 ad
1331 2818 1594 2885 facinora,
1625 2818 1767 2888 quod

184 2918 274 2963 est
301 2908 644 2961 homicidium
691 2916 747 2963 et
785 2907 1008 2977 furtum,
1037 2917 1092 2962 et
1142 2908 1208 2962 ad
1242 2907 1467 2978 ﬂagitia,
1500 2909 1644 2978 quod
1683 2919 1769 2964 est

180 2996 536 3062 adulterium,
567 3007 975 3068 prorumpatur.
1018 2997 1155 3053 Nota
1192 3001 1335 3068 quod
1366 3015 1434 3052 ex
1482 2999 1768 3067 iniquitate

180 3089 473 3142 verborum
505 3090 815 3143 excurritur
845 3089 898 3143 in
921 3090 1269 3144 crudelitates
1299 3091 1766 3160 operum.Deinde

181 3177 362 3233 rabies
389 3193 525 3248 opus
552 3179 841 3250 deSpumat
873 3179 926 3234 in
955 3180 1255 3236 sordidum.
1289 3177 1516 3250 Sanguis
1553 3182 1766 3250 sangui-

183 3284 300 3323 nem
330 3271 522 3340 tangit,
570 3273 696 3324 dum
757 3280 1038 3340 peccatum
1071 3271 1407 3341 negligenter
1445 3271 1764 3338 admissum,

186 3357 330 3426 quod
353 3367 629 3414 auctorem
647 3362 985 3430 suum,quod
1008 3363 1228 3432 sanguis
1251 3363 1449 3432 signat,
1479 3365 1764 3432 interimit,

187 3447 425 3502 scienter
469 3448 536 3502 ad
563 3446 807 3517 ejusdem
839 3451 1031 3508 mortis
1063 3453 1408 3509 iterationem
1450 3455 1767 3522 plerumque

187 3541 455 3610 perducit.

259 3631 418 3688 Vens.
451 3635 506 3689 5.
539 3665 609 3675 —
641 3655 658 3687 ‹
693 3635 924 3706 Propter
949 3638 1051 3695 hoc
1083 3638 1286 3711 lugebit
1323 3649 1490 3709 terra,
1517 3653 1570 3699 et
1613 3645 1766 3700 inﬁr-

193 3735 212 3767 ς
261 3717 496 3772 mabitur
518 3721 698 3776 omnis
727 3723 817 3789 qui
857 3723 1063 3778 habitat
1111 3725 1165 3779 in
1197 3740 1284 3792 ea,
1315 3727 1368 3781 in
1411 3728 1586 3785 bestia
1628 3733 1762 3803 agri,

193 3823 210 3854 ι
254 3807 387 3860 etin
419 3806 642 3863 volucre
673 3809 794 3864 cmli
838 3818 893 3864 et
940 3812 1115 3881 pisces
1159 3817 1327 3870 maris
1353 3820 1766 3890 congregabun-

193 3913 212 3946 ε
256 3903 360 3950 tur.
394 3917 413 3949 ι
447 3897 673 3969 Propter
693 3900 791 3954 hoc
821 3911 958 3956 terra
997 3903 1168 3974 luget,
1201 3907 1251 3960 id
1284 3917 1368 3962 est
1401 3909 1564 3978 digna
1619 3911 1763 3966 luctu

189 3986 332 4053 facit,
383 3989 509 4057 quia
539 3990 686 4044 nulla
721 4007 840 4046 eam
872 3996 1116 4049 custodia
1152 3997 1534 4057 intellectualis
1564 4004 1764 4059 aStrin-

189 4079 279 4144 git.
311 4076 492 4134 Omnis
518 4083 608 4151 qui
633 4082 833 4138 habitat
877 4086 930 4139 in
955 4103 1019 4140 ea
1068 4087 1399 4156 infirmatur,
1431 4094 1558 4164 quia
1587 4097 1764 4152 onmis

141 4217 146 4220 _
192 4168 277 4234 qui
315 4169 431 4238 ejus
470 4173 704 4227 motibus
745 4176 1020 4230 contraire
1062 4178 1272 4242 nititur,
1309 4196 1531 4239 necesse
1585 4195 1670 4239 cst
1707 4197 1763 4241 ttt

194 4258 380 4327 saepius
403 4276 432 4314 a
463 4276 560 4316 suo
581 4271 722 4319 statu
748 4267 1135 4333 cogitationum
1175 4270 1490 4341 ingruenter
1518 4276 1759 4332 molestia

194 4352 532 4443 periclitetur.
567 4357 630 4410 Et.
652 4357 821 4415 hocin
849 4361 1010 4417 bestia
1035 4366 1149 4433 agri
1168 4375 1216 4420 et
1245 4367 1452 4423 volucre
1477 4371 1610 4439 coeli,
1633 4374 1762 4443 quia

1879 1934 1897 1965 ι
1946 1931 2050 1970 non
2086 1915 2340 1970 habuerit
2389 1913 2698 1968 scientiam.
2734 1934 2751 1963 ι
2800 1913 3035 1982 Populus
3087 1913 3182 1967 Dei
3225 1917 3464 1970 contice-

1875 2008 1977 2060 scit
1999 2007 2213 2076 quando
2235 2006 2565 2076 emergentia
2601 2005 2751 2060 cordi
2795 2005 2956 2072 mala,
2989 2021 3226 2075 congrua
3258 2021 3466 2074 nequa-

1875 2112 2036 2165 quam
2059 2085 2353 2152 severitate
2383 2096 2680 2166 redarguit,
2707 2105 2762 2150 et
2794 2097 2898 2151 hoc
2935 2097 3055 2149 ideo
3101 2098 3244 2166 quod
3285 2098 3460 2152 scien-

1882 2189 2008 2242 tiam
2035 2204 2139 2243 non
2166 2188 2441 2250 habuerit,
2473 2187 2524 2240 id
2556 2197 2660 2252 est,
2706 2188 2812 2241 vim
2845 2189 3072 2242 interna:
3117 2189 3465 2244 discretionis

1879 2281 2140 2336 amiserit.
2177 2300 2196 2331 ι
2230 2280 2364 2347 Quia
2398 2289 2454 2333 ttt
2485 2279 2772 2334 scientiam
2816 2281 3079 2349 repulisti,
3115 2281 3370 2350 repellam
3405 2292 3461 2338 te

1883 2392 1902 2426 ς
1946 2389 2016 2429 ne
2045 2373 2346 2429 sacerdotio
2379 2371 2618 2441 fungaris
2653 2372 2804 2425 mihi.
2839 2391 2858 2422 ›
2892 2371 2966 2426 Ac
2994 2371 3037 2425 si
3063 2372 3294 2428 diceret:
3320 2371 3458 2442 Quia

1878 2473 1932 2519 tu
1967 2473 2086 2520 tuos
2118 2479 2297 2520 mores
2316 2472 2478 2532 atque
2514 2471 2694 2518 motus
2727 2462 2926 2518 trutina
2947 2461 3138 2530 judicii
3171 2479 3458 2535 exaequare

1875 2555 2178 2626 neglexisti,
2210 2555 2295 2610 vel
2323 2555 2488 2610 etiam
2526 2554 2760 2624 qualiter
2785 2563 2835 2611 te
2875 2555 3105 2611 interius
3138 2571 3328 2627 regere
3361 2558 3457 2614 de-

1873 2647 2004 2703 beas
2045 2648 2326 2702 addiscere
2358 2646 2595 2711 noluisti,
2628 2647 2694 2701 ad
2735 2649 2838 2702 hoc
2880 2648 3042 2718 plane
3076 2656 3135 2702 ut
3188 2648 3285 2702 tibi
3350 2649 3454 2719 ipsi

1873 2738 2160 2804 providere
2189 2739 2424 2798 nescias,
2454 2752 2557 2792 nec
2589 2746 2788 2793 statum
2837 2745 2987 2790 tuum
3036 2738 3213 2792 metiri
3256 2737 3457 2803 valeas,

1871 2842 1970 2897 per
1991 2845 2206 2885 sensum
2229 2839 2279 2884 te
2303 2830 2586 2900 reprobum
2617 2829 2936 2885 submisisti.
2967 2847 2984 2881 ‹
3017 2828 3081 2882 Et
3107 2829 3232 2898 quia
3256 2829 3460 2884 oblitus

1879 2935 1896 2971 ι
1945 2920 2065 2993 [ol.,
2097 2920 2288 2993 oblita]
2322 2935 2380 2976 es
2422 2920 2592 2991 legero
2633 2920 2724 2974 Dei
2771 2921 2864 2983 tui,
2905 2921 3194 2974 obliviscar
3225 2921 3458 2976 filiorum

1876 3028 1894 3060 ι
1946 3017 2161 3065 tuorttm
2193 3021 2246 3066 et
2275 3026 2398 3081 ego.
2438 3029 2456 3062 ›
2495 3010 2604 3064 Lex
2631 3011 2725 3064 Dei
2751 3027 2853 3064 non
2885 3011 2934 3064 in
2964 3010 3188 3066 scicntia
3215 3011 3460 3077 litterati,

1795 3134 1836 3189 ρ
1871 3099 1962 3154 sed
2002 3101 2055 3155 in
2104 3094 2446 3171 experientia
2492 3101 2724 3154 naturali
2773 3101 3112 3171 intelligitur,
3154 3117 3317 3172 quam
3365 3106 3459 3174 qui

1873 3190 2232 3254 obliviscitur,
2283 3192 2334 3245 id
2366 3201 2448 3247 est
2477 3192 2627 3246 scita:
2672 3193 2968 3262 quondam,
3006 3201 3058 3247 et
3110 3193 3304 3248 habita:
3349 3211 3457 3250 non

1872 3281 2116 3337 recolens
2145 3281 2541 3347 reminiscitur,
2571 3282 2638 3336 ad
2670 3282 2723 3336 id
2769 3297 2835 3336 ex
2870 3281 3067 3338 merito
3105 3285 3371 3352 pervenit,
3399 3296 3458 3341 ut

1870 3371 2127 3436 filiorum,
2155 3372 2205 3426 id
2235 3380 2340 3436 est,
2375 3385 2598 3441 operum
2651 3387 2875 3426 suorum
2927 3387 3218 3442 pravorum
3265 3374 3332 3427 ad
3369 3375 3453 3430 sui

1870 3461 2040 3532 ipsius
2063 3461 2459 3534 correctionem
2498 3463 2640 3516 Deus
2668 3477 2776 3516 non
2805 3471 3170 3528 men'ioretur,
3205 3465 3452 3535 spontiva

1870 3553 2028 3623 plane
2062 3552 2366 3625 ignorantia
2413 3568 2521 3606 non
2575 3553 2837 3620 lucratur,
2889 3555 3144 3626 ingenitae
3173 3571 3304 3613 vero
3335 3573 3454 3628 par-

1867 3646 2045 3712 citur;
2081 3646 2221 3700 unde
2248 3655 2303 3700 ct
2329 3646 2577 3717 sequitur
2605 3665 2617 3700 :

1937 3736 2099 3792 Vnus.
2127 3738 2178 3792 7.
2207 3769 2277 3778 --
2313 3755 2332 3789 ‹
2364 3737 2674 3795 Secundum
2702 3739 3104 3796 multitudinem
3131 3757 3340 3810 eorum,
3368 3743 3447 3798 sic

1872 3847 1890 3879 ι
1939 3837 2300 3897 peccaverunt
2330 3829 2484 3884 mihi.
2539 3849 2557 3883 ι
2607 3829 2806 3885 Multus
2857 3840 2941 3885 est
2991 3833 3074 3885 cui
3120 3836 3452 3903 perspfmcis

1869 3918 2086 3988 ingenii,
2126 3919 2229 3972 etsi
2259 3919 2505 3974 doctrina
2535 3935 2642 3974 non
2667 3930 2905 3991 supetat,
2939 3922 3236 3991 copiaest;
3269 3923 3451 3979 multi-

1868 4011 2108 4067 tudinem
2140 4025 2268 4082 ergo
2298 4011 2520 4076 habent,
2575 4012 2667 4081 qui
2722 4022 2947 4082 propter
2995 4014 3206 4070 litteras
3248 4016 3449 4072 intelli-

1844 4105 2060 4175 gentiae
2088 4105 2368 4175 originalis
2404 4105 2700 4160 acrimonia
2731 4107 2961 4175 pollent;
3011 4109 3308 4162 secundum
3341 4111 3448 4164 ita-

1864 4209 1970 4264 que
2022 4194 2398 4260 elaboratam,
2452 4194 2576 4250 licet
2627 4211 2724 4266 per
2775 4197 3036 4252 incuriam
3085 4199 3280 4254 obtusa
3336 4201 3448 4265 sit,

1865 4287 2276 4356 naturalemque
2297 4288 2640 4356 prudentiam
2667 4303 2852 4342 eorum
2886 4299 3102 4358 peccata
3129 4300 3444 4360 pensantur,

1864 4381 1988 4449 quia
2028 4381 2323 4434 secundum
2352 4382 2494 4450 quod
2543 4382 2805 4443 scierunt.
2839 4391 2930 4436 aut
2961 4384 3099 4438 scire
3129 4392 3445 4453 potuerunt,

193 4441 312 4545 'l‘in'c
337 4442 622 4545 διίξιυοίίθδ
637 4448 933 4518 cupiditate
956 4452 1304 4520 άίδιθηάίιιιτ,
1329 4455 1476 4513 illinc
1497 4441 1762 4530 superbia:
1793 4441 2191 4542 Djndicautur.
2226 4491 2242 4523 ι
2292 4441 2531 4528 Gloriam
2575 4489 2762 4528 eorum
2816 4475 2867 4528 in
2910 4441 3261 4545 ignominiam
3297 4441 3445 4536 com:

192 4532 692 4605 ievitatejactatur;
725 4540 820 4594 sed
863 4553 908 4596 et
957 4544 1122 4613 pisces
1153 4547 1318 4601 maris
1362 4563 1761 4622 congregantur

195 4642 306 4679 cum
339 4627 670 4686 titillationes
696 4632 898 4697 carnis,
947 4650 1066 4704 qua:
1111 4637 1428 4694 deliciarum
1460 4644 1760 4700 inuutriunt

197 4714 379 4784 aquis,
437 4717 696 4775 adversus
745 4719 1026 4793 fatigatum
1085 4727 1172 4782 his
1243 4729 1494 4799 spiritum
1558 4733 1760 4802 glome-

197 4813 390 4860 ηιιιιιιιδ.

258 4893 590 4952 Vens.4.——r
619 4897 1003 4959 Verumtamen
1030 4913 1400 4983 unusquisque
1426 4931 1530 4972 non
1551 4917 1756 4986 judicct

201 5003 219 5079 ι
257 4993 304 5039 et
329 5000 432 5040 non
465 4999 724 5058 arguatur
739 4991 839 5044 vir.
871 5013 888 5044 ι
925 4995 1004 5050 Ac
1026 4998 1070 5050 si
1093 4999 1294 5056 diceret
1329 5021 1342 5056 :
1374 5003 1525 5061 Licet
1553 5009 1753 5079 ingenii

197 5074 397 5131 humani
425 5080 664 5148 potentia
695 5093 884 5138 contra
919 5094 992 5142 tot
1019 5089 1274 5146 vitiorum
1291 5098 1595 5154 examinata
1613 5074 1754 5169 pene

197 5168 511 5233 succumbat,
540 5180 722 5226 tamen
759 5172 958 5242 injuste
983 5175 1134 5243 faci;,
1177 5183 1266 5250 qui
1296 5183 1347 5238 in
1378 5185 1572 5244 talibus
1601 5168 1752 5246 iulir-

199 5259 664 5355 tuantemjudicat,
714 5273 768 5318 ct
803 5282 925 5322 eum
979 5271 1070 5339 qui
1130 5274 1206 5325 vir
1251 5274 1356 5330 dici
1409 5279 1588 5348 debet,
1625 5288 1750 5355 quia

197 5352 320 5420 quod
342 5360 580 5448 tentatur
619 5365 894 5429 utcunque
923 5360 1029 5418 fert
1057 5374 1113 5418 et
1161 5367 1375 5435 tolerat,
1405 5386 1510 5426 non
1539 5352 1747 5448 arguat,

199 5458 282 5496 nec
300 5443 510 5498 modum
540 5449 880 5516 tentatiouis,
906 5455 1001 5510 sed
1033 5457 1288 5510 virtutem
1328 5443 1664 5520 sustinentia:
1697 5443 1748 5522 in

197 5547 252 5586 eo
288 5534 370 5604 qui
417 5543 691 5605 tentatur,
721 5543 1010 5599 attendat:
1071 5567 1090 5597 ι
1136 5547 1518 5619 Considerans,
1551 5554 1745 5626 inquit,

199 5626 420 5697 teipsum,
454 5645 521 5682 ne
546 5640 601 5685 et
624 5641 676 5684 tu
710 5637 935 5691 tenteris
957 5637 1098 5709 (Gal.
1129 5655 1206 5704 vt,
1238 5641 1313 5712 t).
1353 5663 1373 5695 ι

257 5713 402 5773 Vsus.
432 5718 486 5772 5.
525 5751 596 5761 -
624 5739 641 5772 ι
673 5723 904 5794 Populus
927 5729 1067 5785 enim
1099 5740 1224 5789 tuus
1245 5736 1382 5791 sicut
1415 5737 1467 5793 hi
1502 5740 1592 5808 qui
1620 5759 1747 5798 con-

1870 4561 2174 4632 c‘mutubo.
2215 4581 2232 4612 ›
2273 4561 2454 4616 Gloria
2484 4577 2672 4617 eorum
2704 4563 2964 4619 vivacitas
2991 4576 3071 4620 cst
3116 4566 3445 4636 intellectus,

1861 4669 1980 4723 anc
2026 4655 2077 4706 in
2122 4653 2470 4724 ignominiam
2511 4665 2896 4720 commutatur,
2942 4657 3066 4712 dum
3100 4660 3242 4730 quod
3296 4662 3444 4718 laudi

1860 4760 1970 4799 sua:
2005 4745 2200 4798 ascribi
2230 4753 2511 4813 appetunt,
2545 4761 2612 4802 ex
2652 4748 2950 4804 studiorum
2982 4750 3202 4808 infamia
3243 4755 3443 4825 probro

1861 4837 2175 4907 imputatur.

1932 4929 2092 4983 Vsus.
2127 4929 2181 4996 8,
2209 4929 2261 4982 ι).
2291 4960 2361 4968 --
2397 4947 2414 4980 ι
2446 4930 2672 4986 Peccata
2707 4934 2882 5003 populi
2917 4936 3020 4991 mei
3053 4939 3361 5003 comedent,
3385 4949 3439 4994 et

1861 5039 1880 5071 ι
1925 5022 1990 5075 ad
2019 5020 2356 5091 iniquitatem
2387 5037 2573 5078 eorum
2607 5023 2964 5082 sublevabunt
2991 5031 3200 5084 animas
3225 5045 3435 5086 eorum.

1860 5129 1880 5163 ι
1925 5112 1991 5167 Ει
2015 5115 2119 5166 erit
2151 5113 2294 5168 sicut
2333 5115 2584 5184 populus,
2621 5116 2699 5171 sic
2727 5118 2997 5173 sacerdos.
3033 5137 3052 5170 ι
3090 5119 3314 5174 Peccala
3339 5140 3436 5191 po-

1853 5203 1964 5273 puli
2014 5203 2170 5274 193
2221 5204 2312 5259 Dei
2363 5208 2824 5274 comedunt,cum
2877 5209 3058 5278 lapsus
3097 5226 3436 5284 quorumque

1853 5296 2112 5352 bonorum
2137 5297 2202 5351 ad
2232 5297 2546 5369 suﬂragium
2577 5297 2658 5353 sui
2682 5300 2884 5355 erroris
2915 5311 3213 5368 assumunt,
3243 5313 3295 5358 et
3321 5304 3435 5359 vel-

1851 5386 1929 5438 uti
1981 5385 2104 5440 inde
2144 5398 2461 5456 pascuntur,
2488 5389 2579 5458 qui
2607 5399 2662 5441 nt
2707 5389 2760 5442 in
2793 5391 2936 5445 malo
2979 5393 3220 5449 securius
3252 5410 3432 5464 perse—

1809 5511 1812 5514 -
1850 5485 2060 5538 verem,
2109 5489 2175 5529 ex
2225 5491 2412 5530 eorum
2459 5478 2706 5546 exemplo
2755 5493 2890 5548 quos
2927 5481 3096 5540 bonos
3141 5484 3431 5554 aliquando

1848 5567 2202 5627 aestimarant,
2229 5576 2288 5620 ut
2315 5569 2396 5621 sic
2416 5568 2661 5634 dixerim,
2686 5571 3020 5628 radicantur.
3060 5578 3138 5630 Ad
3178 5577 3430 5648 iniquita-

1849 5666 2152 5710 temcornm
2208 5658 2400 5711 anima:
2449 5673 2635 5714 eorum
2682 5663 3054 5732 sublevantur,
3109 5669 3234 5722 dum
3289 5686 3431 5740 quos

1849 5749 2158 5818 spiritualcs
2199 5751 2447 5820 oderant,
2498 5753 2756 5814 animales
2804 5758 2974 5814 factos
3024 5774 3129 5827 quo
3170 5763 3430 5831 nequiora
