3952 6360
533 294 640 352 559
1319 288 1381 344 ν.
1423 286 1745 345 GUIBERTI
1785 284 2077 342 ABBATlS
2106 285 2164 341 S.
2203 285 2572 343 MARIJE'DE
2601 285 2999 344 NOVIGENTO
3610 322 3615 330 .
3787 276 3901 331 56:3

537 402 831 477 gesserint,
851 398 1134 455 favorabili
1162 396 1506 453 excusatione
1524 412 1647 451 mox
1678 394 1982 459 sublevent,
2007 395 2123 448 auio
2150 395 2196 452 Α
2224 394 2514 464 aliquoties
2554 396 2821 452 intentive
2862 396 3104 465 ponitur,
3167 405 3225 450 ut
3275 405 3379 460 est,
3407 390 3628 449 deamo
3696 396 3782 447 ct
3808 386 3903 438 di-

538 509 786 565 masque,
825 508 943 562 qua:
969 506 1073 546 non
1112 490 1319 553 vivunt,
1358 487 1512 556 juxta
1543 489 1896 559 prophetam,
1944 485 2118 540 vivifi-
2221 492 2354 545 iero.

538 594 666 642 cant
693 584 909 656 (Ezech.
944 598 1061 647 xm,
1096 580 1201 651 l8).
1256 579 1321 635 Et
1370 580 1503 634 sicut
1554 579 1778 650 populus
1826 579 1903 633 sic
1947 594 2122 633 sacer-

540 678 636 733 dos
664 687 767 741 est,
799 691 920 732 cum
960 674 1201 745 ejusdem
1244 674 1488 728 criminis
1527 673 1573 726 si
1619 687 1726 726 non
1778 670 2001 741 majoris
2040 679 2124 725 est

543 769 652 835 ille,
691 768 781 839 qui
805 775 1120 837 peccantem
1149 765 1435 835 approbat,
1464 764 1620 834 cujus
1662 763 1751 818 ille
1776 765 1866 833 qui
1900 771 2119 833 peccat;

541 866 851 926 competens
910 854 1054 910 enim
1103 854 1170 908 ad
1215 853 1298 908 sui
1347 854 1567 907 modum
1619 852 1982 908 sacerdotium
2027 852 2125 907 ad—

542 949 835 1015 ministrat,
867 946 960 1018 qui
984 962 1148 1016 super
1172 945 1296 1000 talis
1323 943 1655 1000 defensionis
1691 943 1873 999 studio
1905 943 2124 1013 dogma-

544 1040 698 1096 tizat.

615 1131 782 1189 Vens.
812 1132 903 1188 10.
927 1160 1000 1172 —-
1032 1148 1051 1182 ι
1088 1130 1157 1185 Ει
1197 1127 1426 1185 visitabo
1475 1143 1637 1199 super
1697 1144 1819 1184 eum
1850 1128 1966 1183 vias
1991 1127 2126 1198 ejus,

547 1248 569 1284 ι
615 1238 673 1285 et
700 1226 1067 1296 cogitationes
1114 1222 1233 1294 ejus
1280 1225 1500 1279 reddam
1551 1225 1622 1279 ei.
1669 1225 1739 1280 Et
1762 1225 2048 1280 comedent
2076 1233 2132 1279 et

552 1341 574 1375 ι
619 1335 728 1376 non
760 1319 1125 1375 satiabuntur.
1167 1336 1186 1371 ›
1213 1317 1289 1372 De
1308 1316 1503 1388 plurali
1543 1317 1611 1372 ad
1656 1316 1984 1386 singularem
2008 1331 2133 1387 pro-

552 1412 773 1484 phetico
793 1426 943 1466 more
973 1409 1167 1464 transit
1195 1424 1502 1464 numerum.
1540 1407 1718 1478 Super
1741 1426 1859 1463 eum
1886 1410 1996 1463 vias
2017 1407 2136 1477 ejus

551 1505 766 1572 visitat,
813 1518 935 1559 cum
975 1500 1093 1571 ejus
1142 1502 1387 1557 actiones
1435 1515 1560 1554 eum
1615 1500 1974 1572 opprimendo
2003 1516 2137 1556 con-

553 1595 791 1651 demnat.
829 1593 1184 1663 Cogitationes
1230 1592 1345 1662 ejus
1372 1591 1420 1646 ei
1463 1592 1659 1658 reddit,
1702 1606 1823 1646 cum
1853 1590 2139 1660 apostasire

551 1696 774 1758 peccata
806 1685 1027 1741 latentis
1065 1685 1120 1739 in
1151 1700 1275 1740 eum
1326 1692 1515 1753 aperte
1565 1683 1841 1753 puniendo
1878 1682 2134 1739 refundit.

551 1777 690 1834 Nota
731 1789 912 1835 tamen
968 1779 1113 1848 quod
1168 1776 1403 1848 p0pulus
1453 1776 1805 1847 singularitas
1861 1777 1934 1831 sit
1976 1776 2139 1831 colle-

552 1870 792 1937 ctiva,et
820 1870 939 1924 ideo
963 1868 1173 1927 numeri
1204 1865 1434 1923 fortasse
1465 1874 1767 1921 mutantur.
1799 1866 2020 1922 Dixerat
2049 1883 2140 1922 su-

552 1962 741 2032 perius
768 1961 912 2031 quod
939 1959 1119 2031 populi
1154 1960 1237 2015 sui
1261 1967 1482 2030 peccata
1510 1960 1875 2028 comederent,
1904 1961 1993 2015 hic
2015 1961 2143 2015 sub-

552 2052 839 2123 jicitquod
872 2052 1176 2118 comedam,
1218 2060 1273 2106 et
1298 2066 1404 2107 non
1457 2051 1744 2119 satientur,
1793 2053 1919 2122 quia
1952 2054 2051 2107 etsi
2075 2067 2141 2106 ex

555 2144 732 2199 aliena
758 2158 952 2213 capere
979 2142 1291 2198 desiderant
1321 2142 1606 2213 iniquitate
1628 2143 1903 2212 solatium,
1935 2143 2141 2198 nullum

558 2242 742 2289 tamen
791 2232 1033 2287 mordaci
1094 2231 1465 2297 conscientiae,
1512 2247 1617 2302 qua
1652 2246 1868 2302 semper
1891 2244 2142 2288 conster—

552 2332 752 2378 nantur
781 2321 1010 2377 interius
1032 2321 1231 2391 poterit
1287 2329 1546 2391 praestare
1579 2320 1903 2376 fomentum.
1948 2339 1967 2372 ι
1998 2317 2143 2376 For-

557 2435 576 2467 ‹
622 2415 789 2470 nicati
822 2423 951 2470 sunt
994 2422 1051 2469 et
1105 2429 1213 2468 non
1277 2423 1651 2476 cessaverunt,
1677 2413 1935 2483 quoniam
1962 2414 2146 2469 Domi-

559 2522 579 2557 ι
629 2520 761 2560 num
790 2503 1126 2573 reliquerunt
1151 2503 1205 2557 in
1228 2518 1335 2557 non
1363 2502 1745 2557 custodiendo.
1787 2522 1805 2555 ι
1838 2502 2143 2558 Fornican-

557 2605 650 2652 tur
676 2595 767 2666 qui
792 2609 979 2649 amore
1030 2593 1378 2664 pnrsentium
1434 2608 1464 2647 a
1502 2591 1613 2648 Deo
1664 2593 2002 2658 alienantur;
2038 2612 2147 2651 non

558 2693 801 2749 cessant,
842 2683 938 2754 qui
986 2682 1316 2756 dominantia
1383 2682 1534 2750 vitia,
1563 2683 1709 2738 nulla
1761 2686 1990 2740 rationis
2044 2701 2145 2740 au-

558 2777 819 2834 ctoritate
857 2776 1229 2832 reverberant.
1287 2774 1569 2841 Quoniam,
1624 2775 1820 2847 inquit,
1866 2776 2149 2833 Dominum

560 2869 879 2940 reliquerunt
912 2872 967 2922 in
1003 2883 1107 2921 non
1150 2865 1513 2933 custodiendo,
1547 2866 1600 2921 id
1625 2877 1709 2922 est
1773 2868 1941 2925 divini
1968 2883 2153 2940 respe-

562 2973 683 3019 ctus
713 2961 911 3016 nullam
942 2960 1182 3016 habuere
1223 2961 1605 3030 reverentiam,
1633 2961 1834 3017 nullam
1857 2961 2027 3017 menti
2055 2977 2147 3017 cu~

564 3053 800 3109 stodiatn
829 3052 1156 3108 adhibendo.

635 3144 801 3199 Vsus.
830 3144 918 3199 11.
938 3174 1011 3187 -
1036 3162 1054 3195 ι
1096 3144 1404 3202 Fornicatio
1434 3153 1490 3202 et
1507 3146 1687 3201 vinum
1720 3154 1775 3200 et
1796 3140 2033 3201 ebrietas
2048 3159 2146 3199 au-

567 3253 589 3288 ι
636 3234 739 3290 fert
767 3232 887 3307 [αι.,
914 3234 1188 3308 auferunt]
1218 3250 1332 3291 cor.
1371 3255 1391 3288 ι
1452 3236 1605 3304 Quod
1635 3246 1717 3292 ρει
1737 3236 1959 3292 dicere:
2008 3234 2145 3290 (lum

563 3329 689 3399 quis
718 3343 748 3382 a
788 3329 897 3384 Deo
927 3328 1287 3395 abscinditur,
1340 3328 1562 3400 Deoque
1601 3329 1925 3400 postposito,
1958 3326 2145 3383 mundi

565 3421 872 3491 voluptates
900 3420 1138 3488 affectat,
1186 3431 1243 3477 et
1268 3435 1331 3476 ex
1366 3422 1452 3478 his
1487 3423 1697 3477 ratione
1727 3421 1937 3493 sepulta
1966 3419 2151 3474 obrui-

568 3520 679 3577 tur,
711 3525 807 3565 cor
838 3510 1105 3575 aufertur,
1132 3510 1258 3580 quia
1293 3510 1427 3565 nihil
1451 3510 1644 3566 deinde
1673 3525 1844 3580 penes
1881 3524 2031 3575 eum,
2058 3516 2152 3563 aut

566 3602 722 3673 pensi
751 3610 846 3656 aut
876 3602 1140 3656 moderati
1169 3602 1237 3657 ad
1259 3602 1490 3657 erimina
1523 3603 1812 3673 reperitur.

641 3692 809 3748 Vens.
844 3692 930 3746 12.
960 3722 1032 3733 —
1060 3711 1077 3743 ι
1121 3691 1361 3762 Populus
1404 3707 1561 3747 meus
1597 3692 1652 3746 in
1680 3691 1824 3761 ligno
1862 3706 1962 3748 suo
1984 3692 2155 3748 inter-

576 3806 596 3840 ι
642 3786 875 3856 rogavit,
928 3795 985 3841 et
1039 3785 1267 3841 baculus
1319 3786 1435 3856 ejus
1463 3764 2156 3859 annuntiabit[al.annun-

571 3875 748 3949 tiavit]
797 3877 869 3931 ei.
908 3895 927 3928 ι
969 3875 1035 3931 In
1089 3876 1229 3946 ligno
1258 3892 1353 3931 suo
1378 3874 1600 3946 papulas
1650 3877 1973 3947 interrogat,
2030 3895 2156 3934 cum

574 3971 746 4027 animi
788 3970 1063 4040 strepidus
1110 3985 1219 4024 non
1265 3970 1406 4040 aequi
1448 3970 1689 4040 rectique
1744 3971 1963 4038 lineam,
1991 3988 2024 4027 a
2051 3988 2159 4044 qua

572 4080 798 4120 aversus
829 4072 930 4129 est,
972 4063 1067 4119 scd
1096 4062 1444 4119 stoliditatem
1488 4073 1803 4119 consuetam
1826 4066 1915 4121 cui
1943 4066 2161 4119 univer-

575 4172 671 4212 sus
725 4164 809 4212 est
862 4156 1194 4212 consulendo
1241 4163 1530 4225 respectat.
1586 4156 1821 4213 Baculus
1840 4158 1955 4228 ejus
1981 4158 2028 4212 ei
2066 4172 2163 4211 an-

575 4248 814 4314 nuntiat,
840 4262 963 4302 cum
1013 4246 1280 4317 quispiam
1330 4261 1436 4301 non
1488 4246 1769 4304 dissimilis
1799 4249 2069 4319 imperitia
2111 4258 2166 4305 et

574 4337 871 4393 voluntatis
896 4339 1125 4408 stupida:
1167 4352 1330 4406 super
1374 4337 1460 4393 his
1500 4354 1622 4409 quae
1668 4340 1820 4395 cordi
1869 4340 1988 4409 ejus
2012 4340 2165 4411 adja-

578 4440 705 4486 cent
756 4430 1030 4485 funestius
1074 4430 1357 4485 consilium
1402 4430 1801 4489 subministrat.
1854 4451 1874 4485 ι
1931 4433 2168 4504 Spiritus
2200 4440 2243 4494 D
2270 4439 2705 4513 compunctionis
2754 4437 2986 4509 gratiam
3036 4451 3143 4491 non
3195 4435 3471 4499 emendat,
3499 4433 3578 4490 vel
3611 4436 3825 4505 quolilet

586 4544 604 4576 ι
651 4523 795 4578 enim
825 4522 1247 4578 fornicationnm
1273 4522 1485 4592 decepit
1523 4538 1619 4579 eos
1670 4532 1735 4599 et
1754 4524 2008 4581 fornicati
2039 4537 2167 4581 sunt

589 4634 609 4665 ι
657 4631 686 4667 a
720 4616 831 4669 Deo
853 4630 971 4670 suo.
1009 4633 1029 4666 ›
1064 4612 1124 4668 Si
1162 4614 1411 4684 spiritum
1448 4614 1825 4672 fornicationis
1864 4618 2164 4674 daemonem

583 4704 905 4774 accipimus,
940 4719 1127 4759 eorum
1191 4705 1436 4775 profecto
1485 4720 1732 4762 errorem
1774 4708 1915 4764 velut
1938 4722 2168 4764 excusa-

585 4813 731 4863 mus,
761 4796 960 4866 quibus
1006 4796 1337 4851 incentorem
1384 4786 1665 4853 diabolum
1686 4798 1906 4865 damus;
1946 4800 2042 4855 sed
2072 4798 2170 4853 ali-

588 4906 674 4948 ter
699 4888 999 4959 intelligere
1025 4904 1333 4959 possumus.
1376 4888 1605 4959 Spiritus
1653 4890 1708 4945 in
1750 4888 2048 4961 Scripturis
2072 4904 2171 4959 pro

588 4982 844 5054 superbia
881 4981 1121 5051 ponitur,
1176 4989 1235 5034 ut
1282 4990 1363 5036 est
1401 4998 1413 5034 :
1456 4998 1474 5031 ι
1528 4980 1757 5037 Auferes
1813 4983 2062 5052 spiritum
2084 4998 2173 5039 eo-

589 5089 712 5130 rum
765 5083 822 5127 et
871 5070 1125 5126 deficient
1184 5068 1373 5139 (Psal.
1426 5084 1556 5134 Cllt,
1610 5070 1682 5124 29
1710 5072 1750 5140 ).
1792 5089 1811 5123 ι
1851 5071 1916 5126 Ει
1955 5089 1967 5125 :
2012 5091 2030 5124 ι
2069 5072 2170 5140 Qui

591 5162 771 5217 aufert
829 5160 1079 5231 spiritum
1124 5159 1429 5231 principum
1475 5157 1648 5227 (Psal.
1697 5162 2013 5233 Lxxv,13):
2056 5181 2075 5213 ι
2109 5162 2176 5216 Et

594 5253 790 5309 Saulus
819 5268 942 5308 cum
971 5252 1274 5308 minaretur
1296 5261 1354 5305 ut
1382 5250 1642 5318 cederet,
1679 5270 1700 5303 ι
1734 5253 1949 5322 spirans
1983 5273 2003 5308 ι
2042 5254 2175 5309 dici-

594 5356 684 5403 tur
714 5346 854 5417 (Act.
903 5361 978 5410 ix,
1030 5344 1110 5417 Ξ).
1151 5342 1382 5413 Spiritus
1446 5358 1576 5411 ergo
1614 5344 2024 5413 foruicationum
2082 5362 2172 5401 eos

592 5442 813 5512 decepit,
843 5439 971 5510 quia
993 5437 1121 5492 dum
1169 5436 1236 5492 de
1293 5451 1391 5492 sua
1422 5437 1776 5506 perversitate
1828 5439 2171 5507 superbiunt,

595 5533 726 5588 etin
758 5530 920 5586 rebus
942 5527 1190 5599 pessimis
1214 5526 1537 5583 exsultando
1569 5528 1822 5599 gestiunt,
1860 5530 2058 5585 mentis
2080 5545 2175 5585 eos

594 5623 900 5695 reprobitas
935 5618 1342 5689 cit'cumsepsit;
1389 5620 1599 5692 decepit
1646 5620 1791 5677 enim
1842 5621 2047 5678 dictum
2070 5629 2176 5687 est,

597 5717 752 5789 quasi
783 5712 1004 5772 omnino
1045 5713 1205 5785 coepit
1235 5712 1320 5787 [[.,
1352 5713 1536 5788 cepit].
1578 5714 1655 5771 De
1684 5715 1828 5771 cnim
1867 5714 2177 5788 praepositio

2177 3092 2220 3154 ϐ
2262 3081 2282 3114 ι
2327 3062 2450 3117 ldeo
2479 3062 2890 3118 fornicabuntur
2931 3061 3055 3117 filia:
3096 3070 3310 3128 vestrae,
3340 3071 3395 3116 et
3424 3079 3649 3134 sponsae
3670 3075 3843 3120 vestra

2297 583 2459 641 Vsus.
2504 584 2592 640 13.
2622 613 2694 625 -
2723 601 2741 635 ι
2776 581 2951 653 Super
2997 582 3177 654 capita
3215 584 3483 638 montium
3551 581 3889 638 sacriﬁca-

2182 664 2249 727 ἰ
2285 676 2437 742 bant,
2489 683 2546 731 et
2605 689 2769 745 super
2824 675 2996 731 colles
3053 674 3431 731 accendebant
3494 675 3887 753 thimiama.

2229 787 2249 821 ι
2297 768 2490 823 subtus
2538 783 2826 839 quercum,
2884 777 2941 823 et
2990 770 3386 837 terebinthum,
3438 779 3495 825 et
3556 767 3885 840 populum.

2232 878 2251 911 ι
2297 858 2592 930 quiaboua
2620 867 2742 914 erat
2775 857 2964 914 umbra
2993 857 3130 928 ejus.
3170 878 3190 913 ι
3225 859 3400 930 Super
3450 859 3691 929 capita;
3728 872 3885 910 malr-

2228 951 2361 1005 tium
2389 950 2727 1017 sacrificant,
2760 950 2853 1020 qui
2918 952 3204 1023 superbias
3259 952 3491 1007 divitum
3560 950 3881 1007 imitantes

2230 1043 2475 1098 omnium
2502 1052 2687 1113 strage
2720 1042 2979 1098 vitiorum
3040 1058 3101 1099 se
3149 1051 3411 1099 mactant.
3456 1042 3692 1112 Capita
3724 1059 3879 1094 matr-

2234 1136 2384 1196 tium,
2420 1135 2473 1189 id
2521 1143 2606 1189 est
2644 1134 3051 1190 cervicositates
3108 1135 3410 1207 potentium
3464 1150 3751 1206 pauper,
3800 1146 3875 1187 νεὶ

2233 1226 2525 1282 mediocris
2545 1226 2811 1291 imitatur,
2836 1238 2893 1281 ut
2919 1228 3063 1297 quod
3094 1227 3150 1281 in
3179 1227 3283 1282 illis
3311 1227 3512 1297 opulen
3527 1228 3649 1291 tia,
3682 1229 3807 1282 hoc
3832 1229 3873 1279 in
3922 1230 3923 1297 θ

2232 1315 2320 1371 his
2371 1315 2486 1371 solo
2544 1316 2801 1387 nequitiae
2854 1317 3097 1388 appetitu
3153 1328 3367 1388 agatur.
3446 1316 3658 1387 Super
3707 1320 3868 1371 colla

2237 1409 2512 1463 thimiama
2536 1410 2876 1477 accenditur,
2926 1426 3049 1464 cum
3105 1426 3324 1467 suorum
3354 1426 3775 1482 aequaevorum
3800 1423 3869 1464 at-

2237 1512 2344 1566 que
2370 1499 2705 1568 comparium
2751 1500 3000 1569 exemplo
3025 1501 3149 1570 quis
3180 1515 3242 1557 ac
3265 1501 3311 1557 si
3345 1503 3520 1557 odore
3575 1506 3865 1573 respergi-

2241 1599 2350 1657 tur,
2383 1591 2476 1661 qui
2530 1593 2598 1646 ab
2644 1590 2836 1646 aliena:
2891 1591 3160 1661 cupidinis
3205 1591 3328 1663 igne
3378 1592 3753 1663 digreditur.
3778 1594 3863 1662 lps

2240 1697 2397 1750 super
2445 1679 2604 1735 colles
2658 1680 2984 1744 accendunt,
3041 1696 3164 1735 cum
3210 1682 3363 1751 pravi
3406 1680 3639 1735 caloris
3675 1695 3862 1736 estu-

2242 1790 2309 1830 ex
2344 1788 2533 1828 eorum
2589 1788 2690 1827 usu
2739 1787 2860 1828 sese
2899 1773 3228 1828 concitando
3275 1772 3641 1842 concipiunt.
3672 1772 3861 1827 Suém

2241 1882 2492 1938 quercum
2521 1864 2627 1920 hoc
2659 1862 2889 1928 faciunt,
2942 1877 3067 1918 cum
3112 1863 3260 1917 omni
3312 1863 3585 1919 vitiorum
3622 1880 3697 1919 se
3728 1865 3861 1917 vola-

2245 1958 2401 2014 tabro
2431 1957 2653 2027 porcina
2707 1955 3014 2011 imitatione
3066 1955 3394 2026 subjiciunt;
3422 1970 3695 2025 quercus
3727 1959 3855 2011 enim

2246 2049 2554 2121 glandifera
2589 2064 2787 2120 porcos
2815 2048 2934 2102 alit.
2966 2048 3168 2103 Subtus
3194 2047 3547 2102 terebinthum
3584 2049 3653 2102 id
3683 2049 3851 2105 efﬁcit.

2246 2145 2336 2216 qui
2365 2145 2657 2199 admodum
2688 2142 2862 2213 turpis
2892 2151 3068 2209 actus,
3097 2140 3343 2196 fteditate
3373 2142 3684 2207 submota,
3714 2144 3849 2197 monia
3904 2140 3907 2203 Τ

2246 2238 2432 2308 aliquo
2479 2236 2823 2292 accuratiore
2877 2243 2933 2289 et
2968 2233 3324 2289 familiariore
3354 2233 3689 2304 delinquit;
3728 2246 3848 2289 tere-
3922 2233 3923 2305 ξ

2246 2332 2470 2387 hinthus
2513 2331 2657 2387 enim
2717 2329 2944 2401 pulchre
2981 2344 3149 2399 opaca
3213 2330 3463 2400 gratique
3523 2331 3841 2385 odorisest.

2247 2421 2484 2493 Populus
2532 2421 2870 2476 infructuosa
2926 2418 3165 2489 quidem,
3223 2420 3318 2474 sed
3370 2419 3552 2475 ramis
3602 2420 3836 2476 eﬂ'usatt

2250 2515 2420 2568 ardua
2443 2523 2549 2579 est,
2582 2511 2772 2569 folium
2795 2527 2861 2567 ex
2891 2527 2996 2566 una
3040 2511 3352 2577 candidum,
3376 2526 3443 2567 ex
3482 2511 3681 2568 altera
3714 2529 3797 2583 par
3818 2529 3839 2566 e

2250 2606 2464 2677 nigrum
2504 2606 2733 2671 habens,
2782 2604 2901 2659 illos
2936 2604 3118 2674 'plane
3167 2603 3483 2673 significans
3544 2606 3652 2675 qui
3687 2609 3843 2674 specie

2254 2700 2482 2754 honesta
2509 2698 2803 2769 loquuntur
2827 2713 2858 2752 a
2881 2696 3043 2764 facie,
3085 2696 3181 2751 sed
3212 2696 3347 2752 alios
3376 2712 3549 2766 prava
3591 2700 3670 2752 ad
3706 2713 3841 2753 0mm

2254 2790 2456 2845 malum
2486 2790 2745 2845 suasione
2776 2789 3008 2844 latenter
3045 2788 3324 2854 afficiunt;
3366 2789 3513 2844 unde
3544 2792 3842 2860 sequitur:

2256 2880 2398 2947 Quia
2447 2881 2581 2934 bona
2621 2889 2732 2934 erat
2778 2880 2962 2934 umbra
2995 2879 3133 2949 ejus,
3172 2877 3223 2933 id
3248 2887 3335 2934 est
3359 2894 3482 2934 cum
3517 2881 3735 2949 quibus
3769 2896 3843 2934 suo

2258 2986 2354 3041 per
2400 2968 2685 3039 cujuslibet
2741 2979 2979 3025 tractatu
3021 2971 3227 3026 erroris
3254 2970 3425 3039 possit
3452 2973 3544 3042 agi
3594 2974 3839 3042 quietius.

3914 1749 3923 1779 tl

2258 3175 2279 3210 ι
2325 3157 2585 3212 adultera:
2612 3166 2792 3213 erunt.
2832 3176 2851 3211 ›
2885 3157 3024 3212 Dum
3077 3155 3308 3213 aliorum
3358 3158 3525 3214 studii
3555 3164 3844 3217 auctoritas

2248 3247 2496 3317 pudenda
2524 3248 2837 3318 respicitur,
2865 3248 2995 3314 ﬁlia:
3025 3248 3388 3315 fornicantur,
3420 3249 3546 3319 quia
3595 3266 3626 3303 a
3659 3252 3845 3306 divino
3906 3280 3913 3295 γ

2250 3340 2448 3395 robore
2501 3338 2759 3394 mollities
2808 3353 3033 3409 prorsus
3083 3339 3298 3394 interna
3353 3338 3701 3409 deponitur;
3734 3341 3843 3409 ﬁne
3906 3356 3915 3409 ε

2254 3429 2614 3497 fornicantur,
2669 3445 2794 3484 cum
2848 3430 3014 3485 corda
3064 3446 3163 3502 per
3194 3445 3253 3486 se
3288 3428 3501 3501 fragilia
3536 3431 3607 3486 de
3626 3442 3841 3486 externa
3904 3428 3907 3473 έ

2256 3524 2426 3579 etiam
2494 3522 2918 3579 labefactatione
2972 3521 3264 3577 lmduntur.
3318 3519 3539 3591 Sponsa:
3593 3523 3840 3576 adulter:

2258 3614 2417 3681 fiunt,
2450 3630 2572 3670 cum
2597 3613 2913 3669 voluntates
2933 3612 3047 3684 jam
3076 3613 3214 3668 alias
3240 3612 3464 3678 vitiatae,
3490 3611 3670 3667 multo
3703 3612 3839 3667 delc-

2262 3705 2376 3761 rius
2411 3704 2548 3760 alios
2577 3703 2890 3759 aemulando
2921 3712 3109 3757 ruunt.

2330 3797 2494 3854 Vries.
2523 3797 2611 3852 14.
2635 3828 2705 3837 -
2731 3815 2749 3847 ι
2787 3796 2903 3851 Non
2956 3794 3189 3849 visitabo
3230 3808 3393 3864 super
3446 3793 3592 3849 filias
3639 3804 3836 3848 vestras

2264 3908 2285 3944 ι
2327 3906 2449 3945 cum
2483 3889 2685 3944 fuerint
2730 3886 3033 3952 fornicatte,
3061 3896 3117 3939 et
3169 3899 3334 3954 super
3382 3898 3619 3954 sponsas
3640 3896 3836 3939 vestras

2267 4002 2287 4037 ι
2332 3998 2457 4038 cum
2502 3980 2947 4055 adulteravcrint,
2978 3977 3238 4048 quoniam
3276 3976 3376 4047 ipsi
3430 3990 3556 4031 cum
3602 3977 3834 4030 meretri-

2269 4093 2288 4128 ι
2335 4074 2489 4131 cibus
2514 4071 3001 4135 convcrsabautur,
3031 4076 3086 4124 et
3134 4083 3257 4123 cum
3286 4066 3616 4121 effeminatis
3639 4068 3831 4121 sacriﬁ-

2270 4187 2288 4220 ι
2337 4167 2566 4231 cabant,
2595 4172 2652 4219 et
2710 4161 2937 4233 populus
2996 4175 3105 4215 non
3156 4158 3468 4229 intelligens
3495 4159 3825 4227 vapulabit»

2267 4261 2439 4331 Super
2463 4260 2605 4329 ﬁlius
2635 4270 2756 4327 qua:
2785 4254 3128 4310 fornicantur
3167 4254 3309 4308 Deus
3350 4266 3458 4305 non
3483 4251 3688 4318 Visitat,
3723 4267 3827 4306 cum

2268 4362 2466 4417 status,
2494 4349 2586 4421 qui
2617 4348 2770 4418 quasi
2818 4346 2887 4401 ab
2945 4345 3263 4417 integritate
3291 4343 3715 4414 devirginantur,
3752 4360 3827 4413 per

2271 4532 2480 4605 flagello
2505 4530 2755 4600 castigat,
2798 4528 2939 4584 idem
2967 4527 3034 4583 de
3078 4526 3315 4592 filiabus,
3354 4526 3455 4581 hoc
3500 4526 3564 4581 de
3613 4528 3823 4595 sponsis.

2271 4622 2399 4678 Cum
2429 4619 2786 4676 meretricibus
2813 4625 3232 4682 conversantur,
3285 4632 3517 4687 quorum
3564 4618 3723 4672 corda
3754 4634 3825 4671 ξοδ

2268 4715 2372 4770 lius
2398 4714 2578 4786 pretio
2604 4711 2903 4782 voluptatis
2927 4710 2994 4764 ad
3018 4726 3180 4765 omne
3204 4708 3467 4779 flagitium
3488 4721 3822 4778 exponuntur.

2269 4808 2376 4861 Aut
2405 4804 2569 4876 194
2591 4812 2739 4859 certe
2778 4818 2895 4855 cum
2926 4801 3283 4856 meretricibus
3327 4812 3709 4855 couvasautur
3729 4803 3825 4868 qur

2274 4894 2375 4948 bus
2403 4890 2745 4962 potissimum
2775 4887 3068 4957 cupiditas,
3104 4895 3159 4941 et
3213 4886 3430 4941 luxuria
3482 4886 3822 4940 dominantur.

2275 4982 2408 5037 Cum
2452 4981 2768 5052 effeminatis
2827 4977 3164 5041 sacriﬁcant,
3224 4977 3313 5046 qui
3371 4982 3616 5045 expertes
3668 4992 3692 5028 a
3743 4975 3821 5027 Dei

2276 5073 2425 5129 verbi
2450 5071 2677 5134 semine,
2702 5081 2757 5125 et
2779 5070 2846 5124 ad
2870 5068 3159 5123 femineam
3190 5068 3471 5122 mollitiem
3499 5065 3677 5135 ejurati
3716 5081 3820 5120 sese

2276 5164 2431 5234 quasi
2481 5161 2733 5217 victimas
2782 5160 3065 5216 diabolica:
3147 5158 3412 5213 voluntati
3473 5166 3815 5212 consternunt.

2277 5256 2513 5325 Pupulus
2538 5270 2643 5308 non
2669 5253 2962 5323 intelligens
3005 5251 3245 5322 vapulat,
3305 5251 3432 5321 quia
3486 5250 3720 5320 cogitatio
3750 5250 3818 5303 in-

2278 5350 2512 5405 discreta
2539 5347 2736 5403 mentis
2780 5344 3123 5416 superficiem
3150 5345 3403 5399 vitiorum
3447 5342 3608 5414 plagis
3631 5342 3818 5399 exulce-

2280 5450 2515 5585 rati/rus.
2543 5528 2631 5594 l5,
2661 5526 2746 5582 lli.
2775 5557 2845 5565 —
2875 5545 2892 5576 ι
2924 5525 2980 5581 Si
3037 5526 3349 5590 fornicaris,
3395 5535 3449 5580 tu
3510 5524 3675 5591 Israel,
3724 5542 3811 5580 non

2289 5644 2307 5677 ι
2352 5623 2631 5692 delinquat
2654 5619 2846 5675 saltem
2882 5617 3039 5673 Juda.
3091 5638 3109 5671 ›
3142 5617 3297 5685 Quod
3330 5626 3413 5673 est
3440 5617 3641 5673 dicere:
3669 5616 3718 5671 Si
3747 5627 3807 5677 tu,

2285 5732 2318 5772 0
2347 5715 2579 5772 carnalis
2603 5712 2851 5781 affectus,
2879 5728 2975 5784 per
3002 5712 3219 5769 illicitas
3256 5711 3807 5799 evagatiouesdltorum
