3952 6360
102 391 235 451 ’561

808 382 1271 445 τηοροιοδιιε
1298 384 1366 441 IN
1405 381 1600 450 OSEE,
1638 376 1761 436 ΑΜ(

1868 380 1952 435 ΕΤ
2002 381 2143 439 JER.
2175 412 2243 428 -ι
2281 386 2407 445 LIB.
2447 386 2484 445 Ι.
2523 386 2587 445 ΙΝ
2611 387 2803 447 OSEE.

3335 391 3443 454 363

107 500 362 557 divina:
392 497 701 555 dilectionis
726 499 1113 565 commaculas,
1161 498 1287 552 vide
1324 505 1501 552 tamen
1550 512 1617 551 ne
1645 496 1758 552 suf-
1786 502 1833 559 A
1858 500 2261 558 simulationem
2306 503 2421 571 ejus
2444 512 2755 576 protegunt,
2782 504 2909 560 dum
2931 505 3175 563 velamen
3206 508 3256 564 ei
3284 512 3441 567 mali-

107 587 370 661 fugiunt
419 598 768 658 peccatorum
821 600 1037 645 tuorum
1105 587 1466 645 confessionis
1515 588 1753 646 amittas.

1861 595 1948 649 tite
1986 605 2284 665 opponunt,
2345 604 2400 651 et
2450 606 2778 667 componere
2839 596 3094 669 gestiunt,
3143 598 3292 670 justo
3341 599 3440 658 Dei

123 699 148 731 ι
211 682 296 735 Ει
342 682 512 737 nolite
539 682 748 752 ingredi
803 683 857 737 in
916 682 1161 751 Galgala,
1208 691 1262 737 et
1301 695 1370 735 ne
1400 680 1755 739 ascenderitis
1851 681 2055 752 judicio
2085 683 2202 753 ejus
2228 685 2515 755 iniquitate
2563 695 2769 743 retecta
2817 697 3070 759 patenter
3104 693 3437 764 ostenditur,

121 792 145 823 ι
206 770 617 839 ἰιιΒῡιΙιαιέιι,
654 790 827 845 neque
869 774 1190 845 jnraveritis
1226 788 1241 828 :
1291 774 1433 830 Vivit
1470 774 1754 831 Dominus.

120 882 148 915 ι
204 864 508 930 Quoniam
565 865 710 919 sicut
764 881 927 921 vacca
1008 864 1299 919 lasciviens
1373 864 1758 921 declinavitls-

122 974 148 1006 ‹
207 955 372 1009 rael.
426 974 444 1006 ι
479 953 544 1008 In
582 954 809 1025 Galgala
863 956 1188 1025 ingreditur,
1226 956 1316 1023 qui
1356 956 1633 1024 spurcitiis
1662 952 1759 1009 Ila-

119 1048 425 1118 gitiorum
477 1046 815 1110 intruditur;
878 1046 1099 1117 Galgala
1161 1062 1353 1113 nempe
1428 1046 1758 1101 volutabrum

120 1138 581 1206 interpretatur.
610 1132 675 1189 In
731 1134 997 1190 Bethaven
1038 1137 1377 1201 ascenditur,
1428 1144 1553 1191 cum
1606 1153 1759 1195 mens

124 1225 504 1296 arrogantiae
558 1224 728 1279 titulis
790 1223 1114 1294 insignitur;
1172 1223 1451 1280 Betbiven
1522 1241 1759 1296 namque

127 1309 583 1370 domusinutilis
642 1314 862 1377 dicitur,
914 1326 969 1369 et
1020 1314 1153 1386 quid
1198 1315 1444 1371 inutilius
1465 1328 1625 1387 quam
1648 1326 1760 1372 suie

134 1403 342 1474 ipsius
373 1404 719 1461 conscientiae
775 1404 1167 1473 turpitudinem
1225 1417 1333 1458 non
1375 1405 1579 1470 videre,
1616 1415 1671 1461 et
1701 1418 1761 1462 se

132 1494 400 1550 aliorum
431 1496 745 1565 aspectibus
789 1495 1102 1565 spectaculo
1144 1493 1281 1550 velle
1304 1497 1459 1551 esse?
1502 1495 1634 1551 Vivit
1663 1512 1761 1551 au-

136 1588 265 1639 tem
297 1587 584 1650 Dominus,
634 1584 786 1651 jurat
812 1587 1058 1656 quisquis
1085 1599 1183 1656 per
1203 1587 1537 1657 hypocrisin]
1572 1587 1759 1642 Domi-

141 1693 294 1732 num
340 1678 397 1731 in
438 1693 496 1732 se
530 1678 732 1742 vivere,
766 1679 1025 1735 adhibitis
1053 1680 1224 1735 etiam
1274 1679 1599 1750 quibusdam
1628 1695 1759 1749 ope-

138 1767 317 1821 ribus
340 1768 595 1837 perhibet
637 1777 693 1823 et
718 1768 1028 1823 confirmat.
1053 1769 1247 1825 Jurare
1279 1784 1411 1841 ergo
1461 1767 1593 1824 Vivit
1648 1770 1760 1824 Do-

135 1860 333 1914 minus
374 1860 727 1930 prohibetur,
756 1863 1005 1932 quoniam
1032 1864 1166 1916 sicut
1191 1879 1348 1917 vacca
1371 1862 1643 1917 lasciviens
1665 1861 1752 1918 ls-
1787 1844 1834 1907 Β

135 1954 264 2007 rue!
300 1950 633 2020 declinatur,
665 1955 790 2024 quia
824 1954 1018 2009 merito
1051 1962 1105 2011 et
1152 1958 1469 2021 ascendere,
1498 1967 1552 2011 et
1589 1957 1756 2011 vitam

140 2062 324 2114 quam
362 2062 474 2100 non
516 2046 682 2101 habet
717 2046 818 2100 sibi
852 2048 1171 2115 promittere
1217 2057 1450 2113 velatur,
1483 2050 1572 2116 qui
1602 2049 1758 2103 incli-

144 2152 297 2191 nare
333 2136 480 2191 sicut
511 2151 683 2206 equus
712 2146 767 2192 et
792 2136 970 2192 mulus
1020 2153 1115 2191 sua
1148 2136 1318 2191 latera
1349 2140 1757 2207 comprobatur.

154 2247 176 2280 ι
228 2229 396 2283 Νηηο
419 2238 610 2300 pascet
641 2244 734 2285 eos
759 2230 1040 2294 Dominus,
1072 2229 1226 2300 quasi
1260 2245 1458 2298 agnum
1496 2230 1549 2283 in
1576 2229 1762 2283 latitu-

154 2341 173 2371 ι
227 2321 386 2374 dine.
427 2338 446 2372 ι
482 2318 742 2374 Dominus
782 2328 965 2373 tamen
990 2319 1148 2374 modo
1169 2336 1254 2373 eos
1284 2320 1480 2390 pascit,
1506 2334 1627 2373 cum
1665 2330 1763 2387 per

148 2414 483 2484 Seripturas
521 2429 616 2469 eos
669 2414 722 2468 in
767 2415 1025 2484 praesenti
1074 2416 1279 2469 erudit.
1308 2415 1473 2483 Quasi
1511 2431 1682 2486 agnus
1706 2414 1761 2469 in

151 2510 445 2563 latitudine
469 2519 785 2579 pascuntur,
818 2523 942 2563 cum
976 2508 1139 2562 latam
1172 2509 1315 2562 viam
1356 2509 1761 2580 spatiosamque

154 2600 387 2673 (Matth.
416 2617 515 2665 vn,
561 2600 645 2661 I3)
676 2610 969 2667 sectantes,
1001 2601 1172 2654 instar
1203 2600 1501 2655 electorum
1527 2606 1582 2655 et
1605 2601 1760 2656 inno-

155 2695 427 2759 centium,
457 2708 614 2748 sacro
636 2692 851 2762 eloquio
900 2693 1298 2758 obversantur;
1327 2691 1471 2746 unde
1496 2697 1551 2745 et
1578 2691 1761 2761 sequi-

161 2795 260 2840 tur
292 2802 307 2837 :

239 2877 409 2933 Vens.
446 2875 530 2931 l7.
560 2904 631 2918 ι-
667 2897 684 2926 ι
724 2875 1000 2946 Particeps
1060 2876 1330 2931 idolorum
1389 2876 1647 2947 prraim
1679 2875 1761 2931 di-

170 2987 189 3019 ι
241 2970 400 3024 mitte
421 2985 565 3023 eum.
612 2988 630 3021 ι
658 2968 917 3037 Ephraim
947 2969 1339 3038 interpretatur
1365 2967 1619 3038 frugifer;
1644 2963 1761 3021 fru-

163 3058 340 3125 gifera
395 3068 577 3112 autem
622 3059 823 3112 dicitur
849 3055 1103 3113 voluntas
1130 3068 1339 3123 nostra,
1364 3070 1485 3128 qua:
1522 3059 1761 3114 semina-

167 3150 312 3202 rium
343 3164 409 3202 ex
437 3149 632 3219 spiritu
663 3147 961 3218 accipiens,
1006 3163 1146 3202 uxor
1193 3158 1379 3205 nostra
1405 3148 1466 3202 fit
1497 3148 1762 3205 in‘lateri—
1788 3188 1829 3247 Ο

169 3239 273 3293 bus
293 3239 488 3314 domus
516 3248 734 3304 nostrae,
795 3247 1054 3307 tanquam
1086 3239 1212 3295 vitis
1263 3238 1548 3294 abundans
1581 3238 1756 3310 (Paul.

174 3343 384 3393 cum,
420 3330 497 3398 '5).
537 3328 595 3383 Is
640 3329 920 3399 Ephraim,
965 3327 1019 3383 id
1064 3338 1147 3383 est
1194 3329 1449 3385 voluntas
1490 3329 1762 3398 particeps

180 3418 445 3473 idolorum
469 3430 573 3485 est,
599 3421 724 3475 dum
773 3434 874 3489 pro
926 3418 1177 3474 aﬂ‘ectata
1226 3418 1386 3475 laude
1416 3428 1470 3474 et
1515 3419 1761 3475 saectdari

183 3511 589 3581 exspectatione
634 3510 734 3567 soli
790 3511 1147 3566 ostentationi
1199 3526 1367 3581 prona
1407 3521 1522 3577 est;
1556 3513 1760 3570 idolum

181 3616 415 3672 namque
444 3604 677 3671 speciem
706 3602 943 3658 hominis
975 3603 1159 3667 habet,
1192 3603 1286 3657 sed
1333 3603 1497 3658 homo
1524 3620 1628 3657 non
1656 3611 1758 3671 est,

184 3694 279 3747 sed
325 3703 502 3749 tamen
554 3695 727 3749 multo
773 3694 1020 3749 ornatius
1066 3691 1288 3747 homine
1335 3703 1437 3747 est.
1486 3692 1759 3764 Particeps

185 3798 311 3855 ergo
332 3786 591 3840 idolorum
640 3794 723 3839 est
760 3785 889 3840 dum
935 3783 1190 3838 voluntas
1244 3783 1297 3838 id
1320 3782 1490 3837 videri
1515 3783 1760 3840 exterius

184 3875 412 3942 allectat,
443 3876 585 3945 quod
638 3891 744 3930 non
803 3875 857 3928 in
912 3890 972 3927 re
1013 3875 1108 3930 sed
1164 3874 1216 3928 in
1272 3874 1583 3929 extrinseco
1611 3876 1759 3930 cultu

184 3977 429 4039 praestat,
470 3967 556 4023 cui
596 3968 724 4022 illud
760 3962 1041 4022 Zachariae
1084 3976 1347 4022 consonat
1377 3982 1389 4019 :
1432 3984 1450 4017 t
1481 3965 1524 4021 Ο
1551 3976 1755 4036 pastor,

185 4061 369 4131 inquit,
421 4075 455 4115 ο
513 4060 712 4115 idolum
764 4059 1149 4130 derelinquens
1195 4046 1415 4129 gregem
1458 4052 1645 4135 (Zaclt.
1675 4075 1757 4124 ‘ll,

189 4155 291 4227 17).
321 4173 338 4206 ι
373 4153 582 4209 Dicitur
622 4168 754 4222 ergo
800 4151 971 4216 ludat,
1022 4152 1074 4207 id
1125 4159 1209 4206 est
1256 4150 1358 4220 piae
1403 4149 1759 4207 confessionis

188 4255 305 4299 voto
330 4253 385 4299 ut
406 4245 649 4300 dimittat
671 4261 810 4309 eum,
845 4243 973 4315 quia
1022 4242 1181 4298 valde
1221 4238 1438 4297 dillicile
1467 4250 1521 4297 et
1564 4241 1760 4297 insoli-

191 4343 294 4389 tum
336 4343 414 4389 est
457 4345 515 4389 ut
550 4350 712 4405 quem
773 4332 1125 4389 simulacrum
1167 4340 1331 4387 tanta:
1382 4331 1759 4402 pompositatis

196 4423 485 4489 inverterit,
522 4423 788 4494 pudendae
815 4422 1042 4492 alicujus
1073 4416 1172 4483 rei,
1221 4422 1265 4474 si
1299 4420 1438 4491 apud
1492 4435 1550 4474 se
1570 4419 1757 4485 lateat,

1859 773 1985 844 quia
2012 789 2121 829 non
2152 774 2343 828 honori
2379 787 2519 842 eam,
2550 777 2645 831 sed
2687 778 2998 848 ignominiaa
3023 781 3330 839 coluerunt.

1930 865 2094 921 Vens.
2132 864 2222 919 I9.
2250 894 2323 904 ——
2346 883 2366 917 ι
2411 864 2627 936 Ligav-it
2655 883 2781 923 eum
2813 870 3038 939 spiritus
3086 872 3140 927 in
3178 874 3279 930 alis
3302 875 3435 943 suis,

1865 974 1885 1010 ι
1927 965 1982 1011 et
2012 956 2412 1012 confundentur
2438 973 2467 1011 a
2495 955 2779 1014 sacrificiis
2803 962 2936 1017 suis.
2973 982 2993 1016 ι
3033 962 3266 1034 Spiritus
3297 985 3439 1038 eum,

1859 1048 1913 1104 id
1936 1059 2020 1105 est
2044 1050 2323 1119 Ephraim,
2353 1050 2408 1104 in
2440 1050 2541 1105 alis
2592 1053 2702 1106 suis
2730 1052 2882 1124 ligat,
2926 1070 3048 1111 cum
3080 1074 3212 1113 aura
3248 1075 3442 1129 super-

1859 1139 1980 1219 biat,
2018 1141 2083 1197 de
2107 1157 2209 1211 qua
2240 1158 2404 1212 supra
2429 1138 2667 1199 diximus
2687 1185 2702 1211 ,
2732 1146 3067 1203 voluntatem
3102 1152 3248 1206 omni
3279 1164 3445 1211 vento

1858 1230 2232 1287 circumlatam
2256 1232 2461 1289 levitati
2497 1249 2609 1290 suae
2641 1236 2941 1306 accepulat.
2985 1236 3102 1292 Non
3130 1242 3276 1296 enim
3315 1243 3447 1300 hos-

1859 1336 1956 1391 pes
1985 1337 2115 1377 suus
2143 1322 2454 1392 superbiam
2490 1324 2695 1389 ductat,
2729 1326 2823 1380 sed
2855 1324 2971 1395 ipsa
3000 1342 3441 1399 quaquaversum

1860 1411 2115 1477 voluerit,
2151 1426 2275 1467 cum
2304 1412 2423 1482 ipso
2450 1413 2826 1479 circumvolat,
2872 1424 2928 1470 et
2966 1417 3087 1472 ideo
3107 1435 3139 1471 a
3165 1419 3445 1486 sacriﬁciis

1861 1502 2284 1571 confunduntur,
2338 1504 2464 1574 quia
2494 1518 2560 1559 ex
2613 1519 2679 1561 eo
2720 1506 2864 1575 quod
2893 1521 2951 1563 se
2986 1508 3321 1564 daemonibus
3345 1520 3446 1579 per

1859 1591 2088 1648 crimina
2137 1608 2366 1664 quaeque
2418 1586 2735 1661 eoneidunt,
2785 1597 2913 1652 dum
2976 1598 3257 1656 elevarise
3296 1600 3445 1657 aesti-

1865 1692 2034 1752 mant,
2056 1686 2362 1755 praecipites
2384 1686 2656 1744 feruntur.

2518 1843 2744 1902 CAPUT
2782 1842 2847 1901 ν.

1930 1949 2095 2011 Vens.
2118 1957 2169 2021 1,
2197 1956 2251 2009 2.
2282 1988 2353 1997 -
2387 1975 2407 2007 ‹
2448 1957 2645 2013 Audite
2672 1960 2797 2025 hoc,
2823 1958 3154 2027 sacerdotes,
3180 1964 3235 2014 et
3264 1966 3446 2014 atten-

1866 2063 1884 2095 |
1931 2046 2061 2107 dite,
2087 2046 2278 2101 domus
2305 2046 2495 2111 Israel,
2552 2056 2609 2102 et
2655 2049 2847 2102 domus
2897 2049 3063 2116 regis,
3112 2048 3442 2114 auscultate,

1868 2152 1885 2184 ι
1933 2132 2061 2201 quia
2108 2134 2265 2188 vobis
2311 2134 2575 2205 judicium
2616 2142 2718 2200 est,
2772 2136 3027 2204 quoniam
3051 2135 3275 2205 laqueus
3317 2132 3449 2192 facti

1869 2243 1888 2276 ί
1930 2224 2063 2280 estis
2083 2222 2458 2295 spcculationi,
2478 2233 2535 2281 et
2561 2234 2673 2281 rete
2693 2238 2991 2296 expansum
3017 2240 3178 2297 super
3207 2227 3447 2283 Thabor.

1868 2337 1886 2369 ι
1934 2316 2335 2373 Et‘declinastis
2360 2317 2611 2373 victimas
2651 2319 2703 2373 in
2726 2315 3076 2388 profundum,
3101 2328 3156 2374 et
3184 2333 3287 2390 ego
3316 2334 3447 2374 eru-

1869 2430 1887 2463 ι
1933 2411 2078 2466 diter
2096 2411 2337 2467 omnium
2362 2426 2571 2466 eorum.
2603 2428 2621 2463 ι
2662 2410 2757 2467 Dei
2810 2425 2992 2466 sermo
3018 2414 3332 2469 sacerdotes
3353 2428 3452 2468 au-

1864 2503 1979 2557 dire
2001 2513 2175 2573 rogat,
2214 2518 2320 2558 non
2353 2501 2487 2557 alios
2531 2501 2691 2571 plane
2723 2515 2889 2572 quam
2936 2516 3074 2571 quos
3100 2496 3305 2558 ironice
3325 2519 3451 2573 pra-

1862 2606 2083 2651 tectores
2121 2604 2249 2650 ante
2276 2603 2519 2661 vocarat,
2542 2609 2606 2650 eo
2641 2593 2786 2650 enim
2808 2594 2969 2650 modo
2992 2604 3099 2665 quo
3133 2602 3447 2666 protegunt,

1862 2700 1967 2740 non
1997 2700 2239 2748 sacrum,
2287 2685 2383 2740 sed
2436 2684 2827 2741 exsecrabilem
2876 2685 3054 2739 solent
3101 2684 3264 2739 etiam
3311 2700 3451 2755 prae-

1862 2774 1993 2831 bere
2018 2776 2297 2831 ducatum.
2337 2775 2538 2831 Domus
2599 2772 2763 2832 etiam
2819 2772 2992 2830 Israel
3054 2775 3362 2843 attendere,
3396 2782 3449 2830 et

1862 2868 2050 2922 domus
2081 2869 2216 2938 regis
2268 2867 2578 2923 auscultare
2615 2860 2858 2938 jubetur,
2892 2874 2951 2923 ut
2978 2861 3339 2922 affectualitas
3371 2867 3452 2922 in-

1864 2959 2162 3014 tentionem
2194 2960 2451 3030 dit-igere,
2500 2967 2554 3016 et
2579 2960 2718 3014 ratio
2768 2975 2891 3014 cum
2950 2958 3063 3014 suis
3092 2955 3327 3015 mutibus
3357 2957 3452 3015 ob.

1865 3057 2176 3120 temperare
2224 3060 2532 3105 moneatur.
2595 3047 2749 3105 Vobis
2792 3046 2937 3106 enim
2969 3047 3232 3120 judicium
3275 3061 3371 3119 est,
3398 3049 3452 3107 id

1864 3150 1947 3195 est
1970 3150 2205 3195 vestrum
2254 3142 2398 3211 quod
2429 3141 2552 3197 dico
2602 3143 2913 3198 discernere
2943 3153 3046 3198 est.
3075 3141 3312 3215 Laqueus
3336 3161 3453 3214 spe-

1863 3231 2116 3288 culationi
2140 3231 2295 3295 fluat,
2333 3234 2459 3287 dum
2516 3233 2777 3303 quidquid
2824 3249 2921 3303 per
2969 3231 3451 3302 intelligentimra‘

1865 3319 2013 3374 dium
2042 3320 2395 3390 contemplari
2429 3323 2495 3376 de
2525 3321 2759 3377 internis
2787 3331 3055 3392 poterant,
3101 3322 3294 3379 nebula
3325 3340 3452 3393 pro.

1865 3408 2088 3464 tliscuae
2144 3411 2494 3480 cogitationis
2529 3412 2840 3468 occludunt.
2879 3413 3097 3468 Thabor
3128 3414 3454 3486 interpreta-

1868 3508 1956 3554 tur
1981 3500 2187 3555 veniens
2224 3501 2425 3567 lumen,
2470 3509 2525 3555 et
2572 3502 2716 3572 quod
2737 3505 2933 3565 lumen,
2962 3503 3065 3558 nisi
3104 3505 3249 3574 quod
3286 3520 3453 3574 super

1864 3606 1965 3645 nos
1995 3604 2062 3645 ex
2090 3592 2182 3645 Dei
2213 3591 2363 3647 vultu
2417 3591 2740 3662 insignitur?
2775 3593 2837 3648 Et
2860 3595 3002 3650 unde
3049 3595 3214 3661 venit,
3250 3595 3352 3652 nisi
3386 3595 3454 3650 ab

1864 3696 1929 3737 eo
1973 3683 2064 3752 qui
2122 3682 2393 3738 illuminat
2440 3700 2656 3739 omnem
2708 3684 2980 3740 hominem
3036 3686 3345 3741 venientem
3397 3686 3453 3740 in

1862 3774 2004 3831 hunc
2024 3776 2284 3831 mundum
2320 3776 2504 3845 (Joan.
2536 3794 2573 3841 I,
2597 3779 2676 3846 9.)
2710 3779 2733 3831 ‘l
2763 3776 2930 3848 Super
2958 3776 3167 3832 Tltabor
3188 3791 3315 3850 ergo
3350 3788 3456 3832 rete

1860 3870 2206 3942 expanditur.
2238 3886 2360 3926 cum
2392 3887 2557 3942 super
2605 3866 2885 3927 luciferam
2916 3873 3186 3928 rationem
3216 3871 3455 3927 humana

1862 3960 2077 4030 ingenia
2106 3971 2500 4030 praetexuntur,
2547 3972 2600 4017 et
2628 3978 2697 4017 ex
2744 3977 2808 4018 eo
2833 3964 2975 4034 quod
3003 3958 3223 4019 veritati
3254 3978 3454 4035 specu-

1862 4050 2037 4107 Ianthe
2074 4053 2340 4108 inservire
2368 4054 2655 4120 debuerat,
2679 4055 3041 4125 suggillationi
3075 4056 3451 4126 proximorum

1861 4144 2117 4199 insistere
2159 4146 2320 4200 homo
2350 4152 2531 4215 parat.
2592 4146 2725 4200 Rete
2789 4145 2935 4200 et-itn
2986 4147 3129 4216 quod
3174 4146 3456 4217 capiendis

1860 4234 2177 4292 volucribus
2201 4251 2265 4291 ac
2291 4236 2485 4292 bestiis
2509 4236 2820 4303 conficitur,
2858 4252 2955 4306 pro
2982 4237 3190 4292 fraudis
3220 4237 3455 4292 artificio

1862 4328 2152 4401 aliquoties
2201 4330 2445 4399 ponitur.
2515 4327 2668 4383 Unde
2714 4337 2797 4383 est
2849 4327 2990 4399 apud
3016 4326 3211 4381 Isaiam
3246 4344 3258 4380 :
3294 4345 3311 4378 ‹
3352 4328 3455 4381 Ex-

1862 4422 2164 4491 pandentes
2214 4431 2331 4478 rete
2388 4434 2553 4490 super
2622 4417 2819 4473 ﬂumen
2872 4426 3251 4473 emarcescent
3304 4415 3453 4487 (Isa.

196 4515 457 4572 confessor
483 4530 605 4571 esse
630 4514 780 4570 velit.
807 4511 1013 4567 Dimitti
1045 4528 1174 4582 ergo
1197 4508 1415 4580 iubetur
1440 4510 1531 4580 qui
1558 4508 1756 4564 imitari
1800 4529 1842 4583 ι)
1868 4528 1983 4578 xix,
2016 4512 2092 4582 8).
2138 4531 2157 4563 ι
2208 4510 2478 4582 Expandit
2511 4518 2626 4565 rete
2665 4524 2827 4577 super
2862 4508 3063 4563 flumen
3103 4509 3192 4576 qui
3225 4508 3278 4563 in
3309 4509 3456 4565 curis

197 4609 517 4680 prohibetur.

267 4702 417 4756 Vens.
452 4698 535 4755 I8.
564 4727 637 4741 ——
661 4718 680 4751 ‹
711 4697 1033 4768 Separatum
1064 4705 1150 4753 est
1192 4695 1501 4752 convivium
1549 4706 1761 4761 eorum,

204 4812 219 4845 ι
264 4792 607 4847 fornicatione
659 4789 913 4845 fornicati
983 4794 1133 4854 sunt,
1207 4784 1517 4842 dilexerunt
1566 4782 1765 4839 afferre

205 4904 222 4937 ι
264 4883 605 4957 ignominiam
632 4890 969 4952 protectores
1006 4879 1141 4948 ejus.
1178 4898 1195 4930 ›
1227 4877 1532 4933 Convirium
1560 4888 1763 4943 eorum,

203 4978 248 5033 id
291 4986 384 5043 est,
434 4974 844 5047 hypocritarum
908 4979 1214 5040 separatur,
1267 4969 1391 5038 quia
1421 4968 1607 5039 iniquo
1638 4983 1765 5038 per-

203 5065 412 5120 maxime
438 5066 587 5135 pasci
618 5064 811 5126 solent,
858 5059 1058 5116 favoris
1091 5061 1297 5115 scilicet
1321 5061 1536 5117 externi
1568 5059 1765 5131 gratia,

205 5172 314 5241 raro
339 5157 403 5211 ab
422 5153 735 5211 hominibus
757 5148 1204 5221 deprehenditur.
1243 5148 1310 5204 Et
1363 5150 1483 5205 ideo
1536 5150 1764 5219 fornica-

207 5235 709 5313 tionelornicantur,
763 5244 891 5314 quia
947 5258 1135 5298 eorum
1192 5242 1420 5297 interior
1464 5235 1774 5312 corruptio,

209 5338 339 5409 cujus
363 5339 559 5394 duritia
593 5354 690 5408 per
744 5336 1091 5391 iterationem
1144 5328 1389 5387 nominis
1427 5331 1769 5402 designatur,

212 5442 340 5487 tanto
360 5432 539 5487 acrius
566 5430 846 5493 coalescit,
875 5437 930 5483 et
990 5434 1140 5481 tanto
1183 5422 1540 5480 incurabilior
1580 5423 1771 5478 delite-

214 5524 712 5593 scil,quantominus
738 5522 993 5593 humanis
1025 5520 1275 5576 sensibus
1306 5514 1616 5572 inualescit.
1636 5514 1770 5570 Nam

214 5614 251 5670 si
291 5616 664 5680 innotesceret,
709 5613 891 5683 aliquo
938 5613 1098 5668 citius
1144 5611 1305 5666 modo
1351 5624 1495 5663 curae
1538 5615 1767 5679 pateret.

218 5705 906 5780 Ignominiam.protectores
952 5704 1067 5775 ejus
1101 5703 1293 5772 a/Ierre
1345 5700 1596 5772 diligunt,
1643 5710 1767 5752 cum

221 5799 423 5856 carnalis
477 5797 594 5868 eius
644 5800 857 5855 astutiae
926 5801 1127 5864 mutus,
1189 5796 1280 5867 qui
1334 5810 1399 5851 ne
1443 5804 1772 5865 agnoscatur

588 5917 853 5977 Pauor.
886 5913 1097 5976 CLVI.

1872 4602 2033 4671 hujus
2093 4603 2301 4668 saaculi,
2351 4617 2508 4657 suam
2554 4615 2813 4656 exercere
2843 4598 3096 4671 proponit
3124 4598 3283 4672 195
3305 4608 3457 4655 astu-

1871 4694 2025 4749 tiam.
2077 4691 2211 4747 Nota
2272 4691 2697 4762 speculationem
2764 4706 2869 4746 non
2930 4689 3074 4744 illam
3126 4689 3296 4748 solam
3349 4690 3456 4748 dici

1867 4803 1989 4858 qua:
2018 4785 2193 4841 fertur
2219 4785 2272 4840 in
2317 4785 2512 4852 Deum,
2550 4786 2643 4840 sed
2689 4783 2856 4839 etiam
2889 4799 3011 4838 eam
3058 4799 3178 4855 quae
3217 4786 3455 4855 pertinet

1870 4878 1937 4934 ad
1964 4877 2436 4950 contemplandam
2469 4878 2779 4941 veritatem,
2818 4888 2874 4932 et
2921 4876 3212 4947 spirituum
3247 4877 3455 4933 discreo

1872 4974 2097 5028 tionem.
2124 4972 2369 5028 Victima:
2394 4972 2447 5025 in
2476 4972 2800 5042 profundunt
2840 4971 3206 5039 declinantur,
3240 4986 3363 5025 cum
3395 4967 3451 5024 hi

1871 5065 1969 5135 qui
2010 5079 2070 5119 se
2111 5063 2329 5119 diabolo
2373 5079 2469 5134 per
2497 5061 2697 5133 flagitia
2746 5077 2977 5135 quaeque
3024 5066 3452 5131 prostraverant,

1871 5157 2063 5227 pravis
2095 5154 2444 5211 suasionibus
2482 5155 2534 5208 in
2561 5153 2958 5224 desperationis
2984 5150 3324 5215 barathrum,
3359 5163 3453 5204 seu

1872 5246 2247 5301 obdurationis
2275 5241 2637 5315 deponuntur,
2670 5257 2832 5312 super
2856 5256 2994 5312 quos
3018 5240 3164 5309 putei
3188 5254 3270 5307 os,
3299 5238 3452 5307 juxta

1872 5335 2242 5400 Psalmistam,
2271 5342 2496 5404 urgetur
2517 5332 2690 5402 (I’sal.
2722 5347 2913 5394 t.xvttt,
2936 5331 3044 5398 I6).
3080 5330 3143 5385 Et
3168 5330 3308 5385 Deus
3332 5346 3454 5384 eru-

1873 5429 2012 5482 ditar
2055 5427 2287 5482 omnium
2336 5442 2517 5481 eorum
2556 5436 2661 5489 est,
2712 5423 2839 5478 dum
2874 5424 2962 5492 qui
3013 5437 3070 5478 se
3104 5422 3453 5479 abscondata

1873 5520 2052 5573 calore
2080 5512 2196 5587 ejus
2222 5531 2327 5571 non
2352 5525 2436 5572 est
2462 5515 2634 5587 (l’sal.
2674 5528 2834 5579 xvm,
2865 5514 2943 5583 7),
2970 5516 3063 5569 sed
3098 5513 3360 5584 nequitia,
3397 5511 3475 5593 in,

1874 5627 1978 5679 qua
2009 5609 2356 5678 impudenter
2403 5606 2622 5662 olfocari
2676 5606 2949 5672 videntur,
3004 5605 3333 5661 sciutillante
3357 5617 3457 5658 ste-

1874 5704 1997 5775 pius
2022 5701 2253 5765 ratione,
2287 5699 2639 5768 sibimetipsis
2681 5696 2910 5753 obscura
2944 5704 3175 5759 nonest,
3211 5708 3458 5766 quocun-

1878 5808 1982 5865 que
2023 5792 2168 5847 enim
2230 5791 2387 5846 modo
2446 5800 2786 5858 avertamur,
2830 5790 2967 5845 mala
3009 5804 3102 5844 sua
3155 5789 3207 5842 in
3258 5784 3458 5855 quibus

3105 5901 3178 5960 1'2
