3952 6360
177 460 288 517 563

798 440 1259 515 nimbata:
1302 448 1366 503 ιχ
1396 447 1591 517 osse,
1633 440 1820 507 AMOS
1862 446 1949 505 ET
1986 440 2129 506 ten.
2167 479 2236 491 -
2273 442 2403 507 Lm.
2438 444 2503 508 ιι.
2534 441 2600 508 1N
2647 440 2845 508 OSEE.
3358 442 3459 505 acts

188 594 3454 632 ww

1268 730 1682 853 LIBER
1760 726 2547 879 SECUNDUS.

559 977 1597 1084 TROPOLOGIABUM
1679 973 1805 1071 IN
1874 976 2177 1073 "OSEE
2252 974 3140 1073 CONTINUATIO.

188 1354 191 1361 ι
255 1322 338 1379 Ad
359 1325 578 1378 beatum
599 1312 743 1377 Osee
766 1318 1044 1375 meraliter
1060 1308 1436 1389 exponendum
1456 1330 1560 1372 non
1584 1316 1766 1370 scien-
1795 1302 1842 1360 Α
1872 1314 2134 1386 quidquid
2176 1314 2230 1372 in
2278 1325 2467 1374 nostra
2506 1282 2783 1374 voluntate
2822 1313 2962 1388 l‘rUgi
3013 1323 3119 1383 est,
3175 1311 3457 1377 absentata

179 1420 275 1472 tiae
300 1431 434 1470 mea:
459 1430 642 1478 ausus,
666 1414 759 1468 sed
783 1413 903 1468 ﬁdei
930 1412 1141 1481 puritas
1172 1425 1256 1463 me
1286 1410 1508 1473 invitat;
1540 1410 1768 1478 praeter-

178 1511 382 1565 itorum
408 1509 549 1561 enim
576 1505 910 1575 experientia
939 1503 1206 1567 laborum,
1232 1502 1283 1555 in
1322 1502 1519 1570 quibus
1548 1501 1769 1570 dignata

176 1608 271 1654 est
300 1598 480 1652 divina
512 1595 769 1664 aspiratio
801 1593 933 1647 mihi
976 1593 1146 1646 bonos
1177 1590 1418 1660 praebere
1443 1600 1765 1660 proventus,

178 1689 347 1743 fidem
373 1687 503 1740 mihi
533 1702 638 1740 nou
666 1687 873 1740 minora
900 1682 1252 1753 aggrediendi
1278 1682 1552 1747 attribuit,
1576 1680 1768 1735 scienti

175 1779 306 1847 quia
330 1777 420 1845 qui
449 1777 596 1831 dedit
620 1785 816 1844 prmter
847 1784 1097 1827 naturam
1131 1771 1346 1839 insolita
1373 1771 1541 1825 asinae
1571 1769 1765 1841 (Num.

178 1876 320 1932 nn,
351 1867 465 1937 50),
513 1867 722 1935 potiora
769 1864 920 1918 dabit
960 1864 1015 1918 in
1057 1863 1298 1918 homine.
1328 1861 1556 1933 Agimus
1603 1863 1769 1935 igitur

172 1958 435 2014 eumdem
464 1971 571 2025 quo
602 1955 817 2009 locutus
845 1964 929 2008 est
962 1954 1211 2022 spiritum
1240 1961 1645 2022 repetentes,ut
1675 1952 1768 2023 qui

183 2057 240 2109 in
275 2056 365 2108 illa
394 2054 603 2108 ctelesti
633 2052 810 2107 ﬁstula
853 2053 1182 2107 mirabiliter
1217 2053 1464 2122 erupisse
1492 2053 1769 2123 dignosci-

180 2156 294 2207 tur,
328 2145 483 2198 nobis
511 2158 575 2197 eo
615 2158 725 2212 quo
753 2143 1027 2211 quondam
1061 2142 1191 2197 Elia:
1220 2143 1379 2198 sibilo
1412 2158 1599 2197 auram
1629 2144 1770 2198 into-

181 2250 321 2288 nare
351 2235 598 2305 dignetur
627 2233 749 2304 (ΙΙΙ
775 2233 904 2304 Reg.
938 2249 1055 2297 χιχ,
1083 2233 1194 2305 12).

261 2324 424 2380 Vens.
456 2327 509 2383 8.
539 2354 609 2365 —-
646 2344 663 2375 ι
695 2325 941 2395 Clangite
973 2327 1200 2381 buccina
1231 2325 1283 2379 in
1310 2324 1517 2391 Gabaa,
1556 2336 1612 2380 et
1643 2325 1769 2380 tuba

182 2432 205 2466 ι
256 2416 310 2468 in
353 2415 548 2481 Rama,
580 2416 780 2470 ululate
810 2417 865 2469 in
900 2414 1172 2470 Bethaven
1201 2426 1320 2485 post
1349 2424 1557 2486 tergum
1594 2426 1765 2481 tuum,

180 2525 205 2557 ι
256 2505 556 2577 Benjamin.
589 2525 608 2559 ι
658 2504 772 2560 Vox
822 2514 909 2561 est
955 2507 1023 2560 ad
1075 2506 1482 2575 pratdicatores,
1534 2521 1765 2575 quorum

175 2602 421 2657 ofﬁcium
450 2612 533 2657 est
567 2601 633 2655 ad
660 2601 905 2656 diversos
942 2600 1281 2655 dissimiliter
1322 2600 1581 2655 insonare
1610 2616 1763 2656 erro-

177 2708 289 2746 res.
336 2690 405 2745 In
446 2689 629 2746 Gabaa
657 2690 877 2745 buccina
909 2690 1201 2758 cla‘ngitnr,
1227 2690 1443 2760 quando
1469 2690 1762 2745 mediocri-

176 2784 281 2838 bus
312 2784 549 2853 peccatis
589 2783 869 2838 moderato
894 2797 1146 2838 sermone
1178 2783 1549 2853 praecurritur,
1576 2782 1767 2838 Gabaa

172 2879 325 2933 enim
368 2876 524 2931 colles
559 2877 970 2946 interpretatur.
1007 2875 1177 2930 colles
1206 2884 1386 2928 autem
1408 2872 1540 2944 juga
1584 2884 1765 2928 terra.

178 2988 301 3025 rum
335 2953 545 3025 modice
582 2977 833 3038 porrecta
863 2967 1139 3022 dicuntur.
1173 2964 1407 3019 Buccina
1432 2974 1635 3028 autem,
1669 2980 1767 3035 pa-

177 3072 390 3115 storum
420 3075 485 3115 ac
515 3058 737 3129 vigilum
781 3065 900 3123 est;
944 3066 1132 3111 contra
1172 3056 1336 3109 colles
1382 3070 1517 3126 ergo,
1538 3056 1767 3112 buccina

179 3152 427 3216 utimur,
486 3151 612 3204 dum
662 3157 856 3204 contra
925 3148 1259 3201 mediocrum
1314 3146 1550 3201 admissa
1603 3146 1766 3203 modo

180 3242 569 3313 temperatiore
598 3255 697 3296 nos
740 3240 970 3309 agimus.
1003 3238 1176 3292 Rama
1217 3252 1345 3292 vero
1378 3238 1768 3307 interpretatur

178 3335 421 3397 excelsa,
480 3332 606 3385 tuba
657 3332 843 3399 itaque
896 3338 1089 3383 contra
1142 3329 1378 3382 tumidas
1420 3337 1478 3382 et
1529 3327 1769 3383 elevatus

186 3432 397 3477 mentes
440 3422 592 3491 quasi
639 3420 873 3490 quodam
922 3418 1114 3475 bellico
1155 3427 1414 3487 apparatu
1463 3418 1766 3488 insurgere,

185 3529 290 3570 nec
313 3528 502 3569 eorum
534 3512 710 3568 vereri
752 3511 1043 3581 potentias,
1072 3511 1166 3565 sed
1190 3510 1334 3577 quod
1362 3510 1588 3565 ditiores
1618 3519 1766 3577 suat,

186 3618 259 3661 ne
302 3605 492 3660 eadem
539 3603 670 3657 vitia
703 3611 1071 3672 propagentur
1109 3601 1163 3655 in
1196 3601 1471 3664 subditos,
1519 3599 1767 3656 irreﬂexa‘

186 3696 514 3751 auctoritate
540 3694 822 3759 debemus,
850 3693 976 3747 tuba
998 3692 1141 3747 enim
1177 3692 1231 3747 in
1262 3692 1417 3747 bellis
1444 3694 1667 3747 utimur.
1703 3695 1767 3747 Et

181 3784 639 3843 considerandum
669 3784 815 3853 quod
863 3782 931 3836 de
983 3783 1186 3838 inlimis
1243 3792 1409 3850 tacet,
1467 3786 1767 3840 mediocres

181 3887 392 3933 tantum
417 3886 472 3931 et
501 3877 749 3931 excelsos
771 3876 1076 3946 arguendos
1102 3875 1284 3941 docet,
1314 3875 1573 3931 nimirum
1606 3879 1765 3946 plane

1869 1408 2097 1478 Spiritus
2127 1411 2413 1479 prudentia
2450 1412 2767 1482 dissipatur.
2825 1429 2844 1461 ι
2874 1409 2933 1464 la
2970 1411 3057 1464 die
3102 1413 3461 1469 correctionis

1876 1517 1895 1549 ι
1942 1498 1993 1552 in
2024 1499 2271 1555 tribubus
2314 1500 2476 1555 Israel
2509 1500 2723 1556 ostendi
2756 1500 2937 1554 fidem.
2971 1518 2990 1551 ι
3020 1501 3146 1555 Dies
3174 1502 3459 1555 correctio.

1869 1590 1950 1661 nis
1974 1591 2181 1645 reditus
2206 1601 2292 1647 est
2320 1591 2563 1646 lucifera:
2586 1592 2835 1657 rationis,
2862 1592 2915 1646 in
2941 1591 3043 1646 hoc
3077 1591 3250 1646 reditu
3278 1593 3332 1645 in
3361 1593 3460 1645 tri-

1869 1679 2036 1739 bubus
2063 1679 2236 1736 Israel
2268 1682 2402 1737 fides
2431 1683 2758 1748 ostenditur,
2801 1684 3142 1737 cum'horum
3172 1684 3458 1737 verborum

1869 1787 1991 1842 qua:
2020 1790 2185 1845 super
2227 1776 2453 1844 spiritus
2484 1777 2771 1831 aversione
2802 1777 2947 1831 dicta
2985 1785 3109 1832 sunt
3141 1777 3343 1831 veritas
3367 1777 3463 1830 dc~
3508 1770 3511 1771 ⁷

1868 1861 2144 1930 claratur;
2192 1865 2319 1920 dUlll
2360 1864 2614 1919 videlicet
2654 1866 2890 1920 carnalis
2926 1864 3161 1921 affectus
3200 1878 3297 1934 per
3340 1864 3462 1916 uni.

1868 1969 2060 2010 versos
2087 1965 2264 2007 metus
2304 1968 2455 2017 suos,
2488 1968 2553 2007 ac
2604 1953 2650 2007 si
2694 1954 2866 2008 tribus
2915 1956 2982 2008 ad
3038 1953 3267 2010 rationis
3311 1953 3456 2026 jura,

1870 2044 2184 2114 corrigitur.
2216 2045 2296 2098 Ac
2328 2045 2372 2098 si
2401 2044 2607 2098 diceret
2640 2062 2653 2097 :
2687 2044 2744 2097 ln
2790 2046 2893 2100 hoc
2934 2046 3060 2099 sciri
3100 2054 3276 2116 potest
3313 2044 3460 2116 quod

1872 2131 2155 2200 Benjamin
2192 2138 2344 2201 terga
2373 2145 2554 2197 verso,
2586 2131 2846 2201 Ephraim
2877 2134 3180 2201 desolatur;
3208 2136 3350 2204 quod
3373 2136 3462 2191 die

1871 2223 2101 2277 internae
2151 2220 2503 2291 aspirationis
2550 2224 2784 2289 reddita,
2848 2226 3021 2281 tribus
3070 2227 3230 2281 Israel
3290 2230 3463 2281 corrio

1872 2324 2106 2388 guntur;
2159 2318 2216 2371 in
2265 2316 2390 2383 hoc,
2432 2317 2681 2388 inquam,
2716 2318 2851 2374 ﬁdes
2878 2318 3029 2374 verbi
3078 2317 3240 2387 huius
3274 2329 3463 2375 osten-

1870 2409 2038 2463 ditur.

1945 2498 2109 2554 Vsus.
2151 2496 2240 2555 10.
2273 2530 2343 2540 -
2390 2518 2409 2552 ι
2446 2498 2597 2557 Facti
2648 2511 2778 2558 sunt
2819 2503 3096 2574 principes
3128 2498 3266 2559 Juda
3307 2506 3461 2575 quasi

1875 2608 1894 2642 ‹
1940 2601 2284 2659 assumentes
2315 2593 2643 2661 terminum;
2676 2610 2839 2666 super
2868 2610 2963 2651 eos
2994 2596 3270 2653 effundam
3303 2599 3461 2668 quasi

1876 2701 1896 2735 ι
1942 2698 2142 2754 aquam
2186 2684 2320 2739 iram
2350 2700 2547 2740 meam.
2589 2705 2609 2739 ι
2662 2686 2937 2759 Principes
2980 2689 3126 2745 Juda
3171 2692 3299 2760 facti
3340 2703 3460 2748 sum

1868 2777 2024 2845 quasi
2049 2786 2372 2831 assumentes
2416 2779 2721 2841 terminum.
2753 2795 2878 2836 cum
2908 2781 3235 2853 principales
3257 2798 3457 2851 motus,

1866 2873 1963 2943 qui
1995 2888 2095 2928 nos
2135 2888 2300 2944 super
2328 2887 2455 2930 vera
2488 2873 2832 2931 confessione
2878 2878 3199 2946 sollicitant,
3236 2880 3287 2936 in
3316 2882 3459 2937 bona

1869 2964 2175 3020 intentione
2207 2974 2467 3020 creantur
2507 2978 2522 3019 :
2569 2974 2621 3021 et
2654 2968 2830 3036 quasi,
2861 2969 2914 3024 id
2947 2981 3030 3025 est
3060 2986 3248 3027 revera
3281 2973 3461 3027 tenui.

1870 3070 1996 3109 num
2028 3064 2333 3118 assumunt,
2355 3069 2483 3109 eum
2504 3054 2575 3110 de
2600 3055 2811 3127 integra
2846 3073 2914 3114 ex
2944 3060 3052 3114 Deo
3078 3061 3460 3117 emendatione

1862 3146 1977 3217 jam
2005 3144 2143 3200 bene
2179 3144 2418 3201 confessi
2449 3156 2815 3217 praesumunt.
2843 3142 3130 3206 Terminus
3165 3154 3462 3208 assumitur

1869 3252 1992 3292 cum
2014 3237 2294 3293 erroribus
2319 3238 2594 3295 universis
2618 3234 2673 3295 lu
2697 3240 2879 3295 animo
2897 3251 3037 3295 meta
3059 3242 3375 3315 prmﬁgitur.
3395 3244 3462 3299 Et

1871 3327 2167 3385 notandum
2206 3329 2352 3397 quod
2373 3328 2478 3385 hoc
2520 3338 2691 3385 totum
2721 3330 2775 3386 in
2802 3330 2887 3385 die
2919 3331 3075 3403 197
3100 3334 3460 3391 correctionis

1869 3415 2131 3472 efﬁcitur.
2181 3415 2352 3487 Super
2379 3434 2466 3474 eos
2495 3420 2661 3475 etiam
2691 3419 2775 3476 ira
2808 3420 2900 3477 Dei
2928 3421 3084 3491 quasi
3113 3437 3250 3493 aqua
3283 3421 3460 3478 ellum

1871 3506 2056 3572 ditur,
2101 3519 2226 3561 cum
2283 3507 2673 3576 superveniens
2732 3507 2929 3564 divina:
2978 3510 3462 3568 animadversionis

1865 3598 2161 3668 judicium,
2208 3597 2529 3670 frequenter
2559 3600 2614 3655 in
2664 3612 2847 3658 mente
2880 3610 3170 3672 tractatur,
3220 3608 3313 3662 sed
3347 3608 3461 3662 lucc

1870 3691 1953 3747 ira
1995 3692 2152 3763 quasi
2199 3706 2342 3763 aqua
2381 3691 2707 3761 effunditur,
2751 3696 2880 3765 quia
2911 3697 2964 3751 in
2997 3705 3230 3755 tractatu
3280 3699 3459 3770 hujus-

1869 3783 2014 3839 modi
2048 3782 2385 3839 conscientia
2415 3799 2445 3838 a
2474 3785 2686 3855 peccati
2713 3785 2875 3841 sorde
2908 3785 3152 3843 diluitur.

1939 3873 2105 3934 Vsus.
2135 3877 2316 3932 ll.--
2350 3895 2369 3928 ι
2398 3876 2739 3933 Calumniam
2786 3877 2998 3947 patiens
3044 3878 3300 3952 Ephraim
3348 3876 3459 3938 fra-

175 3970 304 4040 quia
338 3970 391 4024 in
419 3984 704 4039 pauperes,
732 3983 866 4036 quos
904 3968 1212 4023 nullatenus
1242 3980 1575 4035 reveremur,
1605 3971 1765 4023 tuini-
1792 4002 1838 4064 ρ
1875 3988 1894 4020 ι
1931 3978 2053 4023 ctus
2097 3969 2329 4039 judicio,
2364 3969 2621 4040 quoniam
2674 3972 2839 4041 C(Bpil
2874 3971 3026 4026 abire
3075 3981 3197 4042 post
3241 3975 3456 4031 sordent

176 4062 322 4117 ditas
347 4072 535 4115 nostra
565 4060 745 4113 invehi
773 4058 933 4113 solet.
964 4058 1035 4111 At
1063 4073 1193 4113 vero
1220 4058 1273 4112 in
1302 4058 1586 4125 Bethavcn,
1619 4061 1762 4130 quod

178 4157 576 4223 interpretatur
614 4152 803 4205 domus
832 4149 980 4215 idoli,
1010 4149 1327 4204 ululandum
1354 4160 1459 4216 est,
1486 4167 1591 4206 non
1626 4167 1766 4221 prae-

183 4248 504 4310 dicandum,
534 4246 659 4316 quia
696 4244 763 4300 ad
787 4260 882 4299 eos
908 4242 997 4314 qui
1023 4242 1241 4312 penitus
1275 4257 1305 4295 a
1350 4243 1457 4297 Deo
1504 4253 1765 4297 avertun.

178 4350 293 4399 tur,
323 4347 377 4392 et
414 4336 610 4392 salices
634 4335 702 4389 de
740 4334 921 4389 medio
952 4333 1249 4404 Babylonis
1282 4348 1309 4386 a
1336 4332 1625 4388 Psalmista
1655 4350 1765 4400 ,νο-

174 4438 403 4493 cantur,
459 4442 568 4481 non
624 4425 799 4481 solum
852 4439 1057 4496 organa
1116 4434 1301 4479 nostra
1359 4424 1765 4496 suspenduntur

175 4519 356 4589 (Paul.
397 4534 619 4585 cxxxvr,
659 4518 737 4588 2),
779 4519 874 4574 sed
900 4520 1063 4575 etiam
1094 4520 1164 4574 ab
1194 4521 1280 4576 his
1317 4522 1407 4591 qui
1451 4537 1643 4576 sanum
1671 4538 1761 4576 sa-

174 4611 359 4683 piunt,
391 4612 531 4668 sicut
556 4628 587 4666 a
616 4612 843 4668 Domino
865 4612 1107 4668 Lasarus
1138 4613 1321 4682 (Joan.
1359 4626 1437 4680 ιι,
1462 4612 1574 4681 55),
1602 4614 1762 4685 digna

176 4712 444 4771 tanquam
474 4702 671 4756 mortui
701 4702 1051 4758 miseratione
1076 4701 1371 4767 deflentur;
1429 4716 1525 4772 per
1561 4702 1763 4757 idolum

171 4792 347 4855 enim,
376 4806 566 4846 eorum
592 4793 865 4862 apostasia
892 4800 1127 4849 notatur.
1163 4793 1227 4847 Et
1270 4793 1380 4849 hoc
1406 4802 1522 4859 post
1561 4803 1764 4862 tergum

173 4897 352 4950 tuum,
382 4882 694 4953 Benjamin;
736 4883 1017 4953 Benjamin
1047 4885 1435 4955 interpretatur
1460 4884 1605 4956 ﬁlius
1636 4886 1765 4940 dero

171 4986 326 5039 terra,
363 4983 416 5029 et
450 4976 574 5044 quis
604 4976 833 5030 dextera:
862 4975 1029 5043 ﬁlius,
1074 4977 1177 5030 nisi
1211 4976 1302 5030 illa
1333 4978 1532 5035 mentis
1562 4989 1761 5035 nostrae

170 5065 358 5135 proles
405 5066 754 5139 principalis,
803 5067 1087 5121 rationalis
1128 5067 1381 5124 videlicet
1418 5080 1620 5133 motus.
1669 5070 1757 5126 cui

170 5173 394 5228 semper
420 5158 636 5229 adjacet
675 5160 837 5216 totius
870 5160 1245 5229 prosperitatis
1268 5160 1529 5217 effectus?
1556 5163 1757 5220 Domus

170 5265 307 5319 ergo
333 5248 461 5306 idoli
488 5265 601 5321 post
640 5262 843 5321 tergum
874 5250 1153 5321 Beujamin
1180 5260 1288 5315 est,
1320 5252 1445 5322 quia
1483 5260 1631 5306 tanta
1660 5252 1754 5307 Dei

1873 4079 1893 4112 ι
1928 4060 2051 4133 [αι.,
2082 4062 2320 4135 sordes].
2356 4081 2375 4115 ι
2410 4062 2669 4132 Ephraim
2702 4062 2913 4133 patitur
2946 4061 3298 4132 calumniam,
3334 4082 3457 4124 cum

1870 4151 1922 4204 in
1965 4150 2134 4207 divini
2188 4153 2384 4207 timore
2416 4152 2604 4223 judicii
2644 4153 2898 4208 voluntas
2949 4163 3132 4210 nostra
3173 4158 3459 4229 cogitatio-

1867 4254 1997 4295 num
2050 4240 2398 4297 turbulentiis
2459 4241 2763 4309 infestatur,
2809 4243 2941 4313 quin
2998 4245 3163 4299 etiam
3226 4263 3256 4301 a
3318 4246 3459 4301 boio

1865 4339 2045 4401 empto
2076 4332 2395 4402 plerumque
2425 4333 2775 4397 distrahitur;
2808 4335 2950 4389 unde
2979 4345 3036 4390 et
3066 4336 3270 4390 fractus
3311 4337 3456 4407 judi-

1867 4421 1955 4477 cio
1985 4420 2202 4490 dicitur,
2235 4421 2539 4492 quiainter
2587 4421 2893 4488 hujusmodi
2943 4423 3285 4494 frequentius
3332 4444 3458 4483 acu-

1867 4529 1994 4569 men
2066 4525 2267 4569 nostrat
2340 4513 2687 4570 discretionis
2740 4514 3080 4574 obtunditur.
3151 4518 3455 4589 Quoniam,

1870 4603 2063 4673 inquit,
2086 4605 2233 4671 coepit
2262 4600 2409 4656 abire
2433 4611 2548 4673 post
2577 4602 2805 4671 sordem,
2833 4604 2886 4660 id
2920 4616 3005 4661 est.
3028 4610 3193 4680 Cthll
3222 4612 3290 4667 ad
3312 4628 3454 4681 eam,

1867 4710 1989 4763 qum
2016 4693 2119 4749 sibi
2160 4693 2469 4767 suggeritur
2503 4709 2536 4751 a
2579 4694 2799 4754 diabolo
2825 4695 3140 4773 intorquere
3187 4704 3455 4773 animum,

1867 4786 2188 4843 fteditatem.

1938 4882 2104 4938 Vens.
2139 4883 2226 4939 1‘2.
2262 4912 2331 4924 —
2363 4898 2382 4934 ι
2421 4879 2490 4938 Ει
2523 4896 2624 4956 ego
2667 4879 2826 4956 quasi
2883 4885 3027 4944 tinea
3072 4883 3350 4959 Ephraim,
3401 4900 3459 4947 et

1872 4995 1890 5029 ι
1928 4977 2081 5048 quasi
2112 4977 2342 5048 putredo
2371 4978 2553 5033 domui
2584 4977 2742 5037 Juda.
2782 4997 2802 5034 ι
2837 4979 2879 5035 T
2881 4982 2999 5037 inea
3027 4981 3283 5051 Ephraim
3315 4984 3456 5044 Dens

1866 5069 1926 5123 ﬁt
1959 5082 2082 5123 cum
2138 5069 2280 5124 inter
2332 5070 2663 5128 tentationes
2709 5085 2864 5126 mens
2901 5072 3127 5128 accidiat
3172 5073 3452 5130 nimietate

1866 5162 2128 5227 tabescit;
2155 5161 2309 5231 quasi
2337 5176 2364 5215 a
2392 5162 2537 5217 tinea
2564 5163 2708 5217 enim
2730 5163 3035 5217 absumitur
3062 5164 3153 5231 qui
3199 5169 3454 5221 maeroris

1863 5253 2115 5323 angustia
2159 5254 2213 5308 in
2269 5251 2417 5308 nullo
2467 5254 2742 5319 lectionis,
2790 5257 2906 5307 sive
2955 5256 3223 5313 orationis
3273 5260 3455 5316 studio

174 5340 399 5407 oblivio,
438 5356 543 5395 non
595 5341 696 5394 nisi
731 5357 794 5395 et:
830 5342 983 5411 culpa
1018 5342 1157 5395 male
1203 5358 1348 5396 aus.e
1384 5342 1608 5395 rationis
1649 5352 1749 5399 est.
1792 5344 2155 5414 Danimatur.
2188 5344 2281 5399 sed
2312 5362 2330 5394 ι
2359 5360 2598 5411 omnem,
2624 5343 2777 5412 juxta
2808 5340 3099 5412 psalmum,
3127 5358 3308 5403 escam
3342 5354 3453 5406 aut.

178 5430 243 5487 Ει
289 5430 586 5484 notandum
648 5431 792 5500 quod
859 5448 980 5486 cum
1035 5432 1349 5487 ululandtnn
1396 5433 1446 5483 in
1493 5431 1755 5488 Bel/caveri

182 5522 426 5586 dixisset,
474 5524 543 5575 ad
580 5522 859 5593 Benjamin
904 5523 1051 5579 illico
1083 5526 1238 5594 quasi
1282 5523 1593 5579 exclamans
1624 5524 1755 5579 sub-

177 5608 301 5678 jecit
323 5614 733 5682 apostrOpham,
763 5621 819 5668 et
843 5622 926 5669 est
950 5628 1014 5669 ac
1045 5614 1090 5669 si
1122 5614 1325 5670 diceret
1359 5632 1371 5666 :
1403 5613 1584 5669 Eheu!
1618 5615 1755 5669 ratio

186 5702 312 5754 tanti
345 5717 510 5756 causa
537 5703 800 5769 maliest,
836 5704 961 5759 dum
994 5721 1024 5758 a
1057 5713 1205 5761 recta
1235 5705 1674 5761 consideratione
1704 5714 1756 5761 te

186 5792 441 5848 dimoves.
474 5792 660 5865 (Vens.
694 5797 749 5867 9)
790 5815 808 5848 ι
849 5796 1102 5867 Ephraim
1134 5800 1187 5852 in
1220 5798 1555 5853 desolatione
1579 5797 1705 5852 erit.
1730 5816 1748 5850 ο

184 5879 452 5953 Denjarnin
488 5884 636 5957 terga
669 5898 933 5957 vertente,
985 5889 1237 5959 Eplnaim
1277 5890 1572 5957 desolatur,
1624 5891 1753 5959 quia

1863 5449 1948 5490 ma
1980 5450 2171 5490 eorum
2216 5436 2561 5491 abominetur
2600 5435 2775 5505 (Paul.
2814 5436 2948 5507 ενι),
3001 5439 3111 5502 18).
3146 5460 3167 5494 ι
3214 5439 3450 5500 Putredo

1861 5526 2043 5581 domui
2073 5526 2218 5582 Juda
2244 5526 2498 5595 efﬁcitur,
2538 5543 2662 5583 cum
2718 5528 2833 5599 ipsa
2885 5546 3102 5602 quoque
3150 5534 3445 5604 confessio,

1859 5634 1959 5688 per
1977 5633 2145 5689 quam
2172 5620 2354 5675 omnis
2382 5620 2580 5691 sacpius
2605 5621 2834 5676 interior
2862 5639 3084 5680 amurca
3116 5629 3441 5694 revomitur;

1861 5710 1916 5762 in
1942 5720 2232 5777 conspectu
2263 5710 2462 5765 mentis
2487 5725 2550 5766 ac
2582 5711 2625 5764 si
2657 5709 2826 5767 fetere
2869 5715 3103 5783 videtur,
3138 5717 3265 5773 dum
3297 5720 3441 5775 enim

1859 5801 2122 5854 molestiis
2152 5802 2421 5871 quatitur,
2452 5804 2585 5862 nihil
2616 5807 2758 5877 quod
2806 5809 2871 5863 de
2902 5806 3013 5865 Deo
3044 5823 3153 5866 non
3196 5810 3270 5867 sit
3296 5808 3443 5869 velut

1854 5893 2055 5949 olidam
2089 5897 2376 5969 reperitur.
