3952 6360
190 402 325 462 369

864 395 1324 455 TROPOLOCIE
1365 394 1429 450 IN
1452 391 1647 459 OSEE,
1691 391 1875 447 AMUS
1916 391 2003 447 ET
2040 393 2184 449 .IER.
2227 425 2294 434 ——
2331 394 2457 449 LIB.
2502 396 2563 450 II.
2591 394 2653 450 IN
2694 395 2887 453 OSEE.

3390 396 3509 453 370

196 516 509 571 interiores
545 511 611 567 ad
646 516 819 566 Assur
860 512 1079 577 abistis,
1133 518 1466 579 qttotquotve
1524 505 1586 560 ad
1631 520 1810 575 regem
1842 510 1887 564 Α
1915 506 2059 559 enim
2099 522 2203 561 nou
2235 508 2303 562 ad
2334 508 2570 564 subitum
2619 526 2842 580 prorsus
2881 512 3133 582 erttmpit,
3163 512 3255 567 sed
3296 513 3513 568 sensinr
3556 548 3562 561 ο

197 607 449 661 misistis
480 605 729 671 ultorem,
759 604 825 659 de
846 618 907 659 ea
930 618 1035 672 qua
1060 602 1161 657 insi
1184 602 1315 656 estis
1344 617 1442 656 nos
1468 599 1806 668 dispersione

193 697 476 768 colligite,
524 706 580 751 et
630 703 697 750 ad
740 711 886 762 eum,
949 694 1035 749 cui
1070 709 1193 748 cum
1251 691 1478 761 praelato
1524 688 1805 759 Benjatnitt

192 799 368 859 terga
395 788 739 854 dederantns,
771 785 1170 842 sensatioribus
1194 783 1308 853 jam
1338 784 1536 838 animis
1563 798 1661 837 ora
1684 797 1807 834 ver-

192 888 414 933 tantus.
461 877 580 933 lose
608 893 744 932 enim
776 893 869 929 nos
897 875 1050 945 cepit,
1080 874 1245 930 illane
1286 874 1545 929 videlicet
1583 872 1809 928 tribula-

190 970 381 1024 tionis
412 967 589 1028 freno.
614 983 643 1020 a
676 966 893 1022 licentia
922 981 1021 1022 nos
1043 982 1205 1035 prava
1247 964 1510 1028 cohibuit,
1554 963 1807 1034 superius

191 1061 405 1113 enim:
462 1058 595 1113 Ecce
621 1075 712 1128 ego
741 1057 969 1127 capiam,
998 1057 1195 1127 inquit,
1248 1057 1444 1111 deinde
1487 1071 1587 1111 nos
1628 1065 1803 1121 sanat,

196 1151 357 1219 quod
394 1150 496 1204 nisi
541 1150 796 1205 coercitis
826 1158 880 1203 et
917 1150 1266 1204 redeuntibus
1295 1148 1480 1203 facere
1520 1163 1625 1202 non
1655 1157 1810 1216 pote-

201 1248 323 1295 rat.
353 1239 591 1311 Denique
614 1257 706 1293 nos
739 1240 968 1307 percutit
992 1250 1086 1293 ant
1112 1254 1208 1310 per
1237 1246 1465 1295 adversa
1497 1254 1617 1309 qua:
1644 1236 1805 1293 eli‘re-

206 1330 378 1385 nibus
402 1330 579 1397 nobis,
619 1339 674 1384 et
722 1330 870 1383 omni
909 1330 1208 1383 vanitatum
1240 1337 1401 1384 vento
1443 1327 1803 1394 circumlatis,

206 1422 497 1489 obtendit;
552 1432 645 1477 aut
700 1422 867 1477 etiam
927 1421 1185 1491 percutit,
1239 1436 1361 1476 cum
1419 1428 1513 1474 aut
1566 1419 1806 1489 peccatis

210 1516 451 1583 saucios,
493 1524 587 1571 aut
628 1516 742 1585 ipsa
786 1530 1002 1586 quoque
1052 1513 1412 1584 passibilitate
1455 1519 1512 1568 et
1564 1510 1807 1566 mortali-

210 1617 328 1663 t'tte
352 1622 643 1677 percussos
672 1608 938 1663 ostendit:
976 1606 1122 1673 Quas
1152 1606 1373 1678 quidem
1411 1604 1491 1660 sic
1521 1602 1803 1674 deplorat:

214 1695 545 1764 «Quoniam,
591 1694 794 1767 inquit,
843 1696 1057 1767 sagitta:
1103 1704 1211 1750 tua:
1263 1693 1444 1748 inlisae
1486 1700 1615 1750 sunt
1672 1691 1804 1746 tttilti

209 1783 389 1855 (Ρδαι.
445 1803 654 1856 xxxvtt,
714 1788 830 1858 5).»
878 1785 1045 1843 Curat
1104 1804 1225 1852 nos,
1288 1794 1383 1840 aut
1444 1783 1806 1839 adversitates

1911 597 2153 652 tenebris
2182 597 2561 655 fatiscentibus
2584 619 2795 658 aurorm
2815 605 2978 672 jnhar
3014 604 3271 658 admittit.
3299 603 3503 674 Egres-

1907 706 1998 744 sus
2046 704 2178 760 ergo
2220 691 2392 744 instar
2431 692 2650 748 diluculi
2691 706 3047 765 pneparatnr,
3099 713 3222 751 ettnt
3274 697 3502 765 integu-

1907 792 2149 837 mentum
2226 784 2429 838 veteris
2512 786 2873 856 ignorantite,
2937 789 3121 843 ntultis
3181 789 3499 857 pmnitentia

1907 870 2190 925 ornatibus
2239 869 2537 939 praemissis
2592 874 2877 942 retegitur;
2938 874 3004 927 ad
3073 873 3233 942 hujus
3279 872 3499 927 diluculi

1909 970 2230 1030 apparatum
2263 961 2315 1013 itt
2360 961 2761 1015 crediturormn
2804 965 3003 1018 animis
3046 962 3285 1019 Joannes
3318 962 3503 1031 Bapti-

1910 1060 1993 1104 sta
2038 1051 2434 1120 praemittitur;
2485 1053 2639 1122 quasi
2705 1053 2871 1106 imber
2924 1063 3288 1123 temporaueus
3351 1054 3499 1106 nobis

1908 1140 2074 1205 venit,
2109 1157 2229 1193 cum
2279 1140 2512 1209 qualiter
2544 1142 2595 1195 itt
2620 1143 3029 1210 prmsentiarunt
3075 1154 3272 1196 nostra:
3300 1144 3502 1197 mentis
3532 1158 3537 1164 '

1907 1233 2152 1287 habitum
2184 1248 2442 1288 exercere
2470 1234 2785 1300 debeamus,
2819 1250 2917 1289 nos
2969 1234 3179 1287 imbuit.
3210 1233 3502 1303 Tempora-

1908 1342 2035 1380 neua
2064 1326 2229 1379 imber
2282 1326 2501 1392 dicitur,
2534 1341 2658 1382 cum
2689 1326 3007 1395 praedicatio
3043 1341 3162 1387 qua:
3194 1326 3433 1380 exterius
3469 1344 3500 1380 a
3532 1342 3540 1351 ‘

1910 1419 2185 1488 magistris
2235 1426 2575 1488 prorogatur,
2615 1419 2698 1474 vel
2730 1420 2940 1473 interna
2971 1417 3181 1480 unctio,
3235 1432 3354 1486 qua:
3407 1417 3533 1484 πει-τ’

1908 1509 2157 1577 spiritum
2206 1511 2296 1564 Dei
2329 1509 2681 1579 inspergitur,
2736 1510 2801 1562 ad
2828 1508 3144 1563 interiorum
3180 1505 3500 1576 passionum

1909 1598 2209 1663 medelam,
2272 1615 2409 1670 quas
2457 1598 2827 1669 temporaliter
2880 1597 3136 1667 patimur,
3191 1594 3501 1650 adhibetur.

1910 1686 2185 1743 Set-atinas
2212 1690 2377 1744 imber
2418 1701 2572 1744 terra:
2619 1699 2722 1753 est,
2756 1690 2975 1759 quando
3008 1690 3076 1743 de
3112 1688 3350 1750 :eternis,
3383 1702 3503 1755 quat
3530 1710 3537 1717 ’

1909 1779 2108 1834 εωειιιο
2172 1789 2589 1849 vesperascente
2636 1788 3065 1850 exspectantur;
3125 1777 3286 1848 199
3324 1793 3502 1833 seruio

208 1877 486 1946 leniendo,
533 1890 627 1946 aut
672 1888 894 1951 peccata
947 1870 1220 1946 donando,
1296 1886 1389 1933 aut
1450 1878 1803 1933 necessitates
1836 1858 1878 1918 Β
1907 1880 2011 1937 est,
2040 1888 2161 1941 qua:
2186 1884 2327 1928 terra
2365 1874 2640 1942 dicuntur,
2686 1876 2811 1945 quia
2846 1873 3020 1942 major
3049 1888 3211 1943 quam
3241 1871 3314 1925 ibi
3366 1870 3502 1926 soli-

206 1968 493 2026 ttaturales
518 1981 778 2041 perpetua
814 1970 1329 2041 incorruptibilitate
1377 1968 1658 2023 mutando.
1696 1966 1805 2022 Cu-

210 2070 301 2119 rat
324 2062 510 2126 etiam,
556 2078 679 2116 cum
712 2077 809 2130 per
852 2062 1173 2115 interiorem
1191 2059 1555 2131 diligentiam,
1586 2069 1640 2113 et
1683 2059 1805 2112 diu-

211 2159 434 2207 turnam
480 2150 850 2221 subjectorum
890 2159 1139 2206 motuum
1196 2150 1523 2218 custodiant,
1557 2149 1806 2220 perducit

116 2238 121 2243 ’
209 2256 317 2295 nos
339 2239 504 2295 totius
532 2240 859 2311 integritatis
882 2240 948 2295 ad
980 2239 1243 2310 regulam.

287 2333 452 2387 Vens.
480 2334 534 2389 5.
569 2364 638 2373 —
664 2353 682 2386 ι
714 2332 1140 2391 Viviﬁcabitnos
1162 2340 1285 2403 post
1312 2332 1446 2388 duos
1469 2332 1606 2398 dies,
1641 2331 1694 2385 in
1723 2331 1807 2386 die

212 2443 233 2475 ι
288 2426 445 2479 tertia
504 2424 793 2481 suscitabit
827 2442 946 2491 nos,
1002 2434 1055 2480 et
1099 2425 1347 2480 vivemus
1396 2425 1448 2479 itt
1511 2434 1805 2494 conspectu

214 2536 236 2571 ι
284 2514 424 2583 ejus,
456 2516 719 2582 sciemus,
765 2532 1168 2589 sequemurque
1197 2527 1253 2572 ut
1280 2534 1672 2588 cognoscamus
1703 2520 1806 2572 De-

216 2628 237 2659 ι
292 2611 513 2662 mittunt.
548 2629 567 2660 t
620 2609 744 2663 Post
783 2610 915 2663 duos
958 2610 1068 2664 dies
1116 2626 1208 2663 nos
1237 2610 1484 2679 vivificat,
1530 2626 1651 2665 cum
1684 2618 1807 2680 post

213 2701 591 2756 conversionis
646 2702 876 2772 gratiam
927 2701 995 2756 ad
1055 2703 1492 2772 prosecutionent
1544 2703 1803 2756 virtutum

213 2808 315 2852 nos
346 2794 570 2849 animat.
601 2793 669 2848 In
699 2794 784 2847 die
834 2794 988 2847 tertia
1020 2810 1115 2848 nos
1154 2794 1403 2862 suscitat,
1435 2809 1557 2849 cum
1607 2793 1675 2847 ad
1706 2809 1809 2848 cu-

213 2883 421 2940 mulum
457 2883 804 2953 perfectionis
829 2883 911 2938 vel
950 2884 1131 2951 potius
1165 2883 1411 2938 bravium
1447 2883 1669 2938 caeleste
1706 2898 1813 2939 nos

212 2974 483 3029 sublevat.
541 2975 605 3029 lli
664 2987 770 3031 tres
830 2984 1006 3030 status
1064 2975 1164 3031 sub
1220 2975 1382 3031 triunt
1430 2974 1530 3030 Job
1572 2974 1806 3032 ﬁliarum

216 3068 574 3137 designantur
626 3067 960 3134 nominibus,
1009 3068 1137 3124 dum
1207 3083 1311 3124 una
1362 3067 1510 3133 Dies,
1568 3067 1807 3123 secunda

217 3158 428 3226 Cassia,
480 3158 813 3214 Cornustihii
873 3159 1032 3213 tertia
1084 3159 1375 3214 vocitatur.
1445 3157 1600 3214 Initia
1659 3159 1803 3212 enim

220 3250 615 3324 promotiones,
644 3260 698 3308 et
726 3252 860 3304 lines
906 3252 958 3305 in
999 3267 1341 3320 quorumque
1382 3250 1810 3306 conversationi-

179 3337 186 3345 ”
220 3340 326 3394 bus
347 3342 717 3406 attenduntur,
750 3343 889 3410 quod
918 3352 1001 3396 cst
1027 3343 1210 3411 egredi
1246 3358 1307 3395 ex
1335 3342 1592 3413 tEgypto,
1623 3360 1811 3413 perva-

226 3430 342 3502 gari
374 3430 428 3484 in
469 3431 706 3496 deserto,
757 3442 957 3485 terrant
1004 3432 1378 3500 promissionis
1428 3434 1664 3499 intrare;
1694 3434 1808 3504 ipse

225 3534 441 3589 quoque
496 3520 756 3576 Dominus
811 3538 873 3576 ex
930 3522 1259 3593 Evangelio:
1310 3543 1327 3574 ι
1361 3521 1548 3587 Ilodie,
1609 3524 1805 3593 inquit,

220 3614 489 3689 daemonia
518 3613 699 3683 ejicio,
728 3630 848 3671 cras
874 3617 1134 3671 sanitates
1165 3615 1409 3686 perficio,
1449 3626 1503 3673 et
1531 3618 1686 3673 tertia
1723 3619 1810 3673 die

224 3722 575 3765 consummor
605 3705 767 3777 (Lac.
788 3722 907 3769 xm,
929 3707 1041 3779 52).
1078 3727 1096 3759 ι
1124 3707 1179 3762 ln
1204 3718 1497 3777 conspectu
1528 3713 1642 3779 ejus
1682 3720 1812 3767 tunc

224 3800 476 3865 vivimus,
511 3814 635 3853 cum
692 3809 785 3853 aut
834 3801 951 3869 ejus
1010 3801 1207 3855 intuitu
1255 3802 1417 3871 digna
1476 3806 1809 3874 peragimus,

221 3890 367 3960 quod
406 3890 551 3945 enim
602 3892 758 3945 nobis
807 3891 983 3960 placet
1032 3903 1313 3963 gratanter
1369 3895 1685 3966 aspicimus,
1718 3905 1812 3951 aut

221 3994 426 4040 a:terna
464 3984 580 4055 ejus
610 3985 820 4039 visione
852 3985 1146 4041 reﬁcitnur.
1179 3987 1242 4041 Et
1273 3996 1419 4043 recte
1464 3989 1701 4057 posituttt
1729 3997 1813 4045 est

222 4078 472 4141 vivemus,
504 4077 626 4147 quia
666 4077 718 4131 itt
750 4077 1003 4147 praesenti
1036 4077 1355 4148 quicunque
1391 4079 1609 4133 habitus
1658 4080 1813 4136 nobis

224 4165 369 4231 insit,
403 4182 677 4235 nunquam
725 4167 778 4222 itt
818 4166 1008 4221 eodem
1038 4176 1182 4222 statu
1212 4179 1622 4238 permanentes,
1647 4179 1707 4225 ut
1736 4171 1815 4226 sic

225 4257 473 4324 dixerim,
505 4273 720 4329 semper
756 4257 1042 4311 morimur.
1099 4257 1340 4313 Sciamus
1392 4267 1574 4314 autem
1603 4274 1725 4314 cunt
1758 4261 1812 4317 itt

227 4352 337 4423 ipsa
372 4360 558 4406 nostra
589 4349 899 4405 reversione
923 4350 990 4403 ad
1035 4349 1347 4416 Dominum,
1385 4350 1689 4419 plenariam
1716 4353 1816 4407 ob-

227 4441 517 4495 tinebimus
572 4441 954 4495 discrettonem
994 4440 1319 4510 spirituum,
1352 4441 1495 4497 illius
1545 4443 1814 4499 sermonis

1905 1962 2051 2017 ditas
2095 1978 2215 2020 esse
2249 1981 2356 2020 non
2398 1974 2597 2037 potest»,
2627 1966 2876 2022 stabilius
2913 1966 3057 2021 enim
3098 1973 3239 2020 terra
3266 1964 3505 2019 elemen-

1906 2063 2021 2109 tum
2065 2057 2269 2111 nullutn
2320 2068 2425 2125 est,
2482 2060 2626 2115 unde
2673 2059 2922 2129 legitur:
2962 2078 2979 2110 ι
3026 2056 3194 2113 Terra
3240 2067 3420 2112 autem
3450 2057 3502 2111 in

1906 2155 2169 2202 aeternum
2202 2157 2308 2203 stat
2343 2149 2567 2220 (Eccles.
2596 2166 2633 2213 ι,
2662 2150 2744 2217 4).
2774 2170 2795 2201 ι

1983 2237 2146 2312 κξειις.
2182 2238 2234 2293 4.
2256 2268 2326 2278 -
2352 2256 2369 2289 t
2392 2238 2534 2306 Quid
2567 2239 2762 2295 faciant
2793 2239 2911 2305 tibi,
2941 2238 3236 2309 Ephraim?
3265 2239 3394 2307 qttid
3428 2238 3505 2292 Ia-

1915 2348 1933 2379 ε
1969 2329 2112 2383 ciam
2157 2330 2277 2396 tibi,
2308 2329 2484 2385 inda?
2515 2332 2890 2388 misericordia
2932 2341 3113 2387 vestra
3140 2332 3298 2401 quasi
3332 2331 3503 2385 nubes

1915 2441 1933 2472 σ
1973 2424 2264 2489 matutina,
2298 2433 2352 2478 et
2382 2426 2537 2493 quasi
2567 2441 2658 2481 ros
2684 2440 2846 2479 mane
2872 2425 3264 2494 pertransiens.
3301 2445 3318 2477 ι
3355 2425 3431 2478 Ac
3457 2426 3499 2479 si

1908 2514 2118 2568 diceret
2142 2532 2153 2565 :
2187 2512 2339 2580 Quod
2372 2515 2652 2584 prwmium
2677 2514 3086 2585 pmstolatnitti,
3114 2529 3145 2569 ο
3169 2514 3421 2570 voluntas
3448 2522 3504 2568 ct

1909 2607 2072 2668 ratio,
2108 2621 2205 2675 pro
2234 2608 2335 2659 hoc
2366 2606 2482 2676 ipso
2511 2614 2696 2662 vestro
2724 2606 2790 2659 ad
2822 2608 2990 2662 Deum
3026 2607 3246 2661 reditu?
3284 2606 3499 2660 Miseri—

1907 2696 2123 2761 cordia,
2178 2711 2340 2765 quam
2394 2697 2548 2752 vobis
2596 2698 2893 2753 secundum
2945 2696 3237 2752 animalem
3296 2709 3501 2751 ntotunt

1908 2785 2149 2857 impendi
2182 2788 2529 2850 desideratis,
2561 2789 2675 2844 scio
2708 2790 2831 2858 quia
2865 2789 2930 2843 ad
2961 2789 3179 2844 modum
3217 2789 3501 2844 matutina:

1908 2879 2104 2946 nubis,
2146 2879 2522 2949 perfunctoria
2570 2893 2689 2946 est,
2739 2881 2867 2935 dum
2913 2896 3009 2950 pro
3060 2880 3307 2935 interiori
3360 2881 3501 2935 bono

1908 2973 2198 3026 commoda
2248 2973 2521 3027 exteriora
2556 2974 2899 3044 perquiritis,
2935 2983 2990 3028 et
3025 2975 3152 3029 dum
3202 2990 3299 3044 pro
3345 2983 3503 3028 a-tcr-

1909 3063 1996 3119 nis
2032 3064 2281 3120 laborare
2311 3066 2602 3135 putamini,
2643 3067 2695 3119 in
2743 3068 2998 3133 praesenti
3030 3067 3231 3137 cupitis
3272 3082 3499 3139 prospe-

1911 3158 2043 3211 rari.
2081 3157 2345 3213 blatut'ina
2380 3160 2525 3214 euittt
2563 3158 2722 3212 nubes
2758 3166 3071 3229 emergente
3110 3175 3305 3215 aurora
3346 3159 3499 3231 disjis

1860 3250 2078 3318 fcitur,
2126 3261 2183 3306 et
2245 3268 2330 3305 ros
2398 3250 2768 3305 incalescente
2813 3250 3155 3320 decoquitur.
3216 3251 3369 3318 Quod
3417 3262 3503 3307 est

1909 3342 2136 3397 dicere:
2178 3342 2287 3398 Vos
2332 3359 2440 3398 non
2474 3342 2752 3398 inclinatis
2799 3343 3133 3398 intentiones
3168 3355 3404 3409 vestras,
3434 3346 3502 3400 ad

1910 3432 2192 3489 faciendas
2239 3435 2665 3505 jnstilicatioues
2715 3449 2866 3489 meas
2914 3444 3139 3505 propter
3185 3437 3503 3493 retributio-

1910 3542 2060 3590 nem,
2092 3543 2212 3598 qua:
2260 3528 2319 3581 lit
2367 3528 2419 3582 itt
2466 3537 2765 3594 attentum;
2800 3528 2892 3583 sed
2924 3528 3210 3584 aestimatis
3237 3529 3500 3599 pietatem

1912 3629 2203 3689 quaestum.
2258 3618 2687 3674 Misericordiam
2734 3629 2916 3675 autent
2967 3620 3151 3689 istam,
3196 3638 3303 3677 ttott
3336 3621 3500 3678 aliam

1912 3709 2156 3782 intelligo
2187 3727 2351 3783 quam
2385 3712 2452 3767 de
2482 3727 2586 3781 qua
2626 3713 2826 3769 dicitur
2856 3733 2870 3769 :
2912 3732 2931 3766 ι
2963 3714 3233 3788 Recepisti
3276 3717 3414 3771 bona
3446 3717 3501 3773 itt

1913 3803 2020 3856 vita
2056 3816 2145 3857 tua
2177 3802 2330 3873 (Luc.
2370 3820 2479 3869 va,
2511 3803 2626 3875 ‘25).
2665 3823 2684 3857 ι

1993 3896 2152 3951 Vens.
2209 3896 2262 3950 5.
2300 3928 2367 3937 ——
2403 3916 2421 3948 ‹
2455 3896 2682 3967 Propter
2712 3898 2816 3954 hoc
2861 3898 3038 3955 dolavi
3090 3899 3141 3954 itt
3197 3902 3499 3972 prophetis,

1920 4006 1941 4040 σ
1985 3988 2160 4043 occidi
2210 4004 2305 4044 eos
2344 3989 2396 4043 in
2452 3990 2634 4044 verbis
2682 3990 2795 4045 oris
2842 3993 2981 4057 mei;
3034 4001 3089 4045 et
3127 3993 3329 4062 judicia
3378 4010 3498 4063 una
3588 4032 3591 4033 ν

1921 4099 1939 4133 t
1982 4082 2136 4151 quasi
2170 4081 2259 4135 lux
2290 4082 2689 4150 cgredicntura
2740 4081 2965 4153 Propter
3009 4084 3105 4137 hoc
3137 4086 3189 4137 in
3238 4078 3499 4154 prophetis

1917 4173 2083 4240 dolat,
2122 4173 2246 4243 quia
2285 4189 2353 4228 ne
2383 4173 2699 4245 temporalia
2730 4174 2888 4244 quasi
2928 4190 3027 4245 pro
3065 4176 3247 4230 meriti
3279 4178 3502 4246 pl'tlmtto

1918 4273 2278 4335 aucupentur,
2312 4266 2524 4334 ineptas
2553 4266 2813 4333 quasdam
2845 4266 2959 4336 spei
2992 4268 3171 4321 inanis
3213 4266 3503 4335 providens

1918 4358 2026 4411 tias
2077 4357 2130 4411 in
2181 4356 2337 4412 nobis
2383 4357 2581 4426 partint
2612 4356 2835 4421 excidit,
2868 4357 3066 4427 partittt
3107 4366 3321 4422 servat;
3355 4356 3501 4409 dolo.

1917 4448 2017 4504 bro
2057 4450 2202 4505 enim
2253 4457 2531 4504 resecatur
2579 4447 2881 4511 nodositas,
2934 4458 2993 4501 ιιι
3044 4448 3244 4515 lignum
3296 4447 3502 4503 idoneae

227 4531 402 4600 adepti
433 4532 735 4597 scientiam,
765 4532 857 4601 qui
914 4534 1172 4603 pertingit
1221 4534 1288 4587 ad
1318 4534 1639 4589 divisionem
1666 4536 1811 4606 cogi-
1845 4553 1889 4607 ι)
1920 4541 2235 4595 rectitudini
2298 4547 2661 4610 pratparetur.
2720 4538 3018 4607 Prophetas
3068 4554 3098 4591 a
3144 4538 3499 4607 jsropltetattdo

231 4624 491 4679 tationttm
535 4633 591 4679 et
643 4626 1023 4681 intentionum.
1087 4626 1291 4681 Deinde
1333 4644 1629 4698 sequemur,
1686 4645 1809 4683 cuttt

228 4716 452 4772 scientia
491 4717 645 4772 verbi
676 4717 845 4786 ipsius
896 4728 1152 4789 tanquam
1186 4719 1405 4775 lucerna
1444 4719 1687 4791 praeierit
1718 4737 1813 4794 pc-

227 4807 381 4861 dibus
405 4806 606 4862 nostris
634 4806 807 4876 (Psat.
840 4822 1030 4872 cxvut,
1061 4807 1205 4879 105).
1239 4808 1495 4881 Tuncque
1525 4810 1809 4865 Dominum

227 4914 636 4970 cognoscemus,
659 4915 783 4955 cum
816 4900 882 4954 ad
914 4902 1031 4970 ejus
1081 4902 1328 4957 intimum
1361 4905 1565 4959 amoris
1590 4904 1811 4960 cubicu-

228 4992 355 5057 lnm,
389 4992 531 5062 quod
572 5001 656 5048 est
688 5007 818 5046 vera
859 4994 1072 5059 notitia,
1114 4995 1245 5060 imo,
1303 5004 1362 5049 ttt
1408 4996 1520 5067 ipse
1554 5006 1806 5064 testatur,

228 5085 336 5137 vita
399 5094 601 5138 aeterna
650 5082 834 5152 (Jomt.
890 5099 946 5147 κ.
996 5084 1111 5153 28),
1166 5087 1527 5155 attigerimus.
1590 5108 1609 5139 ι
1641 5089 1807 5155 Quasi

226 5190 252 5226 λι
291 5173 585 5230 diluculum
626 5184 962 5248 praeparatus
993 5184 1076 5231 est
1110 5192 1361 5247 egressus
1386 5178 1521 5247 ejus,
1551 5190 1603 5234 et
1633 5183 1811 5237 veniet

236 5286 254 5318 α
296 5268 451 5337 quasi
518 5269 691 5325 imber
765 5268 919 5324 nobis
976 5278 1360 5338 temporaueus
1414 5281 1466 5326 ct
1532 5274 1809 5327 scroxinus

237 5379 254 5411 ι
299 5371 474 5416 terrae.
509 5382 527 5414 t
585 5362 818 5432 Exponit
870 5362 1241 5434 particulatint
1294 5365 1569 5432 quomodo
1627 5375 1807 5430 sanet,

224 5446 389 5520 quam
426 5465 612 5505 curam
655 5452 912 5507 Dominus
970 5453 1415 5523 percussionibus
1464 5455 1663 5510 nostris
1706 5458 1809 5510 int-

232 5539 450 5612 pendat.
502 5543 642 5598 Deus
676 5542 953 5613 egreditur
996 5560 1120 5599 cunt
1154 5544 1319 5599 utenti
1372 5544 1567 5599 divinze
1599 5545 1808 5614 aspira-

220 5630 392 5688 tionis
418 5647 589 5688 novus
619 5635 839 5703 quidant
883 5636 1067 5692 radius
1121 5636 1420 5692 suboritur.
1466 5637 1516 5691 is
1558 5649 1812 5707 egressus

234 5742 293 5779 an
344 5724 390 5778 si
432 5725 725 5781 diluculum
775 5738 1133 5799 prarparatur,
1188 5744 1310 5785 cum
1371 5731 1701 5800 pedetentim
1758 5739 1812 5785 et

234 5815 581 5875 coalescentis
626 5818 748 5876 ﬁdei
801 5821 1144 5890 DIOCCeSIDUS
1183 5819 1459 5892 dilatatur,
1519 5821 1810 5879 diluculum

1914 4631 2119 4695 dictos,
2152 4631 2245 4700 qui
2282 4630 2444 4686 etiam
2494 4630 2720 4684 videntes
2762 4629 2891 4682 olint
2928 4629 2997 4683 ob
3025 4628 3380 4684 subtilitatem
3421 4631 3501 4683 in-

1914 4721 2227 4792 telligentiae
2266 4721 2589 4776 dicebantur
2641 4737 2800 4775 nemo
2844 4721 2935 4790 qui
2982 4722 3241 4793 ambigat.
3279 4720 3345 4775 In
3380 4738 3504 4792 pro-

1912 4816 2079 4887 phetis
2112 4829 2245 4886 ergo
2272 4813 2445 4880 dolat,
2478 4830 2600 4869 cum
2630 4814 2684 4868 in
2717 4813 3019 4885 prudentiis
3047 4814 3248 4870 nostris
3281 4823 3497 4869 terrena

1913 4904 2167 4972 succidit,
2189 4915 2243 4960 et
2262 4915 2489 4971 :etcrna,
2512 4920 2632 4975 qua:
2652 4906 2765 4960 sola
2792 4907 2993 4962 debent
3018 4907 3251 4977 sperari,
3280 4921 3505 4961 conscr-

1914 5006 2027 5051 Vat.
2059 4996 2124 5051 In
2162 4998 2327 5053 verbis
2359 4999 2464 5051 oris
2504 4997 2585 5053 sui
2614 5014 2699 5053 eos
2727 4999 2950 5063 occidit,
2993 5013 3118 5053 cum
3149 4996 3332 5052 verbis
3360 5012 3501 5067 pra:-

1913 5089 2239 5155 dicatorunt,
2278 5090 2369 5159 qui
2401 5105 2493 5143 ora
2522 5098 2577 5144 et
2605 5089 2745 5144 labia
2791 5091 2885 5144 Dei
2913 5091 2966 5145 itt
3001 5088 3298 5159 Scripturis
3323 5087 3503 5157 appel-

1913 5182 2119 5246 lantur,
2158 5183 2338 5253 inepta
2378 5182 2649 5250 cupiditas
2702 5182 3083 5237 addeutnatur.
3130 5180 3343 5233 Iudicia
3386 5178 3504 5249 ejus

1913 5274 2066 5345 quasi
2098 5273 2193 5327 lux
2222 5274 2598 5343 egrediuntur,
2653 5288 2777 5328 cum
2825 5272 3187 5327 discretiones
3219 5270 3440 5325 ratiOnis
3471 5288 3502 5325 a

1918 5368 2026 5419 Deo
2075 5364 2358 5419 illustrare
2389 5364 2454 5418 ad
2487 5379 2654 5435 opera
2701 5362 2858 5429 lucis,
2893 5377 3014 5433 quae
3050 5362 3327 5433 proximos
3364 5363 3499 5418 :cdi-
3556 5412 3559 5413 ν

1917 5456 2101 5520 licent,
2136 5457 2481 5511 emittuntur.

1994 5550 2151 5604 Vens.
2183 5550 2324 5606 6.—
2347 5570 2364 5599 α
2390 5549 2523 5615 Quia
2553 5546 2985 5604 misericordiam
3013 5549 3156 5605 volui
3188 5558 3243 5605 et
3274 5565 3381 5605 non
3414 5565 3502 5604 sa-

1921 5660 1940 5693 ε
1979 5641 2267 5708 crilicium,
2295 5650 2347 5695 ct
2371 5639 2657 5695 scientiam
2685 5639 2776 5694 Dei
2801 5641 3087 5713 plusquam
3116 5642 3453 5696 holocausta.
3480 5662 3498 5693 ›

1922 5731 2341 5788 Misericordiam
2386 5732 2499 5787 vult
2548 5731 2692 5788 Deus
2737 5743 2785 5787 et
2838 5751 2940 5788 non
2985 5735 3324 5803 sacri/icium,
3376 5734 3501 5786 duttt

1921 5826 2158 5897 primum
2190 5837 2245 5881 ut
2282 5825 2362 5882 sui
2396 5826 2558 5882 homo
2603 5825 2952 5891 misereatur,
2986 5836 3037 5881 et
3069 5824 3413 5893 postmodum
3446 5834 3507 5877 ut
