3998 6326
467 328 564 383 371

1230 322 1288 380 ν.
1327 321 1650 379 GCIBERTI
1689 321 1979 377 ABBATiS
2032 316 2090 373 S.
2146 318 2391 378 MANE
2428 322 2517 377 DE
2569 322 2969 381 NOVICENTO

3632 322 3739 389 572

466 444 657 497 eadem
702 440 1080 500 misericordia
1132 439 1198 493 ad
1240 439 1521 509 proximos
1556 438 1906 500 extendatur,
1947 449 2059 488 ma-
2088 435 2134 493 Α
2166 451 2246 488 ccs
2272 437 2499 490 virorum
2524 437 2789 491 latronum
2819 447 2926 504 est,
2956 438 3079 491 dum
3124 438 3265 507 quod
3310 436 3606 493 crudeliter
3634 438 3731 491 im-

464 536 548 604 gis
588 533 809 590 allectat
849 548 1010 604 quam
1074 530 1319 585 victimas
1363 530 1684 585 animalium
1738 531 2044 587 brutorum.

462 618 676 681 Dicitur
709 627 853 681 enim
887 642 901 678 :
949 641 968 674 ι
1001 620 1260 677 Miserere
1301 624 1497 677 animae
1539 636 1642 677 tuae
1675 624 1894 693 placens
1938 623 2047 677 Deo

464 714 654 787 (Eccli.
688 735 818 782 xxx,
841 716 954 788 24).
980 733 998 767 ι
1034 714 1160 770 llaec
1180 730 1311 787 ergo
1333 715 1706 770 misericordia
1738 729 1844 770 non
1871 714 2048 767 minus

460 808 529 863 ad
554 824 615 864 se
641 825 800 878 quam
834 811 901 864 ad
930 810 1239 881 proximum
1282 807 1559 877 acceptior
1589 815 1675 881 est
1713 806 1846 871 Deo,
1884 820 2047 875 quam

460 874 673 951 externi
712 874 959 968 corporis
1016 898 1380 957 carniﬁcium.
1418 874 1536 953 'Ubi
1589 874 1769 953 tamen
1820 874 2048 969 quaestio

460 992 654 1054 oritur,
695 1008 818 1062 qua:
865 994 1033 1049 etiam
1076 1008 1106 1048 a
1153 992 1431 1064 plerisque
1474 989 1771 1060 objicitur:
1813 1008 1831 1041 ι
1863 989 2049 1044 Melior

458 1092 563 1148 cst,
594 1084 769 1151 aiunt,
807 1086 1118 1142 obedientia
1174 1102 1337 1157 quam
1392 1084 1627 1139 victima:
1677 1082 1728 1153 (Ι
1777 1081 1907 1151 Reg.
1953 1096 2044 1147 xv,

456 1172 573 1244 22).
611 1195 628 1225 ι
667 1175 942 1243 Qumritur
978 1193 1110 1248 ergo
1158 1186 1341 1232 utrum
1393 1176 1725 1231 sacriﬁcium
1776 1174 2046 1229 Dominici

457 1268 706 1337 corporis
752 1273 1133 1341 praeponderet
1182 1270 1545 1337 obedientite,
1600 1270 1684 1324 vel
1739 1269 2046 1325 obedientia

455 1363 844 1432 prmpomleret
868 1365 1161 1420 sacriﬁcio.
1185 1363 1283 1419 Cui
1312 1379 1433 1431 nos,
1462 1363 1555 1418 sed
1586 1363 1705 1418 sine
1731 1361 2047 1431 pra‘judicio

458 1453 708 1510 melioris
779 1456 1065 1511 sentcntiae
1139 1457 1551 1524 respondemus.
1619 1453 2046 1509 lnobedientiam

458 1557 685 1624 peccan
714 1549 980 1602 ariolandi
1012 1558 1386 1618 comparatam
1431 1563 1537 1602 non
1584 1546 1831 1618 profecto
1870 1544 2048 1600 nesci-

457 1654 601 1700 tnus,
634 1638 1059 1693 inobedientiam
1106 1654 1234 1694 vero
1267 1654 1375 1695 non
1412 1654 1525 1703 res,
1572 1637 1667 1694 sed
1698 1652 1861 1695 causa
1890 1635 2043 1691 facit.

459 1728 519 1799 Si
558 1729 702 1783 enim
735 1730 789 1785 in
822 1745 882 1785 re
928 1730 1142 1796 fuisset,
1194 1744 1304 1786 non
1348 1731 1520 1787 Adam
1558 1746 1657 1800 pro
1703 1744 1865 1799 pomo
1895 1728 2045 1789 vilis-

2153 528 2555 597 potcntioribns
2582 529 2801 598 abripit,
2838 527 3133 583 insatiabili
3176 528 3434 582 aviditate
3469 527 3730 597 lransglu-

2152 620 2215 672 tit
2249 638 2260 672 :
2312 619 2369 673 in
2417 634 2525 689 quo
2573 619 2681 674 duo
2720 618 3113 677 consideranda
3154 628 3301 682 sunt,
3338 619 3391 671 in
3435 618 3736 679 latronibus

2151 709 2437 779 diripiendi
2467 711 2762 778 atrocitas;
2797 712 2850 773 in
2880 711 3163 777 faucibus,
3194 719 3347 785 rapta
3376 709 3733 782 abliguricndi

2150 799 2427 870 gnlositas.

2226 906 2241 938 ι
2277 887 2556 960 Parziceps
2583 890 2924 944 sacerdotum
2960 890 3011 943 in
3038 890 3122 944 via
3165 888 3606 945 intcrﬁcientium
3637 903 3737 957 per.

2154 996 2175 1030 ι
2209 988 2395 1049 gentes
2418 980 2482 1033 de
2514 978 2753 1047 Sichcm,
2797 981 2920 1048 quia
2958 980 3135 1034 scelus
3173 979 3379 1048 operati
3419 987 3563 1032 sunt.
3588 996 3604 1027 ι
3647 976 3737 1031 Ci-.

2147 1072 2281 1125 vitas
2312 1072 2427 1125 haec
2449 1073 2705 1140 particeps
2732 1072 3063 1125 sacerdotum
3104 1081 3207 1135 est,
3232 1071 3323 1140 qui
3354 1087 3445 1141 per
3469 1080 3639 1141 gentes
3673 1070 3743 1123 de.

2151 1159 2364 1237 Sic/tem
2416 1163 2469 1216 in
2498 1165 2581 1217 ria
2634 1164 2988 1229 interﬁciunt,
3017 1180 3139 1218 cum
3172 1178 3463 1233 pravorum
3496 1172 3733 1216 motuum

2150 1251 2424 1315 versutiaa,
2449 1252 2561 1322 qui,
2587 1253 2741 1321 quasi
2767 1252 2989 1323 quidam
3019 1252 3159 1307 sacri
3189 1252 3381 1317 duces,
3428 1265 3591 1320 super
3620 1266 3736 1304 scc-.

2150 1342 2320 1398 lerum
2353 1361 2575 1399 suorum
2624 1346 2950 1416 levigatione
2977 1344 3375 1405 ratiocinantur
3403 1342 3654 1405 interius,
3684 1352 3738 1397 ct

2148 1449 2242 1489 eas
2297 1437 2654 1506 cegitatioucs
2703 1452 2823 1507 qua:
2875 1437 3074 1492 divinis
3124 1438 3347 1492 obedire
3396 1434 3747 1491 sermonibus

2149 1526 2313 1596 200
2338 1528 2593 1596 gestiunt,
2630 1544 2725 1583 sua
2757 1530 3144 1585 retraetatione
3167 1528 3464 1593 trucidant,
3493 1536 3546 1583 et
3571 1526 3743 1587 veluti,

2148 1615 2202 1669 in
2226 1617 2329 1681 via,
2363 1617 2414 1669 in
2455 1632 2552 1671 sua
2584 1618 2801 1674 actione
2850 1618 3203 1684 mortiﬁcant,
3260 1618 3335 1672 illi
3387 1618 3740 1673 conscientia:

2150 1719 2558 1778 comparantur,
2588 1725 2708 1779 quae
2735 1720 3076 1765 terrenarum
3121 1711 3414 1779 imaginum
3438 1710 3753 1781 phantasiis,

3749 778 3757 847 .'

459 1796 620 1885 Simo,
651 1836 757 1875 ηοη
789 1820 915 1876 sum
946 1837 1044 1893 pro
1071 1780 1238 1878 minis
1265 1780 1594 1877 animam)“;
1618 1780 1804 1891 βωλᾶς
1831 1821 2044 1878 luisset.
2080 1780 2123 1839 Β
2154 1799 2477 1893 delectatur.
2505 1798 2721 1857 Sichem
2772 1802 2916 1856 enim
2946 1802 3195 1893 humerus
3251 1802 3662 1893 interpretatur,
3691 1800 3749 1863 in~

458 1910 615 1967 Fecit
659 1926 791 1982 ergo
839 1929 1023 1980 causa,
1065 1914 1190 1984 quia
1229 1914 1321 1969 Dei
1365 1923 1764 1984 postponuntnr
1799 1913 2046 1982 imperia,

459 2004 729 2075 sedquod
778 2005 874 2059 Dei
905 2014 1009 2070 est,
1062 2008 1450 2077 magistrorum
1488 2007 1746 2061 Ecclesia:
1778 2007 2050 2077 dignosci-

458 2104 552 2150 tur
608 2099 915 2166 suscepisse
974 2115 1240 2169 persona;
1301 2100 1394 2169 qui
1450 2114 1580 2172 ergo
1639 2102 1720 2155 eis
1775 2099 2047 2165 inobedit,

457 2187 726 2258 quidquid
785 2198 870 2244 est
926 2189 1054 2245 illud
1110 2190 1254 2260 quod
1305 2190 1572 2255 immolat,
1627 2206 1851 2261 securus
1903 2191 2047 2258 dico,

458 2278 587 2346 quia
634 2278 769 2333 nihil
808 2280 911 2334 sibi
952 2280 1165 2337 confert
1191 2282 1285 2352 qui
1317 2281 1445 2336 illud
1472 2281 1794 2338 inobediens
1822 2290 2047 2350 mactat,

458 2376 514 2423 et
545 2367 741 2424 melius
769 2379 916 2425 esset
957 2371 1083 2435 sibi,
1128 2372 1311 2427 nescio
1360 2372 1404 2428 si
1454 2371 1609 2437 aliis,
1641 2372 1758 2427 sine
1790 2373 1935 2426 omni
1964 2388 2048 2426 sa-

459 2460 668 2517 criﬁcio
703 2462 928 2517 obedire
976 2478 1140 2533 quam
1188 2463 1547 2519 inobediendo
1596 2463 1930 2519 sacriﬁcare.
1975 2466 2051 2520 De

459 2554 765 2611 substantia
819 2554 1087 2610 Dominici
1130 2555 1378 2625 corporis
1429 2562 1612 2609 utrum
1644 2612 1649 2621 _
1664 2569 1762 2625 per
1805 2554 1943 2610 tales
1995 2563 2051 2610 et

461 2647 746 2704 damnatos
794 2646 1073 2716 quoslibet
1121 2630 1270 2703 alios.
1314 2647 1659 2715 conﬁciatur,
1701 2647 1833 2701 mihi
1888 2646 2050 2705 modo

461 2747 701 2794 tractare
738 2754 844 2793 non
876 2739 1088 2807 adiacet
1125 2739 1262 2812 (15),
1309 2740 1486 2794 dicam
1521 2749 1702 2794 tamen
1750 2739 1877 2807 quia
1906 2740 2048 2811 quod

460 2828 840 2892 inobedientes
876 2830 1140 2895 fecerint,
1172 2832 1240 2886 ab
1269 2831 1504 2886 utilitate
1535 2847 1630 2886 sua
1667 2839 1836 2886 totum
1870 2840 2047 2886 vacet.

534 2922 699 2977 Vens.
733 2923 785 2977 7.
810 2954 880 2966 -η
914 2944 931 2976 ‹
966 2924 1071 2994 lpsi
1113 2933 1294 2978 autem
1342 2924 1485 2978 sicut
1520 2923 1696 2979 Adam
1726 2923 2048 2994 transgressi

469 3034 488 3067 ι
530 3023 657 3069 sunt
684 3024 923 3086 pactum,
965 3016 1038 3072 ibi
1065 3015 1423 3086 'praavaricati
1453 3023 1579 3073 sunt
1604 3016 1655 3069 in
1691 3030 1797 3069 mo.
1823 3034 1842 3066 ›
1882 3012 2053 3084 sum?

2152 1906 2257 1959 quo
2307 1890 2629 1946 obedientize
2673 1893 2996 1947 sustinentia
3047 1891 3358 1956 denotatur.
3401 1892 3481 1946 De
3529 1891 3750 1947 Sic/tem.

2151 1997 2281 2052 ergo
2316 1991 2622 2053 pergentes,
2651 1984 2705 2035 in
2756 1984 2839 2037 ria
2882 1983 3246 2054 perimuntur.
3296 1999 3418 2038 cum
3447 1982 3504 2037 bi
3539 1993 3745 2045 motus,

2152 2074 2243 2145 qui
2275 2074 2385 2130 Deo
2438 2086 2493 2129 et
2555 2076 2830 2145 magistris
2876 2092 2973 2147 per
3002 2077 3366 2132 obedientiam
3399 2093 3458 2131 se
3511 2076 3748 2131 subdere

2154 2168 2361 2231 volunt,
2389 2178 2442 2224 et
2496 2184 2560 2222 ex
2594 2169 2695 2223 hoc
2740 2169 3006 2240 proﬁcere
3036 2169 3371 2235 desiderant,
3415 2185 3513 2240 per
3547 2169 3757 2223 tuentis

2153 2259 2432 2317 insolentis
2463 2260 2743 2331 strepitus,
2772 2271 2826 2316 et
2857 2263 3094 2316 visorum
3123 2260 3293 2318 foedas
3329 2261 3749 2319 recordationes

2152 2348 2451 2404 intereunt.
2479 2349 2669 2404 Scelus
2694 2366 2823 2421 ergo
2857 2351 2928 2405 ibi
2974 2352 3113 2405 idem
3146 2352 3498 2408 civitatenses
3534 2350 3748 2407 Galaad

2152 2450 2467 2509 operantur.
2495 2442 2619 2493 dum
2648 2441 2951 2495 voluntates
2985 2441 3182 2511 quibus
3210 2442 3335 2498 boni
3373 2440 3578 2510 aliquid
3614 2440 3754 2509 adji-

2153 2538 2255 2592 cct,
2288 2530 2529 2583 interiori
2582 2530 2946 2600 praepediente
2981 2531 3286 2597 tumultum,
3333 2529 3597 2603 perﬁcere
3643 2544 3757 2593 non,

2152 2623 2420 2677 sinuntur.

2226 2714 2387 2769 Vsus.
2420 2714 2504 2767 lO.
2538 2744 2608 2754 —
2640 2732 2659 2767 ι
2691 2713 2748 2767 In
2787 2713 2949 2769 domo
3000 2713 3163 2768 Israel
3219 2714 3333 2777 vidi
3384 2713 3753 2778 horrendum,

2159 2824 2176 2857 ι
2218 2804 2287 2859 ibi
2317 2803 2708 2861 fornicationes
2758 2804 3039 2874 prraim.
3064 2824 3081 2857 ι
3136 2804 3252 2859 Non
3286 2806 3487 2859 mirum
3530 2812 3640 2871 est,
3669 2804 3752 2859 in-.

2153 2899 2293 2969 quit,
2336 2900 2380 2954 si
2431 2900 2692 2969 quidquid
2744 2900 3139 2955 benevolentia:
3168 2901 3317 2955 cordi
3368 2901 3528 2962 inest,
3558 2915 3754 2955 eneca-

2155 3004 2266 3057 tur,
2302 3008 2422 3047 cnm
2458 2993 2717 3046 horrores
2751 2991 3003 3045 vitiorum
3034 2992 3085 3045 in
3131 2991 3352 3058 affectu,
3390 2992 3534 3061 quod
3558 3002 3645 3047 est
3674 2991 3755 3046 ls-

464 3108 579 3169 rius
631 3081 843 3167 ἀίξθηι
888 3081 947 3163 έθ
995 3081 1428 3167 ωίέει.ίοοτάί³ηι
1473 3116 1526 3165 ει
1565 3123 1673 3163 non
1724 3081 2050 3163 sacriﬁcihm
2081 3125 2125 3186 C
2157 3084 2291 3186 rae],
2327 3082 2419 3186 qui
2450 3081 2571 3138 sine
2596 3082 2706 3136 Deo
2732 3081 3143 3139 exsecrabiliter
3170 3083 3532 3153 principatur,
3563 3099 3757 3138 reconv.

462 3200 624 3266 velle,
656 3210 708 3254 ut
746 3201 957 3256 scilicet
996 3216 1107 3256 suze
1136 3200 1597 3271 contemplatione
1637 3200 1893 3266 miserim,
1926 3215 2050 3256 cum

462 3292 628 3347 homo
660 3291 1150 3351 sibi,miserescere
1182 3292 1418 3362 cogitur,
1457 3291 1524 3344 ad
1550 3290 1849 3347 alienorum
1880 3306 2051 3361 appe-

468 3384 689 3438 tentiam
732 3399 839 3439 non
872 3385 1139 3455 erigatur,
1170 3393 1320 3438 recte
1347 3381 1670 3451 subjicitur:
1715 3380 1831 3452 Ipsi
1878 3396 2051 3438 autem

463 3476 774 3546 transgressi
812 3486 931 3529 sunt
963 3484 1197 3544 pactum,
1236 3490 1301 3528 ac
1337 3474 1383 3529 si
1425 3473 1670 3529 diceret:
1706 3471 1845 3529 Cum
1868 3474 2055 3529 horta-

464 3581 551 3619 rer
575 3581 669 3621 eos
703 3566 771 3621 ad
794 3566 880 3621 sui
920 3567 1340 3636 respectionem,
1381 3566 1483 3634 ipsi
1511 3565 1913 3635 cogitaverunt,
1947 3567 2051 3620 sic-

463 3669 518 3715 ut
551 3658 745 3722 Adam,
794 3659 1039 3714 avaritia:
1088 3658 1604 3727 transgressiOnem,
1636 3660 1755 3725 cui,
1790 3659 1916 3713 dum
1945 3659 2055 3713 dci-

469 3759 549 3802 tas
580 3750 881 3819 appetenda
915 3750 1146 3811 videtur,
1180 3761 1403 3819 repente
1433 3751 1515 3803 vix
1554 3750 1719 3808 homo
1760 3752 2051 3820 reperitur.

468 3841 574 3905 lbi,
605 3842 798 3909 inquit,
827 3842 1160 3911 prtevaricati
1203 3851 1324 3900 sunt
1373 3842 1427 3897 in
1475 3859 1577 3908 me,
1627 3844 1753 3912 quia
1788 3843 1842 3897 in
1887 3842 2051 3913 hujus

466 3936 832 4006 suggestionis
869 3936 1186 4006 acceptione
1224 3936 1360 3991 meis
1389 3936 1610 3991 monitis
1638 3936 1919 3992 obstitere.

546 4028 705 4081 Vens.
739 4029 790 4089 8.
840 4028 894 4083 9.
924 4059 994 4068 —-
1030 4045 1048 4078 ι
1075 4026 1281 4084 Galaad
1321 4028 1515 4083 civitas
1554 4029 1893 4097 operantium
1933 4027 2053 4080 ido-

474 4138 492 4171 ι
531 4119 640 4173 lunt
681 4119 1023 4189 supplantata
1068 4119 1351 4187 sanguine.
1400 4118 1464 4177 Et
1498 4118 1652 4187 quasi
1692 4116 1878 4172 fauces
1908 4116 2055 4171 viro,

474 4230 491 4264 ι
536 4227 651 4264 rum
679 4210 965 4265 latronum.
1002 4230 1020 4263 ι
1056 4190 1685 4278 ϐαξίιειιίίιιιεινριΈιίιιιιγ
1710 4225 1927 4262 acervus
1981 4216 2052 4261 te~

466 4302 719 4359 Stimonii.
775 4300 981 4356 Calaad
1045 4301 1228 4355 civitas
1278 4300 1618 4369 operantium
1684 4298 1888 4353 idolum
1925 4306 2053 4366 est,

467 4391 686 4460 quando
738 4405 894 4446 mens
940 4390 1166 4445 acclinis
1217 4389 1286 4443 ad
1343 4398 1589 4443 terrenas
1636 4387 2051 4459 imaginationes

468 4493 573 4539 est.
620 4483 836 4539 Idolum
887 4494 1067 4537 autem
1119 4480 1353 4537 formula
1407 4481 1626 4537 dicitur.
1670 4479 1737 4535 Et
1786 4480 1914 4549 quid
1970 4488 2132 4559 estn

470 4574 746 4630 recordari
794 4590 1135 4644 quarumque
1181 4572 1513 4641 formarum,
1544 4573 1651 4629 nisi
1681 4573 1928 4644 qumdam
1961 4590 2051 4629 co-

468 4681 584 4720 ram
618 4680 675 4721 se
710 4667 916 4721 creatio
948 4666 1258 4721 idolorum?
1292 4665 1500 4721 Galaad
1536 4680 1666 4737 ergo
1701 4681 1930 4721 acervus
1969 4674 2053 4720 est

470 4758 792 4823 testimonii,
832 4760 957 4828 quia
989 4758 1233 4829 profecto
1277 4758 1331 4811 in
1379 4757 1732 4812 inferioribus
1770 4758 2051 4823 dilatatur,

470 4851 525 4904 in
555 4851 927 4920 superioribus
956 4858 1300 4920 angustatur,
1328 4858 1384 4903 et
1409 4849 1694 4903 adhibetur
1726 4848 1845 4902 loco
1872 4848 2055 4917 cujus-

471 4941 593 4995 dam
625 4940 954 5005 testimonii,
997 4940 1140 5009 quod
1190 4938 1399 4994 scilicet
1444 4939 1535 5009 qui
1580 4938 1685 4992 lata
1719 4946 1773 4993 et
1817 4938 2054 5003 spatiosa
2098 5014 2101 5015 ν

469 5031 631 5103 hujus
660 5033 844 5086 mundi
876 5032 1245 5102 prosequitur,
1284 5031 1335 5083 in
1372 5030 1465 5084 Dei
1497 5030 1765 5085 charitate
1800 5038 2055 5097 angusta-

473 5131 584 5188 tur,
622 5138 723 5178 nec
762 5123 937 5178 instar
977 5122 1217 5176 civitatis
1254 5122 1371 5175 sine
1420 5122 1650 5190 strepitu
1693 5131 1871 5192 potest
1913 5136 2055 5187 esse,

476 5224 570 5272 aut
606 5215 968 5270 materialium
1026 5214 1391 5286 quorumlibet
1432 5214 1653 5268 mentali
1704 5225 2059 5284 repraesenta-

478 5308 624 5365 tione
653 5322 863 5374 carere,
891 5306 983 5376 qui
1034 5321 1093 5361 se
1137 5305 1532 5376 aliquantisper
1575 5320 1603 5358 a
1647 5321 1774 5360 cura
1806 5308 2056 5360 mundia-

477 5398 609 5451 lium
637 5414 744 5451 non
785 5414 844 5451 se
882 5397 1194 5451 meminerit
1224 5397 1535 5457 absentare.
1568 5395 1693 5452 Haec
1728 5395 1907 5452 civitas
1937 5415 2058 5451 sano

452 5488 634 5558 ‘guine
669 5486 1065 5556 supplantatur,
1096 5488 1221 5555 quia
1250 5486 1581 5540 creberrime
1614 5501 1710 5554 per
1748 5486 2056 5556 hujusmodi

480 5573 795 5637 affectiones
834 5574 1019 5631 lethali
1058 5587 1283 5649 peccato
1325 5576 1677 5634 subvertitur.
1722 5579 1891 5645 Quasi
1933 5580 2058 5649 fau-

554 5758 665 5829 (ιδ)
706 5760 781 5821 Dc
818 5758 883 5817 iis
914 5758 1024 5827 agit
1049 5758 1143 5815 lib.
1172 5776 1209 5816 ιι
1250 5761 1332 5825 De
1355 5760 1670 5831 pigneribus
1701 5770 1876 5821 sanet.

2157 3176 2254 3230 diti
2285 3176 2593 3243 videantur,
2644 3178 2785 3233 unde
2823 3178 2874 3231 in
2913 3178 3195 3247 Ephraim,
3253 3178 3305 3233 id
3338 3188 3421 3233 est
3468 3179 3757 3233 voluntate

2154 3267 2308 3337 culpa
2344 3266 2812 3334 fornicationis,id
2836 3278 2917 3325 est
2946 3270 3175 3326 internzn
3205 3285 3234 3324 a
3267 3270 3377 3326 Deo
3397 3270 3757 3329 alienationis

2154 3361 2419 3417 oboritur.

2228 3452 2389 3508 Vens.
2423 3452 2599 3506 ll.—-—
2636 3471 2654 3503 ι
2683 3452 3096 3509 Contaminatus
3147 3464 3231 3508 est
3280 3451 3467 3507 Israél.
3509 3449 3645 3516 Sed,
3702 3460 3757 3506 et

2163 3561 2181 3595 ι
2218 3539 2381 3608 Inda,
2415 3557 2555 3613 pone
2580 3557 2811 3598 messem
2842 3543 2958 3609 tibi,
3010 3560 3132 3597 cum
3164 3553 3487 3598 convertere
3516 3543 3757 3613 captivi-

2163 3652 2181 3685 ι
2218 3642 2383 3687 tatem
2416 3633 2594 3702 populi
2630 3634 2756 3687 mei.
2785 3652 2801 3684 ι
2841 3633 2992 3700 Quod
3024 3642 3109 3688 est
3157 3634 3375 3688 dicere:
3410 3632 3584 3687 Israel
3631 3632 3759 3702 quia

2157 3727 2278 3782 dein
2326 3727 2379 3781 in
2430 3727 2738 3797 bnjusmodi
2794 3726 2975 3797 lapsus
3017 3736 3100 3782 est
3149 3727 3479 3797 spurcitias;
3531 3726 3648 3791 sed,
3699 3736 3757 3779 tu

2156 3817 2326 3881 Jada,
2384 3817 2665 3872 rationalis
2722 3817 2975 3872 videlicet
3034 3816 3328 3882 confessio,
3361 3832 3492 3886 pone
3530 3831 3755 3869 messem

2156 3908 2272 3972 tibi,
2297 3908 2347 3961 id
2378 3916 2483 3972 est,
2508 3907 2790 3962 lectionem
2817 3908 2910 3962 tibi
2942 3923 3181 3978 prepone
3202 3908 3341 3963 sacri
3374 3907 3615 3977 eloquii;
3651 3907 3757 3960 hoc

2161 4007 2342 4052 tamen
2373 3999 2468 4053 tibi
2506 4000 2737 4054 faciendi
2798 3997 3029 4055 facultas
3078 4000 3225 4056 nulla
3277 4001 3534 4070 suppetit,
3577 4000 3754 4053 donec

2156 4100 2453 4145 convertere
2481 4092 2829 4161 captivitatem
2852 4090 3029 4161 papuli
3053 4093 3173 4145 mei.
3223 4091 3522 4160 Captivitas
3564 4087 3755 4159 pepuli

2157 4191 2288 4243 tunc
2339 4197 2466 4239 vere
2499 4184 2854 4249 convertitur,
2895 4199 3017 4237 cum
3049 4184 3114 4248 is,
3166 4183 3254 4253 qui
3281 4193 3471 4253 captos
3499 4182 3757 4251 tenebat,

2157 4275 2226 4332 ab
2248 4290 2315 4330 eo
2364 4275 2456 4346 qui
2513 4273 2729 4346 pridem
2762 4282 2952 4345 captus
2988 4284 3072 4329 est
3102 4274 3408 4345 captivatur
3438 4290 3452 4339 ;
3498 4282 3556 4327 et
3609 4273 3753 4327 intra

2154 4364 2257 4422 nos
2287 4367 2641 4432 convertitur,
2666 4381 2788 4421 cum
2822 4367 3019 4422 mentis
3050 4375 3226 4422 status
3248 4366 3316 4422 ab
3346 4380 3411 4422 eo
3439 4365 3588 4436 quod
3613 4363 3757 4420 male

2158 4459 2370 4514 steterit
2394 4457 2733 4513 immutatur.

2772 4572 3001 4651 CAPUT
3040 4574 3152 4629 vn.

2226 4668 2391 4723 Vens.
2422 4667 2564 4722 1.-
2598 4685 2618 4717 ι
2653 4666 2786 4721 Cum
2813 4682 3009 4723 sanare
3033 4668 3226 4722 vellem
3271 4667 3456 4731 Israel,
3510 4666 3757 4723 revelata

2162 4780 2183 4815 ς
2218 4759 2573 4839 estiniquitas
2602 4760 2882 4828 prraim,
2933 4769 2988 4815 et
3022 4760 3230 4815 malitia
3280 4759 3571 4827 Samarite,
3624 4761 3754 4831 quia

2164 4872 2182 4905 ι
2211 4852 2419 4922 operati
2456 4860 2583 4906 sunt
2612 4851 2980 4907 mendacium.
3004 4870 3023 4904 ι
3058 4852 3191 4907 Cum
3219 4853 3358 4906 Deus
3407 4869 3606 4906 sanare
3636 4850 3755 4907 vult

2158 4942 2354 5006 Israel,
2378 4943 2628 5012 iniquitas
2668 4939 2925 5011 Epltraim
2958 4943 3249 5009 revelatur,
3274 4942 3402 5012 quia
3447 4958 3574 4997 cum
3618 4957 3749 4997 car-

2160 5035 2298 5089 nalis
2329 5032 2553 5087 allectus
2577 5034 2640 5087 ad
2672 5033 2911 5103 regulam
2962 5034 3189 5087 rationis
3212 5032 3529 5103 corrigitur,
3564 5041 3622 5084 et
3657 5030 3754 5084 ali-

2161 5141 2269 5196 quo
2300 5126 2458 5179 modo
2487 5126 2579 5179 Dei
2603 5126 2809 5197 judicio
2835 5134 3202 5192 conterretur,
3230 5124 3498 5191 voluntas,
3537 5140 3662 5193 qua:
3686 5140 3755 5189 es

2162 5220 2400 5293 antiqua:
2426 5217 2842 5272 consuetudinis
2873 5232 2973 5271 usu
3004 5216 3362 5286 proniﬁcatur
3402 5218 3468 5269 ad
3521 5217 3750 5281 malum,

2162 5310 2343 5364 subito
2365 5309 2651 5363 revelatur.
2675 5308 2807 5362 Nam
2829 5324 2951 5362 cum
2975 5309 3217 5378 cogitare
3243 5307 3467 5375 insolita
3505 5307 3751 5376 cogitur,

2164 5410 2217 5455 et
2241 5402 2389 5454 abeo
2416 5400 2557 5469 quod
2588 5399 2815 5453 delectat
2846 5398 3545 5467 removetur,impatientia:
3571 5399 3756 5451 animo

2164 5490 2387 5545 morbus
2417 5489 2672 5543 innritur.
2728 5490 2827 5543 Cui
2856 5487 3043 5542 inorbo
3072 5488 3275 5541 malitia
3306 5486 3571 5540 Samaria:
3608 5486 3722 5538 inul

2166 5590 2274 5633 tum
2309 5578 2591 5645 adnititur,
2624 5578 2835 5635 scilicet
2856 5578 3069 5637 illorum
3105 5578 3601 5655 εειεοιοιιοιιιιυιιιιιὶ
3638 5591 3785 5657 pcsy
