3998 6326
270 382 379 439 573

959 377 1414 438 TROPOLOGl/E
1451 374 1749 441 iN'OSEE,
1781 372 1973 432 ΛΜθὲ
2007 373 2093 432 ET
2121 372 2264 431 JER.
2302 404 2370 414 —-
2401 373 2527 429 LIB.
2570 373 2629 428 11.
2671 373 2735 429 LV
2772 374 2965 431 OSEE‘.

3430 379 3552 447 3ῗᾷ

271 497 399 552 simi
428 497 776 552 consultores
807 496 1033 551 .nterius
1062 496 1128 550 ad
1155 494 1496 550 excusandas
1542 491 1853 547 excusatio-
1890 500 1923 550 Α
1963 486 2201 552 mulieri,
2225 487 2363 543 male
2403 488 2796 557 principantur,
2828 486 3186 543 exhilarando
3223 503 3287 543 ex
3320 491 3561 555 honoris

269 603 370 643 nes
415 587 468 641 in
499 590 745 658 peccatis
785 597 1070 658 emergunt
1115 586 1437 656 (Parrhase,
1471 585 1550 655 4),
1600 600 1724 641 cum
1761 583 1852 654 qui

263 677 536 753 praesules
568 679 623 734 in
651 678 838 733 animo
864 678 931 732 ad
965 678 1246 748 leviganda
1278 677 1407 730 vitia
1431 675 1602 730 videri
1647 674 1851 743 volunt,

264 766 635 827 imitationem
692 770 899 824 veterni
954 778 1128 824 status
1174 767 1385 825 dill'erri
1417 766 1644 835 debere,
1698 767 1855 837 quasi

260 858 682 927 concinnantes,
714 860 1027 915 ostendunt.
1079 860 1292 925 Somer,
1334 857 1493 928 plane
1539 873 1570 911 a
1619 873 1727 928 quo
1759 858 1858 911 Sa-

260 949 462 1018 maria,
524 950 924 1020 interpretatur
977 959 1175 1006 custos.
1227 949 1405 1004 Prava
1457 949 1605 1003 enim
1656 947 1854 1002 astutia

259 1039 437 1093 menti
467 1040 734 1096 mentitur
761 1041 1084 1110 custodiam,
1126 1041 1250 1096 dum
1282 1055 1388 1095 non
1427 1041 1494 1095 ad
1524 1041 1713 1107 Deum,
1761 1038 1856 1093 sed

254 1128 323 1186 ad
352 1131 618 1186 saeculum
649 1132 784 1187 solet
810 1131 1072 1203 spondere
1115 1133 1406 1198 cautelam,
1454 1142 1509 1186 et
1557 1148 1663 1186 non
1711 1130 1854 1202 apud

256 1217 463 1285 Deum,
492 1223 588 1275 sed
615 1236 778 1291 penes
801 1221 1054 1276 saeculum
1079 1231 1298 1277 veretur
1332 1221 1627 1277 infamiam.
1663 1221 1728 1275 Et
1755 1222 1856 1275 hoc

252 1309 337 1376 111,
371 1314 507 1383 quia
560 1314 884 1367 mendacium
915 1323 1226 1385 operantur,
1282 1315 1553 1385 hypocrisi
1607 1314 1856 1368 videlicet

253 1414 654 1475 conteguntur.
685 1404 825 1471 Quid
855 1406 998 1459 enim
1032 1407 1344 1461 rnendosius
1389 1422 1551 1476 quam
1602 1416 1661 1460 ut
1720 1404 1854 1458 vclis

251 1495 436 1549 videri
460 1496 607 1567 quod
644 1513 751 1551 non
796 1498 898 1553 es?
925 1515 943 1548 1
983 1496 1048 1551 Et
1070 1496 1157 1551 fur
1201 1498 1477 1568 ingressus
1505 1506 1588 1551 est
1616 1496 1854 1567 spolians

250 1586 609 1645 lairunculus
639 1589 792 1645 foris.
823 1609 841 1643 1
882 1590 962 1645 Ac
1008 1590 1056 1645 si
1088 1590 1296 1645 diceret
1330 1607 1343 1645 :
1394 1590 1463 1651 Et
1517 1599 1665 1644 certe
1709 1604 1854 1659 quae-

249 1695 481 1750 cunque
504 1681 808 1736 extrinseca
860 1681 1181 1736 adhibeatur
1223 1682 1520 1754 vigilantia,
1557 1680 1645 1749 fur
1675 1689 1851 1734 tamen

246 1769 625 1840 ingredietur,
672 1772 723 1826 id
750 1784 831 1826 est
878 1772 1108 1843 proditio
1139 1774 1375 1837 interna,
1413 1788 1532 1842 qme
1578 1769 1851 1824 diabolum

244 1856 713 1929 depopulatorem
738 1849 994 1926 admittit',
1027 1860 1169 1916 intro
1197 1862 1641 1924 debaccbabitur,
1675 1870 1727 1914 et
1754 1860 1852 1912 ho-

245 1948 410 2003 tuine
462 1949 814 2035 familiaribus
862 1950 1049 2023 spoliis
1102 1962 1416 2009 exenterato
1446 1993 1461 2017 ,
1520 1950 1850 2005 latruucnlus

242 2039 421 2110 foris,
450 2032 542 2117 qui
574 2042 641 2097 ab
672 2032 928 2099 exteriori
955 2046 1238 2101 honestate
1283 2046 1570 2115 despoliet.
1617 2060 1741 2097 mox
1771 2044 1850 2096 in-

243 2132 460 2201 surgit,
492 2131 691 2187 arbore
712 2132 856 2187 enim
884 2145 1137 2204 corrupta
1162 2135 1472 2190 medullitus
1513 2144 1620 2188 tota
1671 2149 1849 2187 ramo-

242 2237 379 2277 rum
406 2226 729 2295 superficies
758 2226 996 2283 arefacta
1020 2228 1337 2282 destruitur.
1368 2227 1501 2281 Nota
1551 2227 1854 2281 distinctio—

241 2330 383 2375 nem
432 2316 572 2372 furis
602 2327 657 2373 et
698 2316 945 2374 latronis.
993 2318 1101 2373 Fur
1152 2328 1236 2374 est
1285 2300 1671 2380 clandestirius,
1716 2316 1853 2371 latro

237 2420 353 2478 per
376 2408 606 2464 insidias
627 2412 720 2464 sed
742 2421 981 2481 apertus.
1014 2411 1165 2466 Unde
1194 2412 1487 2465 Dominus:
1548 2428 1565 2460 1
1596 2410 1708 2471 Ille,
1766 2408 1850 2463 in-

237 2500 401 2570 quit,
449 2500 538 2555 fur
591 2511 696 2564 est,
744 2512 798 2556 et
827 2503 962 2555 latro
1016 2503 1198 2573 (Joan.
1229 2519 1285 2567 x,
1330 2504 1439 2571 1).1
1495 2500 1601 2555 Fur
1641 2500 1854 2553 aliunde

237 2592 635 2659 ascendendo,
673 2592 813 2649 latro
840 2603 961 2663 post
982 2595 1284 2665 ingressum
1314 2593 1369 2648 in
1419 2592 1725 2647 domesticis
1748 2608 1849 2645 sre-

236 2683 484 2740 viendo.

334 2771 504 2829 Vens.
528 2771 582 2828 2.
608 2803 681 2814 -
714 2792 730 2825 1
762 2774 827 2828 Et
856 2789 922 2828 ne
947 2781 1083 2828 forte
1107 2779 1288 2828 dicant
1325 2780 1377 2828 lu
1430 2775 1685 2827 θοι-11111111
1739 2779 1852 2826 suis

243 2881 269 2914 ι
319 2878 546 2919 omnem
607 2864 867 2918 malitiam
921 2882 1105 2919 eorum
1153 2880 1239 2919 me
1293 2865 1654 2929 recordatum,
1711 2878 1853 2919 nunc

248 2975 275 3008 1
329 2955 817 3012 circumdederunt
872 2971 966 3011 eos
1012 2956 1420 3011 adinventiones
1469 2970 1619 3018 sum,
1666 2970 1852 3009 coram

245 3065 275 3097 ι
329 3044 479 3100 facie
512 3059 633 3101 mea
657 3044 814 3099 facta:
858 3053 1001 3100 sunt.
1033 3065 1053 3098 1
1112 3044 1192 3099 Ac
1220 3044 1264 3099 si
1320 3045 1560 3099 diceret:
1600 3043 1855 3098 F0.‘lasse

240 3138 471 3201 dicent,
508 3136 635 3190 dum
660 3137 725 3190 de
754 3152 865 3191 sua:
895 3136 1089 3191 mentis
1127 3150 1377 3206 processu
1403 3144 1496 3189 aut
1518 3135 1740 3189 decessu
1771 3148 1857 3188 re-

240 3229 525 3298 cogitant,
552 3229 695 3298 quod
726 3230 877 3298 quasi
914 3229 980 3283 ad
1033 3230 1192 3283 finem
1225 3227 1477 3282 ultorinm
1524 3242 1715 3281 omnes
1760 3243 1852 3279 co-

245 3338 380 3380 rtttn
420 3322 657 3375 malitias
688 3322 987 3389 glomerare
1037 3322 1322 3384 voluerim,
1367 3321 1523 3389 plane
1571 3320 1852 3386 falluntur,

245 3415 354 3467 sed
391 3429 565 3477 nunc,
600 3414 651 3466 id
693 3424 797 3477 est,
832 3413 884 3466 in
918 3414 1021 3467 hoc
1057 3423 1198 3467 statu
1240 3411 1559 3483 hypocrisis,
1587 3427 1694 3479 quo
1734 3427 1857 3465 seu-

245 3521 349 3560 sus
379 3520 577 3559 eorum
608 3505 875 3561 conclusit
922 3506 1260 3574 improbitas.
1293 3504 1701 3559 adinvenliones
1746 3518 1857 3558 sua:

249 3614 358 3655 eos
394 3598 895 3661 circumdederunt,
957 3598 1008 3651 id
1055 3606 1142 3652 est
1181 3596 1380 3652 dolosa;
1433 3595 1857 3650 conversationis

244 3700 581 3746 commenta
606 3690 658 3744 in
686 3688 847 3759 hujus
885 3689 1177 3762 labyrinthi
1228 3688 1438 3744 foveam
1488 3690 1853 3744 detruserunt.

246 3781 700 3843 Adiuventiones,
727 3795 846 3850 qua:
873 3796 967 3847 per
1007 3779 1334 3849 hypocrisim
1378 3777 1532 3844 fiunt,
1565 3779 1760 3833 merito
1783 3779 1857 3833 di-

245 3884 491 3938 cuntur,
514 3873 637 3940 quia
671 3874 757 3926 vix
783 3872 885 3925 ttlla
913 3873 1157 3926 veritatis
1192 3888 1353 3942 opera
1380 3879 1529 3926 tanto
1561 3871 1684 3925 fuco
1707 3885 1858 3924 coor-

248 3974 489 4022 trautur.
517 3963 599 4019 Un
624 3966 670 4017 le
696 3975 748 4018 et
775 3981 949 4017 coram
984 3963 1117 4031 facie
1141 3979 1235 4019 sua
1269 3961 1439 4017 factas
1461 3978 1551 4019 eas
1575 3963 1715 4015 Deus
1734 3976 1857 4031 per-

250 4058 446 4120 ltibet,
476 4057 606 4126 quia
638 4056 771 4113 nihil
819 4066 901 4111 est
938 4056 1078 4125 quod
1135 4066 1419 4125 tantopere
1468 4056 1564 4113 Dei
1618 4053 1859 4110 offendat

250 4155 553 4217 aspectum
595 4154 853 4215 quantum
888 4145 973 4201 illa
1002 4161 1121 4215 quae
1166 4161 1263 4215 pro
1295 4146 1403 4199 Deo
1437 4144 1547 4214 geri
1581 4152 1852 4213 putantur,

252 4248 318 4291 ct
379 4253 451 4291 ex
511 4238 615 4291 hoc
677 4236 795 4307 ipso
862 4236 993 4289 nihil
1051 4237 1194 4290 aliud
1266 4249 1476 4290 actores
1535 4251 1696 4305 quam
1752 4251 1855 4288 sae-

254 4329 490 4384 culares
544 4329 747 4398 glorias
795 4338 1150 4397 aucupaulur.
1210 4329 1322 4381 Sibi
1377 4330 1520 4381 enim
1572 4329 1711 4397 quod
1750 4329 1858 4384 Deo

257 4420 605 4490 impenditur
640 4419 777 4475 velle
810 4418 1027 4483 aScribi,
1052 4419 1314 4476 nel'arimn
1341 4417 1661 4474 idolo‘atria:
1688 4432 1860 4486 genus

255 4519 372 4565 65L

344 4604 516 4657 Vens.
545 4602 598 4655 5.
630 4632 699 4641 —
734 4620 752 4652 1
792 4600 848 4657 111
907 4600 1113 4656 malitia
1169 4616 1263 4654 sua
1316 4599 1728 4656 lanificaverunt
1776 4616 1862 4654 re-

263 4714 295 4748 c
337 4710 462 4765 gem
497 4702 592 4759 ;et
642 4693 693 4747 in
724 4692 1020 4749 mendaciis
1061 4691 1174 4747 suis
1224 4693 1556 4762 principes.»
1591 4691 1645 4746 Si
1693 4708 1858 4762 regem

265 4786 509 4841 velimus
539 4784 837 4857 intelligere
887 4785 1183 4850 diabolum,
1223 4793 1376 4850 stat;
1424 4784 1536 4855 ipse
1585 4785 1729 4838 enim
1778 4793 1863 4839 est

264 4899 374 4939 rex
406 4898 568 4951 super
599 4896 790 4937 omnes
842 4881 981 4937 tilios
1030 4882 1296 4951 superbire
1337 4878 1485 4946 (Job.
1514 4896 1623 4945 xu,
1649 4880 1738 4949 '25)
1771 4896 1785 4943 ;
1817 4880 1860 4934 si

264 4975 552 5049 principes
582 4974 858 5029 ministros
887 4972 1002 5041 ejus
1034 4974 1327 5032 daemones.
1363 4981 1634 5043 utcunque
1681 4974 1863 5027 consiv

267 5069 394 5123 stit.
421 5068 527 5122 Sed
551 5083 637 5121 res
667 5069 806 5121 intra
837 5084 935 5123 nos
968 5064 1464 5135 constringaturJn
1509 5066 1709 5120 malitia
1735 5076 1866 5135 ergo

269 5178 378 5218 sua
402 5177 572 5231 regem
602 5160 898 5223 laetificant,
924 5175 1045 5214 cum
1088 5159 1224 5213 tnala
1277 5159 1488 5212 occulte
1532 5168 1863 5229 perpetrata,

272 5267 382 5308 nec
410 5250 729 5305 forasticum
750 5249 987 5318 judicent
1019 5247 1315 5304 metuentia
1348 5247 1585 5302 studium
1636 5247 1864 5304 rationis

276 5344 437 5400 elata:
458 5343 751 5399 delectant.
786 5343 911 5399 Ideo
934 5342 1077 5407 enim
1105 5356 1196 5395 rex
1227 5339 1545 5414 appellatur,
1586 5339 1709 5409 quia
1734 5356 1867 5408 gau-

277 5438 371 5491 dio
396 5436 607 5505 privato
636 5434 934 5498 extollitur,
988 5449 1080 5503 qut
1104 5448 1200 5503 per
1228 5430 1558 5504 hypocrisim
1588 5440 1866 5500 operatur,

281 5529 336 5584 in
374 5530 525 5585 omni
556 5528 801 5599 profecto
848 5527 1061 5583 actione
1110 5541 1206 5579 sua
1238 5524 1517 5578 mentitur.
1549 5521 1616 5576 In
1656 5526 1871 5575 ηιίἪίία-
1940 5588 1943 5589 ν

282 5623 379 5676 riis
410 5637 543 5691 ergo
591 5622 702 5675 suis
747 5621 1005 5690 principes
1055 5618 1353 5680 laetiﬁcat",
1403 5630 1546 5682 cum,
1593 5614 1871 5669 fallacibus

284 5715 541 5783 operibus
567 5712 766 5784 quibus
788 5711 1023 5781 ineptum
1052 5708 1242 5779 vulgus
1272 5708 1338 5762 ad
1362 5707 1443 5762 sui
1467 5705 1871 5760 venerationem

289 5809 615 5872 pertrahunt
640 5820 832 5862 sensus
871 5819 1014 5870 suos,
1046 5802 1137 5872 qui
1169 5800 1292 5868 sibi,
1327 5800 1468 5857 sicut
1516 5796 1872 5853 Samaritana:

1959 580 2227 635 delatione
2259 579 2557 635 ludificant.
2609 578 2670 633 111
2718 591 2843 633 sunt
2869 579 3143 651 principes
3170 582 3261 650 qui
3292 597 3390 638 nos
3418 597 3545 652 per-

1958 679 2257 741 sequuntur
2285 671 2451 741 gratis
2478 668 2648 739 (Psal.
2677 686 2865 739 cxvnt,
2897 673 3042 740 161).

2038 759 2195 813 Vens.
2218 757 2273 811 4.
2311 789 2379 797 -
2414 777 2431 809 1
2460 757 2663 813 Omnes
2688 760 3073 826 adulterantes,
3108 762 3263 831 quasi
3289 762 3539 819 clibanus

1963 866 1985 902 1
2017 864 2315 904 succensus
2346 864 2375 903 a
2404 858 2689 919 coquente.
2712 869 2731 902 1
2782 850 2847 905 111
2870 854 3127 924 principes
3172 869 3350 908 omnes
3394 856 3545 921 adul-

1960 952 2158 1009 terant,
2215 944 2341 998 dum
2386 942 2694 998 videntibus
2729 947 2963 1014 speciem
3011 962 3110 1017 pro
3137 946 3248 1002 Deo
3275 958 3543 1016 susceptae

1957 1036 2280 1093 humilitatis
2334 1044 2653 1100 ostentant,
2696 1036 2788 1090 sed
2846 1036 2935 1090 alii
2986 1053 3148 1107 quam
3188 1039 3298 1094 Deo
3342 1039 3542 1109 exinde

1957 1129 2174 1199 placere
2200 1128 2529 1183 desiderant.
2560 1128 2726 1193 Quasi
2782 1128 3016 1182 clibanus
3045 1147 3325 1185 succensus
3368 1149 3401 1185 a
3450 1148 3540 1186 co-

1952 1232 2142 1292 quente
2169 1230 2316 1285 sunt,
2367 1221 2493 1275 dum
2542 1220 2643 1274 sub
2688 1220 2917 1290 benigna
2969 1218 3107 1275 facie
3152 1220 3556 1279 ferventissitni‘

1958 1314 2097 1367 intra
2126 1312 2364 1366 aninmm
2388 1312 2658 1381 appetitus
2681 1311 2926 1367 incendia
2953 1312 3138 1368 clausa
3161 1312 3537 1387 ferunt.201

1954 1408 2214 1461 Clibanus
2237 1407 2383 1461 enim
2417 1408 2645 1461 interius
2674 1407 2848 1470 ardet,
2897 1406 2985 1476 qui
3028 1421 3136 1476 quo
3164 1414 3245 1460 est
3291 1420 3542 1462 caruera-

1958 1498 2063 1552 tior
2104 1514 2169 1552 eo
2205 1499 2511 1555 a‘stuosior.
2564 1499 2719 1557 Unde
2760 1498 2935 1568 inquit
2981 1498 3146 1553 Poeta
3205 1496 3381 1568 (Ovid.
3408 1496 3538 1555 Met.

1954 1605 2029 1656 tv,
2062 1590 2181 1659 (id):

2027 1679 2125 1745 Qui
2145 1699 2243 1751 que
2272 1684 2438 1753 magis
2459 1683 2669 1754 tegitur,
2702 1692 2864 1737 tectus
2888 1682 3050 1752 magis
3071 1689 3261 1736 restant
3280 1681 3462 1735 ardor.

2023 1774 2274 1843 Coquens
2296 1785 2479 1830 autent
2510 1792 2615 1831 non
2656 1776 2793 1830 alius
2832 1783 2915 1830 est
2950 1789 3110 1844 quam
3143 1773 3235 1843 qui
3280 1773 3402 1826 talis
3423 1788 3540 1827 am-

1883 1842 1924 1900 B
1953 1842 2172 1921 bitionis
2221 1869 2322 1923 sibi
2359 1869 2457 1939 ipsi
2490 1869 2738 1925 incentor
2789 1879 2890 1923 est.
2938 1842 3214 1934 «'Quievit
3261 1864 3536 1935 paululum

1958 1977 1976 2011 1
2024 1960 2217 2015 civitas
2256 1977 2286 2015 a
2327 1960 2705 2018 commistione
2731 1959 3004 2026 fermenti,
3039 1959 3212 2015 donec
3242 1958 3541 2012 fermentav

1957 2069 1977 2105 1
2027 2061 2178 2106 retur
2204 2063 2396 2107 totum.
2435 2071 2454 2104 1
2490 2050 2777 2106 Paululum
2813 2052 2999 2106 civitas
3047 2050 3298 2120 quiescit,
3330 2065 3452 2107 cum
3484 2052 3539 2107 in

1954 2142 2110 2197 initio
2140 2154 2334 2213 empta:
2367 2144 2670 2214 hypocrisis
2698 2158 2804 2196 non
2832 2143 2995 2196 nimia
3028 2141 3109 2195 vis
3154 2140 3326 2210 ipsius
3371 2142 3542 2197 inter-

1953 2251 2037 2291 nte
2065 2236 2400 2305 cupiditatis,
2432 2249 2534 2290 nec
2573 2234 2876 2305 frequentia
2924 2232 3164 2287 civitatis
3197 2239 3543 2300 perstrepere

1953 2327 2176 2390 sinitur,
2208 2328 2335 2396 quia
2380 2342 2411 2381 a
2442 2325 2878 2381 consideratione
2914 2321 3347 2387 fermentatiouis
3390 2321 3535 2374 noviv

1955 2417 2045 2471 tiae
2084 2427 2347 2471 cessatur.
2383 2415 2719 2471 Femtentum
2769 2415 2896 2484 quid
2942 2413 3212 2481 signiﬁcet
3245 2426 3276 2463 a
3328 2409 3542 2464 nemine

1954 2510 2252 2562 dubitatur.
2305 2509 2429 2563 llarc
2471 2508 2642 2577 pestis
2684 2506 2861 2577 primo
2917 2514 3151 2561 mentem
3200 2503 3301 2559 sub
3357 2501 3538 2570 specie

1953 2600 2262 2654 sanctitatis
2285 2601 2616 2670 aggreditur,
2645 2609 2700 2653 at
2746 2608 3029 2668 postquam
3056 2584 3278 2651 sinistra
3312 2594 3541 2649 intentio

1952 2699 2143 2760 pectus
2172 2690 2539 2760 occupaverit,
2574 2699 2737 2743 totum
2766 2689 3148 2743 fermentatum
3186 2685 3406 2740 dicitur.

2030 2778 2191 2834 Vens.
2235 2782 2421 2834 5.--1
2472 2781 2596 2834 Dies
2642 2780 2783 2850 regis
2813 2778 3005 2833 nostri.
3047 2796 3066 2828 1
3104 2776 3350 2845 Decepta:
3397 2774 3544 2843 cogi«

1957 2875 2180 2928 talionis
2208 2890 2309 2927 vox
2337 2882 2445 2929 est.
2477 2873 2677 2943 [legem
2701 2873 2950 2941 superius
2987 2870 3222 2925 diximus
3270 2868 3541 2923 rationem

1955 2966 2169 3035 plenam
2208 2968 2394 3021 fastus.
2425 2966 2470 3022 0
2497 2966 2689 3035 inquit.
2722 2967 2831 3019 dies
2859 2965 2992 3034 regis
3016 2962 3211 3026 nostri;
3240 2976 3306 3017 ac
3330 2961 3374 3016 si
3399 2961 3545 3015 dico-

1957 3073 2079 3115 ret:
2113 3061 2251 3116 Ecce
2287 3076 2377 3114 rex
2407 3066 2591 3113 noster
2617 3060 2757 3133 diem
2788 3058 2969 3116 habet.
3000 3055 3128 3126 quia
3181 3055 3407 3121 spiritus
3449 3069 3543 3107 no-

1958 3162 2073 3207 ster
2104 3153 2154 3206 in
2185 3152 2266 3206 sui
2320 3149 2684 3220 prosperitate
2714 3147 2917 3202 favoris
2961 3145 3265 3199 luculentus
3296 3154 3541 3213 apparet.

1964 3260 1984 3295 1
2020 3244 2315 3313 prernnt
2362 3241 2636 3311 principes
2674 3238 2855 3292 furere
2903 3253 2931 3291 a
2972 3236 3119 3289 vino.
3166 3252 3184 3286 1
3239 3232 3439 3287 Animo
3478 3233 3544 3284 de

1956 3335 2072 3391 suis
2098 3334 2366 3404 gloriante
2405 3331 2687 3394 laudibus,
2737 3343 2930 3385 sensus
2966 3325 3136 3381 nostri
3166 3323 3465 3377 exteriores
3509 3337 3544 3373 11

1958 3428 2075 3481 riuo
2118 3426 2320 3485 [111-11111,
2352 3424 2479 3477 1111111
2512 3421 2590 3475 sui
2618 3419 2999 3490 cogitationem
3039 3415 3214 3485 gratia
3245 3412 3406 3467 alieni
3430 3413 3544 3471 oris

1957 3517 2230 3572 amittunt.
2264 3514 2614 3568 Furinsorum
2641 3520 2747 3573 est,
2805 3525 2905 3565 nec
2951 3523 3029 3572 se,
3079 3522 3179 3561 nec
3231 3504 3542 3575 quempiam

1958 3619 2275 3675 agnoscere,
2302 3614 2395 3658 aut
2423 3601 2624 3667 vereri,
2676 3614 2776 3655 nec
2826 3598 2953 3668 quid
2994 3597 3271 3667 patiantur
3303 3595 3466 3650 scire.
3498 3592 3543 3651 Α

1957 3702 2076 3752 uiuo
2106 3714 2233 3766 ergo
2262 3696 2448 3750 furunt
2497 3694 2588 3763 qui
2638 3693 2881 3747 externis
2928 3688 3330 3744 adulationibus
3381 3686 3561 3759 ebrii,

1959 3804 2064 3843 non
2093 3788 2279 3856 quales
2302 3787 2432 3849 sint,
2463 3784 2554 3839 sed
2594 3783 2827 3853 qualiter
2859 3780 3165 3843 larulcntur,
3199 3776 3505 3832 attendunt.

2034 3877 2196 3932 Vens.
2239 3876 2290 3932 6.
2316 3907 2385 3917 ——
2418 3896 2434 3925 1
2480 3874 2730 3929 Extendit
2760 3888 2976 3927 manum
3006 3886 3159 3925 suam
3201 3885 3322 3922 curn
3359 3868 3545 3921 illusu-

1963 3989 1983 4022 1
2031 3971 2201 4035 ribus,
2232 3970 2358 4040 quia
2381 3966 2926 4039 applicuertnttquasi
2949 3964 3221 4018 cl;banuut
3245 3978 3339 4016 cor
3362 3977 3544 4033 suum,

1964 4082 1982 4114 1
2026 4079 2148 4118 cum
2197 4062 2547 4117 insidiaretur
2594 4058 2695 4113 eis.
2738 4079 2754 4109 r
2804 4057 2936 4111 Cum
2979 4055 3283 4110 illusoribus
3331 4069 3546 4107 utaturut

1960 4172 2113 4210 suam
2144 4157 2252 4211 rex'
2270 4152 2514 4210 extendit
2546 4167 2669 4207 cum
2718 4153 2784 4205 ad
2823 4149 3158 4204 voluntatem
3203 4145 3547 4203 adulatornrn

1958 4264 2180 4305 suorum
2206 4249 2293 4303 vel
2335 4245 2512 4317 potius
2562 4244 2842 4298 illusorum
2882 4242 3229 4311 Operationes
3278 4255 3404 4294 suas
3450 4253 3547 4306 pro

1960 4343 2157 4410 quibus
2185 4339 2356 4410 magis
2385 4336 2699 4400 extollatur,
2722 4332 3056 4403 ampliﬁcare
3079 4330 3376 4387 contendit.
3407 4328 3548 4382 Fim-

1960 4435 2109 4489 brias
2136 4447 2283 4494 suas,
2322 4428 2479 4497 juxta
2535 4425 2911 4496 Evangelium,
2966 4423 3188 4493 spiritus
3218 4428 3403 4475 noster
3432 4433 3549 4472 ma-

1891 4549 1935 4603 υ
1962 4524 2187 4595 gniticat
2245 4518 2438 4590 (alatlt.
2474 4532 2629 4580 unt,
2672 4514 2748 4585 5),
2782 4530 2902 4567 cum
2934 4528 3031 4565 sua
3078 4510 3333 4580 quaelibet
3359 4523 3545 4578 opera,

1963 4615 2208 4684 quamvis
2220 4623 2484 4673 extrema,
2502 4607 2866 4679 percelebrat;
2884 4602 3235 4675 pltylacteria,
3250 4618 3369 4670 quae
3383 4599 3545 4663 collo,

1968 4708 2048 4761 vel
2103 4702 2311 4774 pectori
2360 4699 2587 4771 app'ndi
2639 4697 2836 4759 solent,
2897 4696 3084 4750 dilatat
3144 4693 3359 4765 (lbid.),
3423 4707 3546 4747 cum

1966 4794 2247 4851 scientiam
2281 4792 2363 4846 vel
2391 4790 2688 4846 doctrinam
2718 4787 2874 4859 quasi
2924 4784 3330 4841 obaudientium
3370 4792 3553 4838 custo-

1966 4885 2109 4942 diam
2139 4884 2451 4939 tonantibus
2488 4881 2672 4936 buccis
2700 4888 2954 4934 ostentat.
2988 4876 3126 4943 Quia
3165 4873 3547 4945 applicuerunt,

1968 4978 2112 5033 haud
2172 4976 2390 5031 dubium
2455 4989 2613 5043 quem
2670 4972 2917 5027 illusores
2960 4968 3111 5038 quasi
3159 4965 3423 5020 clibanuut
3462 4978 3553 5016 cor

1968 5084 2141 5132 suum,
2171 5082 2292 5121 cum
2326 5065 2684 5135 cogitationes
2729 5077 2787 5116 se
2817 5060 3010 5115 merito
3037 5054 3245 5110 laudari
3273 5054 3550 5107 aestiman-

1973 5169 2071 5224 tes,
2101 5168 2157 5214 et
2182 5158 2284 5213 sibi
2313 5154 2694 5211 miserabiliter
2743 5153 3048 5210 illudentes.
3095 5155 3151 5202 et
3192 5142 3554 5201 exterioribus

1968 5250 2203 5321 pejores,
2241 5265 2329 5302 cor
2361 5264 2537 5311 suam,
2565 5245 2621 5301 id
2640 5253 2723 5298 est
2749 5243 3010 5298 rationem
3043 5253 3193 5293 suam
3224 5234 3325 5290 sub
3358 5232 3554 5288 talibus

1969 5340 2247 5395 blanditiis
2292 5346 2608 5391 aestuantem
2655 5346 3043 5402 usquequaque
3090 5328 3376 5391 inclinant,
3400 5334 3455 5380 et
3495 5339 3554 5380 se

1972 5429 2051 5483 eis
2104 5425 2256 5494 quasi
2308 5423 2733 5494 gratulabundos
2783 5419 3087 5475 bumiiiant.
3134 5415 3287 5487 Hoc,
3347 5413 3553 5483 inquit,

1974 5518 2328 5590 cogitationes
2359 5515 2583 5576 faciunt,
2617 5526 2737 5565 cum
2771 5526 2861 5564 rex
2913 5508 3028 5579 ipse
3066 5508 3410 5561 insidiaretur
3456 5503 3554 5567 eis,

1974 5626 2096 5664 cum
2126 5608 2331 5663 scilicet
2367 5605 2589 5673 spiritus
2632 5603 2765 5670 ipse,
2816 5600 2970 5670 cujus
3002 5595 3160 5655 ofﬁcii
3191 5605 3309 5651 erat
3333 5609 3425 5647 eas
3468 5608 3555 5665 re—

1975 5715 2122 5771 gere,
2152 5698 2436 5770 praesentia
2464 5693 2653 5767 gaudia
2687 5700 3070 5762 aucuparetur,
3105 5689 3184 5743 eis
3215 5687 3279 5740 ad
3313 5686 3553 5738 interne-

1980 5793 2191 5849 cionem
2219 5805 2402 5846 earum
2432 5801 2564 5859 quas
2593 5783 2804 5841 salvare
2834 5785 3090 5840 debuerat
3125 5795 3181 5835 sc
3210 5777 3554 5834 submittens.
