3998 6326
455 377 564 434 375

1336 370 1401 425 V.
1440 368 1765 428 GUIBERTI
1803 367 2094 425 ABBATIS
2133 370 2190 426 S.
2234 368 2474 426 MANE
2504 370 2593 429 DE
2624 371 3022 430 NOVIGENTO

3614 375 3732 434 576

463 508 483 541 ι
530 488 669 545 Tota
694 494 850 543 nocte
876 485 1129 541 dormivit
1159 498 1397 553 coquens
1421 499 1535 549 eos,
1584 499 1745 540 mane
1776 484 1893 554 ipse
1923 499 2042 540 suc-
2072 486 2119 546 Α
2147 483 2199 539 in
2230 500 2295 541 eo
2321 485 2422 555 piae
2460 485 2715 542 novitatis
2742 497 2823 543 est
2850 488 3119 555 dealbata,
3154 490 3385 559 quadam
3417 490 3737 562 hypocris's

406 648 409 651 ν
461 600 483 635 s
527 595 724 638 census
751 579 903 651 quasi
934 577 1073 649 ignis
1096 575 1347 631 ﬂammas.
1394 596 1413 627 ι
1477 576 1608 631 Tota
1641 587 1790 631 nocte
1816 594 2037 649 coquens

454 691 542 731 eos
564 673 783 737 dormit,
810 686 930 727 cum
956 670 1267 725 omnimoda
1316 672 1563 726 czecitate
1604 674 1670 728 ad
1701 674 2038 729 internorum

456 774 721 829 motuum,
748 762 841 834 qui
868 779 1059 819 sanum
1086 779 1278 835 sapere
1312 774 1585 835 poterant,
1633 768 2038 825 demolitionem

458 863 714 927 tanquam
744 854 1115 911 excoctionem
1163 871 1222 912 se
1248 857 1458 927 sepelit.
1492 858 1651 914 Mane
1677 860 1785 931 ipse
1817 876 2041 916 succen-

459 945 618 1013 Jitur,
644 962 788 1015 cum,
810 946 1155 1004 illucescente
1176 950 1279 1006 sibi
1306 949 1532 1020 alicujus
1552 954 1927 1023 prosperitatis
1944 971 2042 1009 au-

461 1050 598 1102 rora,
628 1037 911 1093 nimietate
940 1040 1256 1110 cupiditatis
1284 1041 1507 1114 ignitur.
1543 1043 1696 1100 Unde
1717 1046 1817 1101 sub
1860 1048 2041 1118 specie

454 1124 734 1195 cujusdam
756 1128 870 1209 avis
894 1129 945 1183 in
974 1128 1076 1184 Job
1106 1131 1345 1187 dicitur:
1386 1151 1404 1185 ι
1444 1132 1579 1189 Cum
1629 1144 1840 1207 tempus
1891 1138 2040 1193 inve-

453 1218 617 1287 nerit,
651 1220 705 1274 in
731 1220 899 1276 altum
945 1221 1060 1277 alas
1083 1224 1243 1295 erigit
1275 1226 1415 1295 (Job.
1448 1242 1637 1293 xxxix,
1684 1230 1793 1295 18).
1827 1248 1844 1281 ι
1876 1229 2042 1295 Quasi

451 1307 591 1379 ignis
622 1311 852 1379 ﬂamma:
884 1322 987 1377 est,
1016 1314 1143 1368 dum
1191 1330 1329 1385 quos
1367 1318 1607 1373 exterius
1642 1318 1885 1374 docendo
1922 1335 2043 1391 pro-

454 1398 648 1455 lambit
695 1412 748 1456 et
806 1402 1079 1461 illustrare
1125 1408 1437 1475 contendit,
1485 1409 1672 1463 eadem
1713 1425 1819 1481 qua
1869 1409 2044 1467 fervet

454 1500 608 1562 peste
634 1494 947 1559 succendit;
983 1496 1065 1550 vel
1114 1497 1279 1552 etiam
1309 1500 1446 1569 ignis
1487 1503 1716 1570 ﬂamma:
1756 1510 1861 1569 est,
1912 1504 2040 1559 dum

456 1596 612 1639 mens
640 1598 764 1652 quas
790 1584 844 1637 in
866 1582 1059 1640 aﬂ‘ectu
1106 1589 1361 1656 peccandi
1414 1590 1647 1647 latenter
1696 1593 1943 1663 ignescit,
1986 1594 2040 1649 in

455 1673 762 1742 exemplum
788 1675 1018 1732 aliorum
1052 1693 1148 1748 pro
1175 1679 1356 1749 patulo
1385 1683 1756 1740 excandescit.

531 1765 694 1821 Vens.
736 1767 790 1821 7.
817 1798 889 1831 -έ
926 1787 946 1822 ί
984 1770 1184 1827 Omnes
1214 1772 1461 1829 calefacti
1494 1785 1623 1831 sunt
1668 1778 1821 1847 quasi
1874 1778 2043 1835 cliba-

2140 584 2413 632 vetustate
2442 572 2704 633 mutatur.
2743 579 2874 633 Cani
2919 581 3062 635 enim
3112 580 3218 635 albi
3266 592 3424 649 sunt,
3470 592 3525 638 et
3574 595 3739 639 vetu-

2140 674 2338 722 statem
2378 667 2708 737 significant;
2739 669 2905 725 Albor
2926 686 3055 742 ergo
3082 672 3148 725 ad
3178 671 3228 725 id
3268 675 3408 742 quod
3438 675 3741 744 praetendi-

2142 765 2248 822 tur,
2276 767 2524 814 vetustas
2557 775 2685 815 vero
2730 762 2924 815 attinet
2963 762 3031 815 ad
3055 761 3104 814 id
3138 763 3280 831 quod
3327 777 3453 816 vera
3487 764 3744 818 novitate

2141 850 2406 921 privatur.
2438 852 2664 908 Vetusta
2683 853 2827 908 enim
2851 853 3137 923 praesentia
3164 863 3308 919 sunt,
3336 869 3497 921 nova,
3524 853 3742 910 futura.

2143 944 2211 998 Et
2252 945 2368 1000 hare
2415 945 2673 1015 Ephralm
2726 946 2959 1015 ignorat,
3015 947 3141 1017 quia
3178 957 3379 1002 statum
3416 947 3469 1000 in
3502 962 3611 1016 quo
3653 955 3747 1002 est

2143 1043 2324 1089 utrum
2351 1037 2639 1105 praesentia
2671 1038 3048 1105 obliviscatur,
3088 1046 3143 1093 et
3184 1039 3250 1092 ad
3294 1038 3569 1093 anteriora
3605 1051 3748 1093 cono

2145 1125 2351 1192 tendat,
2380 1125 2527 1180 nullo
2554 1126 2715 1182 modo
2749 1136 2960 1198 pensat.

2220 1216 2382 1274 Vens.
2422 1218 2511 1274 10.
2537 1250 2608 1260 -
2636 1238 2655 1272 t
2695 1220 2762 1275 Et
2790 1221 3169 1277 humiliabitur
3193 1220 3445 1291 superbia
3487 1218 3663 1275 Israel
3691 1218 3753 1275 in

2149 1326 2168 1359 ι
2214 1307 2349 1364 facie
2378 1308 2514 1378 ejus,
2548 1326 2648 1365 nec
2680 1313 2887 1367 reversi
2923 1320 3052 1367 sunt
3102 1312 3169 1366 ad
3223 1310 3507 1366 Dominum
3570 1310 3753 1364 Deum

2151 1420 2171 1453 ι
2214 1417 2391 1469 suum,
2426 1412 2618 1458 etnon
2650 1404 2984 1472 quaesierunt
3019 1419 3145 1460 eum
3177 1403 3233 1457 in
3258 1402 3512 1458 omnibus
3549 1402 3665 1456 bis.
3724 1421 3751 1455 ιΔ

2147 1492 2411 1563 Superbia
2444 1492 2617 1547 Israel
2653 1495 2705 1547 in
2736 1493 2873 1563 facie
2911 1495 3026 1565 ejus
3057 1493 3397 1561 humiliatur,
3428 1508 3554 1549 cum
3612 1492 3759 1547 alie—

2147 1594 2268 1640 ctus
2296 1594 2503 1651 noster,
2529 1586 2748 1656 quando
2778 1586 2896 1641 sine
2920 1588 3031 1642 Deo
3052 1586 3411 1658 principatur,
3436 1600 3537 1655 per
3565 1586 3757 1655 aperti

2146 1679 2389 1734 criminis
2444 1694 2630 1734 casum
2680 1694 2739 1735 se
2787 1678 2992 1734 sciente
3043 1678 3279 1743 dicitur;
3332 1678 3387 1731 in
3437 1677 3579 1747 facie
3628 1676 3757 1746 ejus

2148 1768 2320 1824 Israel
2357 1770 2694 1837 lmmiliatur,
2724 1784 2847 1824 cum
2876 1767 3150 1839 appetitus
3177 1765 3349 1822 nostri
3394 1774 3603 1831 tumor,
3655 1766 3757 1834 qui

460 1874 479 1907 ι
528 1871 650 1922 nus,
678 1867 734 1913 et
759 1859 1157 1919 devoraverunt
1174 1864 1384 1934 judices
1414 1883 1561 1923 suos.
1598 1889 1616 1922 ι
1658 1870 1851 1926 Omnes
1892 1874 2043 1943 quasi
2076 1860 2120 1918 Β
2148 1862 2215 1917 de
2241 1876 2338 1918 sua
2369 1862 2625 1917 castitate
2651 1876 2773 1916 cum
2816 1861 2990 1931 turpis
3035 1869 3183 1915 esset
3228 1866 3498 1923 erexerat,
3532 1858 3758 1926 peccati

456 1947 695 2004 clibanus
722 1951 995 2019 catellum,
1048 1955 1175 2011 dum
1222 1959 1387 2024 ratio,
1422 1959 1671 2017 voluntas
1717 1972 1769 2018 et
1816 1963 2043 2019 aﬂ‘ectus

456 2050 581 2090 cum
604 2037 861 2106 subjectis
893 2043 1130 2098 motibus
1158 2047 1340 2101 studio
1380 2048 1575 2117 inspue
1600 2050 1868 2119 cupidinis
1892 2052 2045 2108 cﬂ‘er-

454 2140 701 2184 vescunt.
748 2132 968 2188 Iudices
1017 2152 1139 2190 suos
1164 2137 1450 2205 devorant,
1480 2140 1606 2195 dum
1638 2145 1920 2200 universos
1943 2146 2043 2200 im-

452 2226 613 2292 petus
638 2220 865 2290 spiritus
894 2225 1149 2280 vitiorum
1177 2228 1400 2283 ardores
1429 2230 1752 2287 adnihilant.
1790 2234 1852 2290 lli
1896 2238 2042 2291 enim

454 2309 829 2379 auntjudices,
866 2314 989 2383 quia
1014 2331 1079 2371 ex
1102 2316 1189 2372 his
1212 2321 1478 2389 prodeunt
1511 2323 1676 2377 totius
1708 2323 2043 2382 interiorita-

455 2399 527 2454 tis
552 2408 749 2457 nostra:
773 2417 1017 2460 censura!
1044 2416 1098 2463 et
1137 2410 1560 2467 moderationes.
1598 2433 1617 2465 r
1652 2415 1856 2472 Omnes
1890 2433 2047 2488 reges

463 2507 482 2540 α
531 2506 719 2546 eorum
750 2494 1105 2552 ceciderunt:
1150 2516 1255 2556 non
1282 2504 1478 2574 estqui
1510 2505 1711 2563 clamet
1755 2509 1807 2563 in
1850 2511 1929 2566 eis
1979 2512 2045 2567 ad

465 2596 483 2630 ι
532 2595 638 2636 me.
680 2600 700 2634 ι
737 2582 1061 2642 interiorum
1093 2600 1405 2647 nostrorum
1434 2610 1589 2667 reges
1626 2607 1774 2665 sunt,
1819 2601 2047 2670 quicuno

458 2687 566 2740 que
594 2674 761 2729 animi
796 2674 1013 2735 habitus
1044 2681 1111 2735 de
1141 2682 1252 2739 Deo
1274 2685 1546 2743 hominem
1576 2692 1879 2761 recogitare
1900 2709 2048 2749 cons-

456 2765 689 2835 pellunt.
719 2765 873 2825 Unde
902 2771 1140 2840 psalmus
1167 2793 1181 2829 :
1219 2795 1239 2829 r
1274 2776 1391 2834 Non
1439 2788 1524 2835 est
1553 2784 1821 2847 creditus,
1850 2782 2044 2855 inquit,

460 2871 583 2911 cmn
614 2857 728 2915 Deo
755 2862 978 2931 spiritus
1021 2867 1137 2937 ejus
1168 2868 1341 2939 (Psal.
1375 2887 1579 2937 Lxxvn,
1614 2875 1691 2943 8).
1731 2895 1750 2929 s
1784 2875 1848 2931 Hi
1904 2893 2048 2948 reges

460 2948 683 3037 cadunt,
734 2963 856 3006 cum
892 2968 953 3010 se
996 2957 1063 3011 ad
1108 2961 1408 3029 appetenda
1459 2973 1671 3019 terrena
1703 2967 2042 3037 provolvunt.

463 3035 589 3093 Non
616 3049 692 3094 est
719 3042 775 3097 in
801 3044 877 3098 eis
897 3047 988 3115 qui
1010 3046 1199 3104 clamet
1224 3052 1291 3106 ad
1322 3053 1515 3119 Deum,
1548 3073 1653 3110 non
1677 3035 1762 3113 est
1797 3059 2050 3114 videlicet

463 3128 554 3195 qui
586 3139 708 3199 post
727 3131 1121 3203 delectationis,
1155 3150 1250 3196 aut
1286 3157 1586 3200 consensus
1611 3146 1833 3215 damna,
1864 3151 1928 3204 ad
1952 3150 2048 3205 ali-

462 3217 615 3286 cujus
640 3222 991 3292 paenitudinis
1036 3229 1253 3287 studeat
1292 3234 1474 3289 redire
1516 3202 2048 3306 propositum.iQuis
2078 3202 2118 3260 Ο

461 3309 607 3364 enim
645 3312 1010 3371 miserabilius
1032 3316 1233 3375 clamat
1255 3335 1421 3391 quam
1459 3324 1550 3396 qui
1593 3340 1704 3380 suae
1749 3327 2048 3385 calamitati

464 3400 875 3474 illacrymatur?

538 3493 700 3551 Vens.
740 3499 887 3554 8.-
923 3520 941 3553 t
979 3502 1234 3573 Ephralm
1269 3506 1321 3561 in
1358 3510 1572 3580 populis
1594 3512 1709 3582 ipse
1734 3515 2052 3571 commisce-

469 3607 489 3640 ι
535 3589 714 3644 batur.
753 3610 773 3644 ι
829 3590 1086 3663 Ephmim
1132 3597 1187 3652 in
1233 3600 1440 3669 populis
1485 3603 1593 3672 ipse
1641 3607 2049 3674 commiscetur,

465 3695 587 3737 cum
618 3683 875 3740 voluntas
904 3702 1023 3761 quae
1062 3689 1210 3745 ferax
1241 3691 1567 3763 frugalitatis
1602 3712 1725 3753 esse
1762 3697 2048 3768 debuerat,

467 3774 858 3845 cogitationum
889 3779 1235 3837 insolentium
1264 3785 1424 3856 vulgo
1464 3788 1811 3858 dispergitur.
1863 3790 1930 3846 Et
1958 3807 2051 3846 no-

467 3868 688 3925 tandum
737 3870 880 3939 quod
924 3872 1211 3944 vigilanter
1252 3892 1573 3946 pronomen,
1617 3884 1762 3952 quod
1809 3890 1892 3937 est
1920 3884 2047 3953 ipse,

466 3960 796 4030 udjungitur,
829 3978 894 4019 ac
923 3965 967 4020 si
995 3966 1309 4024 diceretur:
1349 3971 1465 4042 ipse
1497 3972 1751 4043 Epltraim
1793 3974 1886 4044 qui
1942 3968 2050 4032 no'n

465 4061 553 4108 est
582 4052 726 4107 aliud
755 4070 916 4125 quam
942 4060 1217 4127 voluntas,
1261 4079 1382 4133 quae
1425 4066 1621 4121 rationi
1655 4066 1824 4138 magis
1853 4083 2053 4125 conve-

466 4142 587 4199 nire
615 4142 892 4212 debuerat,
918 4149 1270 4219 popularibus
1298 4153 1686 4223 cogitationum
1720 4171 1840 4210 sese
1881 4156 2052 4213 turbis

467 4233 758 4302 indiderat,
814 4244 869 4293 et
912 4240 997 4295 cui
1051 4249 1260 4297 tantum
1291 4244 1647 4310 credebatur,
1694 4246 1828 4316 proh
1852 4246 2045 4302 dolor!

467 4338 531 4382 ex
596 4325 821 4383 rationis
865 4329 1151 4388 vicinitate
1202 4332 1407 4390 debens
1487 4345 1664 4401 stare,
1721 4335 2051 4393 ditlluxerat.

472 4436 491 4469 ι
536 4418 793 4488 Ephraim
824 4419 1002 4479 factus
1040 4433 1124 4481 est
1168 4426 1565 4483 subcinericius
1596 4428 1688 4498 qui
1731 4444 1835 4484 non
1872 4445 2055 4486 rever-

2148 1954 2231 2009 sui
2280 1953 2613 2022 experientia
2669 1961 2723 2007 et
2765 1953 2971 2024 pudore
3010 1950 3250 2007 reﬂatur.
3312 1950 3394 2005 Ad
3455 1950 3761 2003 Dominum

2148 2042 2317 2098 Deum
2346 2060 2500 2097 suum
2534 2061 2639 2098 non
2677 2053 3047 2110 revertuntur,
3086 2058 3209 2097 cum
3260 2052 3441 2095 motus
3485 2038 3763 2093 affectua.

2145 2133 2225 2190 les
2253 2150 2352 2189 nec
2380 2134 2708 2205 ﬂagitiorum
2737 2150 2958 2190 suorum
2990 2133 3431 2190 consternatione
3462 2132 3757 2199 deterriti,

2146 2236 2202 2280 ut
2234 2226 2489 2297 deinceps
2515 2227 2683 2281 Deum
2715 2226 2930 2297 sapiant
2962 2234 3370 2296 retorquentur.
3405 2224 3475 2278 In
3498 2224 3763 2279 omnibus

2146 2318 2225 2372 Itis
2266 2336 2368 2373 non
2399 2336 2514 2372 eum
2545 2330 2801 2388 querunt,
2846 2334 2968 2373 cum
3014 2334 3113 2373 nec
3143 2320 3195 2373 in
3238 2318 3477 2373 evidenti
3530 2318 3765 2372 revolu-

2148 2409 2295 2465 tione
2328 2410 2631 2466 facinorum
2661 2412 2728 2468 ad
2752 2412 2993 2466 divinam
3016 2411 3340 2467 munditiam
3367 2410 3763 2482 resipiscendo

2149 2513 2458 2575 resurgunt.

2222 2592 2384 2648 Vens.
2430 2595 2516 2649 ll.
2540 2625 2611 2637 —
2645 2614 2665 2647 ‹
2702 2594 2769 2649 Ει
2799 2594 2978 2649 factus
3021 2602 3104 2649 est
3141 2593 3398 2665 Epltraim
3441 2594 3613 2663 quasi
3669 2608 3764 2648 co.

2156 2701 2176 2735 ι
2224 2683 2402 2738 lumba
2443 2683 2662 2740 seducta
2695 2700 2799 2739 non
2830 2684 3035 2740 habens
3078 2699 3195 2740 cor.
3232 2703 3252 2736 s
3296 2683 3463 2749 Quasi
3497 2684 3764 2738 columba

2148 2775 2364 2830 seducta
2392 2776 2450 2845 Ῑὶι
2485 2776 2761 2846 Epitraim,
2800 2777 2926 2831 dum
2950 2776 3016 2831 de
3043 2791 3269 2847 operum
3320 2792 3547 2830 suorum
3598 2792 3670 2831 ac
3714 2778 3764 2832 si

2150 2865 2357 2921 fetuum
2403 2868 2755 2937 corruptione
2805 2883 2912 2924 non
2984 2868 3232 2940 ingemit.
3279 2866 3551 2922 Columba
3606 2869 3764 2923 enim

2150 2966 2348 3034 prteter
2372 2958 2599 3013 aliarmn
2631 2960 2811 3014 avium
2861 2974 3071 3015 morem
3107 2961 3175 3015 de
3204 2959 3495 3030 pullorum'
3519 2975 3765 3015 suorum

2152 3049 2527 3104 subtractione
2570 3066 2675 3105 non
2726 3050 3038 3121 perstrepit.
3096 3048 3350 3104 Columba
3377 3064 3510 3120 ergo
3544 3049 3767 3105 dicitur

2152 3142 2386 3209 seducta,
2438 3143 2593 3212 quasi
2650 3144 2716 3196 ad
2770 3141 3250 3199 insensibilitatcm
3304 3142 3553 3197 redacta.
3614 3142 3766 3209 Quid

2152 3234 2298 3288 enim
2322 3233 2409 3286 illa
2439 3233 2717 3288 voluntate
2747 3233 3135 3297 insensibilius,
3172 3249 3293 3303 quae
3334 3234 3449 3289 suis
3497 3234 3770 3289 indolere

2151 3323 2328 3377 nescit
2377 3322 2612 3394 indignis
2657 3324 2951 3394 operibus?
3003 3322 3137 3377 Cum
3195 3324 3263 3378 de
3306 3323 3428 3377 aliis
3475 3323 3766 3378 columbis

2152 3413 2366 3469 dicatur
2391 3416 2535 3487 quod
2590 3430 2696 3470 non
2728 3415 2966 3469 habeant
3004 3414 3095 3479 fel,
3128 3415 3195 3470 de
3235 3415 3337 3470 hac
3368 3415 3582 3470 dicitur
3612 3414 3769 3486 quod

2153 3521 2257 3559 non
2289 3506 2486 3560 habeat
2526 3523 2636 3571 cor,
2668 3517 2728 3560 ut
2754 3521 2948 3561 sensus
2974 3507 3187 3581 reprobi
3217 3507 3535 3562 immanitas
3564 3515 3768 3562 osten-

2154 3595 2335 3661 datur,
2359 3597 2486 3666 quia
2516 3598 2780 3652 tnalorum
2805 3614 3024 3653 suorum
3052 3598 3404 3654 miseratione
3431 3615 3543 3654 non
3602 3600 3771 3655 duci-

2157 3698 2262 3743 tur.
2292 3707 2310 3741 ‹
2350 3689 2643 3760 [Εεγριυιη
2674 3691 3018 3757 invocabant,
3044 3692 3111 3746 ad
3146 3691 3400 3763 Assyrios
3430 3692 3765 3747 abierunt»

2154 3778 2420 3851 Egyptus
2446 3782 2839 3851 interpretatur
2865 3781 3139 3836 tribulatio
3172 3782 3255 3837 vel
3285 3782 3545 3848 tenebrw;
3587 3783 3769 3856 Assy-

2155 3870 2219 3922 rii
2254 3885 2382 3925 vero
2408 3870 2570 3925 aulici
2617 3871 2701 3926 vel
2747 3872 3050 3943 dirigentes.
3089 3873 3379 3944 Egi/ptum
3414 3888 3551 3944 ergo
3606 3876 3772 3930 invo-

2156 3974 2304 4028 Cant,
2333 3965 2423 4034 qui
2454 3973 2574 4035 post
2601 3968 3059 4037 perpetrationem
3095 3966 3301 4037 peccati
3326 3966 3573 4021 animum
3596 3983 3767 4027 suum

2155 4056 2555 4112 rationabiliter
2583 4057 2652 4111 ad
2702 4058 2958 4113 tenebras
3002 4057 3255 4113 mosroris
3313 4056 3773 4112 tribulationem~

2154 4158 2261 4214 que
2291 4147 2635 4219 compellant.
2667 4146 2996 4217 Appetentia
3040 4148 3187 4202 enim
3211 4145 3577 4217 voluptatum,
3601 4144 3768 4213 juxta

2154 4235 2476 4294 Boetianum
2514 4238 2666 4306 illud,
2704 4254 2829 4294 cum
2862 4240 2932 4295 sit
2968 4240 3124 4310 plena
3175 4238 3489 4305 anxietatis,
3521 4239 3771 4295 satietas

2157 4338 2336 4387 tamen
2358 4341 2442 4388 est
2473 4333 2808 4403 ptenitentize
2856 4332 2957 4404 (De
2992 4332 3189 4387 consol.
3237 4331 3464 4399 Plrilip.,
3514 4331 3643 4387 lib)
3678 4347 3766 4399 ut,

2156 4438 2305 4495 pros.
2334 4425 2410 4494 7).
2442 4424 2732 4496 Egyptum
2762 4426 2942 4496 itaque
2970 4426 3307 4491 invocantes,
3349 4425 3401 4479 id
3443 4434 3531 4479 est
3548 4424 3624 4480 de
3646 4439 3771 4495 pa!-

473 4531 492 4563 ι
539 4520 709 4567 satur.
756 4533 775 4566 ι
807 4514 1195 4572 Subcinericius
1224 4517 1478 4591 Epiri-uim
1526 4520 1605 4587 lit,
1638 4537 1761 4576 cmn
1803 4520 2055 4577 voluntas
2085 4540 2134 4602 ι)
2161 4520 2423 4575 nitudinis
2450 4517 2726 4585 acredine,
2771 4533 2892 4590 quae
2933 4528 3158 4593 peccato
3204 4517 3477 4587 congruit,
3533 4517 3591 4572 in
3624 4533 3767 4575 cana

469 4620 534 4659 ex
571 4607 831 4662 memoria
857 4610 1230 4681 pteteritorum
1273 4613 1562 4668 criminum
1606 4614 1861 4670 refricata
1907 4617 2055 4671 cale-

471 4697 597 4755 scit.
653 4694 764 4753 Nec
795 4699 1088 4767 immerito,
1120 4703 1247 4772 quia
1287 4719 1411 4759 cum
1441 4707 1845 4776 praeteritorum
1888 4706 2059 4761 malo-

471 4801 593 4848 rum
622 4787 671 4843 ei
704 4788 1026 4847 incumbunt
1059 4792 1343 4863 imagines,
1386 4811 1507 4864 quae
1557 4798 1785 4853 crebras
1820 4797 1869 4850 el
1901 4797 2059 4853 inno-

470 4886 601 4934 vant
663 4881 731 4934 de
796 4893 1019 4953 experta
1087 4884 1504 4953 intemperantia
1577 4888 1903 4960 voluptates,
1957 4904 2061 4942 non

472 4984 792 5040 reversatur,
839 4977 964 5047 quia
1022 4977 1168 5046 quod
1214 4978 1383 5036 semel
1421 4989 1742 5055 conceptum
1790 4990 1895 5047 est,
1924 4997 2063 5036 nun-

474 5080 636 5143 quam
662 5080 694 5119 a
722 5077 906 5123 mente
932 5068 1214 5123 recutitur.

458 5170 461 5189 έ
546 5155 710 5213 Vens.
748 5156 804 5211 9.
836 5187 905 5199 —-
942 5176 962 5210 ι
998 5158 1367 5216 Comederunt
1397 5162 1559 5217 alieni
1594 5163 1761 5219 robur
1812 5164 1957 5236 ejus,
2011 5174 2065 5220 et

482 5265 501 5300 ι
549 5248 664 5321 ipse
691 5249 943 5315 nescivit,
973 5254 1065 5305 sed
1094 5261 1148 5305 et
1174 5252 1295 5305 cani
1326 5251 1481 5307 εσυεὶ
1510 5261 1636 5307 sunt
1668 5254 1721 5308 in
1754 5269 1842 5322 eo,
1872 5266 1926 5310 et
1953 5257 2067 5329 ipse

482 5357 501 5397 ι
552 5340 842 5419 ignoravit.
880 5361 899 5393 ι
931 5342 1105 5401 Alieni
1133 5343 1296 5395 robur
1318 5343 1432 5413 ejus
1461 5346 1774 5409 comedunt,
1809 5362 1930 5403 cum
1958 5351 2067 5404 dte-

452 5430 671 5504 fmones
713 5444 772 5491 et
815 5436 1002 5493 carnis
1048 5437 1302 5507 impetus,
1355 5438 1553 5508 quibus
1598 5455 1627 5493 a
1667 5450 1851 5496 nostra
1896 5443 2068 5497 salute

480 5529 615 5588 nihil
645 5529 821 5599 magis
866 5537 951 5583 est
982 5537 1255 5595 exterum,
1288 5532 1552 5606 quidquid
1608 5534 1660 5588 in
1700 5543 1887 5591 nostro
1932 5535 2069 5590 velle

479 5618 700 5674 virtutis
746 5625 981 5683 constat,
1034 5620 1289 5674 erodunt.
1350 5619 1419 5675 Et
1449 5623 1556 5692 ipse
1587 5624 1779 5688 nescit,
1814 5623 1939 5677 dum
1971 5639 2071 5700 per

481 5713 593 5765 vim
622 5710 964 5766 discretionis
986 5713 1116 5783 quid
1150 5714 1474 5773 incommodi
1507 5718 1743 5787 patiatur
1763 5716 2070 5773 nullatenus

483 5800 677 5862 noscit.
712 5798 846 5855 Cani
880 5803 931 5855 in
963 5820 1021 5859 eo
1057 5805 1218 5878 202
1257 5805 1618 5875 eﬂ‘unduntur,
1660 5811 1785 5866 dum
1812 5810 2070 5881 quidquid

2161 4612 2390 4667 scientia
2414 4610 2833 4677 succlamantes,
2858 4624 2962 4664 vox
2994 4610 3138 4665 enim
3164 4607 3444 4681 sanguinis
3466 4608 3773 4664 moraliter

2162 4702 2364 4758 clamat
2396 4702 2462 4757 ad
2500 4701 2694 4765 Deum,
2748 4716 2875 4755 mox
2928 4701 2998 4755 ad
3045 4702 3290 4770 Assyrios
3346 4699 3569 4763 abeunt,
3633 4700 3771 4770 quia

2162 4793 2541 4862 cogitationes,
2574 4806 2692 4860 quae
2716 4801 2935 4860 peccata
2955 4800 3291 4847 excusantet
3318 4789 3577 4861 levigant,
3613 4799 3773 4844 metu

2150 4885 2366 4954 rejecto
2396 4886 2575 4956 potius
2603 4885 2895 4939 consulunt
2922 4896 2976 4940 et
3005 4899 3100 4959 per
3119 4900 3213 4939 eas
3241 4901 3299 4939 se
3325 4884 3481 4952 dirigi
3536 4891 3771 4952 putant,

2166 4978 2293 5034 dum
2321 4978 2568 5033 criminis
2602 4976 2899 5032 fteditatem
2949 4978 3181 5030 aulicam
3237 4974 3611 5029 curialitatcm
3672 4991 3776 5044 ap-

2166 5069 2387 5141 pellant.
2434 5069 2540 5124 llas
2571 5070 2713 5125 enim
2742 5073 3036 5124 sacerdotes
3066 5078 3118 5123 et
3149 5079 3465 5139 protecwres
3502 5066 3777 5136 superius

2168 5164 2403 5227 dixerat,
2431 5176 2493 5215 ea
2520 5162 2781 5217 abusione
2810 5177 2916 5233 qua
2960 5170 3016 5215 et
3053 5163 3332 5235 praphetas
3397 5159 3659 5219 Ezechiel
3715 5166 3778 5214 et.

2168 5252 2431 5310 Jcremias
2463 5262 2638 5311 vocat.

2245 5344 2407 5400 Vens.
2458 5344 2541 5406 l2.
2570 5376 2637 5385 —
2677 5365 2693 5396 ι
2736 5345 2799 5399 Et
2844 5359 2965 5400 cum
3013 5343 3243 5415 profecti
3285 5342 3507 5409 fuerint,
3553 5358 3776 5413 expan-

2178 5456 2196 5489 ι
2243 5440 2364 5493 dam
2395 5454 2558 5509 super
2581 5454 2675 5494 eos
2700 5447 2815 5494 rete
2860 5454 3062 5504 meum,
3113 5436 3268 5507 quasi
3310 5436 3583 5494 volucrem
3639 5435 3774 5490 coeli

2178 5547 2197 5579 ι
2244 5530 2527 5583 detraham
2557 5544 2671 5584 eos.
2717 5550 2735 5582 ι
2769 5529 3194 5583 Proliciscuntur
3215 5544 3338 5582 cum
3383 5544 3412 5581 a
3442 5526 3778 5581 considera-

2174 5620 2321 5675 tione
2386 5628 2713 5691 perpetrata:
2778 5621 3038 5690 nequitiae
3092 5627 3415 5692 evagantur.
3472 5617 3600 5671 Rete
3674 5619 3778 5673 Dei

2173 5729 2331 5781 super
2380 5729 2466 5766 eos
2516 5711 2861 5782 expanditur,
2902 5726 3023 5765 cum
3066 5725 3254 5766 eorum
3304 5709 3539 5765 lascivia:
3574 5709 3780 5764 divino

2172 5805 2374 5879 judicio
2409 5804 2794 5878 impedimenta
2825 5803 3175 5874 objiciuntur,
3208 5801 3406 5877 quibus
3441 5816 3647 5857 eorum.
3693 5802 3781 5858 les
