3998 6326
158 379 243 437 ὅτι

824 378 1287 438 ΤΚΟΡΟΕΟΕΙΛΕ
1323 381 1391 437 ΙΝ
1432 377 1633 442 ΟΒΕΞ,
1672 373 1753 431 ΔΝ

1859 408 1860 413 η
1889 376 1976 431 ΕΤ
2014 376 2158 435 .IEII.
2185 414 2258 428 —-
2293 386 2424 443 LIB.
2461 386 2523 442 II.
2553 385 2619 440 IN
2649 386 2847 444 OSEE.

3312 384 3419 441 378

140 494 349 579 ’vitatis'
384 494 627 567 impetus
679 495 856 551 subito
905 496 1236 553 retardatur.
1289 495 1455 563 Quasi
1497 497 1732 553 volucris
1762 502 1810 562 Α
1837 501 1928 569 qui
1983 501 2176 571 dogma
2216 502 2641 556 ecclesiasticum
2671 541 2686 567 ,
2736 501 2879 571 quod
2944 499 3112 556 semel
3149 499 3422 555 combibe-

142 582 265 639 λειτιί
292 586 681 651 detrahuntur,
707 601 825 641 cum
857 600 1043 639 eorum
1077 587 1331 656 superbia
1382 588 1436 641 in
1477 587 1736 642 mirabili-

169 678 258 735 bus
277 690 437 745 super
465 691 527 731 se
557 676 840 732 ambulans
861 676 1011 746 lapsu
1046 677 1326 746 repentino
1354 678 1655 732 subruitur.
1678 679 1735 732 In

172 769 375 824 volucre
399 768 547 824 enim
582 768 796 836 levitas,
839 768 892 822 in
924 767 1064 823 coelo
1102 768 1355 837 superbia
1399 768 1735 840 designatur,

174 870 226 921 ut
270 868 384 917 est:
432 878 452 913 ι
508 860 788 928 Volucres,
832 861 1027 932 inquit,
1070 859 1194 916 cmli
1223 863 1578 916 comederunt
1609 862 1737 916 illud

177 952 352 1024 (Marc.
384 966 454 1016 tv,
497 951 578 1023 4).
626 970 646 1005 t
691 952 904 1009 Credam
942 967 1037 1007 eos
1064 953 1362 1009 secundum
1404 952 1736 1008 auditionem

182 1063 200 1099 ι
240 1051 404 1099 emtas
447 1057 660 1101 eorum.
700 1064 720 1097 ι
755 1044 893 1099 Deus
939 1062 1027 1101 eos
1074 1045 1268 1113 caedit,
1320 1060 1444 1102 cum
1483 1044 1739 1116 periculis

178 1135 557 1206 ingruentibus,
624 1136 739 1191 sive
785 1137 1175 1206 cogitationum
1238 1137 1597 1203 tortionihus,
1643 1152 1737 1192 seu

179 1227 365 1287 morbis
408 1229 782 1301 corporalibus
832 1216 1019 1286 vexari
1076 1232 1361 1301 permittit.
1413 1231 1543 1300 Quae
1578 1232 1740 1287 casio

179 1320 452 1379 secundum
484 1321 818 1376 auditionem
856 1334 1032 1377 cintus
1068 1337 1256 1378 eorum
1301 1322 1383 1390 nt,
1412 1324 1538 1378 dum
1570 1338 1741 1393 usque

181 1412 240 1465 ad
270 1409 669 1483 intelligentiam
696 1426 885 1467 eorum
936 1413 1181 1468 omnium
1225 1414 1424 1470 mentis
1470 1424 1738 1482 motuum,

180 1502 294 1578 quid
321 1501 385 1559 ad
405 1500 660 1572 Assyrios
682 1502 761 1557 ire
783 1513 1090 1569 suaserant,
1123 1504 1366 1561 verberis
1406 1513 1463 1562 et
1496 1505 1742 1561 dolorum

180 1593 398 1648 vindicta
445 1596 717 1663 procedit;
772 1594 930 1649 aliter
972 1597 1116 1650 enim
1179 1597 1341 1653 caesio
1396 1612 1742 1668 nequaquam

180 1685 467 1761 proliceret,
499 1685 602 1739 nisi
633 1685 699 1750 is,
741 1685 831 1755 qui
861 1686 1105 1749 creditur,
1137 1702 1235 1757 pro
1264 1702 1371 1758 quo
1418 1690 1742 1753 caederetur,

183 1781 496 1846 agnosceret.
546 1773 700 1831 Unde
755 1776 890 1833 alias
940 1775 1244 1832 scribitur:
1289 1795 1307 1829 ι
1360 1777 1486 1832 Sola
1528 1776 1746 1834 vexatio

186 1865 320 1923 dabit
344 1864 671 1920 intellectum
701 1865 904 1924 auditui
934 1866 1093 1938 (Isai.
1124 1884 1317 1935 xxvut,
1350 1869 1460 1939 I9).

248 1956 398 2013 Vens.
438 1956 619 2010 15.--
649 1975 669 2010 ς
714 1957 805 2015 Vae
855 1958 934 2014 eis
979 1959 1072 2029 qui
1124 1970 1472 2017 recesserunt
1510 1976 1542 2016 a
1584 1974 1693 2018 me.
1721 1979 1740 2014 ι

192 2047 275 2104 Va:
307 2063 429 2120 ergo
471 2049 568 2115 eis,
618 2049 874 2120 quoniam
918 2066 949 2105 a
976 2051 1087 2107 Deo
1116 2052 1400 2119 recedunt,
1434 2052 1560 2108 dum
1590 2061 1749 2109 teter-

184 2154 300 2195 nam
350 2137 623 2194 miseriam
680 2139 783 2195 sibi
831 2140 1120 2197 imminere
1147 2156 1248 2210 pro
1288 2157 1386 2197 sua
1437 2142 1750 2200 desertione

184 2230 532 2302 perpendam;
563 2247 640 2287 va:
663 2234 808 2288 enim
864 2232 918 2288 in
950 2234 1204 2303 praesenti
1237 2236 1456 2301 habent,
1490 2236 1583 2306 qui
1616 2234 1749 2291 illud

184 2322 277 2381 sibi
309 2322 562 2390 debitum,
595 2323 699 2379 nisi
744 2338 805 2381 se
847 2327 1206 2394 correxerint,
1256 2329 1466 2383 timent.
1501 2349 1519 2381 ι
1553 2328 1747 2386 Vas2a-

184 2420 386 2483 bantur,
414 2416 539 2485 quia
572 2417 917 2487 prtevaricati
943 2430 1070 2475 sunt
1107 2421 1160 2475 in
1192 2436 1297 2477 me.
1334 2441 1354 2475 ρ
1392 2422 1452 2477 lli
1477 2423 1567 2492 qui
1598 2424 1749 2478 vide-

183 2507 364 2563 bantur
384 2507 540 2563 aulici
566 2518 873 2578 vastantur,
904 2510 993 2581 qui
1027 2527 1056 2565 a
1080 2511 1383 2582 frequentia
1398 2515 1750 2571 circumstre-

183 2599 406 2671 pentium
452 2599 738 2658 libidinum
786 2603 1003 2674 penitus
1031 2605 1367 2661 desolautur.
1399 2606 1500 2675 Qui
1522 2608 1667 2663 enim
1693 2609 1750 2663 in

184 2690 336 2747 Deum
366 2694 774 2762 praevaricatur,
807 2695 861 2752 id
889 2705 973 2752 est
1011 2706 1209 2766 praeter
1227 2697 1441 2755 divinas
1470 2700 1752 2756 rectitudi-

186 2797 273 2837 nes
302 2783 591 2850 derivatur,
641 2786 784 2842 unde
832 2788 1127 2859 voluptatis
1170 2790 1506 2847 incrementa
1557 2806 1750 2862 reper-

188 2882 351 2929 turum
375 2889 432 2931 se
451 2876 705 2943 aestimat,
728 2877 855 2933 inde
880 2879 1243 2935 consumitur.

250 2968 403 3024 Vens.
448 2968 533 3023 14.
560 3000 626 3010 -
661 2987 680 3022 t
719 2970 786 3025 Et
813 2986 915 3041 ego
947 2972 1148 3027 redemi
1175 2988 1288 3037 eos,
1332 2983 1386 3029 et
1433 2974 1531 3044 ipsi
1587 2973 1752 3030 locuti

192 3080 208 3111 ι
250 3070 365 3116 sunt
386 3070 571 3116 contra
603 3077 690 3118 me
711 3063 1010 3118 mendacia.
1039 3064 1104 3119 Et
1136 3080 1241 3119 non
1272 3065 1642 3121 clamarerunt
1685 3067 1752 3122 ad

1840 592 1971 655 rint,
1998 594 2269 647 discutere
2300 602 2354 647 et
2379 594 2695 647 examinare
2724 600 3076 661 praesumunt,
3106 600 3163 646 et
3197 588 3422 645 diiiinita

1839 699 1869 738 a
1921 682 2034 738 Deo
2083 690 2138 738 et
2196 682 2443 738 Patribus
2496 698 2562 738 ac
2607 684 2652 738 si
2687 699 2822 737 nova
2852 682 3032 751 aliqua
3069 696 3326 736 revocare
3354 681 3421 734 ad

1838 776 2098 830 medium.
2154 774 2410 828 Triticum
2455 789 2553 843 pro
2601 775 2844 827 doctrina
2891 773 3019 842 poni
3070 772 3422 844 Evangelium

1841 874 1977 920 teste
2000 877 2104 930 est,
2139 865 2206 919 de
2249 865 2537 934 prtnbenda
2584 865 2637 918 in
2688 872 2931 933 tempore
2957 880 3212 919 mensura
3258 863 3427 919 tritici

1840 955 1995 1028 (Luc.
2026 971 2128 1020 xu,
2150 954 2263 1026 12).
2296 953 2491 1009 Vinum
2542 962 2723 1008 autem
2780 954 2888 1007 vim
2919 954 3218 1025 spiritualis
3251 954 3431 1009 scien-

1842 1050 1951 1113 tite,
1986 1049 2126 1104 sicut
2150 1047 2232 1101 lac
2262 1046 2544 1101 lenitatem
2578 1044 2842 1114 simplicis
2883 1046 3180 1116 disciplinae
3216 1044 3428 1115 signiti-

1839 1151 1950 1198 cat.
2006 1160 2024 1192 ι
2069 1139 2273 1203 Emite,
2320 1137 2526 1206 inquit,
2571 1137 2779 1207 absque
2836 1136 2944 1191 ulla
3002 1138 3429 1193 commutatione

1841 1236 2025 1289 viuum
2057 1241 2111 1287 et
2137 1231 2220 1286 lac
2248 1229 2405 1300 (1εαὶ.
2441 1245 2529 1293 Lv,
2561 1230 2635 1300 I).
2669 1248 2687 1280 ι
2719 1228 2873 1296 Quod
2919 1228 3187 1299 hodieque
3215 1230 3268 1283 in
3297 1245 3430 1297 quo-

1844 1326 2089 1382 rumdatn
2122 1323 2601 1396 grammaticorum
2633 1321 3025 1377 controversiis
3065 1319 3429 1389 pervidemus,

1842 1419 1935 1490 qui
1993 1434 2100 1473 non
2151 1416 2326 1473 solum
2377 1416 2431 1471 in
2486 1416 2671 1470 divino
2718 1414 2957 1485 eloquio,
3014 1415 3109 1468 sed
3168 1413 3332 1468 etiam
3378 1413 3434 1468 iu

1844 1512 2088 1583 quolibtt
2136 1509 2350 1566 cmlesti
2396 1508 2680 1581 mysterio,
2716 1508 2878 1563 caecis
2918 1506 3092 1563 oculis
3135 1504 3436 1561 scintillare

1843 1605 2199 1662 contendunt.
2686 1602 2691 1605 ’

1917 1699 2081 1754 Vens.
2108 1697 2197 1761 15,
2227 1696 2311 1751 16.
2340 1725 2415 1740 --
2441 1713 2461 1747 ι
2498 1694 2859 1751 Recesserunt
2885 1707 2915 1747 a
2948 1707 3057 1759 me,
3081 1699 3136 1747 et
3172 1704 3277 1762 ego
3302 1704 3436 1745 eru-

1854 1807 1873 1841 ι
1917 1788 2028 1843 divi
2079 1801 2194 1852 eos,
2243 1794 2299 1841 et
2334 1784 2636 1841 confortavi
2695 1783 2918 1839 brachia
2962 1796 3151 1837 eorum
3183 1790 3238 1835 et
3266 1779 3320 1833 in
3349 1795 3437 1833 me

1778 1849 1822 1905 Β
1853 1897 1873 1931 ι
1919 1849 2294 1948 cogitaverunt
2317 1875 2601 1930 malitiam.
2629 1873 2851 1930 Reversi
2877 1880 3004 1928 sunt
3024 1880 3084 1926 ut
3104 1879 3288 1926 essent
3308 1870 3435 1924 abs-

1852 1988 1873 2022 ι
1916 1984 2027 2041 que
2062 1967 2220 2039 jugo;
2269 1966 2396 2022 facti
2432 1975 2557 2021 sunt
2583 1966 2738 2037 quasi
2763 1980 2924 2020 arcus
2949 1962 3189 2018 dolosas.
3226 1979 3245 2013 ι
3281 1960 3360 2015 Ac
3390 1960 3437 2015 si

1850 2061 2093 2116 diceret:
2120 2060 2254 2116 Cum
2281 2076 2369 2113 eos
2409 2057 2724 2121 erudierim,
2746 2065 2803 2111 et
2830 2071 3017 2110 eorum
3052 2053 3273 2108 brachia
3303 2067 3436 2107 con-

1847 2150 2191 2218 fortaverim,
2240 2157 2561 2203 recesserunt
2607 2164 2642 2202 a
2677 2163 2773 2201 me.
2822 2144 2965 2200 Deus
2992 2161 3080 2199 eos
3106 2143 3287 2198 erudit
3313 2156 3440 2198 cum

1850 2242 2116 2313 sapientia
2144 2239 2369 2295 salutari
2398 2253 2494 2294 eos
2524 2237 2738 2293 imbuit.
2761 2236 2991 2293 Brachia
3017 2251 3197 2289 eorum
3224 2231 3442 2289 confer-

1851 2342 1954 2400 tat,
2009 2349 2132 2389 cum
2174 2333 2440 2387 naturalis
2491 2331 2690 2402 ingenii
2727 2331 2906 2391 robur,
2936 2328 3020 2383 vel
3050 2328 3218 2398 ipsam
3248 2341 3440 2381 eorum

1851 2427 2225 2497 operationem
2272 2425 2590 2482 consolidat.
2625 2424 2692 2478 Et
2724 2425 2779 2477 in
2811 2440 2913 2489 me,
2953 2422 3146 2492 inquit,
3180 2420 3442 2474 malitiam

1851 2521 2228 2590 cogitaverunt,
2281 2534 2405 2574 cum
2459 2521 2527 2572 de
2560 2531 2657 2571 sua
2694 2516 3021 2580 eruditione,
3067 2524 3119 2569 et
3156 2513 3319 2583 impia
3346 2515 3443 2565 ad-

1851 2625 2046 2667 versus
2091 2611 2403 2682 a‘quitatem
2431 2608 2743 2664 valetudine
2770 2608 2823 2662 in
2860 2622 2947 2662 me
2979 2605 3299 2661 militarunt.
3336 2602 3444 2658 Be-

1851 2709 2140 2757 vertuntur
2160 2710 2216 2754 ut
2233 2699 2425 2769 absque
2428 2698 2561 2768 jugo
2590 2696 2722 2763 sint,
2764 2710 2888 2750 cum
2926 2694 3077 2758 caesi,
3108 2701 3165 2748 et
3185 2692 3251 2747 de
3271 2690 3445 2761 poeni—

1854 2792 2025 2848 tentia
2060 2790 2375 2848 commoniti
2401 2807 2432 2844 a
2463 2789 2646 2845 divina
2700 2783 3443 2858 inspirationedesipiscunt,

1852 2894 1906 2941 et
1928 2886 1995 2940 ad
2024 2883 2313 2955 praeterita:
2341 2881 2601 2938 vanitatis
2638 2880 2996 2937 deliramenta
3046 2883 3357 2941 recurrunt,
3386 2886 3447 2929 ut

1855 2979 2154 3035 dominium
2180 2976 2482 3049 cuiuspiam
2502 2972 2914 3039 rationalitatis,
2944 2986 3051 3026 non
3075 2971 3311 3026 habeant
3334 2983 3445 3037 quo

1855 3073 1922 3128 ad
1950 3069 2355 3141 prosequendas
2370 3067 2661 3124 steculares
2685 3064 2931 3121 licentias
2959 3062 3264 3118 timidiores
3293 3060 3443 3113 flant.

194 3170 211 3205 ι
254 3168 333 3208 tne
361 3152 412 3207 in
442 3154 605 3208 corde
631 3168 751 3219 suo,
782 3156 874 3211 sed
910 3154 1188 3211 ululabaut
1236 3157 1290 3211 in
1332 3158 1602 3214 cubilibus
1640 3158 1753 3213 suis
1781 3196 1823 3255 Ο
1858 3164 1983 3220 Haec
2034 3163 2269 3229 vincula,
2303 3171 2356 3216 et
2393 3161 2496 3216 hoc
2516 3158 2706 3229 iugum
2751 3171 2812 3211 se
2837 3157 3167 3225 direpturos,
3199 3161 3254 3207 et
3276 3150 3450 3222 projr.

196 3265 213 3298 ι
253 3261 405 3317 super
431 3248 689 3312 triticum,
722 3250 982 3305 etvinum
1013 3250 1379 3305 rutninaliaut.
1423 3272 1441 3306 ι
1500 3253 1754 3323 Deuscos

192 3337 419 3402 redimit,
466 3353 587 3393 cum
629 3340 697 3395 ab
735 3340 995 3395 aerumnis
1022 3356 1143 3411 quae
1195 3341 1514 3413 ingruerant
1543 3341 1753 3399 eximit.

188 3428 254 3483 Et
287 3431 379 3498 ipsi
399 3443 580 3486 contra
607 3432 773 3488 Deum
795 3436 1067 3490 mendacia
1091 3435 1403 3505 loquuntur,
1430 3437 1555 3490 dum
1582 3438 1758 3502 rot'us

190 3526 486 3594 ereptioues
513 3542 640 3582 suas
665 3543 777 3583 sua:
806 3529 1101 3598 provisioui
1134 3539 1228 3585 aut
1259 3529 1486 3585 fortuito
1540 3527 1757 3585 eventui

191 3615 546 3684 asct'ibendas,
576 3634 739 3689 quam
769 3620 965 3678 divinis
991 3622 1348 3679 concursibus
1402 3621 1756 3678 arbitrantur.

194 3702 284 3758 Vel
311 3720 493 3761 contra
546 3708 713 3764 Deum
763 3711 927 3766 etiam
966 3712 1262 3784 loquuntur
1303 3714 1601 3781 mendacia,
1632 3714 1757 3768 dum

193 3794 352 3853 Deum
389 3815 493 3856 non
547 3802 821 3859 aestimant
874 3802 969 3860 sua
1011 3807 1149 3863 adeo
1171 3807 1487 3863 exacerbari
1527 3821 1623 3877 per
1648 3807 1759 3861 cri-

194 3888 351 3954 mina,
399 3902 455 3947 ιιι
506 3906 606 3962 pro
653 3893 739 3949 IlIS
773 3894 903 3949 velit
947 3895 1089 3951 Deus
1124 3897 1307 3966 gravia
1338 3898 1390 3952 in
1422 3911 1480 3953 se
1518 3896 1759 3953 exerceri

188 3975 404 4046 judicia.
433 3998 557 4038 cum
602 3995 782 4040 autem
835 3985 1091 4044 accidunt
1119 4002 1227 4042 non
1276 4002 1397 4043 esse
1423 3986 1567 4042 aliud
1598 4002 1758 4057 quam

192 4074 415 4131 casualia
460 4076 775 4134 infortunia.
823 4079 889 4133 Et
928 4080 1034 4134 huc
1077 4089 1456 4151 argumentum
1497 4078 1758 4137 inferunt.

193 4164 329 4232 quod
358 4163 507 4221 multi
535 4177 657 4236 post
684 4167 950 4223 horrenda
978 4166 1177 4241 ﬂagitia
1202 4169 1420 4240 impune
1442 4168 1759 4238 persistunt.

191 4256 328 4324 quod
354 4256 510 4313 facile
538 4259 725 4315 miseri
761 4259 1087 4324 refellerent,
1131 4260 1174 4317 si
1205 4275 1398 4317 causas
1416 4258 1606 4330 judicii
1636 4260 1759 4315 uui-

190 4349 410 4405 versalis
436 4352 801 4414 attenderem,
828 4361 883 4406 et
916 4351 1183 4423 recepisse
1229 4351 1369 4407 bona
1402 4351 1455 4406 in
1509 4350 1617 4406 vita
1664 4364 1761 4405 sua

193 4438 403 4496 divitem
452 4442 827 4501 meminissent
870 4441 1021 4514 (Luc.
1053 4459 1167 4510 xvr,
1198 4443 1310 4513 25).
1365 4443 1446 4498 Ad
1499 4443 1668 4497 Deum
1707 4441 1763 4495 in

1858 3267 2042 3312 eturos
2085 3255 2306 3327 quidam
2337 3254 2389 3308 in
2421 3252 2632 3324 psalmo
2668 3264 2728 3306 se
2756 3248 3026 3319 spondent
3059 3244 3234 3319 (Psal.
3265 3261 3323 3310 ιι,
3365 3245 3399 3297 5
3427 3244 3446 3314 )

1860 3350 2028 3417 Quasi
2059 3367 2216 3405 arcus
2243 3348 2460 3403 dolosus
2489 3346 2619 3416 facti
2663 3355 2808 3412 sunt,
2835 3343 2926 3413 qui
2960 3341 3137 3411 ipsum
3167 3352 3198 3392 a
3229 3351 3338 3407 quo
3365 3335 3448 3389 in-

1860 3442 2156 3498 tenduntur
2209 3440 2539 3512 percutiunt.
2588 3437 2756 3493 Plane
2811 3450 2844 3490 a
2900 3433 3012 3487 Deo
3067 3429 3441 3493 intenduntur,

1859 3546 1983 3587 cum
2009 3531 2225 3603 gemina
2258 3528 2487 3586 scientia
2543 3543 2607 3582 ac
2632 3527 2677 3583 si
2705 3538 2866 3580 arcus
2903 3521 3069 3578 corda
3099 3525 3444 3575 coercentur.

1859 3624 1990 3682 Inde
2020 3622 2217 3695 ingenii
2243 3622 2442 3693 sagitta
2471 3619 2725 3689 exigitur,
2754 3630 2874 3687 qua:
2893 3628 3016 3669 cum
3047 3611 3212 3667 ferire
3235 3611 3447 3664 hostem

1860 3713 2056 3769 debeat
2101 3728 2270 3783 usque
2299 3713 2368 3766 ad.
2398 3709 2700 3766 divinitatis
2741 3708 3061 3777 plerumque
3090 3701 3318 3772 injurias
3349 3699 3451 3752 im-

1860 3814 2131 3883 portatur.
2178 3804 2348 3859 Arcus
2394 3804 2592 3875 quippe
2621 3802 2835 3856 dolosas
2859 3807 2963 3867 est,
3002 3795 3094 3868 qui
3126 3796 3299 3865 ipsum
3320 3791 3452 3847 ferit

1863 3913 1895 3952 a
1926 3913 2033 3968 quo
2064 3896 2380 3954 intenditur.

1942 4008 1961 4042 ι
2009 3990 2215 4045 Cadent
2244 3989 2299 4044 in
2340 3987 2521 4060 gladio
2556 3984 2830 4055 principes
2855 3996 3045 4039 eorum
3074 3995 3104 4034 a
3138 3977 3322 4033 furore
3349 3975 3453 4030 liu-

1869 4100 1888 4133 ι
1932 4096 2050 4152 gnte
2088 4096 2220 4136 suae.
2255 4099 2275 4133 ι
2306 4076 2586 4147 Principes
2607 4091 2791 4130 eorum
2814 4075 2869 4129 in
2897 4072 3076 4144 gladio
3106 4069 3302 4125 cadunt
3324 4083 3451 4122 cum

1865 4189 2056 4229 sensus
2084 4188 2270 4228 eorum
2299 4186 2419 4226 sese
2449 4169 2741 4242 letlialibus
2764 4167 2922 4222 malis
2946 4165 3195 4220 illiciuut.
3222 4162 3452 4216 Gladius

1864 4265 2009 4320 cnim
2063 4280 2162 4334 pro
2210 4262 2427 4333 capituli
2485 4268 2709 4332 peccato
2756 4258 2993 4329 ponitur,
3055 4263 3113 4310 ut
3156 4262 3284 4309 est:
3324 4272 3341 4303 ι
3376 4252 3454 4306 De

1865 4358 2044 4429 gladio
2075 4358 2310 4429 maligno
2329 4357 2484 4426 eripe
2512 4370 2597 4410 me
2626 4351 2796 4425 (Psal.
2828 4368 3019 4416 chtu,
3052 4349 3166 4417 I0.)
3202 4369 3222 4401 ι
3255 4349 3320 4402 Et
3347 4349 3450 4402 hoc

1865 4466 1897 4503 a
1927 4451 2108 4519 furore
2153 4449 2345 4520 lingua:
2374 4464 2486 4502 sua:
2526 4447 2608 4501 eis
2635 4445 2838 4512 evenit,
2868 4443 2995 4513 quia
3041 4455 3230 4496 eorum
3261 4454 3454 4493 vecors

192 4531 341 4586 corde
390 4550 485 4587 suo
540 4551 644 4589 non
691 4533 963 4602 clamant,
1022 4534 1150 4590 dum
1198 4534 1448 4605 supernis
1487 4531 1753 4589 beneficiis

1868 4541 2199 4595 conscientia
2228 4540 2348 4609 plus
2369 4538 2615 4592 interiori
2645 4550 2810 4605 quam
2835 4531 3088 4589 exteriori
3119 4529 3455 4584 verbositate

194 4619 359 4676 nullas
388 4626 685 4695 gratiarum
715 4626 963 4682 actiones
1016 4625 1322 4681 redhibent.
1380 4624 1516 4679 Nam
1559 4624 1765 4679 clama-

195 4719 380 4774 rentsi
411 4722 764 4791 respirarent.
798 4721 904 4779 Sed
952 4721 1008 4777 in
1053 4722 1310 4777 cubilibus
1363 4724 1474 4777 suis
1533 4722 1765 4787 ululant,

192 4822 309 4865 cum
335 4811 471 4867 intra
509 4813 722 4869 funesta
751 4816 1050 4885 prmeurlia
1078 4815 1239 4885 203
1277 4815 1548 4871 feralitatc
1593 4815 1768 4871 omni-

192 4903 343 4958 moda
371 4905 592 4960 malitia:
642 4915 698 4961 et
747 4905 1060 4977 rapacitatis
1111 4906 1364 4961 defuruut
1414 4915 1469 4961 et
1509 4915 1763 4961 aestuant.

194 4990 403 5052 Ululare
421 4998 568 5053 enim
597 4996 842 5067 luporum
870 5006 1134 5052 etcanum
1173 5007 1277 5053 est.
1307 4996 1516 5052 Cubilia
1539 4999 1592 5053 in
1612 5013 1766 5053 sacra

193 5088 376 5155 pagina
416 5103 513 5157 pro
541 5090 784 5144 cordibus
834 5089 960 5160 poni
1017 5088 1225 5154 solent,
1278 5099 1337 5143 ut
1374 5098 1508 5144 est:
1557 5107 1576 5141 ι
1631 5089 1764 5145 Cum

191 5180 423 5236 araveris
438 5182 582 5236 intra
601 5183 653 5236 iu
667 5181 1206 5254 cubiculumUIattli.
1234 5197 1311 5249 vr,
1337 5181 1411 5252 6).
1444 5203 1463 5235 ι
1493 5182 1559 5236 lu
1588 5182 1771 5236 cubili-

195 5268 283 5325 bus
305 5280 439 5343 ergo
467 5273 697 5339 ululant,
739 5274 856 5342 qui,
904 5274 1046 5343 qttod
1080 5273 1257 5328 minus
1302 5288 1527 5343 peccare
1568 5273 1670 5328 sibi
1704 5272 1770 5326 Ii-

195 5370 328 5428 ceat,
357 5363 410 5417 in
436 5365 693 5421 cordibus
719 5366 831 5420 suis
861 5365 1064 5421 dolent.
1111 5383 1131 5415 ι
1170 5363 1282 5420 Sub
1325 5364 1526 5435 lingua,
1567 5362 1765 5433 inquit,

196 5466 373 5508 eorum
409 5456 564 5515 labor
590 5465 645 5511 et
690 5456 843 5513 dolor
889 5454 1064 5527 (Psal.
1106 5472 1328 5521 Lxxxtx,
1369 5456 1480 5525 10).
1516 5475 1536 5507 ι
1598 5454 1771 5524 Super

198 5544 419 5600 triticum
464 5557 514 5603 et
574 5549 750 5603 vinum
802 5548 1096 5608 rutuiuant,
1146 5548 1274 5604 dum
1316 5562 1480 5618 super
1520 5546 1767 5601 doctrina

198 5638 395 5696 cmlesti
426 5649 481 5696 et
516 5641 782 5712 spirituali
813 5641 1037 5696 scicntia
1093 5641 1418 5709 disputando
1450 5648 1766 5695 retractant.

193 5730 484 5792 ﬂumiuare
512 5736 657 5792 enim
689 5746 775 5791 est
814 5755 830 5789 ι
866 5737 1043 5792 cibum
1085 5736 1548 5791 commasticatutn
1581 5734 1649 5789 ad
1673 5748 1768 5789 ora

192 5826 447 5888 reducere
494 5830 677 5887 dcnuo
721 5828 1174 5887 commolendum.
1230 5849 1247 5882 I
1298 5828 1439 5901 Ergo
1492 5826 1769 5887 ruminant

1869 4641 2060 4688 contra
2117 4640 2320 4686 sanctze
2367 4627 2622 4683 Ecclesia:
2652 4626 2910 4697 mysteria
2941 4623 3091 4678 furit.
3132 4621 3279 4677 Raro
3308 4620 3452 4675 enim

1868 4723 2115 4778 invenies
2147 4721 2462 4777 hazreticum
2488 4733 2650 4788 quem
2681 4732 2786 4771 non
2815 4723 3174 4786 prosequatur
3202 4721 3295 4767 aut
3319 4725 3457 4780 prce-

1868 4817 2029 4873 cedat
2079 4824 2236 4885 turpe
2282 4812 2567 4886 quodlibet
2609 4810 2822 4865 facinus
2860 4817 2954 4863 aut
2983 4807 3263 4878 ﬂagitium.
3297 4823 3314 4856 ι
3348 4804 3455 4860 Ista

1875 4929 1893 4962 ι
1940 4907 2295 4965 subsanuatio
2352 4920 2541 4961 eorum
2595 4903 2825 4957 interra
2856 4898 3098 4971 Egypti.
3138 4917 3157 4950 ι
3199 4895 3313 4951 Ista
3333 4895 3457 4949 sub-

1869 5004 2119 5058 sanitatio
2146 5016 2325 5054 eorum
2370 5000 2426 5053 in
2459 5009 2600 5051 terra
2622 4995 2845 5066 ﬂgypti
2871 5002 2975 5061 est,
3004 5007 3126 5048 cum
3153 5004 3340 5045 eorum
3363 4988 3456 5057 qui

1870 5098 1936 5152 de
1959 5095 2141 5152 Deoiu
2173 5093 2416 5148 bonitate
2439 5106 2543 5145 uou
2567 5089 2811 5144 sentiunt
2842 5086 2996 5156 (Sap.
3029 5099 3069 5150 ι,
3098 5083 3173 5153 1),
3200 5080 3458 5136 irrisione

1870 5189 2033 5259 digna
2082 5183 2431 5243 conversatio
2487 5182 2653 5238 etiam
2709 5180 2852 5249 apud
2886 5185 3105 5232 exteros
3126 5182 3230 5230 est.
3261 5172 3459 5244 Sequi-

1871 5290 1958 5337 Iilil'
1981 5298 1995 5336 ι

2465 5363 2694 5423 CAPUT
2717 5360 2846 5418 VIII.
2876 5392 2879 5393 ν

1943 5461 2104 5517 Vens.
2138 5462 2190 5516 1.
2218 5489 2289 5502 --
2323 5478 2342 5510 ε
2381 5458 2436 5513 In
2462 5465 2683 5527 gutture
2711 5461 2803 5508 tuo
2827 5451 2900 5508 sit
2925 5448 3052 5506 tuba
3088 5446 3244 5520 quasi
3274 5443 3456 5517 aquila

1875 5573 1895 5607 ί
1941 5568 2104 5624 super
2124 5553 2343 5607 domum
2372 5547 2603 5604 Domini.
2639 5564 2657 5597 ι
2694 5544 2806 5600 Vox
2839 5542 2934 5598 Dei
2962 5549 3047 5598 est
3072 5540 3141 5596 ad
3173 5540 3345 5610 ipsam
3374 5552 3459 5592 ra-

1871 5650 2095 5703 tionem.
2128 5645 2233 5700 Per
2254 5653 2465 5716 guttur,
2516 5658 2580 5697 ex
2612 5655 2720 5710 quo
2743 5637 3033 5705 emittitur,
3062 5636 3231 5707 ipsam
3258 5631 3459 5702 accipi-

1870 5754 1991 5795 tnus
2030 5737 2380 5792 locutionem.
2408 5732 2555 5788 Tuba
2580 5748 2708 5788 vero
2735 5733 2957 5789 evidens
2984 5744 3151 5786 sonus
3173 5736 3278 5783 est.
3304 5725 3461 5780 Licet

1867 5837 1921 5886 et
1958 5844 2054 5900 per
2076 5836 2281 5900 guttur,
2316 5824 2458 5898 quod
2508 5823 2646 5883 infra
2672 5822 2908 5894 linguam
2927 5828 3032 5886 est,
3059 5819 3170 5889 ipsa
3195 5813 3457 5886 cogitatio
