3998 6326
568 370 675 427 379

1458 375 1521 430 v.
1555 375 1878 432 omnem:
1917 336 2210 432 Aeums
2248 377 2306 433 s.
2348 379 2589 435 suum
2620 382 2706 436 os
2733 383 3129 444 λοι-ωειςτο

3706 398 3794 458 580

566 496 732 555 queat
763 487 985 557 intelligi
1019 507 1031 543 :
1057 490 1198 544 sicut
1225 501 1280 545 et
1303 504 1397 545 eos
1424 507 1525 561 pro
1548 502 1730 548 mente
1756 494 1891 550 solet
1913 495 2060 565 poni,
2092 504 2150 549 ιιι
2178 497 2225 554 Α
2252 494 2398 548 idola
2419 496 2665 566 quisquis
2689 498 2854 552 divini
2887 501 3087 571 eloquii
3116 503 3420 570 scientiam,
3445 515 3796 585 auteam,qu:e

564 589 681 641 est;
714 595 733 627 ι
773 575 846 631 Os
868 577 999 644 justi
1030 578 1376 637 meditabitur
1404 582 1724 652 Sapientiam
1755 586 1927 655 (Psal.
1961 604 2145 656 xxxvi,

561 665 674 733 50}.
724 685 745 717 ι
792 666 942 731 Quod
981 676 1064 720 est
1088 683 1151 722 ac
1195 669 1238 722 si
1273 670 1477 726 diceret
1507 691 1518 725 :
1553 674 1744 729 Cordis
1776 678 1848 730 tui
1865 680 2145 747 cogitatio,

561 754 643 807 vel
690 756 803 808 oris
844 758 918 809 tui
977 757 1195 823 locutio,
1244 770 1392 816 tanto
1436 763 1722 819 libramine
1759 770 2148 826 modereturut

559 846 701 913 (ιιιοά
756 848 1084 916 cogitaveris
1111 852 1193 905 vel
1228 854 1430 909 dixeris
1471 858 1753 925 praedicari
1801 862 2000 930 ubique
2030 866 2149 918 sine

557 945 648 988 tuo
672 934 878 1003 pudore
933 938 1131 993 valeat.
1162 941 1315 997 Multi
1362 945 1508 999 enim
1541 948 1810 1005 haereseos
1833 954 2145 1011 conditores

554 1026 607 1079 in
640 1028 855 1097 angulis
882 1030 1274 1103 dogmatizant,
1314 1035 1382 1092 de
1409 1039 1605 1108 quibus
1631 1042 1684 1095 in
1715 1046 2000 1116 prepatulo
2026 1064 2145 1102 mu-

551 1116 655 1171 tire
669 1122 1042 1176 nonaudeant.
1068 1122 1133 1178 In
1154 1135 1365 1195 gutture
1392 1144 1520 1199 ergo
1543 1142 1631 1185 tuo
1658 1135 1725 1187 sit
1749 1137 1892 1203 tuba,
1920 1147 1978 1191 ut
2000 1143 2142 1208 quod

554 1219 737 1263 mente
767 1209 909 1266 fideli
946 1213 1246 1271 intenderis
1277 1218 1327 1270 in
1352 1219 1605 1275 conflictu
1640 1225 2029 1283 diabolicorum
2060 1245 2144 1283 sa-

554 1298 784 1352 tellitum
841 1318 1035 1359 securo
1078 1306 1317 1362 clamore
1372 1311 1575 1379 edieas,
1617 1316 1859 1371 existens
1889 1319 2141 1373 videlicet

550 1390 705 1457 quasi
728 1390 911 1459 aquila
936 1411 1115 1464 super
1159 1400 1372 1452 deruunt
1404 1398 1523 1466 Dei,
1581 1405 1633 1457 id
1667 1417 1750 1460 est
1774 1417 1832 1460 ut
1862 1409 2138 1477 palpebris

552 1479 904 1536 consiliorum
969 1490 1344 1552 praecedantur
1389 1507 1608 1561 gressus
1666 1498 1760 1550 tui.
1803 1498 2004 1555 Domus
2042 1502 2140 1556 Dei

551 1571 881 1626 conscientia
909 1574 1048 1629 bona
1070 1588 1172 1631 est.
1204 1578 1376 1649 Super
1398 1583 1538 1638 hanc
1564 1589 1717 1655 quasi
1743 1590 1921 1659 aquila
1945 1593 2139 1647 existi-

552 1674 694 1725 mus,
736 1660 861 1715 dum
914 1680 1175 1734 quorsum
1215 1672 1400 1727 tendat
1431 1685 1615 1730 nostra
1648 1680 1942 1737 credulitas
1964 1684 2139 1739 subti-

552 1747 759 1806 lissimo
804 1758 1057 1812 acumine
1107 1762 1456 1820 ventilamus.
1507 1768 1761 1839 Aquilina
1819 1773 1965 1829 enim
2020 1777 2138 1832 acie

551 1853 750 1909 praeter
777 1844 945 1902 linces
968 1849 1041 1905 nil
1060 1850 1280 1909 clarius.

625 1933 786 1988 Vens.
819 1935 872 1990 ἢ.
895 1968 966 1977 -
997 1958 1016 1990 ι
1057 1940 1163 1997 Pro
1194 1958 1259 1999 eo
1283 1947 1427 2017 quod
1459 1953 1756 2022 trangressi
1787 1967 1933 2026 sunt,
1963 1958 2140 2016 fmdus

556 2041 573 2072 ι
621 2040 824 2094 meum,
856 2038 909 2084 et
941 2030 1111 2102 legem
1143 2049 1321 2091 meam
1342 2041 1681 2108 przevaricati
1710 2055 1839 2101 sunt
1870 2064 1959 2104 me
1979 2051 2138 2106 invo-

553 2130 575 2162 ι
623 2115 858 2173 cabunt:
885 2119 1025 2174 Deus
1045 2139 1218 2188 meus,
1233 2132 1585 2199 cognovimus
1609 2144 1659 2188 te
1680 2135 1862 2193 lsrael.
1892 2159 1911 2192 ι
1938 2141 2139 2199 Foedus

551 2202 645 2259 Dei
672 2211 937 2277 cst,quod
964 2214 1012 2267 ei
1036 2229 1133 2283 per
1155 2216 1314 2272 fidem
1340 2221 1399 2274 .iu
1431 2222 1700 2293 baptismo
1727 2235 2134 2303 spopondimus,

546 2294 634 2350 lex
656 2313 803 2367 vero,
837 2303 1098 2375 quidquid
1126 2323 1225 2378 per
1250 2311 1431 2368 divina
1460 2316 1673 2387 eloquia
1689 2294 1909 2379 ett-bene
1926 2294 2136 2383 vivendi

549 2388 806 2453 mandato
841 2394 1158 2465 accipimus.
1191 2397 1388 2457 Ftedus
1412 2419 1543 2476 ergo
1568 2415 1968 2483 transgreditur
1991 2420 2139 2488 quis-

546 2482 671 2548 quis
716 2499 745 2536 a
777 2485 901 2543 fidei
952 2491 1141 2557 regula
1172 2509 1335 2563 quam
1369 2501 1646 2567 professus
1701 2482 1782 2561 est
1823 2482 2139 2571 exorbitare

547 2577 828 2643 probatur.
873 2581 1032 2655 Legis
1066 2592 1453 2656 przevarieator
1508 2607 1590 2654 est
1619 2602 1868 2674 quisquis
1889 2607 1959 2663 ab
1984 2608 2140 2665 insti-

550 2678 667 2725 tuto
715 2674 860 2743 quod
895 2681 1137 2750 suscepit
1189 2695 1522 2755 spontaneus
1568 2693 1751 2765 refuga
1787 2710 1888 2753 est.
1936 2700 2137 2759 Trans-

546 2765 713 2831 gressi
735 2780 869 2838 ergo
890 2768 1061 2838 [trdus
1083 2784 1131 2827 et
1164 2781 1497 2845 pra'varicati
1512 2783 1673 2855 legem
1694 2804 1775 2843 me
1801 2792 2135 2862 invocabant,

547 2856 792 2915 dicentes
827 2880 840 2915 :
879 2862 1021 2939 Deus
1049 2883 1214 2936 meus,
1250 2870 1303 2925 id
1329 2881 1412 2927 cst
1441 2890 1562 2929 cum
1591 2878 1696 2933 fide
1727 2890 1781 2935 et
1812 2883 2033 2941 vitante
2062 2887 2139 2940 fe-

548 2947 803 3016 fellerint,
852 2955 1095 3024 profecto
1144 2970 1201 3015 et
1249 2962 1349 3031 ipsi
1396 2964 1669 3035 fallentnr,
1707 2972 1753 3025 si
1788 2974 1854 3029 tle
1882 2991 1970 3030 me
1997 2992 2061 3032 ac
2090 2978 2136 3032 si

547 3039 660 3096 Deo
682 3060 780 3102 suo
809 3046 862 3101 in
891 3049 1066 3119 aliqua
1100 3058 1422 3114 necessitate
1456 3060 1676 3127 gloriari
1706 3068 1995 3124 voluerint.
2028 3072 2136 3128 Nos

544 3136 637 3203 qui
668 3153 856 3194 smnus
907 3141 1083 3197 Israel
1108 3157 1156 3199 te
1180 3154 1535 3217 cognovimus.
1564 3154 1745 3225 Israel,
1780 3171 1840 3216 ιιι
1863 3177 2024 3233 supra
2056 3166 2136 3221 di-

546 3234 694 3284 ctum
722 3237 828 3297 est,
851 3230 1082 3288 directus
1108 3236 1223 3305 Dei,
1256 3240 1340 3294 vel
1361 3244 1603 3314 princeps
1631 3266 1749 3305 cum
1769 3250 1882 3307 .Deo
1915 3230 2133 3314 dicitur.

548 3314 784 3381 Quidam
825 3322 969 3377 enim
998 3339 1063 3379 ex
1094 3328 1365 3387 diuturnis
1391 3334 1713 3394 criminibus
1739 3357 1931 3401 sensus
1959 3362 2139 3418 repro-

543 3405 718 3463 bitate
775 3413 1009 3483 confusi,
1051 3431 1410 3487 nonveterna
1438 3440 1535 3481 sua
1585 3431 1813 3500 scelera,
1856 3435 1911 3488 in
1942 3405 2138 3506 quibus

545 3499 714 3555 vitam
762 3517 901 3572 pene
933 3516 1333 3583 transegerunt,
1382 3520 1475 3573 sed
1501 3533 2136 3601 momentaneamrespi-

546 3591 840 3664 rationem,
870 3612 978 3676 qua
1007 3602 1077 3656 ad
1108 3604 1277 3695 Deum
1305 3623 1404 3677 pro
1423 3615 1619 3679 quavis
1634 3617 1962 3674 adversitate
1976 3591 2139 3695 265

546 3696 861 3755 recurrunt,
895 3691 1256 3751 attendentes
1290 3713 1349 3753 se
1376 3701 1635 3773 directos,
1669 3722 1729 3761 se
1755 3708 1838 3763 sui
1871 3725 1994 3765 cum
2028 3691 2139 3769 Deo

547 3776 841 3853 principes,
867 3796 927 3837 se
950 3781 1058 3851 jam
1084 3786 1252 3843 Deum
1278 3806 1437 3847 nosse
1458 3793 1716 3864 fatentur,
1745 3808 1801 3854 et
1827 3802 2138 3870 perfuncto-

549 3868 690 3929 riam
755 3871 863 3928 diei
921 3877 1179 3944 pietatem
1226 3897 1351 3937 cum
1410 3887 1576 3941 totius
1605 3891 1701 3943 a~vi
1735 3891 1818 3947 sui
1843 3893 2137 3953 sceleriuns

524 3960 852 4022 vinetiuntur
873 3962 1003 4033 (Tit.
1034 3983 1073 4034 l,
1102 3969 1211 4040 l6).

624 4052 788 4107 Vsus.
814 4055 870 4109 5.
898 4086 968 4098 -—-
993 4079 1010 4110 ι
1048 4060 1282 4129 Projecit
1307 4064 1471 4122 Israel
1499 4070 1721 4144 bonum,
1743 4072 1994 4131 inimicus
2013 4092 2140 4147 pro—

524 4160 574 4195 Ἰ
621 4156 883 4221 sequetur
900 4164 1044 4207 eum.
1082 4172 1101 4204 ι
1138 4155 1344 4211 Bonum
1377 4160 1550 4215 Israel
1575 4163 1791 4233 projicit
1817 4170 1981 4237 quod,
2011 4187 2133 4225 eum

550 4247 779 4306 urgente
823 4243 1066 4310 periculo
1091 4251 1423 4320 aggreditur,
1467 4252 1684 4312 fortuna
1715 4260 1976 4316 redeunte
2008 4264 2134 4332 reji-

550 4328 713 4385 eitur.
737 4330 861 4387 ldeo
881 4350 998 4389 cum
1022 4336 1271 4395 inimicus
1301 4347 1667 4416 persequitur,
1691 4350 1779 4405 tibi
1798 4352 1963 4408 totius
1985 4355 2139 4412 home

518 4419 869 4480 intentionis
895 4427 1178 4485 deficiente
1205 4433 1419 4495 affectu.
1467 4439 1611 4494 nulla
1658 4440 1801 4497 hosti
1832 4449 2137 4505 constantia

549 4513 772 4572 virtutis
798 4518 1025 4578 interna:
1055 4528 1350 4583 resistitur.

621 4608 974 4667 Vens.4.~—c
1006 4616 1109 4687 Ipsi
1136 4634 1515 4693 regnaverunt,
1545 4635 1600 4680 et
1629 4626 1733 4683 nan
1757 4644 1824 4684 ex
1851 4646 1967 4697 me;
1997 4634 2136 4702 prin-

555 4717 575 4751 ι
623 4701 771 4769 eipes
801 4707 1148 4776 exstiterunt,
1203 4720 1259 4765 et
1304 4730 1409 4768 non
1439 4718 1687 4786 cognovi.
1725 4738 1743 4770 ι
1777 4701 2007 4791 Regnat,
2042 4723 2136 4777 sed

550 4807 615 4847 ex
660 4793 768 4848 Deo
803 4812 908 4851 non
945 4812 1151 4871 regnat,
1199 4805 1444 4875 quisquis
1477 4810 1745 4879 angustiis
1767 4815 2137 4879 prementibus

548 4885 733 4961 pravis
759 4888 871 4943 suis
900 4893 1140 4949 moribus
1163 4895 1412 4965 imperat,
1436 4910 1753 4957 cumtamen
1781 4906 1831 4957 in
1857 4908 2140 4963 conscien-

551 4978 640 5042 tiae
687 4983 898 5052 angulis
926 4983 1198 5055 affectum,
1238 4991 1281 5042 si
1316 4990 1539 5046 libertas
1568 4993 1828 5062 arrideat,
1858 4998 1923 5050 ad
1969 4998 2139 5052 vomi~

549 5080 663 5131 tum
713 5080 972 5133 redeundi
1025 5090 1309 5136 conservat
1334 5082 1419 5153 (II
1449 5082 1593 5139 l’etr.
1625 5103 1686 5153 ιι,
1713 5087 1827 5158 22).
1868 5087 2137 5158 Principes

548 5167 811 5235 existunt,
849 5173 942 5227 sed
979 5173 1119 5228 Deus
1142 5190 1246 5229 non
1280 5180 1585 5246 cognoscit;
1612 5194 1735 5233 cum
1766 5195 1957 5235 sensus
1987 5192 2139 5235 exte-

552 5261 726 5317 riores
765 5264 831 5316 ad
865 5265 1054 5323 horam
1104 5266 1204 5320 sub
1237 5269 1379 5338 regia
1412 5269 1637 5324 rationis
1687 5271 1891 5325 ditionc
1920 5272 2139 5326 sibimet

552 5353 952 5423 principantur,
995 5359 1089 5413 sed
1133 5358 1273 5415 Deus
1320 5360 1477 5429 hujus
1521 5363 1883 5417 restrictionis
1921 5378 2136 5428 causs,

526 5456 529 5459 '
554 5443 680 5511 quia
710 5460 813 5498 non
846 5447 1129 5515 approbat,
1155 5450 1348 5504 nescit.
1377 5450 1552 5520 Super
1576 5454 1719 5505 enim
1763 5454 1955 5507 horum
1988 5452 2139 5506 simi-

553 5534 695 5591 libus
728 5536 923 5607 legitur
951 5557 964 5591 :
998 5558 1017 5591 ι
1048 5539 1182 5611 cum
1214 5544 1485 5598 occideret
1526 5559 1621 5597 eos
1650 5546 1962 5613 qnzerehant
1991 5558 2139 5609 eum,

552 5638 608 5684 ct
638 5631 1055 5686 revertebantur
1105 5632 1277 5704 (Psal.
1325 5652 1534 5704 Lxxvn,
1571 5636 1684 5707 54).
1723 5657 1742 5690 ι
1786 5655 1804 5687 ι
1837 5636 2139 5707 Argentum

554 5740 573 5777 ι
625 5739 781 5777 suum
810 5733 863 5779 et
895 5739 1087 5778 aurum
1120 5740 1276 5781 suum
1308 5727 1553 5783 fecerunt
1580 5730 1681 5785 sibi
1719 5729 1859 5784 idola
1888 5738 1946 5783 ut
1970 5728 2140 5781 inter-

557 5835 576 5865 ι
624 5817 782 5871 irent.
825 5837 842 5869 ι
879 5818 1162 5890 Argentum
1196 5836 1347 5876 suum
1398 5834 1441 5875 et
1482 5840 1669 5877 aurum
1704 5839 1853 5877 suum
1879 5822 1976 5876 sibi
2009 5820 2139 5874 facit

2253 587 2319 639 ad
2354 587 2445 641 Dei
2480 589 2733 643 notitiam
2750 592 2983 660 pertinet
3013 595 3356 662 sapientiam,
3382 602 3624 668 expendit
3646 605 3793 665 inten-

2253 678 2399 732 tione
2421 695 2694 747 perversa.
2724 682 2863 748 Quid
2894 685 3037 738 enim
3060 686 3204 741 aliud
3227 703 3388 757 quam
3422 690 3611 748 idolum
3645 707 3794 755 strue-

2251 788 2309 825 re
2349 783 2456 837 est,
2510 789 2631 828 cum
2680 776 2804 845 quis
2835 777 2922 832 his
2945 781 3257 836 muneribus
3294 798 3399 836 non
3434 783 3612 851 Deum,
3642 792 3795 848 sedse

2249 861 2524 917 desiderat
2549 864 2832 932 honorari,
2876 883 2975 924 nec
3008 869 3115 924 Deo
3142 870 3348 927 referre
3372 876 3514 944 quod
3538 876 3603 932 ab
3639 895 3697 934 eo
3714 897 3791 937 ac—

2247 953 2476 1021 ceperit,
2503 956 2598 1009 sed
2646 969 2705 1009 se
2743 956 2923 1026 potius
2957 960 3111 1027 quasi
3139 961 3490 1016 simulacrum
3515 971 3794 1025 ostentari?

2246 1040 2379 1107 Quae
2411 1058 2576 1100 causa
2627 1045 2827 1101 multos
2854 1047 2983 1101 olim
3011 1050 3199 1117 genuit
3224 1052 3490 1121 hodieque
3524 1054 3681 1126 gignit
3704 1057 3795 1113 ha:-

2246 1133 2467 1197 reticos,
2498 1135 2622 1188 dum
2655 1137 2745 1205 qui
2772 1152 2869 1206 pro
2899 1138 3231 1195 obscuritate
3253 1142 3468 1211 generis
3494 1153 3546 1198 et
3574 1146 3689 1202 vita:
3714 1149 3794 1204 de-

2245 1221 2517 1285 litescunt,
2572 1241 2669 1295 pro
2700 1243 2960 1283 novorum
2998 1229 3314 1299 dogmatum
3340 1234 3697 1292 moliminihus
3718 1254 3795 1295 ce-

2246 1315 2441 1371 lebrari
2472 1329 2751 1387 appetunt.
2799 1321 2862 1375 Et
2905 1324 3017 1377 hinc
3048 1324 3251 1378 faciunt
3290 1337 3344 1379 ut
3376 1327 3658 1394 intereant,
3686 1331 3795 1400 quia

2226 1406 2389 1473 juxta
2444 1411 2537 1463 Dei
2591 1426 2814 1466 censura
2847 1415 3110 1485 contingit
3145 1425 3223 1479 ut,
3256 1418 3383 1470 dum
3410 1420 3603 1486 passim
3630 1424 3796 1491 pnedi-

2242 1502 2353 1554 cari
2378 1518 2439 1555 ac
2478 1505 2780 1560 enitescere
2809 1516 3017 1576 aptant,
3064 1510 3128 1562 ad
3159 1512 3389 1565 extremi
3421 1527 3645 1569 occasus
3674 1516 3795 1585 igne.
3884 1566 3887 1569 γ

2244 1591 2439 1647 minias
2462 1608 2521 1649 se
2547 1596 2833 1650 subruant.

2316 1684 2475 1741 Vsus.
2511 1686 2567 1740 5.
2591 1717 2658 1726 ——
2685 1708 2702 1738 ‹
2736 1688 3014 1755 Proiectus
3031 1700 3115 1747 est
3147 1692 3347 1748 vitulus
3376 1703 3521 1758 tuus,
3552 1694 3795 1766 Samaria,

2246 1792 2263 1823 ι
2315 1774 2485 1831 iratus
2499 1776 2763 1832 est/furor
2786 1795 2937 1834 meus
2963 1781 3015 1834 in
3043 1796 3158 1836 eos.
3185 1801 3203 1833 ι
3233 1782 3509 1849 Samaria,
3537 1795 3594 1838 nt
3623 1787 3797 1843 dictum

2172 1856 2213 1914 Β
2244 1874 2348 1927 est,
2377 1865 2771 1937 interpretatur
2814 1870 3077 1925 custodia.
3106 1872 3174 1925 Et
3200 1888 3321 1949 quae
3347 1883 3430 1927 est
3458 1876 3572 1928 haec
3589 1879 3802 1933 custodia

2242 1956 2342 2009 nisi
2374 1956 2462 2011 illa
2486 1973 2606 2029 qua:
2645 1962 2989 2031 componitur
3005 1978 3103 2033 pro
3133 1979 3352 2019 suorum
3390 1967 3662 2020 nominum
3693 1985 3797 2036 pro-

2240 2050 2527 2118 pagatione
2556 2054 2811 2108 cautela?
2835 2054 3004 2125 Hujus
3023 2056 3286 2111 Samaria:
3307 2057 3500 2112 vitulus
3525 2059 3803 2129 projicitur,

2241 2155 2362 2194 cum
2419 2140 2507 2197 illa
2560 2145 2611 2198 in
2673 2162 2776 2215 qua
2833 2147 3084 2203 lascivire
3140 2150 3478 2219 concupiscit
3528 2151 3680 2206 fanus
3711 2169 3808 2209 suae

2242 2231 2438 2298 gloria,
2477 2249 2581 2286 non
2610 2235 2783 2288 solum
2817 2238 3197 2304 addemnatur,
3234 2241 3326 2293 sed
3355 2241 3518 2294 etiam
3550 2257 3645 2310 pro
3669 2244 3809 2298 sorde

2243 2324 2537 2393 respuitur.
2574 2324 2877 2381 Notandum
2904 2329 3044 2397 quod
3073 2345 3178 2383 non
3204 2331 3403 2385 dicitur
3423 2330 3609 2387 furere
3638 2332 3800 2395 Deum,

2240 2415 2334 2467 S-‘d
2376 2413 2537 2469 irasci
2588 2417 2680 2470 Dei
2731 2416 2971 2474 furorem
2996 2420 3063 2473 in‘
3086 2436 3192 2475 eos.
3222 2421 3463 2477 Primum
3496 2423 3655 2488 iram,
3687 2434 3801 2494 post.

2241 2503 2462 2557 modum
2492 2503 2731 2561 furorem
2781 2508 2953 2577 ponit,
2984 2520 3044 2564 nt
3072 2511 3325 2566 ostendat
3348 2511 3515 2566 Demn
3543 2515 3717 2584 primo
3740 2516 3811 2572 eis

2239 2607 2307 2647 ex
2338 2609 2528 2648 eorum
2554 2597 2823 2665 pravitate
2847 2601 3281 2657 conversationis
3315 2603 3550 2671 iratum;
3583 2616 3803 2675 postmo-

2241 2684 2393 2751 dum,
2450 2687 2578 2756 quia
2607 2703 2672 2742 cx
2704 2689 2797 2745 Dei
2834 2691 3167 2761 blasphemia
3209 2695 3310 2749 sibi
3345 2712 3546 2751 nomen
3573 2714 3806 2769 arrogare

2224 2778 2548 2841 voluerunt.
2606 2780 2763 2850 cujus
2792 2785 2868 2838 rei
2902 2786 2987 2839 vel
3021 2788 3338 2844 meminisse
3371 2789 3521 2844 nefas
3551 2801 3691 2853 erat,
3715 2806 3805 2843 Ille-

2242 2869 2346 2923 rito
2362 2871 2429 2924 ad
2452 2872 2846 2930 subvertendos
2865 2891 2958 2931 eos
2977 2879 3029 2932 in
3055 2878 3294 2935 furorem
3315 2896 3552 2936 versum.
3575 2901 3595 2933 ι
3624 2881 3809 2952 υειιιιεο

2240 2975 2352 3031 quo
2379 2977 2485 3017 non
2516 2974 2772 3033 poterunt
2803 2970 3133 3025 ennmdari?
3169 2991 3187 3023 ι

2318 3055 2477 3111 Vens.
2513 3057 2565 3111 6.
2597 3089 2666 3097 —
2703 3079 2720 3110 ι
2756 3059 2891 3127 Quia
2916 3078 2979 3115 ex
3013 3061 3196 3129 Israel,
3232 3073 3286 3119 et
3312 3066 3425 3135 ipse
3452 3074 3537 3120 est
3560 3065 3803 3121 artifex.r

2240 3146 2319 3202 Ac
2354 3149 2395 3202 si
2425 3149 2631 3205 diceret
2666 3151 2953 3219 :Quandiu
2984 3154 3100 3210 haec
3134 3170 3319 3210 eorum
3361 3160 3695 3227 perversitas
3736 3159 3805 3213 in-

2240 3249 2483 3295 correcta
2528 3243 2921 3298 inanehit?Ac
2978 3245 3024 3299 si
3065 3249 3486 3316 responderetur
3523 3267 3535 3302 :
3578 3248 3807 3305 Profecto

2240 3330 2355 3395 diu,
2384 3334 2510 3402 quia
2541 3350 2606 3389 ea:
2633 3333 2804 3389 Israel
2826 3345 2909 3389 est
2935 3346 2983 3390 et
3017 3338 3128 3401 ipse
3151 3339 3363 3409 artifex.
3392 3339 3576 3404 lsrael,
3618 3351 3671 3395 ut
3691 3358 3807 3410 pnes

2240 3420 2465 3477 libatum
2508 3426 2612 3487 est,
2661 3426 2963 3480 secundum
3018 3428 3282 3497 quosdam
3339 3431 3506 3483 etiam
3550 3433 3805 3501 antiquos,

2238 3516 2318 3568 vir
2345 3516 2523 3570 videns
2547 3516 2713 3571 Deum
2758 3518 3166 3588 interpretatur.
3204 3520 3328 3575 Ideo
3358 3536 3489 3592 ergo
3529 3538 3639 3577 non
3671 3523 3805 3577 facile

2215 3607 2624 3673 .emundautur,
2665 3609 2789 3678 quia
2810 3609 2938 3663 talis
2988 3610 3307 3666 idololatriae
3364 3612 3608 3669 artiﬁces
3645 3631 3705 3668 ex
3732 3616 3801 3670 his

2239 3700 2579 3769 p0tissimum
2632 3715 2755 3756 esse
2794 3701 2990 3768 solent,
3037 3703 3126 3773 qui
3156 3703 3222 3758 de
3259 3704 3354 3759 Dei
3385 3720 3483 3774 per
3511 3705 3806 3777 Scripturas

2240 3791 2550 3861 cognitione
2597 3806 2709 3862 prae
2738 3794 2954 3847 czeteris
2989 3792 3313 3862 gloriantur,
3367 3803 3423 3849 et
3465 3810 3535 3850 ex
3572 3811 3643 3851 eo
3665 3806 3809 3852 sexta:

2240 3895 2353 3935 suae
2390 3882 2632 3938 tenacius
2677 3884 2885 3939 hterent
2920 3899 3030 3953 quo
3075 3899 3289 3939 sacram
3331 3886 3582 3957 paginam
3614 3902 3708 3956 pro
3728 3901 3809 3941 sua

2240 3970 2463 4026 libidine
2512 3978 2666 4041 quasi
2692 3975 2904 4029 acutius
2935 3976 3268 4044 intorquent,
3311 3975 3556 4045 aliosque
3585 3978 3811 4031 securius

2240 4066 2341 4119 sibi
2373 4066 2639 4128 alliciunt,
2665 4082 2773 4136 quo
2795 4068 3222 4137 perspicaciores
3252 4082 3312 4122 se
3338 4069 3390 4122 in
3412 4069 3601 4124 divino
3616 4069 3812 4137 eloquio

2216 4157 2345 4212 .tlici
2380 4159 2619 4214 audiunt.
2655 4159 2736 4214 Ea:
2768 4158 2939 4213 Israel
2978 4175 3109 4231 ergo
3130 4171 3178 4213 et
3202 4161 3310 4229 ipse
3357 4169 3432 4214 est
3459 4161 3674 4230 artifex,
3703 4160 3810 4229 quia

2240 4260 2347 4297 non
2389 4245 2490 4299 nisi
2523 4261 2589 4299 ex
2632 4260 2827 4316 magna
2863 4246 3062 4315 ingenii
3094 4246 3394 4302 acrimonia
3417 4248 3663 4317 prmditis
3692 4247 3813 4301 solet

2241 4338 2358 4391 ﬁeri
2379 4339 2564 4392 talium
2593 4338 2898 4395 fabularum
2929 4340 3110 4394 index.

2315 4430 2476 4485 Vens.
2508 4429 2562 4484 '7.
2589 4461 2655 4471 —
2683 4449 2701 4482 ι
2740 4429 2893 4484 Fecit
2944 4430 3093 4484 illum
3150 4439 3207 4486 et
3232 4446 3339 4485 non
3383 4439 3468 4486 est
3492 4432 3657 4494 Deus,
3689 4446 3809 4500 quo-

2169 4557 2214 4611 n
2244 4538 2262 4571 ι
2316 4521 2460 4573 niam
2521 4520 2573 4573 in
2617 4535 2943 4576 aranearum
2983 4520 3116 4576 telas
3169 4521 3275 4575 erit
3303 4521 3509 4575 vitulus
3547 4523 3811 4577 Sanun-ite.

2246 4629 2266 4665 ι
2313 4610 2449 4677 Quia
2477 4620 2696 4669 ventum
2750 4612 3117 4677 seminabnnt,
3164 4620 3219 4667 et
3249 4614 3522 4667 turbinem
3549 4623 3762 4667 metent.
3793 4631 3808 4662 ι

2242 4703 2412 4758 Deum
2444 4703 2594 4769 facit,
2649 4702 2743 4758 sed
2774 4701 2913 4762 Deus
2939 4719 3041 4756 non
3066 4711 3161 4766 est,
3193 4703 3440 4773 quisquis
3477 4721 3578 4775 pro
3598 4715 3747 4773 captu
3767 4708 3815 4756 et

2243 4796 2631 4865 imaginatione
2680 4810 2777 4849 sua
2821 4794 2988 4853 Deum
3029 4794 3450 4860 circumscribit,
3509 4806 3567 4849 ut
3615 4796 3679 4849 ad
3711 4794 3814 4863 ejus

2242 4899 2455 4942 natura;
2498 4887 2879 4947 dissertionem
2927 4886 3197 4957 attingere
3242 4886 3459 4954 nititur,
3508 4889 3650 4957 quod
3676 4886 3811 4938 nullo

2243 4982 2405 5037 modo
2429 4980 2632 5035 homini
2666 4978 3173 5050 comprehensibile,
3196 4988 3289 5033 aut
3310 4980 3452 5034 Deus
3485 4994 3607 5035 esse
3622 4987 3810 5048 potest:

2241 5074 2516 5143 Quidquid
2561 5073 2705 5129 enim
2765 5073 3070 5142 pervideas,
3130 5071 3267 5129 falso
3307 5071 3478 5127 Deum
3524 5070 3808 5127 existimas.

2247 5186 2266 5220 ι
2313 5167 2579 5234 Quoniam
2596 5166 2646 5220 in
2670 5180 2993 5221 arenearnm
3012 5165 3147 5218 telas
3164 5164 3269 5218 erit
3283 5163 3484 5219 vitulus
3500 5161 3772 5228 Samaria,
3792 5179 3810 5211 ι

2240 5258 2367 5327 quia
2402 5257 2611 5312 scilicet
2648 5255 2956 5337 petulantia
2990 5271 3111 5324 quae
3139 5254 3384 5323 subjacet
3412 5256 3486 5309 illi
3525 5254 3812 5312 forinsecus

2242 5351 2507 5406 dealbattc
2563 5350 2846 5414 custodiae,
2893 5358 2954 5403 ut
3008 5349 3180 5418 magis
3236 5349 3380 5403 enim
3422 5348 3630 5414 fallant,
3654 5345 3814 5402 multa

2243 5454 2408 5513 agunt
2461 5444 2564 5498 sub
2614 5442 2920 5513 hypocrisis
2968 5442 3168 5511 specie,
3203 5440 3594 5496 adnihilabitur
3616 5448 3668 5496 et
3696 5452 3814 5493 eva-

2244 5545 2429 5589 nescet
2471 5549 2536 5588 ac
2573 5534 2617 5593 si
2670 5545 2991 5587 aranearum
3027 5531 3165 5585 telae.
3198 5530 3326 5596 Quae
3354 5532 3504 5585 enim
3552 5526 3810 5591 insulsior,

2241 5639 2296 5682 et
2317 5627 2469 5698 quasi
2496 5626 2723 5681 vitulina
2748 5624 2959 5690 levitas,
2985 5639 3148 5693 quam
3172 5622 3337 5677 libros
3359 5633 3665 5685 contexere,
3687 5628 3816 5717 quos

2245 5720 2572 5790 explodatet
2618 5717 2874 5774 exsiliilet
2914 5717 3078 5771 totius
3135 5713 3569 5769 Christianitatis
3591 5713 3813 5808 auctori-

2253 5817 2371 5867 tas?
2412 5813 2512 5879 Qui
2560 5812 2677 5870 telae
2711 5824 3035 5866 aranearum
3079 5816 3222 5874 sunt,
3274 5805 3404 5876 quia
3431 5820 3620 5863 eorum
3645 5801 3815 5861 studio
