  <div class='ocr_page' id='page_1' title='image "/cluster/home/n/w/nwhite01/storage/ocr_20150623/156/hvd.32044010683712/196.png"; bbox 0 0 3998 6326; ppageno 0'>
   <div class='ocr_carea' id='block_1_1' title="bbox 174 347 257 404">
    <p class='ocr_par' dir='ltr' id='par_1_1' title="bbox 174 347 257 404">
     <span class='ocr_line' id='line_1_1' title="bbox 174 347 257 404; baseline -0.024 0"><span class='ocrx_word' id='word_1_1' title='bbox 174 347 257 404; x_wconf 85' lang='lat' dir='ltr'><strong>58f</strong></span> 
     </span>
    </p>
   </div>
   <div class='ocr_carea' id='block_1_2' title="bbox 800 323 1735 395">
    <p class='ocr_par' dir='ltr' id='par_1_2' title="bbox 800 324 1735 395">
     <span class='ocr_line' id='line_1_2' title="bbox 800 324 1735 395; baseline -0.014 -5"><span class='ocrx_word' id='word_1_2' title='bbox 800 333 1260 391; x_wconf 57' lang='lat' dir='ltr'><strong>TROPOLOGIIE</strong></span> <span class='ocrx_word' id='word_1_3' title='bbox 1299 331 1366 387; x_wconf 83' lang='lat' dir='ltr'><strong>IN</strong></span> <span class='ocrx_word' id='word_1_4' title='bbox 1404 330 1607 395; x_wconf 79' lang='lat' dir='ltr'><strong>OSEE,</strong></span> <span class='ocrx_word' id='word_1_5' title='bbox 1634 324 1735 379; x_wconf 70' lang='lat' dir='ltr'><strong>Abl</strong></span> 
     </span>
    </p>
   </div>
   <div class='ocr_carea' id='block_1_3' title="bbox 1841 323 2825 395">
    <p class='ocr_par' dir='ltr' id='par_1_3' title="bbox 1848 324 2825 387">
     <span class='ocr_line' id='line_1_3' title="bbox 1848 324 2825 387; baseline 0.003 -4"><span class='ocrx_word' id='word_1_6' title='bbox 1848 324 1935 383; x_wconf 80' lang='grc' dir='ltr'>ΕΤ</span> <span class='ocrx_word' id='word_1_7' title='bbox 1975 324 2118 383; x_wconf 66' lang='lat' dir='ltr'><strong>ltili.</strong></span> <span class='ocrx_word' id='word_1_8' title='bbox 2158 359 2224 370; x_wconf 63' lang='grc' dir='ltr'><strong>η-</strong></span> <span class='ocrx_word' id='word_1_9' title='bbox 2265 331 2392 387; x_wconf 88' lang='lat' dir='ltr'><strong>LIB.</strong></span> <span class='ocrx_word' id='word_1_10' title='bbox 2431 330 2495 386; x_wconf 90' lang='lat' dir='ltr'><strong>ll.</strong></span> <span class='ocrx_word' id='word_1_11' title='bbox 2526 330 2589 385; x_wconf 68' lang='grc' dir='ltr'><strong>ΙΝ</strong></span> <span class='ocrx_word' id='word_1_12' title='bbox 2628 329 2825 387; x_wconf 76' lang='lat' dir='ltr'><strong>()SEE.</strong></span> 
     </span>
    </p>
   </div>
   <div class='ocr_carea' id='block_1_4' title="bbox 3293 331 3401 391">
    <p class='ocr_par' dir='ltr' id='par_1_4' title="bbox 3293 331 3401 391">
     <span class='ocr_line' id='line_1_4' title="bbox 3293 331 3401 391; baseline 0.028 -3"><span class='ocrx_word' id='word_1_13' title='bbox 3293 331 3401 391; x_wconf 63' lang='lat'><strong>58$</strong></span> 
     </span>
    </p>
   </div>
   <div class='ocr_carea' id='block_1_5' title="bbox 180 443 3401 524">
    <p class='ocr_par' dir='ltr' id='par_1_5' title="bbox 180 443 3401 524">
     <span class='ocr_line' id='line_1_5' title="bbox 180 443 3401 524; baseline -0.004 -11"><span class='ocrx_word' id='word_1_14' title='bbox 180 461 313 520; x_wconf 86' lang='lat' dir='ltr'><strong>liunt,</strong></span> <span class='ocrx_word' id='word_1_15' title='bbox 370 453 454 524; x_wconf 89' lang='lat' dir='ltr'><strong>qui</strong></span> <span class='ocrx_word' id='word_1_16' title='bbox 512 451 699 510; x_wconf 81' lang='lat' dir='ltr'><strong>intima</strong></span> <span class='ocrx_word' id='word_1_17' title='bbox 738 464 832 505; x_wconf 83' lang='lat' dir='ltr'><strong>sua</strong></span> <span class='ocrx_word' id='word_1_18' title='bbox 876 447 927 502; x_wconf 91' lang='lat' dir='ltr'><strong>in</strong></span> <span class='ocrx_word' id='word_1_19' title='bbox 957 448 1070 502; x_wconf 83' lang='lat' dir='ltr'><strong>vita</strong></span> <span class='ocrx_word' id='word_1_20' title='bbox 1110 464 1207 503; x_wconf 89' lang='lat' dir='ltr'><strong>sua</strong></span> <span class='ocrx_word' id='word_1_21' title='bbox 1242 446 1553 518; x_wconf 81' lang='lat' dir='ltr'><strong>projiciunt,</strong></span> <span class='ocrx_word' id='word_1_22' title='bbox 1579 452 1633 495; x_wconf 89' lang='lat' dir='ltr'><strong>et</strong></span> <span class='ocrx_word' id='word_1_23' title='bbox 1660 443 1712 496; x_wconf 90' lang='lat' dir='ltr'><strong>iu</strong></span> <span class='ocrx_word' id='word_1_24' title='bbox 1744 444 1789 499; x_wconf 81' lang='grc' dir='ltr'><strong>Α</strong></span> <span class='ocrx_word' id='word_1_25' title='bbox 1821 445 2056 499; x_wconf 86' lang='lat' dir='ltr'><strong>ntantias</strong></span> <span class='ocrx_word' id='word_1_26' title='bbox 2088 445 2398 511; x_wconf 85' lang='lat' dir='ltr'><strong>addiscunt,</strong></span> <span class='ocrx_word' id='word_1_27' title='bbox 2434 460 2531 514; x_wconf 86' lang='lat' dir='ltr'><strong>per</strong></span> <span class='ocrx_word' id='word_1_28' title='bbox 2564 461 2702 514; x_wconf 86' lang='lat' dir='ltr'><strong>quas</strong></span> <span class='ocrx_word' id='word_1_29' title='bbox 2742 444 2808 498; x_wconf 91' lang='lat' dir='ltr'><strong>ad</strong></span> <span class='ocrx_word' id='word_1_30' title='bbox 2844 447 3166 515; x_wconf 75' lang='lat' dir='ltr'><strong>mysterium</strong></span> <span class='ocrx_word' id='word_1_31' title='bbox 3202 445 3401 514; x_wconf 57' lang='lat' dir='ltr'><strong>iniqui.</strong></span> 
     </span>
    </p>
   </div>
   <div class='ocr_carea' id='block_1_6' title="bbox 176 536 1718 609">
    <p class='ocr_par' dir='ltr' id='par_1_6' title="bbox 176 536 1718 609">
     <span class='ocr_line' id='line_1_6' title="bbox 176 536 1718 609; baseline -0.011 -5"><span class='ocrx_word' id='word_1_32' title='bbox 176 548 308 604; x_wconf 81' lang='lat' dir='ltr'><strong>brevi</strong></span> <span class='ocrx_word' id='word_1_33' title='bbox 334 543 703 607; x_wconf 85' lang='lat' dir='ltr'><strong>eventilautur,</strong></span> <span class='ocrx_word' id='word_1_34' title='bbox 748 541 869 609; x_wconf 90' lang='lat' dir='ltr'><strong>quia</strong></span> <span class='ocrx_word' id='word_1_35' title='bbox 893 555 998 597; x_wconf 87' lang='lat' dir='ltr'><strong>non</strong></span> <span class='ocrx_word' id='word_1_36' title='bbox 1035 539 1193 594; x_wconf 90' lang='lat' dir='ltr'><strong>aliter</strong></span> <span class='ocrx_word' id='word_1_37' title='bbox 1218 553 1378 608; x_wconf 89' lang='lat' dir='ltr'><strong>quam</strong></span> <span class='ocrx_word' id='word_1_38' title='bbox 1424 536 1628 607; x_wconf 88' lang='lat' dir='ltr'><strong>spuria,</strong></span> <span class='ocrx_word' id='word_1_39' title='bbox 1658 542 1718 588; x_wconf 93' lang='lat' dir='ltr'><strong>ut</strong></span> 
     </span>
    </p>
   </div>
   <div class='ocr_carea' id='block_1_7' title="bbox 176 623 1716 709">
    <p class='ocr_par' dir='ltr' id='par_1_7' title="bbox 176 623 1716 709">
     <span class='ocr_line' id='line_1_7' title="bbox 176 623 1716 709; baseline -0.012 -14"><span class='ocrx_word' id='word_1_40' title='bbox 176 639 369 709; x_wconf 90' lang='lat' dir='ltr'><strong>legitur,</strong></span> <span class='ocrx_word' id='word_1_41' title='bbox 400 631 708 687; x_wconf 88' lang='lat' dir='ltr'><strong>vitulamina</strong></span> <span class='ocrx_word' id='word_1_42' title='bbox 760 629 1073 683; x_wconf 74' lang='lat' dir='ltr'><strong>radicantur</strong></span> <span class='ocrx_word' id='word_1_43' title='bbox 1104 628 1253 698; x_wconf 76' lang='lat' dir='ltr'><strong>(Sep.</strong></span> <span class='ocrx_word' id='word_1_44' title='bbox 1282 642 1358 689; x_wconf 85' lang='lat' dir='ltr'><strong>tv,</strong></span> <span class='ocrx_word' id='word_1_45' title='bbox 1391 623 1469 696; x_wconf 83' lang='lat'><strong>&#39;5).</strong></span> <span class='ocrx_word' id='word_1_46' title='bbox 1501 625 1716 678; x_wconf 87' lang='lat' dir='ltr'><strong>Aranea</strong></span> 
     </span>
    </p>
   </div>
   <div class='ocr_carea' id='block_1_8' title="bbox 161 708 1715 782">
    <p class='ocr_par' dir='ltr' id='par_1_8' title="bbox 161 708 1715 782">
     <span class='ocr_line' id='line_1_8' title="bbox 161 708 1715 782; baseline -0.01 0"><span class='ocrx_word' id='word_1_47' title='bbox 161 708 299 782; x_wconf 63' lang='lat' dir='ltr'><strong>enim</strong></span> <span class='ocrx_word' id='word_1_48' title='bbox 319 739 433 779; x_wconf 90' lang='lat' dir='ltr'><strong>cum</strong></span> <span class='ocrx_word' id='word_1_49' title='bbox 463 725 533 777; x_wconf 90' lang='lat' dir='ltr'><strong>sit</strong></span> <span class='ocrx_word' id='word_1_50' title='bbox 561 728 878 775; x_wconf 88' lang='lat' dir='ltr'><strong>venenatum</strong></span> <span class='ocrx_word' id='word_1_51' title='bbox 926 718 1151 782; x_wconf 85' lang='lat' dir='ltr'><strong>animal,</strong></span> <span class='ocrx_word' id='word_1_52' title='bbox 1178 734 1247 771; x_wconf 77' lang='lat' dir='ltr'><strong>ex</strong></span> <span class='ocrx_word' id='word_1_53' title='bbox 1269 717 1467 771; x_wconf 90' lang='lat' dir='ltr'><strong>virosis</strong></span> <span class='ocrx_word' id='word_1_54' title='bbox 1488 714 1715 770; x_wconf 80' lang='lat' dir='ltr'><strong>visceri—</strong></span> 
     </span>
    </p>
   </div>
   <div class='ocr_carea' id='block_1_9' title="bbox 175 807 1717 887">
    <p class='ocr_par' dir='ltr' id='par_1_9' title="bbox 175 807 1717 887">
     <span class='ocr_line' id='line_1_9' title="bbox 175 807 1717 887; baseline -0.007 -13"><span class='ocrx_word' id='word_1_55' title='bbox 175 821 261 881; x_wconf 88' lang='lat' dir='ltr'><strong>bus</strong></span> <span class='ocrx_word' id='word_1_56' title='bbox 278 831 401 887; x_wconf 91' lang='lat' dir='ltr'><strong>opus</strong></span> <span class='ocrx_word' id='word_1_57' title='bbox 426 828 663 885; x_wconf 86' lang='lat' dir='ltr'><strong>egerens,</strong></span> <span class='ocrx_word' id='word_1_58' title='bbox 690 812 916 866; x_wconf 89' lang='lat' dir='ltr'><strong>nilaliud</strong></span> <span class='ocrx_word' id='word_1_59' title='bbox 942 812 1196 882; x_wconf 76' lang='lat' dir='ltr'><strong>explicat,</strong></span> <span class='ocrx_word' id='word_1_60' title='bbox 1227 810 1328 864; x_wconf 86' lang='lat' dir='ltr'><strong>nisi</strong></span> <span class='ocrx_word' id='word_1_61' title='bbox 1351 810 1492 879; x_wconf 90' lang='lat' dir='ltr'><strong>quod</strong></span> <span class='ocrx_word' id='word_1_62' title='bbox 1525 807 1717 863; x_wconf 87' lang='lat' dir='ltr'><strong>studiis</strong></span> 
     </span>
    </p>
   </div>
   <div class='ocr_carea' id='block_1_10' title="bbox 172 903 1719 978">
    <p class='ocr_par' dir='ltr' id='par_1_10' title="bbox 172 903 1719 978">
     <span class='ocr_line' id='line_1_10' title="bbox 172 903 1719 978; baseline -0.006 -12"><span class='ocrx_word' id='word_1_63' title='bbox 172 910 400 973; x_wconf 87' lang='lat' dir='ltr'><strong>inanibus</strong></span> <span class='ocrx_word' id='word_1_64' title='bbox 445 909 669 978; x_wconf 85' lang='lat' dir='ltr'><strong>seipsam</strong></span> <span class='ocrx_word' id='word_1_65' title='bbox 701 914 976 962; x_wconf 78' lang='lat' dir='ltr'><strong>estemtat.</strong></span> <span class='ocrx_word' id='word_1_66' title='bbox 1035 903 1253 958; x_wconf 81' lang='lat' dir='ltr'><strong>Ventum</strong></span> <span class='ocrx_word' id='word_1_67' title='bbox 1276 903 1419 958; x_wconf 89' lang='lat' dir='ltr'><strong>enim</strong></span> <span class='ocrx_word' id='word_1_68' title='bbox 1445 903 1719 956; x_wconf 90' lang='lat' dir='ltr'><strong>semiuant</strong></span> 
     </span>
    </p>
   </div>
   <div class='ocr_carea' id='block_1_11' title="bbox 170 995 1714 1071">
    <p class='ocr_par' dir='ltr' id='par_1_11' title="bbox 170 995 1714 1071">
     <span class='ocr_line' id='line_1_11' title="bbox 170 995 1714 1071; baseline -0.005 -18"><span class='ocrx_word' id='word_1_69' title='bbox 170 1001 248 1071; x_wconf 91' lang='lat' dir='ltr'><strong>qui</strong></span> <span class='ocrx_word' id='word_1_70' title='bbox 278 999 468 1055; x_wconf 89' lang='lat' dir='ltr'><strong>erroris</strong></span> <span class='ocrx_word' id='word_1_71' title='bbox 501 996 717 1051; x_wconf 89' lang='lat' dir='ltr'><strong>nebulas</strong></span> <span class='ocrx_word' id='word_1_72' title='bbox 755 1003 808 1050; x_wconf 86' lang='lat' dir='ltr'><strong>et</strong></span> <span class='ocrx_word' id='word_1_73' title='bbox 838 995 1039 1049; x_wconf 58' lang='lat' dir='ltr'><strong>na‘nias</strong></span> <span class='ocrx_word' id='word_1_74' title='bbox 1068 1008 1435 1064; x_wconf 84' lang='lat' dir='ltr'><strong>supervacuas</strong></span> <span class='ocrx_word' id='word_1_75' title='bbox 1460 1006 1714 1062; x_wconf 79' lang='lat' dir='ltr'><strong>spargere</strong></span> 
     </span>
    </p>
   </div>
   <div class='ocr_carea' id='block_1_12' title="bbox 169 1084 1718 1166">
    <p class='ocr_par' dir='ltr' id='par_1_12' title="bbox 169 1084 1718 1166">
     <span class='ocr_line' id='line_1_12' title="bbox 169 1084 1718 1166; baseline -0.006 -18"><span class='ocrx_word' id='word_1_76' title='bbox 169 1092 315 1166; x_wconf 90' lang='lat' dir='ltr'><strong>pluris</strong></span> <span class='ocrx_word' id='word_1_77' title='bbox 333 1099 535 1161; x_wconf 89' lang='lat' dir='ltr'><strong>putant.</strong></span> <span class='ocrx_word' id='word_1_78' title='bbox 560 1088 838 1142; x_wconf 82' lang='lat' dir='ltr'><strong>Turbinem</strong></span> <span class='ocrx_word' id='word_1_79' title='bbox 865 1096 1095 1151; x_wconf 90' lang='lat' dir='ltr'><strong>metunt,</strong></span> <span class='ocrx_word' id='word_1_80' title='bbox 1124 1102 1249 1141; x_wconf 91' lang='lat' dir='ltr'><strong>cum</strong></span> <span class='ocrx_word' id='word_1_81' title='bbox 1278 1084 1477 1139; x_wconf 90' lang='lat' dir='ltr'><strong>mentis</strong></span> <span class='ocrx_word' id='word_1_82' title='bbox 1503 1084 1718 1139; x_wconf 72' lang='lat' dir='ltr'><strong>czecita-</strong></span> 
     </span>
    </p>
   </div>
   <div class='ocr_carea' id='block_1_13' title="bbox 172 1176 1720 1240">
    <p class='ocr_par' dir='ltr' id='par_1_13' title="bbox 172 1176 1720 1240">
     <span class='ocr_line' id='line_1_13' title="bbox 172 1176 1720 1240; baseline -0.005 -1"><span class='ocrx_word' id='word_1_83' title='bbox 172 1194 264 1240; x_wconf 88' lang='lat' dir='ltr'><strong>tem</strong></span> <span class='ocrx_word' id='word_1_84' title='bbox 289 1191 340 1237; x_wconf 90' lang='lat' dir='ltr'><strong>et</strong></span> <span class='ocrx_word' id='word_1_85' title='bbox 376 1191 578 1236; x_wconf 91' lang='lat' dir='ltr'><strong>motum</strong></span> <span class='ocrx_word' id='word_1_86' title='bbox 608 1187 849 1234; x_wconf 68' lang='lat' dir='ltr'><strong>externa:</strong></span> <span class='ocrx_word' id='word_1_87' title='bbox 891 1178 1237 1234; x_wconf 88' lang='lat' dir='ltr'><strong>adversitatis</strong></span> <span class='ocrx_word' id='word_1_88' title='bbox 1266 1177 1572 1232; x_wconf 90' lang='lat' dir='ltr'><strong>incurrunt.</strong></span> <span class='ocrx_word' id='word_1_89' title='bbox 1606 1176 1720 1232; x_wconf 83' lang='lat' dir='ltr'><strong>Hoc</strong></span> 
     </span>
    </p>
   </div>
   <div class='ocr_carea' id='block_1_14' title="bbox 174 1269 1719 1344">
    <p class='ocr_par' dir='ltr' id='par_1_14' title="bbox 174 1269 1719 1344">
     <span class='ocr_line' id='line_1_14' title="bbox 174 1269 1719 1344; baseline -0.006 -12"><span class='ocrx_word' id='word_1_90' title='bbox 174 1277 298 1332; x_wconf 88' lang='lat' dir='ltr'><strong>cnim</strong></span> <span class='ocrx_word' id='word_1_91' title='bbox 330 1274 597 1344; x_wconf 84' lang='lat' dir='ltr'><strong>proprium</strong></span> <span class='ocrx_word' id='word_1_92' title='bbox 624 1271 862 1327; x_wconf 72' lang='lat' dir='ltr'><strong>ltmretici</strong></span> <span class='ocrx_word' id='word_1_93' title='bbox 895 1271 1115 1338; x_wconf 90' lang='lat' dir='ltr'><strong>habent,</strong></span> <span class='ocrx_word' id='word_1_94' title='bbox 1157 1280 1215 1324; x_wconf 91' lang='lat' dir='ltr'><strong>ut</strong></span> <span class='ocrx_word' id='word_1_95' title='bbox 1245 1286 1366 1324; x_wconf 88' lang='lat' dir='ltr'><strong>cmn</strong></span> <span class='ocrx_word' id='word_1_96' title='bbox 1397 1270 1576 1323; x_wconf 86' lang='lat' dir='ltr'><strong>facere</strong></span> <span class='ocrx_word' id='word_1_97' title='bbox 1616 1269 1719 1322; x_wconf 85' lang='lat' dir='ltr'><strong>sibi</strong></span> 
     </span>
    </p>
   </div>
   <div class='ocr_carea' id='block_1_15' title="bbox 172 1361 1719 1436">
    <p class='ocr_par' dir='ltr' id='par_1_15' title="bbox 172 1361 1719 1436">
     <span class='ocr_line' id='line_1_15' title="bbox 172 1361 1719 1436; baseline -0.006 -11"><span class='ocrx_word' id='word_1_98' title='bbox 172 1383 344 1425; x_wconf 86' lang='lat' dir='ltr'><strong>nomen</strong></span> <span class='ocrx_word' id='word_1_99' title='bbox 366 1381 430 1420; x_wconf 77' lang='lat' dir='ltr'><strong>ex</strong></span> <span class='ocrx_word' id='word_1_100' title='bbox 459 1365 721 1436; x_wconf 77' lang='lat' dir='ltr'><strong>dogmatis</strong></span> <span class='ocrx_word' id='word_1_101' title='bbox 749 1364 1065 1418; x_wconf 80' lang='lat' dir='ltr'><strong>diversitate</strong></span> <span class='ocrx_word' id='word_1_102' title='bbox 1096 1363 1349 1435; x_wconf 79' lang='lat' dir='ltr'><strong>gestiant,</strong></span> <span class='ocrx_word' id='word_1_103' title='bbox 1374 1361 1719 1432; x_wconf 87' lang='lat' dir='ltr'><strong>vilipensioui</strong></span> 
     </span>
    </p>
   </div>
   <div class='ocr_carea' id='block_1_16' title="bbox 169 1456 1036 1524">
    <p class='ocr_par' dir='ltr' id='par_1_16' title="bbox 169 1456 1036 1524">
     <span class='ocr_line' id='line_1_16' title="bbox 169 1456 1036 1524; baseline -0.01 -7"><span class='ocrx_word' id='word_1_104' title='bbox 169 1470 216 1517; x_wconf 87' lang='lat' dir='ltr'><strong>ct</strong></span> <span class='ocrx_word' id='word_1_105' title='bbox 236 1458 349 1512; x_wconf 88' lang='lat' dir='ltr'><strong>odio</strong></span> <span class='ocrx_word' id='word_1_106' title='bbox 371 1456 605 1510; x_wconf 87' lang='lat' dir='ltr'><strong>onmimu</strong></span> <span class='ocrx_word' id='word_1_107' title='bbox 643 1470 767 1509; x_wconf 82' lang='lat' dir='ltr'><strong>mox</strong></span> <span class='ocrx_word' id='word_1_108' title='bbox 794 1462 1036 1524; x_wconf 84' lang='lat' dir='ltr'><strong>pateant.</strong></span> 
     </span>
    </p>
   </div>
   <div class='ocr_carea' id='block_1_17' title="bbox 234 1544 1721 1616">
    <p class='ocr_par' dir='ltr' id='par_1_17' title="bbox 234 1544 1721 1616">
     <span class='ocr_line' id='line_1_17' title="bbox 234 1544 1721 1616; baseline -0.003 -14"><span class='ocrx_word' id='word_1_109' title='bbox 234 1570 251 1602; x_wconf 85' lang='grc' dir='ltr'><strong>ι</strong></span> <span class='ocrx_word' id='word_1_110' title='bbox 287 1549 499 1604; x_wconf 82' lang='lat' dir='ltr'><strong>Culmus</strong></span> <span class='ocrx_word' id='word_1_111' title='bbox 536 1557 683 1603; x_wconf 87' lang='lat' dir='ltr'><strong>stans</strong></span> <span class='ocrx_word' id='word_1_112' title='bbox 727 1562 833 1601; x_wconf 88' lang='lat' dir='ltr'><strong>non</strong></span> <span class='ocrx_word' id='word_1_113' title='bbox 869 1556 952 1602; x_wconf 88' lang='lat' dir='ltr'><strong>est</strong></span> <span class='ocrx_word' id='word_1_114' title='bbox 977 1547 1028 1601; x_wconf 88' lang='lat' dir='ltr'><strong>in</strong></span> <span class='ocrx_word' id='word_1_115' title='bbox 1054 1561 1137 1609; x_wconf 87' lang='lat' dir='ltr'><strong>eo,</strong></span> <span class='ocrx_word' id='word_1_116' title='bbox 1171 1561 1391 1616; x_wconf 82' lang='lat' dir='ltr'><strong>germen</strong></span> <span class='ocrx_word' id='word_1_117' title='bbox 1420 1561 1525 1600; x_wconf 90' lang='lat' dir='ltr'><strong>non</strong></span> <span class='ocrx_word' id='word_1_118' title='bbox 1558 1544 1721 1600; x_wconf 77' lang='lat' dir='ltr'><strong>faciet</strong></span> 
     </span>
    </p>
   </div>
   <div class='ocr_carea' id='block_1_18' title="bbox 176 1637 1718 1701">
    <p class='ocr_par' dir='ltr' id='par_1_18' title="bbox 176 1637 1718 1701">
     <span class='ocr_line' id='line_1_18' title="bbox 176 1637 1718 1701; baseline -0.001 -8"><span class='ocrx_word' id='word_1_119' title='bbox 176 1661 193 1693; x_wconf 89' lang='grc' dir='ltr'><strong>ι</strong></span> <span class='ocrx_word' id='word_1_120' title='bbox 232 1641 470 1695; x_wconf 82' lang='lat' dir='ltr'><strong>farinam.</strong></span> <span class='ocrx_word' id='word_1_121' title='bbox 498 1660 516 1691; x_wconf 79' lang='grc' dir='ltr'><strong>ι</strong></span> <span class='ocrx_word' id='word_1_122' title='bbox 544 1639 757 1695; x_wconf 77' lang='lat' dir='ltr'><strong>Culmus</strong></span> <span class='ocrx_word' id='word_1_123' title='bbox 778 1646 1021 1693; x_wconf 90' lang='lat' dir='ltr'><strong>statcum</strong></span> <span class='ocrx_word' id='word_1_124' title='bbox 1049 1639 1197 1692; x_wconf 81' lang='lat' dir='ltr'><strong>verbi</strong></span> <span class='ocrx_word' id='word_1_125' title='bbox 1227 1637 1398 1693; x_wconf 87' lang='lat' dir='ltr'><strong>fastus</strong></span> <span class='ocrx_word' id='word_1_126' title='bbox 1423 1640 1718 1701; x_wconf 77' lang='lat' dir='ltr'><strong>exuberat;</strong></span> 
     </span>
    </p>
   </div>
   <div class='ocr_carea' id='block_1_19' title="bbox 171 1732 1722 1801">
    <p class='ocr_par' dir='ltr' id='par_1_19' title="bbox 171 1732 1722 1801">
     <span class='ocr_line' id='line_1_19' title="bbox 171 1732 1722 1801; baseline -0.005 -9"><span class='ocrx_word' id='word_1_127' title='bbox 171 1733 672 1792; x_wconf 85' lang='lat' dir='ltr'><strong>consuetudinarium</strong></span> <span class='ocrx_word' id='word_1_128' title='bbox 704 1734 848 1787; x_wconf 90' lang='lat' dir='ltr'><strong>enim</strong></span> <span class='ocrx_word' id='word_1_129' title='bbox 871 1732 951 1787; x_wconf 90' lang='lat' dir='ltr'><strong>eis</strong></span> <span class='ocrx_word' id='word_1_130' title='bbox 979 1740 1081 1796; x_wconf 87' lang='lat' dir='ltr'><strong>est,</strong></span> <span class='ocrx_word' id='word_1_131' title='bbox 1114 1740 1172 1786; x_wconf 93' lang='lat' dir='ltr'><strong>ut</strong></span> <span class='ocrx_word' id='word_1_132' title='bbox 1207 1732 1492 1786; x_wconf 77' lang='lat' dir='ltr'><strong>verborum</strong></span> <span class='ocrx_word' id='word_1_133' title='bbox 1516 1747 1722 1801; x_wconf 76' lang='lat' dir='ltr'><strong>pompa:</strong></span> 
     </span>
    </p>
   </div>
   <div class='ocr_carea' id='block_1_20' title="bbox 170 1824 1725 1896">
    <p class='ocr_par' dir='ltr' id='par_1_20' title="bbox 170 1824 1725 1896">
     <span class='ocr_line' id='line_1_20' title="bbox 170 1824 1725 1896; baseline -0.004 -11"><span class='ocrx_word' id='word_1_134' title='bbox 170 1828 470 1892; x_wconf 84' lang='lat' dir='ltr'><strong>deserviant,</strong></span> <span class='ocrx_word' id='word_1_135' title='bbox 492 1836 547 1880; x_wconf 88' lang='lat' dir='ltr'><strong>et</strong></span> <span class='ocrx_word' id='word_1_136' title='bbox 568 1826 863 1882; x_wconf 82' lang='lat' dir='ltr'><strong>dialecticis</strong></span> <span class='ocrx_word' id='word_1_137' title='bbox 884 1824 1297 1896; x_wconf 82' lang='lat' dir='ltr'><strong>allegationibus</strong></span> <span class='ocrx_word' id='word_1_138' title='bbox 1327 1826 1577 1881; x_wconf 84' lang='lat' dir='ltr'><strong>universa</strong></span> <span class='ocrx_word' id='word_1_139' title='bbox 1602 1841 1725 1894; x_wconf 88' lang='lat' dir='ltr'><strong>per-</strong></span> 
     </span>
    </p>
   </div>
   <div class='ocr_carea' id='block_1_21' title="bbox 171 1915 1726 1987">
    <p class='ocr_par' dir='ltr' id='par_1_21' title="bbox 171 1915 1726 1987">
     <span class='ocr_line' id='line_1_21' title="bbox 171 1915 1726 1987; baseline -0.001 -14"><span class='ocrx_word' id='word_1_140' title='bbox 171 1925 396 1973; x_wconf 89' lang='lat' dir='ltr'><strong>tractent.</strong></span> <span class='ocrx_word' id='word_1_141' title='bbox 459 1916 516 1972; x_wconf 88' lang='lat' dir='ltr'><strong>In</strong></span> <span class='ocrx_word' id='word_1_142' title='bbox 566 1916 743 1972; x_wconf 88' lang='lat' dir='ltr'><strong>culmo</strong></span> <span class='ocrx_word' id='word_1_143' title='bbox 777 1931 907 1987; x_wconf 91' lang='lat' dir='ltr'><strong>ergo</strong></span> <span class='ocrx_word' id='word_1_144' title='bbox 935 1915 1199 1982; x_wconf 88' lang='lat' dir='ltr'><strong>vacuitas,</strong></span> <span class='ocrx_word' id='word_1_145' title='bbox 1246 1916 1298 1971; x_wconf 93' lang='lat' dir='ltr'><strong>in</strong></span> <span class='ocrx_word' id='word_1_146' title='bbox 1334 1924 1476 1971; x_wconf 88' lang='lat' dir='ltr'><strong>statu</strong></span> <span class='ocrx_word' id='word_1_147' title='bbox 1513 1915 1726 1971; x_wconf 84' lang='lat' dir='ltr'><strong>dicendi</strong></span> 
     </span>
    </p>
   </div>
   <div class='ocr_carea' id='block_1_22' title="bbox 170 2006 1723 2078">
    <p class='ocr_par' dir='ltr' id='par_1_22' title="bbox 170 2006 1723 2078">
     <span class='ocr_line' id='line_1_22' title="bbox 170 2006 1723 2078; baseline -0.001 -14"><span class='ocrx_word' id='word_1_148' title='bbox 170 2012 423 2065; x_wconf 87' lang='lat' dir='ltr'><strong>vivacitas.</strong></span> <span class='ocrx_word' id='word_1_149' title='bbox 454 2009 559 2064; x_wconf 87' lang='lat' dir='ltr'><strong>Sed</strong></span> <span class='ocrx_word' id='word_1_150' title='bbox 612 2009 665 2064; x_wconf 94' lang='lat' dir='ltr'><strong>in</strong></span> <span class='ocrx_word' id='word_1_151' title='bbox 696 2008 801 2073; x_wconf 86' lang='lat' dir='ltr'><strong>eis,</strong></span> <span class='ocrx_word' id='word_1_152' title='bbox 832 2023 951 2076; x_wconf 74' lang='lat' dir='ltr'><strong>qua:</strong></span> <span class='ocrx_word' id='word_1_153' title='bbox 981 2023 1079 2077; x_wconf 87' lang='lat' dir='ltr'><strong>per</strong></span> <span class='ocrx_word' id='word_1_154' title='bbox 1107 2008 1321 2063; x_wconf 86' lang='lat' dir='ltr'><strong>culmen</strong></span> <span class='ocrx_word' id='word_1_155' title='bbox 1357 2007 1566 2063; x_wconf 82' lang='lat' dir='ltr'><strong>scilicet</strong></span> <span class='ocrx_word' id='word_1_156' title='bbox 1588 2006 1723 2078; x_wconf 79' lang='lat' dir='ltr'><strong>figu-</strong></span> 
     </span>
    </p>
   </div>
   <div class='ocr_carea' id='block_1_23' title="bbox 170 2098 1728 2170">
    <p class='ocr_par' dir='ltr' id='par_1_23' title="bbox 170 2098 1728 2170">
     <span class='ocr_line' id='line_1_23' title="bbox 170 2098 1728 2170; baseline -0.003 -13"><span class='ocrx_word' id='word_1_157' title='bbox 170 2111 357 2164; x_wconf 86' lang='lat' dir='ltr'><strong>rantur,</strong></span> <span class='ocrx_word' id='word_1_158' title='bbox 389 2100 565 2156; x_wconf 89' lang='lat' dir='ltr'><strong>verbis</strong></span> <span class='ocrx_word' id='word_1_159' title='bbox 590 2116 797 2169; x_wconf 82' lang='lat' dir='ltr'><strong>germen</strong></span> <span class='ocrx_word' id='word_1_160' title='bbox 826 2114 932 2152; x_wconf 92' lang='lat' dir='ltr'><strong>non</strong></span> <span class='ocrx_word' id='word_1_161' title='bbox 970 2108 1076 2164; x_wconf 87' lang='lat' dir='ltr'><strong>est,</strong></span> <span class='ocrx_word' id='word_1_162' title='bbox 1102 2100 1227 2170; x_wconf 87' lang='lat' dir='ltr'><strong>quia</strong></span> <span class='ocrx_word' id='word_1_163' title='bbox 1253 2100 1304 2153; x_wconf 92' lang='lat' dir='ltr'><strong>in</strong></span> <span class='ocrx_word' id='word_1_164' title='bbox 1336 2099 1514 2170; x_wconf 90' lang='lat' dir='ltr'><strong>vapidi</strong></span> <span class='ocrx_word' id='word_1_165' title='bbox 1547 2098 1728 2154; x_wconf 87' lang='lat' dir='ltr'><strong>cordis</strong></span> 
     </span>
    </p>
   </div>
   <div class='ocr_carea' id='block_1_24' title="bbox 171 2187 1730 2245">
    <p class='ocr_par' dir='ltr' id='par_1_24' title="bbox 171 2187 1730 2245">
     <span class='ocr_line' id='line_1_24' title="bbox 171 2187 1730 2245; baseline -0.003 0"><span class='ocrx_word' id='word_1_166' title='bbox 171 2191 487 2245; x_wconf 84' lang='lat' dir='ltr'><strong>sermonibus</strong></span> <span class='ocrx_word' id='word_1_167' title='bbox 515 2189 660 2243; x_wconf 87' lang='lat' dir='ltr'><strong>nulla</strong></span> <span class='ocrx_word' id='word_1_168' title='bbox 688 2188 995 2244; x_wconf 82' lang='lat' dir='ltr'><strong>vivificandi</strong></span> <span class='ocrx_word' id='word_1_169' title='bbox 1034 2189 1170 2244; x_wconf 89' lang='lat' dir='ltr'><strong>alios</strong></span> <span class='ocrx_word' id='word_1_170' title='bbox 1190 2190 1426 2245; x_wconf 76' lang='lat' dir='ltr'><strong>efﬁcacia</strong></span> <span class='ocrx_word' id='word_1_171' title='bbox 1447 2198 1549 2244; x_wconf 91' lang='lat' dir='ltr'><strong>est.</strong></span> <span class='ocrx_word' id='word_1_172' title='bbox 1569 2187 1730 2242; x_wconf 83' lang='lat' dir='ltr'><strong>Fari-</strong></span> 
     </span>
    </p>
   </div>
   <div class='ocr_carea' id='block_1_25' title="bbox 171 2277 1726 2351">
    <p class='ocr_par' dir='ltr' id='par_1_25' title="bbox 171 2277 1726 2351">
     <span class='ocr_line' id='line_1_25' title="bbox 171 2277 1726 2351; baseline -0.002 -16"><span class='ocrx_word' id='word_1_173' title='bbox 171 2299 273 2345; x_wconf 69' lang='lat' dir='ltr'><strong>urm</strong></span> <span class='ocrx_word' id='word_1_174' title='bbox 306 2298 401 2334; x_wconf 84' lang='lat' dir='ltr'><strong>non</strong></span> <span class='ocrx_word' id='word_1_175' title='bbox 433 2280 583 2344; x_wconf 76' lang='lat' dir='ltr'><strong>facit,</strong></span> <span class='ocrx_word' id='word_1_176' title='bbox 611 2280 736 2351; x_wconf 82' lang='lat' dir='ltr'><strong>quia</strong></span> <span class='ocrx_word' id='word_1_177' title='bbox 756 2279 956 2334; x_wconf 86' lang='lat' dir='ltr'><strong>nullam</strong></span> <span class='ocrx_word' id='word_1_178' title='bbox 979 2280 1205 2335; x_wconf 79' lang='lat' dir='ltr'><strong>interna:</strong></span> <span class='ocrx_word' id='word_1_179' title='bbox 1230 2280 1573 2351; x_wconf 88' lang='lat' dir='ltr'><strong>pinguedinis</strong></span> <span class='ocrx_word' id='word_1_180' title='bbox 1604 2277 1726 2333; x_wconf 87' lang='lat' dir='ltr'><strong>dul-</strong></span> 
     </span>
    </p>
   </div>
   <div class='ocr_carea' id='block_1_26' title="bbox 171 2369 1727 2442">
    <p class='ocr_par' dir='ltr' id='par_1_26' title="bbox 171 2369 1727 2442">
     <span class='ocr_line' id='line_1_26' title="bbox 171 2369 1727 2442; baseline -0.004 -13"><span class='ocrx_word' id='word_1_181' title='bbox 171 2374 388 2429; x_wconf 86' lang='lat' dir='ltr'><strong>cedinem</strong></span> <span class='ocrx_word' id='word_1_182' title='bbox 427 2387 608 2425; x_wconf 88' lang='lat' dir='ltr'><strong>sermo</strong></span> <span class='ocrx_word' id='word_1_183' title='bbox 659 2372 850 2441; x_wconf 83' lang='lat' dir='ltr'><strong>gignit.</strong></span> <span class='ocrx_word' id='word_1_184' title='bbox 903 2372 1056 2438; x_wconf 82' lang='lat' dir='ltr'><strong>Quod</strong></span> <span class='ocrx_word' id='word_1_185' title='bbox 1113 2372 1257 2426; x_wconf 89' lang='lat' dir='ltr'><strong>enim</strong></span> <span class='ocrx_word' id='word_1_186' title='bbox 1308 2387 1405 2442; x_wconf 92' lang='lat' dir='ltr'><strong>pro</strong></span> <span class='ocrx_word' id='word_1_187' title='bbox 1444 2371 1560 2427; x_wconf 93' lang='lat' dir='ltr'><strong>solo</strong></span> <span class='ocrx_word' id='word_1_188' title='bbox 1580 2369 1727 2441; x_wconf 89' lang='lat' dir='ltr'><strong>vulgi</strong></span> 
     </span>
    </p>
   </div>
   <div class='ocr_carea' id='block_1_27' title="bbox 171 2460 1729 2533">
    <p class='ocr_par' dir='ltr' id='par_1_27' title="bbox 171 2460 1729 2533">
     <span class='ocr_line' id='line_1_27' title="bbox 171 2460 1729 2533; baseline -0.003 -12"><span class='ocrx_word' id='word_1_189' title='bbox 171 2466 335 2521; x_wconf 86' lang='lat' dir='ltr'><strong>favore</strong></span> <span class='ocrx_word' id='word_1_190' title='bbox 373 2461 533 2533; x_wconf 81' lang='lat'><strong>205</strong></span> <span class='ocrx_word' id='word_1_191' title='bbox 567 2462 683 2516; x_wconf 88' lang='lat' dir='ltr'><strong>lieri</strong></span> <span class='ocrx_word' id='word_1_192' title='bbox 734 2460 1078 2531; x_wconf 81' lang='lat' dir='ltr'><strong>intelligitur,</strong></span> <span class='ocrx_word' id='word_1_193' title='bbox 1115 2462 1200 2515; x_wconf 76' lang='lat' dir='ltr'><strong>vix</strong></span> <span class='ocrx_word' id='word_1_194' title='bbox 1233 2470 1324 2515; x_wconf 91' lang='lat' dir='ltr'><strong>aut</strong></span> <span class='ocrx_word' id='word_1_195' title='bbox 1355 2477 1630 2532; x_wconf 84' lang='lat' dir='ltr'><strong>nunquam</strong></span> <span class='ocrx_word' id='word_1_196' title='bbox 1662 2461 1729 2516; x_wconf 88' lang='lat' dir='ltr'><strong>ab</strong></span> 
     </span>
    </p>
   </div>
   <div class='ocr_carea' id='block_1_28' title="bbox 178 2551 1731 2622">
    <p class='ocr_par' dir='ltr' id='par_1_28' title="bbox 178 2551 1731 2622">
     <span class='ocr_line' id='line_1_28' title="bbox 178 2551 1731 2622; baseline -0.002 -14"><span class='ocrx_word' id='word_1_197' title='bbox 178 2555 339 2614; x_wconf 85' lang='lat' dir='ltr'><strong>animo</strong></span> <span class='ocrx_word' id='word_1_198' title='bbox 391 2551 728 2607; x_wconf 86' lang='lat' dir='ltr'><strong>audientium</strong></span> <span class='ocrx_word' id='word_1_199' title='bbox 784 2559 1064 2622; x_wconf 80' lang='lat' dir='ltr'><strong>gratanter</strong></span> <span class='ocrx_word' id='word_1_200' title='bbox 1107 2551 1396 2622; x_wconf 77' lang='lat' dir='ltr'><strong>excipitur.</strong></span> <span class='ocrx_word' id='word_1_201' title='bbox 1430 2551 1536 2605; x_wconf 84' lang='lat' dir='ltr'><strong>Aut</strong></span> <span class='ocrx_word' id='word_1_202' title='bbox 1583 2560 1731 2605; x_wconf 88' lang='lat' dir='ltr'><strong>certe</strong></span> 
     </span>
    </p>
   </div>
   <div class='ocr_carea' id='block_1_29' title="bbox 174 2639 1730 2712">
    <p class='ocr_par' dir='ltr' id='par_1_29' title="bbox 174 2639 1730 2712">
     <span class='ocr_line' id='line_1_29' title="bbox 174 2639 1730 2712; baseline -0.002 -15"><span class='ocrx_word' id='word_1_203' title='bbox 174 2644 381 2712; x_wconf 82' lang='lat' dir='ltr'><strong>farinam</strong></span> <span class='ocrx_word' id='word_1_204' title='bbox 414 2658 517 2696; x_wconf 83' lang='lat' dir='ltr'><strong>non</strong></span> <span class='ocrx_word' id='word_1_205' title='bbox 543 2640 701 2707; x_wconf 81' lang='lat' dir='ltr'><strong>facit,</strong></span> <span class='ocrx_word' id='word_1_206' title='bbox 755 2641 880 2694; x_wconf 90' lang='lat' dir='ltr'><strong>dum</strong></span> <span class='ocrx_word' id='word_1_207' title='bbox 909 2640 982 2695; x_wconf 91' lang='lat' dir='ltr'><strong>nil</strong></span> <span class='ocrx_word' id='word_1_208' title='bbox 1006 2639 1339 2695; x_wconf 89' lang='lat' dir='ltr'><strong>fructuosum</strong></span> <span class='ocrx_word' id='word_1_209' title='bbox 1365 2640 1466 2694; x_wconf 91' lang='lat' dir='ltr'><strong>nisi</strong></span> <span class='ocrx_word' id='word_1_210' title='bbox 1498 2640 1638 2709; x_wconf 89' lang='lat' dir='ltr'><strong>quod</strong></span> <span class='ocrx_word' id='word_1_211' title='bbox 1664 2641 1730 2695; x_wconf 91' lang='lat' dir='ltr'><strong>ad</strong></span> 
     </span>
    </p>
   </div>
   <div class='ocr_carea' id='block_1_30' title="bbox 173 2729 1733 2803">
    <p class='ocr_par' dir='ltr' id='par_1_30' title="bbox 173 2729 1733 2803">
     <span class='ocr_line' id='line_1_30' title="bbox 173 2729 1733 2803; baseline -0.003 -13"><span class='ocrx_word' id='word_1_212' title='bbox 173 2734 360 2791; x_wconf 88' lang='lat' dir='ltr'><strong>laudem</strong></span> <span class='ocrx_word' id='word_1_213' title='bbox 394 2747 549 2787; x_wconf 88' lang='lat' dir='ltr'><strong>suam</strong></span> <span class='ocrx_word' id='word_1_214' title='bbox 574 2731 908 2803; x_wconf 86' lang='lat' dir='ltr'><strong>reciprocari</strong></span> <span class='ocrx_word' id='word_1_215' title='bbox 939 2729 1119 2785; x_wconf 89' lang='lat' dir='ltr'><strong>valeat</strong></span> <span class='ocrx_word' id='word_1_216' title='bbox 1138 2730 1417 2801; x_wconf 79' lang='lat' dir='ltr'><strong>exprimit.</strong></span> <span class='ocrx_word' id='word_1_217' title='bbox 1452 2748 1469 2781; x_wconf 85' lang='grc' dir='ltr'><strong>ι</strong></span> <span class='ocrx_word' id='word_1_218' title='bbox 1498 2730 1651 2796; x_wconf 85' lang='lat' dir='ltr'><strong>Quod</strong></span> <span class='ocrx_word' id='word_1_219' title='bbox 1678 2738 1733 2784; x_wconf 86' lang='lat' dir='ltr'><strong>et</strong></span> 
     </span>
    </p>
   </div>
   <div class='ocr_carea' id='block_1_31' title="bbox 177 2821 1731 2893">
    <p class='ocr_par' dir='ltr' id='par_1_31' title="bbox 177 2821 1731 2893">
     <span class='ocr_line' id='line_1_31' title="bbox 177 2821 1731 2893; baseline -0.001 -14"><span class='ocrx_word' id='word_1_220' title='bbox 177 2843 194 2879; x_wconf 87' lang='grc' dir='ltr'><strong>ι</strong></span> <span class='ocrx_word' id='word_1_221' title='bbox 228 2826 267 2881; x_wconf 88' lang='lat' dir='ltr'><strong>si</strong></span> <span class='ocrx_word' id='word_1_222' title='bbox 291 2825 492 2890; x_wconf 82' lang='lat' dir='ltr'><strong>fecerit,</strong></span> <span class='ocrx_word' id='word_1_223' title='bbox 537 2842 561 2879; x_wconf 73' lang='grc' dir='ltr'><strong>ι</strong></span> <span class='ocrx_word' id='word_1_224' title='bbox 599 2822 654 2879; x_wconf 89' lang='lat' dir='ltr'><strong>id</strong></span> <span class='ocrx_word' id='word_1_225' title='bbox 684 2832 768 2879; x_wconf 88' lang='lat' dir='ltr'><strong>est</strong></span> <span class='ocrx_word' id='word_1_226' title='bbox 806 2822 850 2878; x_wconf 92' lang='lat' dir='ltr'><strong>si</strong></span> <span class='ocrx_word' id='word_1_227' title='bbox 881 2822 1009 2893; x_wconf 88' lang='lat' dir='ltr'><strong>quid</strong></span> <span class='ocrx_word' id='word_1_228' title='bbox 1061 2821 1191 2877; x_wconf 89' lang='lat' dir='ltr'><strong>utile</strong></span> <span class='ocrx_word' id='word_1_229' title='bbox 1241 2822 1459 2891; x_wconf 83' lang='lat' dir='ltr'><strong>dixerit,</strong></span> <span class='ocrx_word' id='word_1_230' title='bbox 1514 2840 1533 2873; x_wconf 79' lang='grc' dir='ltr'><strong>ι</strong></span> <span class='ocrx_word' id='word_1_231' title='bbox 1570 2822 1731 2878; x_wconf 87' lang='lat' dir='ltr'><strong>alieni</strong></span> 
     </span>
    </p>
   </div>
   <div class='ocr_carea' id='block_1_32' title="bbox 172 2913 1735 2987">
    <p class='ocr_par' dir='ltr' id='par_1_32' title="bbox 172 2913 1735 2987">
     <span class='ocr_line' id='line_1_32' title="bbox 172 2913 1735 2987; baseline -0.001 -17"><span class='ocrx_word' id='word_1_232' title='bbox 172 2916 432 2970; x_wconf 89' lang='lat' dir='ltr'><strong>comedent</strong></span> <span class='ocrx_word' id='word_1_233' title='bbox 459 2929 604 2979; x_wconf 91' lang='lat' dir='ltr'><strong>eam,</strong></span> <span class='ocrx_word' id='word_1_234' title='bbox 643 2913 965 2987; x_wconf 67' lang='lat' dir='ltr'><strong>sdiabolico</strong></span> <span class='ocrx_word' id='word_1_235' title='bbox 1010 2913 1219 2969; x_wconf 87' lang='lat' dir='ltr'><strong>scilicet</strong></span> <span class='ocrx_word' id='word_1_236' title='bbox 1251 2914 1452 2984; x_wconf 84' lang='lat' dir='ltr'><strong>pastui,</strong></span> <span class='ocrx_word' id='word_1_237' title='bbox 1484 2915 1573 2984; x_wconf 85' lang='lat' dir='ltr'><strong>qui</strong></span> <span class='ocrx_word' id='word_1_238' title='bbox 1600 2929 1735 2983; x_wconf 76' lang='lat' dir='ltr'><strong>pra:-</strong></span> 
     </span>
    </p>
   </div>
   <div class='ocr_carea' id='block_1_33' title="bbox 175 3005 1733 3077">
    <p class='ocr_par' dir='ltr' id='par_1_33' title="bbox 175 3005 1733 3077">
     <span class='ocr_line' id='line_1_33' title="bbox 175 3005 1733 3077; baseline 0.001 -17"><span class='ocrx_word' id='word_1_239' title='bbox 175 3007 309 3074; x_wconf 90' lang='lat' dir='ltr'><strong>eipue</strong></span> <span class='ocrx_word' id='word_1_240' title='bbox 358 3006 611 3077; x_wconf 88' lang='lat' dir='ltr'><strong>superbia</strong></span> <span class='ocrx_word' id='word_1_241' title='bbox 662 3014 850 3061; x_wconf 86' lang='lat' dir='ltr'><strong>nostra</strong></span> <span class='ocrx_word' id='word_1_242' title='bbox 900 3005 1157 3070; x_wconf 87' lang='lat' dir='ltr'><strong>nutritur,</strong></span> <span class='ocrx_word' id='word_1_243' title='bbox 1213 3006 1480 3061; x_wconf 86' lang='lat' dir='ltr'><strong>reservari</strong></span> <span class='ocrx_word' id='word_1_244' title='bbox 1518 3015 1733 3061; x_wconf 89' lang='lat' dir='ltr'><strong>constat</strong></span> 
     </span>
    </p>
   </div>
   <div class='ocr_carea' id='block_1_34' title="bbox 1822 534 3401 605">
    <p class='ocr_par' dir='ltr' id='par_1_34' title="bbox 1822 534 3401 605">
     <span class='ocr_line' id='line_1_34' title="bbox 1822 534 3401 605; baseline 0.001 -16"><span class='ocrx_word' id='word_1_245' title='bbox 1822 538 1952 590; x_wconf 76' lang='lat' dir='ltr'><strong>tatis</strong></span> <span class='ocrx_word' id='word_1_246' title='bbox 2001 534 2335 590; x_wconf 84' lang='lat' dir='ltr'><strong>ellicaciores</strong></span> <span class='ocrx_word' id='word_1_247' title='bbox 2400 535 2556 605; x_wconf 88' lang='lat' dir='ltr'><strong>fiunt.</strong></span> <span class='ocrx_word' id='word_1_248' title='bbox 2618 536 2724 591; x_wconf 87' lang='lat' dir='ltr'><strong>Sed</strong></span> <span class='ocrx_word' id='word_1_249' title='bbox 2775 547 2823 589; x_wconf 84' lang='lat' dir='ltr'><strong>et</strong></span> <span class='ocrx_word' id='word_1_250' title='bbox 2873 539 3106 592; x_wconf 82' lang='lat' dir='ltr'><strong>mercede</strong></span> <span class='ocrx_word' id='word_1_251' title='bbox 3161 538 3401 591; x_wconf 73' lang='lat' dir='ltr'><strong>nationes</strong></span> 
     </span>
    </p>
   </div>
   <div class='ocr_carea' id='block_1_35' title="bbox 1820 614 3400 699">
    <p class='ocr_par' dir='ltr' id='par_1_35' title="bbox 1820 614 3400 699">
     <span class='ocr_line' id='line_1_35' title="bbox 1820 614 3400 699; baseline 0 -15"><span class='ocrx_word' id='word_1_252' title='bbox 1820 630 2152 695; x_wconf 88' lang='lat' dir='ltr'><strong>conducunt,</strong></span> <span class='ocrx_word' id='word_1_253' title='bbox 2183 628 2312 682; x_wconf 90' lang='lat' dir='ltr'><strong>dum</strong></span> <span class='ocrx_word' id='word_1_254' title='bbox 2346 628 2594 697; x_wconf 81' lang='lat' dir='ltr'><strong>quaedam</strong></span> <span class='ocrx_word' id='word_1_255' title='bbox 2625 627 2833 687; x_wconf 89' lang='lat' dir='ltr'><strong>faciunt</strong></span> <span class='ocrx_word' id='word_1_256' title='bbox 2858 645 2978 699; x_wconf 68' lang='lat' dir='ltr'><strong>quae</strong></span> <span class='ocrx_word' id='word_1_257' title='bbox 3008 630 3267 684; x_wconf 86' lang='lat' dir='ltr'><strong>vitiorum</strong></span> <span class='ocrx_word' id='word_1_258' title='bbox 3296 614 3400 684; x_wconf 86' lang='lat' dir='ltr'><strong>sibi</strong></span> 
     </span>
    </p>
   </div>
   <div class='ocr_carea' id='block_1_36' title="bbox 1822 720 3404 791">
    <p class='ocr_par' dir='ltr' id='par_1_36' title="bbox 1822 720 3404 791">
     <span class='ocr_line' id='line_1_36' title="bbox 1822 720 3404 791; baseline -0.001 -16"><span class='ocrx_word' id='word_1_259' title='bbox 1822 722 2094 776; x_wconf 82' lang='lat' dir='ltr'><strong>incentiva</strong></span> <span class='ocrx_word' id='word_1_260' title='bbox 2139 730 2285 787; x_wconf 89' lang='lat' dir='ltr'><strong>sunt,</strong></span> <span class='ocrx_word' id='word_1_261' title='bbox 2324 720 2478 773; x_wconf 89' lang='lat' dir='ltr'><strong>verbi</strong></span> <span class='ocrx_word' id='word_1_262' title='bbox 2510 720 2710 790; x_wconf 79' lang='lat' dir='ltr'><strong>gratia,</strong></span> <span class='ocrx_word' id='word_1_263' title='bbox 2751 736 2875 774; x_wconf 89' lang='lat' dir='ltr'><strong>cum</strong></span> <span class='ocrx_word' id='word_1_264' title='bbox 2909 722 3018 776; x_wconf 89' lang='lat' dir='ltr'><strong>sint</strong></span> <span class='ocrx_word' id='word_1_265' title='bbox 3066 721 3157 791; x_wconf 91' lang='lat' dir='ltr'><strong>qui</strong></span> <span class='ocrx_word' id='word_1_266' title='bbox 3191 720 3315 774; x_wconf 84' lang='lat' dir='ltr'><strong>allia</strong></span> <span class='ocrx_word' id='word_1_267' title='bbox 3347 727 3404 774; x_wconf 85' lang='lat' dir='ltr'><strong>et</strong></span> 
     </span>
    </p>
   </div>
   <div class='ocr_carea' id='block_1_37' title="bbox 1822 811 3404 881">
    <p class='ocr_par' dir='ltr' id='par_1_37' title="bbox 1822 811 3404 881">
     <span class='ocr_line' id='line_1_37' title="bbox 1822 811 3404 881; baseline -0.003 -10"><span class='ocrx_word' id='word_1_268' title='bbox 1822 814 2171 872; x_wconf 80' lang='lat' dir='ltr'><strong>ferventioris</strong></span> <span class='ocrx_word' id='word_1_269' title='bbox 2203 821 2411 866; x_wconf 78' lang='lat' dir='ltr'><strong>natura:</strong></span> <span class='ocrx_word' id='word_1_270' title='bbox 2441 811 2714 881; x_wconf 89' lang='lat' dir='ltr'><strong>pigmenta</strong></span> <span class='ocrx_word' id='word_1_271' title='bbox 2740 815 3173 879; x_wconf 86' lang='lat' dir='ltr'><strong>commasticant,</strong></span> <span class='ocrx_word' id='word_1_272' title='bbox 3206 813 3404 881; x_wconf 76' lang='lat' dir='ltr'><strong>quibus</strong></span> 
     </span>
    </p>
   </div>
   <div class='ocr_carea' id='block_1_38' title="bbox 1821 901 3407 978">
    <p class='ocr_par' dir='ltr' id='par_1_38' title="bbox 1821 901 3407 978">
     <span class='ocr_line' id='line_1_38' title="bbox 1821 901 3407 978; baseline -0.004 -15"><span class='ocrx_word' id='word_1_273' title='bbox 1821 911 1887 963; x_wconf 84' lang='lat' dir='ltr'><strong>ad</strong></span> <span class='ocrx_word' id='word_1_274' title='bbox 1918 904 2271 978; x_wconf 86' lang='lat' dir='ltr'><strong>petulentiam</strong></span> <span class='ocrx_word' id='word_1_275' title='bbox 2320 901 2561 957; x_wconf 86' lang='lat' dir='ltr'><strong>acriores</strong></span> <span class='ocrx_word' id='word_1_276' title='bbox 2591 901 2745 956; x_wconf 85' lang='lat' dir='ltr'><strong>fiunt.</strong></span> <span class='ocrx_word' id='word_1_277' title='bbox 2796 903 2862 956; x_wconf 83' lang='lat' dir='ltr'><strong>Et</strong></span> <span class='ocrx_word' id='word_1_278' title='bbox 2910 903 2977 958; x_wconf 90' lang='lat' dir='ltr'><strong>de</strong></span> <span class='ocrx_word' id='word_1_279' title='bbox 3004 904 3218 958; x_wconf 56' lang='lat' dir='ltr'><strong>caeteris</strong></span> <span class='ocrx_word' id='word_1_280' title='bbox 3258 902 3407 957; x_wconf 79' lang='lat' dir='ltr'><strong>vitiis</strong></span> 
     </span>
    </p>
   </div>
   <div class='ocr_carea' id='block_1_39' title="bbox 1823 991 3407 1064">
    <p class='ocr_par' dir='ltr' id='par_1_39' title="bbox 1823 991 3407 1064">
     <span class='ocr_line' id='line_1_39' title="bbox 1823 991 3407 1064; baseline 0 -15"><span class='ocrx_word' id='word_1_281' title='bbox 1823 995 1962 1049; x_wconf 90' lang='lat' dir='ltr'><strong>idem</strong></span> <span class='ocrx_word' id='word_1_282' title='bbox 1994 994 2253 1064; x_wconf 85' lang='lat' dir='ltr'><strong>intellige.</strong></span> <span class='ocrx_word' id='word_1_283' title='bbox 2293 1011 2312 1045; x_wconf 81' lang='grc' dir='ltr'><strong>ι</strong></span> <span class='ocrx_word' id='word_1_284' title='bbox 2350 991 2505 1047; x_wconf 85' lang='lat' dir='ltr'><strong>Nunc</strong></span> <span class='ocrx_word' id='word_1_285' title='bbox 2532 992 2874 1063; x_wconf 87' lang='lat' dir='ltr'><strong>congregabo</strong></span> <span class='ocrx_word' id='word_1_286' title='bbox 2901 1009 3017 1056; x_wconf 84' lang='lat' dir='ltr'><strong>eos,</strong></span> <span class='ocrx_word' id='word_1_287' title='bbox 3047 1002 3101 1049; x_wconf 89' lang='lat' dir='ltr'><strong>et</strong></span> <span class='ocrx_word' id='word_1_288' title='bbox 3121 994 3407 1064; x_wconf 85' lang='lat' dir='ltr'><strong>quiescent</strong></span> 
     </span>
    </p>
   </div>
   <div class='ocr_carea' id='block_1_40' title="bbox 1826 1084 3407 1157">
    <p class='ocr_par' dir='ltr' id='par_1_40' title="bbox 1826 1084 3407 1157">
     <span class='ocr_line' id='line_1_40' title="bbox 1826 1084 3407 1157; baseline 0.001 -18"><span class='ocrx_word' id='word_1_289' title='bbox 1826 1107 1844 1139; x_wconf 83' lang='grc' dir='ltr'><strong>ι</strong></span> <span class='ocrx_word' id='word_1_290' title='bbox 1891 1087 2167 1157; x_wconf 85' lang='lat' dir='ltr'><strong>paulisper</strong></span> <span class='ocrx_word' id='word_1_291' title='bbox 2221 1088 2291 1145; x_wconf 82' lang='lat' dir='ltr'><strong>ab</strong></span> <span class='ocrx_word' id='word_1_292' title='bbox 2332 1098 2498 1140; x_wconf 89' lang='lat' dir='ltr'><strong>onere</strong></span> <span class='ocrx_word' id='word_1_293' title='bbox 2537 1084 2682 1153; x_wconf 82' lang='lat' dir='ltr'><strong>regis</strong></span> <span class='ocrx_word' id='word_1_294' title='bbox 2710 1092 2770 1143; x_wconf 87' lang='lat' dir='ltr'><strong>et</strong></span> <span class='ocrx_word' id='word_1_295' title='bbox 2811 1084 3139 1154; x_wconf 78' lang='lat' dir='ltr'><strong>principum.</strong></span> <span class='ocrx_word' id='word_1_296' title='bbox 3189 1105 3207 1138; x_wconf 82' lang='grc' dir='ltr'><strong>ι</strong></span> <span class='ocrx_word' id='word_1_297' title='bbox 3262 1086 3407 1141; x_wconf 84' lang='lat' dir='ltr'><strong>Con--</strong></span> 
     </span>
    </p>
   </div>
   <div class='ocr_carea' id='block_1_41' title="bbox 1822 1177 3406 1253">
    <p class='ocr_par' dir='ltr' id='par_1_41' title="bbox 1822 1177 3406 1253">
     <span class='ocr_line' id='line_1_41' title="bbox 1822 1177 3406 1253; baseline 0 -21"><span class='ocrx_word' id='word_1_298' title='bbox 1822 1191 2010 1253; x_wconf 85' lang='lat' dir='ltr'><strong>gregat</strong></span> <span class='ocrx_word' id='word_1_299' title='bbox 2059 1183 2203 1236; x_wconf 87' lang='lat' dir='ltr'><strong>Deus</strong></span> <span class='ocrx_word' id='word_1_300' title='bbox 2252 1196 2361 1246; x_wconf 87' lang='lat' dir='ltr'><strong>eos,</strong></span> <span class='ocrx_word' id='word_1_301' title='bbox 2396 1194 2517 1233; x_wconf 91' lang='lat' dir='ltr'><strong>cum</strong></span> <span class='ocrx_word' id='word_1_302' title='bbox 2568 1177 2712 1232; x_wconf 88' lang='lat' dir='ltr'><strong>inter</strong></span> <span class='ocrx_word' id='word_1_303' title='bbox 2743 1177 3030 1232; x_wconf 88' lang='lat' dir='ltr'><strong>innumera</strong></span> <span class='ocrx_word' id='word_1_304' title='bbox 3079 1178 3311 1232; x_wconf 87' lang='lat' dir='ltr'><strong>erimina</strong></span> <span class='ocrx_word' id='word_1_305' title='bbox 3339 1179 3406 1232; x_wconf 89' lang='lat' dir='ltr'><strong>ad</strong></span> 
     </span>
    </p>
   </div>
   <div class='ocr_carea' id='block_1_42' title="bbox 1823 1268 3405 1339">
    <p class='ocr_par' dir='ltr' id='par_1_42' title="bbox 1823 1268 3405 1339">
     <span class='ocr_line' id='line_1_42' title="bbox 1823 1268 3405 1339; baseline -0.002 -13"><span class='ocrx_word' id='word_1_306' title='bbox 1823 1273 2323 1327; x_wconf 78' lang='lat' dir='ltr'><strong>considerationem</strong></span> <span class='ocrx_word' id='word_1_307' title='bbox 2361 1272 2441 1323; x_wconf 90' lang='lat' dir='ltr'><strong>sui</strong></span> <span class='ocrx_word' id='word_1_308' title='bbox 2472 1271 2709 1339; x_wconf 87' lang='lat' dir='ltr'><strong>ipsorum</strong></span> <span class='ocrx_word' id='word_1_309' title='bbox 2741 1268 3006 1338; x_wconf 79' lang='lat' dir='ltr'><strong>recolligit</strong></span> <span class='ocrx_word' id='word_1_310' title='bbox 3035 1268 3405 1335; x_wconf 85' lang='lat' dir='ltr'><strong>vagabundos.</strong></span> 
     </span>
    </p>
   </div>
   <div class='ocr_carea' id='block_1_43' title="bbox 1823 1360 3410 1433">
    <p class='ocr_par' dir='ltr' id='par_1_43' title="bbox 1823 1360 3410 1433">
     <span class='ocr_line' id='line_1_43' title="bbox 1823 1360 3410 1433; baseline -0.004 -13"><span class='ocrx_word' id='word_1_311' title='bbox 1823 1365 1889 1420; x_wconf 80' lang='lat' dir='ltr'><strong>Et</strong></span> <span class='ocrx_word' id='word_1_312' title='bbox 1933 1367 2036 1422; x_wconf 90' lang='lat' dir='ltr'><strong>hoc</strong></span> <span class='ocrx_word' id='word_1_313' title='bbox 2070 1380 2212 1420; x_wconf 90' lang='lat' dir='ltr'><strong>nunc</strong></span> <span class='ocrx_word' id='word_1_314' title='bbox 2261 1366 2351 1430; x_wconf 88' lang='lat' dir='ltr'><strong>lit,</strong></span> <span class='ocrx_word' id='word_1_315' title='bbox 2384 1364 2510 1433; x_wconf 88' lang='lat' dir='ltr'><strong>quia</strong></span> <span class='ocrx_word' id='word_1_316' title='bbox 2552 1370 2662 1416; x_wconf 90' lang='lat' dir='ltr'><strong>tota</strong></span> <span class='ocrx_word' id='word_1_317' title='bbox 2710 1361 2798 1415; x_wconf 90' lang='lat' dir='ltr'><strong>illa</strong></span> <span class='ocrx_word' id='word_1_318' title='bbox 2844 1360 3163 1430; x_wconf 86' lang='lat' dir='ltr'><strong>recogitatio</strong></span> <span class='ocrx_word' id='word_1_319' title='bbox 3207 1374 3238 1412; x_wconf 92' lang='lat' dir='ltr'><strong>a</strong></span> <span class='ocrx_word' id='word_1_320' title='bbox 3279 1376 3410 1425; x_wconf 82' lang='lat' dir='ltr'><strong>cou-</strong></span> 
     </span>
    </p>
   </div>
   <div class='ocr_carea' id='block_1_44' title="bbox 1823 1453 3408 1530">
    <p class='ocr_par' dir='ltr' id='par_1_44' title="bbox 1823 1453 3408 1530">
     <span class='ocr_line' id='line_1_44' title="bbox 1823 1453 3408 1530; baseline -0.006 -17"><span class='ocrx_word' id='word_1_321' title='bbox 1823 1470 2013 1530; x_wconf 68' lang='lat' dir='ltr'><strong>spectu</strong></span> <span class='ocrx_word' id='word_1_322' title='bbox 2080 1458 2355 1524; x_wconf 87' lang='lat' dir='ltr'><strong>rationis,</strong></span> <span class='ocrx_word' id='word_1_323' title='bbox 2416 1455 2569 1527; x_wconf 89' lang='lat' dir='ltr'><strong>quasi</strong></span> <span class='ocrx_word' id='word_1_324' title='bbox 2624 1454 2879 1524; x_wconf 86' lang='lat' dir='ltr'><strong>quiddam</strong></span> <span class='ocrx_word' id='word_1_325' title='bbox 2935 1453 3408 1523; x_wconf 71' lang='lat' dir='ltr'><strong>perfunctorimn,</strong></span> 
     </span>
    </p>
   </div>
   <div class='ocr_carea' id='block_1_45' title="bbox 1833 1546 3409 1619">
    <p class='ocr_par' dir='ltr' id='par_1_45' title="bbox 1833 1546 3409 1619">
     <span class='ocr_line' id='line_1_45' title="bbox 1833 1546 3409 1619; baseline -0.007 -13"><span class='ocrx_word' id='word_1_326' title='bbox 1833 1552 2052 1609; x_wconf 78' lang='lat' dir='ltr'><strong>transit.</strong></span> <span class='ocrx_word' id='word_1_327' title='bbox 2102 1550 2253 1619; x_wconf 86' lang='lat' dir='ltr'><strong>Quod</strong></span> <span class='ocrx_word' id='word_1_328' title='bbox 2288 1565 2395 1604; x_wconf 87' lang='lat' dir='ltr'><strong>non</strong></span> <span class='ocrx_word' id='word_1_329' title='bbox 2448 1550 2565 1603; x_wconf 89' lang='lat' dir='ltr'><strong>sine</strong></span> <span class='ocrx_word' id='word_1_330' title='bbox 2602 1556 2755 1602; x_wconf 88' lang='lat' dir='ltr'><strong>certo</strong></span> <span class='ocrx_word' id='word_1_331' title='bbox 2795 1562 2983 1601; x_wconf 84' lang='lat' dir='ltr'><strong>eorum</strong></span> <span class='ocrx_word' id='word_1_332' title='bbox 3030 1546 3237 1615; x_wconf 73' lang='lat' dir='ltr'><strong>judicio</strong></span> <span class='ocrx_word' id='word_1_333' title='bbox 3285 1553 3409 1609; x_wconf 87' lang='lat' dir='ltr'><strong>est,</strong></span> 
     </span>
    </p>
   </div>
   <div class='ocr_carea' id='block_1_46' title="bbox 1831 1636 3413 1714">
    <p class='ocr_par' dir='ltr' id='par_1_46' title="bbox 1831 1636 3413 1714">
     <span class='ocr_line' id='line_1_46' title="bbox 1831 1636 3413 1714; baseline -0.006 -18"><span class='ocrx_word' id='word_1_334' title='bbox 1831 1644 1957 1713; x_wconf 89' lang='lat' dir='ltr'><strong>quia</strong></span> <span class='ocrx_word' id='word_1_335' title='bbox 2006 1643 2234 1714; x_wconf 90' lang='lat' dir='ltr'><strong>spiritus</strong></span> <span class='ocrx_word' id='word_1_336' title='bbox 2272 1658 2483 1708; x_wconf 90' lang='lat' dir='ltr'><strong>eorum,</strong></span> <span class='ocrx_word' id='word_1_337' title='bbox 2525 1656 2646 1693; x_wconf 91' lang='lat' dir='ltr'><strong>cum</strong></span> <span class='ocrx_word' id='word_1_338' title='bbox 2686 1638 2797 1694; x_wconf 89' lang='lat' dir='ltr'><strong>Deo</strong></span> <span class='ocrx_word' id='word_1_339' title='bbox 2848 1638 3089 1699; x_wconf 87' lang='lat' dir='ltr'><strong>sentiens</strong></span> <span class='ocrx_word' id='word_1_340' title='bbox 3114 1679 3129 1704; x_wconf 95' lang='lat'><strong>,</strong></span> <span class='ocrx_word' id='word_1_341' title='bbox 3174 1636 3413 1691; x_wconf 78' lang='lat' dir='ltr'><strong>creditus</strong></span> 
     </span>
    </p>
   </div>
   <div class='ocr_carea' id='block_1_47' title="bbox 1827 1728 3413 1806">
    <p class='ocr_par' dir='ltr' id='par_1_47' title="bbox 1827 1728 3413 1806">
     <span class='ocr_line' id='line_1_47' title="bbox 1827 1728 3413 1806; baseline -0.007 -15"><span class='ocrx_word' id='word_1_342' title='bbox 1827 1739 1894 1791; x_wconf 88' lang='lat' dir='ltr'><strong>ab</strong></span> <span class='ocrx_word' id='word_1_343' title='bbox 1920 1737 1999 1791; x_wconf 90' lang='lat' dir='ltr'><strong>eis</strong></span> <span class='ocrx_word' id='word_1_344' title='bbox 2025 1752 2129 1792; x_wconf 91' lang='lat' dir='ltr'><strong>non</strong></span> <span class='ocrx_word' id='word_1_345' title='bbox 2158 1744 2241 1791; x_wconf 90' lang='lat' dir='ltr'><strong>est</strong></span> <span class='ocrx_word' id='word_1_346' title='bbox 2274 1733 2450 1806; x_wconf 84' lang='lat' dir='ltr'><strong>(Psal.</strong></span> <span class='ocrx_word' id='word_1_347' title='bbox 2485 1748 2688 1799; x_wconf 75' lang='lat' dir='ltr'><strong>Lxxvu,</strong></span> <span class='ocrx_word' id='word_1_348' title='bbox 2717 1731 2793 1802; x_wconf 90' lang='lat'><strong>8).</strong></span> <span class='ocrx_word' id='word_1_349' title='bbox 2826 1730 3110 1798; x_wconf 86' lang='lat' dir='ltr'><strong>Paulisper</strong></span> <span class='ocrx_word' id='word_1_350' title='bbox 3149 1728 3214 1781; x_wconf 79' lang='lat' dir='ltr'><strong>ab</strong></span> <span class='ocrx_word' id='word_1_351' title='bbox 3257 1743 3413 1780; x_wconf 81' lang='lat' dir='ltr'><strong>onere</strong></span> 
     </span>
    </p>
   </div>
   <div class='ocr_carea' id='block_1_48' title="bbox 1830 1818 3411 1897">
    <p class='ocr_par' dir='ltr' id='par_1_48' title="bbox 1830 1818 3411 1897">
     <span class='ocr_line' id='line_1_48' title="bbox 1830 1818 3411 1897; baseline -0.008 -17"><span class='ocrx_word' id='word_1_352' title='bbox 1830 1828 1964 1897; x_wconf 81' lang='lat' dir='ltr'><strong>regis</strong></span> <span class='ocrx_word' id='word_1_353' title='bbox 1995 1836 2043 1881; x_wconf 88' lang='lat' dir='ltr'><strong>et</strong></span> <span class='ocrx_word' id='word_1_354' title='bbox 2089 1826 2387 1896; x_wconf 82' lang='lat' dir='ltr'><strong>principum</strong></span> <span class='ocrx_word' id='word_1_355' title='bbox 2411 1825 2720 1894; x_wconf 89' lang='lat' dir='ltr'><strong>quiescunt,</strong></span> <span class='ocrx_word' id='word_1_356' title='bbox 2746 1836 2870 1876; x_wconf 90' lang='lat' dir='ltr'><strong>cum</strong></span> <span class='ocrx_word' id='word_1_357' title='bbox 2896 1835 2925 1874; x_wconf 88' lang='lat' dir='ltr'><strong>a</strong></span> <span class='ocrx_word' id='word_1_358' title='bbox 2950 1818 3092 1873; x_wconf 83' lang='lat' dir='ltr'><strong>fastu</strong></span> <span class='ocrx_word' id='word_1_359' title='bbox 3121 1818 3411 1886; x_wconf 61' lang='lat' dir='ltr'><strong>superbiae,</strong></span> 
     </span>
    </p>
   </div>
   <div class='ocr_carea' id='block_1_49' title="bbox 1828 1909 3411 1991">
    <p class='ocr_par' dir='ltr' id='par_1_49' title="bbox 1828 1909 3411 1991">
     <span class='ocr_line' id='line_1_49' title="bbox 1828 1909 3411 1991; baseline -0.009 -17"><span class='ocrx_word' id='word_1_360' title='bbox 1828 1922 1919 1991; x_wconf 91' lang='lat' dir='ltr'><strong>qui</strong></span> <span class='ocrx_word' id='word_1_361' title='bbox 1956 1934 2117 1975; x_wconf 89' lang='lat' dir='ltr'><strong>omne</strong></span> <span class='ocrx_word' id='word_1_362' title='bbox 2154 1918 2461 1974; x_wconf 87' lang='lat' dir='ltr'><strong>sublimiter</strong></span> <span class='ocrx_word' id='word_1_363' title='bbox 2518 1916 2683 1982; x_wconf 87' lang='lat' dir='ltr'><strong>vidit,</strong></span> <span class='ocrx_word' id='word_1_364' title='bbox 2733 1914 2815 1970; x_wconf 90' lang='lat' dir='ltr'><strong>vel</strong></span> <span class='ocrx_word' id='word_1_365' title='bbox 2855 1929 2885 1968; x_wconf 93' lang='lat' dir='ltr'><strong>a</strong></span> <span class='ocrx_word' id='word_1_366' title='bbox 2930 1911 3137 1967; x_wconf 89' lang='lat' dir='ltr'><strong>carnali</strong></span> <span class='ocrx_word' id='word_1_367' title='bbox 3190 1909 3411 1975; x_wconf 71' lang='lat' dir='ltr'><strong>affectu,</strong></span> 
     </span>
    </p>
   </div>
   <div class='ocr_carea' id='block_1_50' title="bbox 1828 2003 3412 2073">
    <p class='ocr_par' dir='ltr' id='par_1_50' title="bbox 1828 2003 3412 2073">
     <span class='ocr_line' id='line_1_50' title="bbox 1828 2003 3412 2073; baseline -0.008 -4"><span class='ocrx_word' id='word_1_368' title='bbox 1828 2021 1881 2069; x_wconf 90' lang='lat' dir='ltr'><strong>ct</strong></span> <span class='ocrx_word' id='word_1_369' title='bbox 1920 2012 2256 2068; x_wconf 75' lang='lat' dir='ltr'><strong>exteriorum</strong></span> <span class='ocrx_word' id='word_1_370' title='bbox 2309 2025 2568 2065; x_wconf 88' lang='lat' dir='ltr'><strong>sensuum</strong></span> <span class='ocrx_word' id='word_1_371' title='bbox 2617 2023 2770 2063; x_wconf 86' lang='lat' dir='ltr'><strong>mens</strong></span> <span class='ocrx_word' id='word_1_372' title='bbox 2826 2006 2894 2060; x_wconf 90' lang='lat' dir='ltr'><strong>ad</strong></span> <span class='ocrx_word' id='word_1_373' title='bbox 2938 2014 3151 2073; x_wconf 88' lang='lat' dir='ltr'><strong>tempus</strong></span> <span class='ocrx_word' id='word_1_374' title='bbox 3201 2003 3412 2071; x_wconf 86' lang='lat' dir='ltr'><strong>disper-</strong></span> 
     </span>
    </p>
   </div>
   <div class='ocr_carea' id='block_1_51' title="bbox 1828 2094 3416 2174">
    <p class='ocr_par' dir='ltr' id='par_1_51' title="bbox 1828 2094 3416 2174">
     <span class='ocr_line' id='line_1_51' title="bbox 1828 2094 3416 2174; baseline -0.013 -13"><span class='ocrx_word' id='word_1_375' title='bbox 1828 2107 1984 2161; x_wconf 85' lang='lat' dir='ltr'><strong>sione</strong></span> <span class='ocrx_word' id='word_1_376' title='bbox 2015 2103 2099 2159; x_wconf 91' lang='lat' dir='ltr'><strong>vel</strong></span> <span class='ocrx_word' id='word_1_377' title='bbox 2137 2102 2512 2174; x_wconf 87' lang='lat' dir='ltr'><strong>oppressione,</strong></span> <span class='ocrx_word' id='word_1_378' title='bbox 2539 2100 2723 2155; x_wconf 87' lang='lat' dir='ltr'><strong>auimo</strong></span> <span class='ocrx_word' id='word_1_379' title='bbox 2760 2098 2827 2153; x_wconf 87' lang='lat' dir='ltr'><strong>ad</strong></span> <span class='ocrx_word' id='word_1_380' title='bbox 2865 2113 2924 2152; x_wconf 84' lang='lat' dir='ltr'><strong>se</strong></span> <span class='ocrx_word' id='word_1_381' title='bbox 2958 2098 3240 2162; x_wconf 84' lang='lat' dir='ltr'><strong>redeunte,</strong></span> <span class='ocrx_word' id='word_1_382' title='bbox 3269 2094 3416 2148; x_wconf 65' lang='lat' dir='ltr'><strong>laxa.</strong></span> 
     </span>
    </p>
   </div>
   <div class='ocr_carea' id='block_1_52' title="bbox 1832 2208 1940 2254">
    <p class='ocr_par' dir='ltr' id='par_1_52' title="bbox 1832 2208 1940 2254">
     <span class='ocr_line' id='line_1_52' title="bbox 1832 2208 1940 2254; baseline -0.028 0"><span class='ocrx_word' id='word_1_383' title='bbox 1832 2208 1940 2254; x_wconf 82' lang='lat' dir='ltr'><strong>tur.</strong></span> 
     </span>
    </p>
   </div>
   <div class='ocr_carea' id='block_1_53' title="bbox 1903 2279 3416 2354">
    <p class='ocr_par' dir='ltr' id='par_1_53' title="bbox 1903 2279 3416 2354">
     <span class='ocr_line' id='line_1_53' title="bbox 1903 2279 3416 2354; baseline -0.009 -9"><span class='ocrx_word' id='word_1_384' title='bbox 1903 2290 2065 2345; x_wconf 70' lang='lat' dir='ltr'><strong>Vsus.</strong></span> <span class='ocrx_word' id='word_1_385' title='bbox 2096 2288 2183 2343; x_wconf 77' lang='grc'><strong>11.</strong></span> <span class='ocrx_word' id='word_1_386' title='bbox 2216 2315 2279 2328; x_wconf 90' lang='grc'><strong><em>--</em></strong></span> <span class='ocrx_word' id='word_1_387' title='bbox 2318 2305 2336 2339; x_wconf 82' lang='grc' dir='ltr'><strong>ι</strong></span> <span class='ocrx_word' id='word_1_388' title='bbox 2370 2286 2503 2353; x_wconf 85' lang='lat' dir='ltr'><strong>Quia</strong></span> <span class='ocrx_word' id='word_1_389' title='bbox 2534 2283 2912 2353; x_wconf 88' lang='lat' dir='ltr'><strong>multiplicavit</strong></span> <span class='ocrx_word' id='word_1_390' title='bbox 2943 2282 3197 2354; x_wconf 78' lang='lat' dir='ltr'><strong>Ephraim</strong></span> <span class='ocrx_word' id='word_1_391' title='bbox 3223 2279 3416 2334; x_wconf 85' lang='lat' dir='ltr'><strong>altaria</strong></span> 
     </span>
    </p>
   </div>
   <div class='ocr_carea' id='block_1_54' title="bbox 1836 2377 3413 2454">
    <p class='ocr_par' dir='ltr' id='par_1_54' title="bbox 1836 2377 3413 2454">
     <span class='ocr_line' id='line_1_54' title="bbox 1836 2377 3413 2454; baseline -0.007 -16"><span class='ocrx_word' id='word_1_392' title='bbox 1836 2403 1856 2437; x_wconf 83' lang='grc' dir='ltr'><strong>ι</strong></span> <span class='ocrx_word' id='word_1_393' title='bbox 1902 2384 1969 2438; x_wconf 90' lang='lat' dir='ltr'><strong>ad</strong></span> <span class='ocrx_word' id='word_1_394' title='bbox 1997 2382 2357 2454; x_wconf 89' lang='lat' dir='ltr'><strong>peccandum,</strong></span> <span class='ocrx_word' id='word_1_395' title='bbox 2391 2380 2549 2436; x_wconf 79' lang='lat' dir='ltr'><strong>facta:</strong></span> <span class='ocrx_word' id='word_1_396' title='bbox 2588 2388 2715 2434; x_wconf 92' lang='lat' dir='ltr'><strong>sunt</strong></span> <span class='ocrx_word' id='word_1_397' title='bbox 2754 2380 2803 2433; x_wconf 92' lang='lat' dir='ltr'><strong>ei</strong></span> <span class='ocrx_word' id='word_1_398' title='bbox 2835 2393 2945 2433; x_wconf 69' lang='lat' dir='ltr'><strong>arze</strong></span> <span class='ocrx_word' id='word_1_399' title='bbox 2983 2380 3035 2432; x_wconf 91' lang='lat' dir='ltr'><strong>in</strong></span> <span class='ocrx_word' id='word_1_400' title='bbox 3063 2377 3342 2431; x_wconf 88' lang='lat' dir='ltr'><strong>delictum.</strong></span> <span class='ocrx_word' id='word_1_401' title='bbox 3392 2393 3413 2427; x_wconf 72' lang='grc' dir='ltr'><strong>ι</strong></span> 
     </span>
    </p>
   </div>
   <div class='ocr_carea' id='block_1_55' title="bbox 1830 2467 3422 2544">
    <p class='ocr_par' dir='ltr' id='par_1_55' title="bbox 1830 2467 3422 2544">
     <span class='ocr_line' id='line_1_55' title="bbox 1830 2467 3422 2544; baseline -0.006 -16"><span class='ocrx_word' id='word_1_402' title='bbox 1830 2473 2087 2544; x_wconf 85' lang='lat' dir='ltr'><strong>Ephraim</strong></span> <span class='ocrx_word' id='word_1_403' title='bbox 2112 2471 2308 2525; x_wconf 83' lang='lat' dir='ltr'><strong>altaria</strong></span> <span class='ocrx_word' id='word_1_404' title='bbox 2333 2470 2401 2523; x_wconf 85' lang='lat' dir='ltr'><strong>ad</strong></span> <span class='ocrx_word' id='word_1_405' title='bbox 2432 2468 2754 2539; x_wconf 86' lang='lat' dir='ltr'><strong>peccandum</strong></span> <span class='ocrx_word' id='word_1_406' title='bbox 2783 2467 3124 2537; x_wconf 87' lang='lat' dir='ltr'><strong>multiplicat,</strong></span> <span class='ocrx_word' id='word_1_407' title='bbox 3165 2480 3287 2519; x_wconf 89' lang='lat' dir='ltr'><strong>cum</strong></span> <span class='ocrx_word' id='word_1_408' title='bbox 3325 2479 3422 2534; x_wconf 78' lang='lat' dir='ltr'><strong>per</strong></span> 
     </span>
    </p>
   </div>
   <div class='ocr_carea' id='block_1_56' title="bbox 1831 2558 3420 2628">
    <p class='ocr_par' dir='ltr' id='par_1_56' title="bbox 1831 2558 3420 2628">
     <span class='ocr_line' id='line_1_56' title="bbox 1831 2558 3420 2628; baseline -0.008 -6"><span class='ocrx_word' id='word_1_409' title='bbox 1831 2566 2032 2622; x_wconf 88' lang='lat' dir='ltr'><strong>mentis</strong></span> <span class='ocrx_word' id='word_1_410' title='bbox 2073 2563 2479 2619; x_wconf 88' lang='lat' dir='ltr'><strong>vicissitudines</strong></span> <span class='ocrx_word' id='word_1_411' title='bbox 2509 2564 2792 2616; x_wconf 91' lang='lat' dir='ltr'><strong>inumuera</strong></span> <span class='ocrx_word' id='word_1_412' title='bbox 2829 2559 3095 2615; x_wconf 88' lang='lat' dir='ltr'><strong>malorum</strong></span> <span class='ocrx_word' id='word_1_413' title='bbox 3144 2558 3420 2628; x_wconf 81' lang='lat' dir='ltr'><strong>preposita</strong></span> 
     </span>
    </p>
   </div>
   <div class='ocr_carea' id='block_1_57' title="bbox 1833 2649 3457 2724">
    <p class='ocr_par' dir='ltr' id='par_1_57' title="bbox 1833 2649 3457 2724">
     <span class='ocr_line' id='line_1_57' title="bbox 1833 2649 3457 2724; baseline -0.01 -8"><span class='ocrx_word' id='word_1_414' title='bbox 1833 2660 2071 2716; x_wconf 85' lang='lat' dir='ltr'><strong>seriatim</strong></span> <span class='ocrx_word' id='word_1_415' title='bbox 2087 2656 2403 2713; x_wconf 84' lang='lat' dir='ltr'><strong>alternando</strong></span> <span class='ocrx_word' id='word_1_416' title='bbox 2417 2655 2744 2724; x_wconf 85' lang='lat' dir='ltr'><strong>frequentat.</strong></span> <span class='ocrx_word' id='word_1_417' title='bbox 2765 2651 3073 2713; x_wconf 88' lang='lat' dir='ltr'><strong>Secundum</strong></span> <span class='ocrx_word' id='word_1_418' title='bbox 3093 2649 3238 2704; x_wconf 90' lang='lat' dir='ltr'><strong>enim</strong></span> <span class='ocrx_word' id='word_1_419' title='bbox 3254 2662 3426 2703; x_wconf 89' lang='lat' dir='ltr'><strong>emer-</strong></span> <span class='ocrx_word' id='word_1_420' title='bbox 3452 2656 3457 2659; x_wconf 72' lang='lat'><strong><em>‘</em></strong></span> 
     </span>
    </p>
   </div>
   <div class='ocr_carea' id='block_1_58' title="bbox 1833 2742 3423 2822">
    <p class='ocr_par' dir='ltr' id='par_1_58' title="bbox 1833 2742 3423 2822">
     <span class='ocr_line' id='line_1_58' title="bbox 1833 2742 3423 2822; baseline -0.009 -16"><span class='ocrx_word' id='word_1_421' title='bbox 1833 2761 2022 2822; x_wconf 83' lang='lat' dir='ltr'><strong>gentes</strong></span> <span class='ocrx_word' id='word_1_422' title='bbox 2061 2751 2222 2804; x_wconf 82' lang='lat' dir='ltr'><strong>variae</strong></span> <span class='ocrx_word' id='word_1_423' title='bbox 2257 2747 2659 2817; x_wconf 89' lang='lat' dir='ltr'><strong>conspersionis</strong></span> <span class='ocrx_word' id='word_1_424' title='bbox 2696 2744 2939 2809; x_wconf 88' lang='lat' dir='ltr'><strong>habitus,</strong></span> <span class='ocrx_word' id='word_1_425' title='bbox 2974 2742 3236 2807; x_wconf 86' lang='lat' dir='ltr'><strong>nuncira,</strong></span> <span class='ocrx_word' id='word_1_426' title='bbox 3277 2753 3423 2795; x_wconf 87' lang='lat' dir='ltr'><strong>nunc</strong></span> 
     </span>
    </p>
   </div>
   <div class='ocr_carea' id='block_1_59' title="bbox 1835 2836 3424 2910">
    <p class='ocr_par' dir='ltr' id='par_1_59' title="bbox 1835 2836 3424 2910">
     <span class='ocr_line' id='line_1_59' title="bbox 1835 2836 3424 2910; baseline -0.008 -13"><span class='ocrx_word' id='word_1_427' title='bbox 1835 2844 2020 2909; x_wconf 84' lang='lat' dir='ltr'><strong>libido,</strong></span> <span class='ocrx_word' id='word_1_428' title='bbox 2037 2858 2178 2897; x_wconf 88' lang='lat' dir='ltr'><strong>nunc</strong></span> <span class='ocrx_word' id='word_1_429' title='bbox 2197 2839 2469 2910; x_wconf 85' lang='lat' dir='ltr'><strong>superbia,</strong></span> <span class='ocrx_word' id='word_1_430' title='bbox 2487 2853 2629 2893; x_wconf 88' lang='lat' dir='ltr'><strong>nunc</strong></span> <span class='ocrx_word' id='word_1_431' title='bbox 2649 2836 2898 2902; x_wconf 84' lang='lat' dir='ltr'><strong>ambitio,</strong></span> <span class='ocrx_word' id='word_1_432' title='bbox 2912 2844 3175 2889; x_wconf 82' lang='lat' dir='ltr'><strong>etcaetera</strong></span> <span class='ocrx_word' id='word_1_433' title='bbox 3193 2846 3424 2901; x_wconf 64' lang='lat' dir='ltr'><strong>qumque</strong></span> 
     </span>
    </p>
   </div>
   <div class='ocr_carea' id='block_1_60' title="bbox 1835 2921 3427 2998">
    <p class='ocr_par' dir='ltr' id='par_1_60' title="bbox 1835 2921 3427 2998">
     <span class='ocr_line' id='line_1_60' title="bbox 1835 2921 3427 2998; baseline -0.011 -7"><span class='ocrx_word' id='word_1_434' title='bbox 1835 2935 2164 2991; x_wconf 89' lang='lat' dir='ltr'><strong>intrinsecus</strong></span> <span class='ocrx_word' id='word_1_435' title='bbox 2203 2946 2262 2986; x_wconf 91' lang='lat' dir='ltr'><strong>se</strong></span> <span class='ocrx_word' id='word_1_436' title='bbox 2284 2938 2638 2985; x_wconf 90' lang='lat' dir='ltr'><strong>commutant.</strong></span> <span class='ocrx_word' id='word_1_437' title='bbox 2669 2927 2919 2998; x_wconf 84' lang='lat' dir='ltr'><strong>Totergo</strong></span> <span class='ocrx_word' id='word_1_438' title='bbox 2948 2925 3077 2980; x_wconf 89' lang='lat' dir='ltr'><strong>colit</strong></span> <span class='ocrx_word' id='word_1_439' title='bbox 3106 2923 3325 2989; x_wconf 91' lang='lat' dir='ltr'><strong>altaria,</strong></span> <span class='ocrx_word' id='word_1_440' title='bbox 3355 2921 3427 2975; x_wconf 86' lang='lat' dir='ltr'><strong>ad</strong></span> 
     </span>
    </p>
   </div>
   <div class='ocr_carea' id='block_1_61' title="bbox 1835 3014 3426 3097">
    <p class='ocr_par' dir='ltr' id='par_1_61' title="bbox 1835 3014 3426 3097">
     <span class='ocr_line' id='line_1_61' title="bbox 1835 3014 3426 3097; baseline -0.008 -16"><span class='ocrx_word' id='word_1_441' title='bbox 1835 3035 1968 3097; x_wconf 89' lang='lat' dir='ltr'><strong>quot</strong></span> <span class='ocrx_word' id='word_1_442' title='bbox 2016 3022 2273 3094; x_wconf 87' lang='lat' dir='ltr'><strong>peccandi</strong></span> <span class='ocrx_word' id='word_1_443' title='bbox 2327 3036 2386 3075; x_wconf 87' lang='lat' dir='ltr'><strong>se</strong></span> <span class='ocrx_word' id='word_1_444' title='bbox 2438 3020 2637 3091; x_wconf 86' lang='lat' dir='ltr'><strong>ingerit</strong></span> <span class='ocrx_word' id='word_1_445' title='bbox 2674 3030 2816 3074; x_wconf 88' lang='lat' dir='ltr'><strong>vota.</strong></span> <span class='ocrx_word' id='word_1_446' title='bbox 2857 3017 3086 3087; x_wconf 85' lang='lat' dir='ltr'><strong>Propter</strong></span> <span class='ocrx_word' id='word_1_447' title='bbox 3143 3016 3247 3070; x_wconf 91' lang='lat' dir='ltr'><strong>hoc</strong></span> <span class='ocrx_word' id='word_1_448' title='bbox 3286 3014 3426 3069; x_wconf 83' lang='lat' dir='ltr'><strong>ﬁunt</strong></span> 
     </span>
    </p>
   </div>
   <div class='ocr_carea' id='block_1_62' title="bbox 174 3096 1735 3193">
    <p class='ocr_par' dir='ltr' id='par_1_62' title="bbox 174 3096 1732 3169">
     <span class='ocr_line' id='line_1_62' title="bbox 174 3096 1732 3169; baseline 0.002 -19"><span class='ocrx_word' id='word_1_449' title='bbox 174 3097 530 3166; x_wconf 86' lang='lat' dir='ltr'><strong>eloquentiam.</strong></span> <span class='ocrx_word' id='word_1_450' title='bbox 581 3097 741 3155; x_wconf 89' lang='lat' dir='ltr'><strong>Unde</strong></span> <span class='ocrx_word' id='word_1_451' title='bbox 778 3096 1075 3151; x_wconf 88' lang='lat' dir='ltr'><strong>Salomon:</strong></span> <span class='ocrx_word' id='word_1_452' title='bbox 1124 3116 1141 3147; x_wconf 84' lang='grc' dir='ltr'><strong>ι</strong></span> <span class='ocrx_word' id='word_1_453' title='bbox 1189 3096 1303 3151; x_wconf 79' lang='lat' dir='ltr'><strong>Non</strong></span> <span class='ocrx_word' id='word_1_454' title='bbox 1339 3098 1479 3165; x_wconf 87' lang='lat' dir='ltr'><strong>sint,</strong></span> <span class='ocrx_word' id='word_1_455' title='bbox 1528 3098 1732 3169; x_wconf 87' lang='lat' dir='ltr'><strong>inquit,</strong></span> 
     </span>
    </p>
   </div>
   <div class='ocr_carea' id='block_1_63' title="bbox 1841 3096 3420 3193">
    <p class='ocr_par' dir='ltr' id='par_1_63' title="bbox 1841 3104 3420 3181">
     <span class='ocr_line' id='line_1_63' title="bbox 1841 3104 3420 3181; baseline -0.01 -7"><span class='ocrx_word' id='word_1_456' title='bbox 1841 3119 1888 3174; x_wconf 80' lang='lat' dir='ltr'><strong>ei</strong></span> <span class='ocrx_word' id='word_1_457' title='bbox 1919 3132 2027 3170; x_wconf 72' lang='lat' dir='ltr'><strong>arte</strong></span> <span class='ocrx_word' id='word_1_458' title='bbox 2056 3117 2110 3169; x_wconf 83' lang='lat' dir='ltr'><strong>in</strong></span> <span class='ocrx_word' id='word_1_459' title='bbox 2146 3114 2418 3181; x_wconf 82' lang='lat' dir='ltr'><strong>delictum,</strong></span> <span class='ocrx_word' id='word_1_460' title='bbox 2462 3121 2520 3166; x_wconf 89' lang='lat' dir='ltr'><strong>ut</strong></span> <span class='ocrx_word' id='word_1_461' title='bbox 2544 3112 2718 3181; x_wconf 90' lang='lat' dir='ltr'><strong>ipsum</strong></span> <span class='ocrx_word' id='word_1_462' title='bbox 2746 3110 2910 3164; x_wconf 87' lang='lat' dir='ltr'><strong>etiam</strong></span> <span class='ocrx_word' id='word_1_463' title='bbox 2938 3116 3248 3177; x_wconf 88' lang='lat' dir='ltr'><strong>respuatur,</strong></span> <span class='ocrx_word' id='word_1_464' title='bbox 3276 3104 3420 3173; x_wconf 86' lang='lat' dir='ltr'><strong>quod</strong></span> 
     </span>
    </p>
   </div>
   <div class='ocr_carea' id='block_1_64' title="bbox 174 3189 1235 3262">
    <p class='ocr_par' dir='ltr' id='par_1_64' title="bbox 174 3189 1235 3262">
     <span class='ocr_line' id='line_1_64' title="bbox 174 3189 1235 3262; baseline -0.003 -18"><span class='ocrx_word' id='word_1_465' title='bbox 174 3190 311 3253; x_wconf 71' lang='lat' dir='ltr'><strong>alieni</strong></span> <span class='ocrx_word' id='word_1_466' title='bbox 341 3192 635 3262; x_wconf 84' lang='lat' dir='ltr'><strong>participes</strong></span> <span class='ocrx_word' id='word_1_467' title='bbox 665 3191 739 3245; x_wconf 93' lang='lat' dir='ltr'><strong>tui</strong></span> <span class='ocrx_word' id='word_1_468' title='bbox 767 3189 951 3262; x_wconf 75' lang='lat' dir='ltr'><strong>(Prov.</strong></span> <span class='ocrx_word' id='word_1_469' title='bbox 988 3205 1041 3253; x_wconf 94' lang='lat' dir='ltr'><strong>v,</strong></span> <span class='ocrx_word' id='word_1_470' title='bbox 1070 3190 1172 3259; x_wconf 86' lang='lat' dir='ltr'><strong>l7).</strong></span> <span class='ocrx_word' id='word_1_471' title='bbox 1216 3209 1235 3242; x_wconf 77' lang='grc' dir='ltr'><strong>ι</strong></span> 
     </span>
    </p>
   </div>
   <div class='ocr_carea' id='block_1_65' title="bbox 234 3281 1744 3348">
    <p class='ocr_par' dir='ltr' id='par_1_65' title="bbox 234 3281 1744 3348">
     <span class='ocr_line' id='line_1_65' title="bbox 234 3281 1744 3348; baseline 0.001 -12"><span class='ocrx_word' id='word_1_472' title='bbox 234 3283 382 3339; x_wconf 78' lang='lat' dir='ltr'><strong>Vsus.</strong></span> <span class='ocrx_word' id='word_1_473' title='bbox 406 3285 460 3348; x_wconf 91' lang='lat'><strong>8,</strong></span> <span class='ocrx_word' id='word_1_474' title='bbox 485 3284 537 3339; x_wconf 89' lang='lat'><strong>9.</strong></span> <span class='ocrx_word' id='word_1_475' title='bbox 564 3313 641 3323; x_wconf 86' lang='lat'><strong>-—-</strong></span> <span class='ocrx_word' id='word_1_476' title='bbox 672 3301 691 3334; x_wconf 81' lang='grc' dir='ltr'><strong>ι</strong></span> <span class='ocrx_word' id='word_1_477' title='bbox 724 3282 1022 3337; x_wconf 87' lang='lat' dir='ltr'><strong>Devoratus</strong></span> <span class='ocrx_word' id='word_1_478' title='bbox 1045 3291 1129 3335; x_wconf 89' lang='lat' dir='ltr'><strong>est</strong></span> <span class='ocrx_word' id='word_1_479' title='bbox 1153 3281 1346 3347; x_wconf 90' lang='lat' dir='ltr'><strong>Israel;</strong></span> <span class='ocrx_word' id='word_1_480' title='bbox 1382 3296 1527 3336; x_wconf 91' lang='lat' dir='ltr'><strong>nunc</strong></span> <span class='ocrx_word' id='word_1_481' title='bbox 1568 3281 1744 3337; x_wconf 86' lang='lat' dir='ltr'><strong>factus</strong></span> 
     </span>
    </p>
   </div>
   <div class='ocr_carea' id='block_1_66' title="bbox 183 3374 1739 3445">
    <p class='ocr_par' dir='ltr' id='par_1_66' title="bbox 183 3374 1739 3445">
     <span class='ocr_line' id='line_1_66' title="bbox 183 3374 1739 3445; baseline 0.003 -18"><span class='ocrx_word' id='word_1_482' title='bbox 183 3394 199 3427; x_wconf 88' lang='grc' dir='ltr'><strong>ι</strong></span> <span class='ocrx_word' id='word_1_483' title='bbox 236 3386 310 3432; x_wconf 91' lang='lat' dir='ltr'><strong>est</strong></span> <span class='ocrx_word' id='word_1_484' title='bbox 340 3378 390 3431; x_wconf 92' lang='lat' dir='ltr'><strong>in</strong></span> <span class='ocrx_word' id='word_1_485' title='bbox 420 3376 741 3431; x_wconf 86' lang='lat' dir='ltr'><strong>nationibus</strong></span> <span class='ocrx_word' id='word_1_486' title='bbox 769 3374 922 3443; x_wconf 88' lang='lat' dir='ltr'><strong>quasi</strong></span> <span class='ocrx_word' id='word_1_487' title='bbox 955 3389 1050 3428; x_wconf 85' lang='lat' dir='ltr'><strong>vas</strong></span> <span class='ocrx_word' id='word_1_488' title='bbox 1081 3374 1439 3429; x_wconf 90' lang='lat' dir='ltr'><strong>immundum.</strong></span> <span class='ocrx_word' id='word_1_489' title='bbox 1476 3374 1611 3442; x_wconf 88' lang='lat' dir='ltr'><strong>Quia</strong></span> <span class='ocrx_word' id='word_1_490' title='bbox 1640 3376 1739 3445; x_wconf 88' lang='lat' dir='ltr'><strong>ipsi</strong></span> 
     </span>
    </p>
   </div>
   <div class='ocr_carea' id='block_1_67' title="bbox 180 3463 1741 3537">
    <p class='ocr_par' dir='ltr' id='par_1_67' title="bbox 180 3463 1741 3537">
     <span class='ocr_line' id='line_1_67' title="bbox 180 3463 1741 3537; baseline 0.001 -14"><span class='ocrx_word' id='word_1_491' title='bbox 180 3485 199 3523; x_wconf 80' lang='grc' dir='ltr'><strong>ι</strong></span> <span class='ocrx_word' id='word_1_492' title='bbox 234 3469 584 3523; x_wconf 89' lang='lat' dir='ltr'><strong>ascenderunt</strong></span> <span class='ocrx_word' id='word_1_493' title='bbox 652 3465 719 3520; x_wconf 90' lang='lat' dir='ltr'><strong>ad</strong></span> <span class='ocrx_word' id='word_1_494' title='bbox 765 3463 979 3531; x_wconf 84' lang='lat' dir='ltr'><strong>Assur,</strong></span> <span class='ocrx_word' id='word_1_495' title='bbox 1035 3482 1241 3537; x_wconf 83' lang='lat' dir='ltr'><strong>onager</strong></span> <span class='ocrx_word' id='word_1_496' title='bbox 1302 3466 1582 3522; x_wconf 89' lang='lat' dir='ltr'><strong>solitarius</strong></span> <span class='ocrx_word' id='word_1_497' title='bbox 1639 3469 1741 3524; x_wconf 89' lang='lat' dir='ltr'><strong>sibi</strong></span> 
     </span>
    </p>
   </div>
   <div class='ocr_carea' id='block_1_68' title="bbox 179 3557 1743 3632">
    <p class='ocr_par' dir='ltr' id='par_1_68' title="bbox 179 3557 1743 3632">
     <span class='ocr_line' id='line_1_68' title="bbox 179 3557 1743 3632; baseline 0.001 -17"><span class='ocrx_word' id='word_1_498' title='bbox 179 3577 199 3615; x_wconf 78' lang='grc' dir='ltr'><strong>ι</strong></span> <span class='ocrx_word' id='word_1_499' title='bbox 238 3560 500 3632; x_wconf 83' lang='lat' dir='ltr'><strong>Ephraim.</strong></span> <span class='ocrx_word' id='word_1_500' title='bbox 535 3580 553 3613; x_wconf 79' lang='grc' dir='ltr'><strong>ι</strong></span> <span class='ocrx_word' id='word_1_501' title='bbox 596 3557 775 3613; x_wconf 79' lang='lat' dir='ltr'><strong>Israel</strong></span> <span class='ocrx_word' id='word_1_502' title='bbox 802 3559 1116 3625; x_wconf 89' lang='lat' dir='ltr'><strong>devoratur,</strong></span> <span class='ocrx_word' id='word_1_503' title='bbox 1158 3576 1283 3615; x_wconf 91' lang='lat' dir='ltr'><strong>cum</strong></span> <span class='ocrx_word' id='word_1_504' title='bbox 1329 3560 1406 3627; x_wconf 91' lang='lat' dir='ltr'><strong>bi,</strong></span> <span class='ocrx_word' id='word_1_505' title='bbox 1440 3561 1531 3630; x_wconf 85' lang='lat' dir='ltr'><strong>qui</strong></span> <span class='ocrx_word' id='word_1_506' title='bbox 1556 3576 1621 3616; x_wconf 79' lang='lat' dir='ltr'><strong>ex</strong></span> <span class='ocrx_word' id='word_1_507' title='bbox 1647 3561 1743 3618; x_wconf 89' lang='lat' dir='ltr'><strong>Dei</strong></span> 
     </span>
    </p>
   </div>
   <div class='ocr_carea' id='block_1_69' title="bbox 177 3652 1744 3725">
    <p class='ocr_par' dir='ltr' id='par_1_69' title="bbox 177 3652 1744 3725">
     <span class='ocr_line' id='line_1_69' title="bbox 177 3652 1744 3725; baseline 0.002 -16"><span class='ocrx_word' id='word_1_508' title='bbox 177 3655 457 3723; x_wconf 80' lang='lat' dir='ltr'><strong>cognitione</strong></span> <span class='ocrx_word' id='word_1_509' title='bbox 504 3655 753 3709; x_wconf 83' lang='lat' dir='ltr'><strong>directos</strong></span> <span class='ocrx_word' id='word_1_510' title='bbox 794 3666 852 3707; x_wconf 89' lang='lat' dir='ltr'><strong>se</strong></span> <span class='ocrx_word' id='word_1_511' title='bbox 880 3652 1174 3717; x_wconf 71' lang='lat' dir='ltr'><strong>aestimant,</strong></span> <span class='ocrx_word' id='word_1_512' title='bbox 1222 3654 1476 3724; x_wconf 77' lang='lat' dir='ltr'><strong>exigente</strong></span> <span class='ocrx_word' id='word_1_513' title='bbox 1520 3664 1744 3725; x_wconf 87' lang='lat' dir='ltr'><strong>peccato</strong></span> 
     </span>
    </p>
   </div>
   <div class='ocr_carea' id='block_1_70' title="bbox 178 3745 1743 3803">
    <p class='ocr_par' dir='ltr' id='par_1_70' title="bbox 178 3745 1743 3803">
     <span class='ocr_line' id='line_1_70' title="bbox 178 3745 1743 3803; baseline 0 0"><span class='ocrx_word' id='word_1_514' title='bbox 178 3749 233 3803; x_wconf 82' lang='lat' dir='ltr'><strong>ad</strong></span> <span class='ocrx_word' id='word_1_515' title='bbox 260 3748 620 3802; x_wconf 86' lang='lat' dir='ltr'><strong>omnimodam</strong></span> <span class='ocrx_word' id='word_1_516' title='bbox 676 3745 982 3801; x_wconf 91' lang='lat' dir='ltr'><strong>intellectus</strong></span> <span class='ocrx_word' id='word_1_517' title='bbox 1030 3746 1413 3802; x_wconf 89' lang='lat' dir='ltr'><strong>bebetudinem</strong></span> <span class='ocrx_word' id='word_1_518' title='bbox 1446 3745 1743 3802; x_wconf 88' lang='lat' dir='ltr'><strong>devolvun-</strong></span> 
     </span>
    </p>
   </div>
   <div class='ocr_carea' id='block_1_71' title="bbox 178 3834 1746 3906">
    <p class='ocr_par' dir='ltr' id='par_1_71' title="bbox 178 3834 1746 3906">
     <span class='ocr_line' id='line_1_71' title="bbox 178 3834 1746 3906; baseline 0.002 -14"><span class='ocrx_word' id='word_1_519' title='bbox 178 3847 269 3892; x_wconf 88' lang='lat' dir='ltr'><strong>tur.</strong></span> <span class='ocrx_word' id='word_1_520' title='bbox 306 3839 400 3906; x_wconf 89' lang='lat' dir='ltr'><strong>Qui</strong></span> <span class='ocrx_word' id='word_1_521' title='bbox 432 3839 577 3893; x_wconf 89' lang='lat' dir='ltr'><strong>enim</strong></span> <span class='ocrx_word' id='word_1_522' title='bbox 606 3835 838 3891; x_wconf 89' lang='lat' dir='ltr'><strong>scientia</strong></span> <span class='ocrx_word' id='word_1_523' title='bbox 870 3850 899 3889; x_wconf 89' lang='lat' dir='ltr'><strong>a</strong></span> <span class='ocrx_word' id='word_1_524' title='bbox 932 3834 1041 3889; x_wconf 81' lang='lat' dir='ltr'><strong>Deo</strong></span> <span class='ocrx_word' id='word_1_525' title='bbox 1071 3836 1195 3890; x_wconf 90' lang='lat' dir='ltr'><strong>data</strong></span> <span class='ocrx_word' id='word_1_526' title='bbox 1228 3838 1491 3903; x_wconf 88' lang='lat' dir='ltr'><strong>abutitur,</strong></span> <span class='ocrx_word' id='word_1_527' title='bbox 1524 3853 1746 3895; x_wconf 86' lang='lat' dir='ltr'><strong>necesse</strong></span> 
     </span>
    </p>
   </div>
   <div class='ocr_carea' id='block_1_72' title="bbox 179 3929 1744 4000">
    <p class='ocr_par' dir='ltr' id='par_1_72' title="bbox 179 3929 1744 4000">
     <span class='ocr_line' id='line_1_72' title="bbox 179 3929 1744 4000; baseline 0.001 -15"><span class='ocrx_word' id='word_1_528' title='bbox 179 3939 331 3985; x_wconf 80' lang='lat' dir='ltr'><strong>estut</strong></span> <span class='ocrx_word' id='word_1_529' title='bbox 373 3931 639 3999; x_wconf 84' lang='lat' dir='ltr'><strong>longioris</strong></span> <span class='ocrx_word' id='word_1_530' title='bbox 679 3944 777 3983; x_wconf 91' lang='lat' dir='ltr'><strong>usu</strong></span> <span class='ocrx_word' id='word_1_531' title='bbox 820 3929 1074 3996; x_wconf 70' lang='lat' dir='ltr'><strong>nequitim</strong></span> <span class='ocrx_word' id='word_1_532' title='bbox 1115 3945 1328 4000; x_wconf 88' lang='lat' dir='ltr'><strong>semper</strong></span> <span class='ocrx_word' id='word_1_533' title='bbox 1372 3931 1424 3985; x_wconf 92' lang='lat' dir='ltr'><strong>in</strong></span> <span class='ocrx_word' id='word_1_534' title='bbox 1472 3932 1744 3987; x_wconf 87' lang='lat' dir='ltr'><strong>deteriora</strong></span> 
     </span>
    </p>
   </div>
   <div class='ocr_carea' id='block_1_73' title="bbox 179 4017 1745 4090">
    <p class='ocr_par' dir='ltr' id='par_1_73' title="bbox 179 4017 1745 4090">
     <span class='ocr_line' id='line_1_73' title="bbox 179 4017 1745 4090; baseline 0.004 -18"><span class='ocrx_word' id='word_1_535' title='bbox 179 4029 409 4075; x_wconf 77' lang='lat' dir='ltr'><strong>mutetur.</strong></span> <span class='ocrx_word' id='word_1_536' title='bbox 450 4021 498 4073; x_wconf 85' lang='grc' dir='ltr'><strong><em>Ν</em></strong></span> <span class='ocrx_word' id='word_1_537' title='bbox 508 4036 636 4080; x_wconf 85' lang='lat' dir='ltr'><strong>unc,</strong></span> <span class='ocrx_word' id='word_1_538' title='bbox 670 4017 724 4072; x_wconf 91' lang='lat' dir='ltr'><strong>id</strong></span> <span class='ocrx_word' id='word_1_539' title='bbox 760 4025 844 4072; x_wconf 88' lang='lat' dir='ltr'><strong>est</strong></span> <span class='ocrx_word' id='word_1_540' title='bbox 873 4032 938 4072; x_wconf 76' lang='lat' dir='ltr'><strong>ex</strong></span> <span class='ocrx_word' id='word_1_541' title='bbox 983 4035 1168 4074; x_wconf 89' lang='lat' dir='ltr'><strong>amore</strong></span> <span class='ocrx_word' id='word_1_542' title='bbox 1198 4021 1543 4090; x_wconf 67' lang='lat' dir='ltr'><strong>praesentium</strong></span> <span class='ocrx_word' id='word_1_543' title='bbox 1571 4022 1745 4079; x_wconf 89' lang='lat' dir='ltr'><strong>factus</strong></span> 
     </span>
    </p>
   </div>
   <div class='ocr_carea' id='block_1_74' title="bbox 182 4112 1745 4181">
    <p class='ocr_par' dir='ltr' id='par_1_74' title="bbox 182 4112 1745 4181">
     <span class='ocr_line' id='line_1_74' title="bbox 182 4112 1745 4181; baseline 0.002 -13"><span class='ocrx_word' id='word_1_544' title='bbox 182 4122 255 4168; x_wconf 83' lang='lat' dir='ltr'><strong>est</strong></span> <span class='ocrx_word' id='word_1_545' title='bbox 289 4115 338 4167; x_wconf 89' lang='lat' dir='ltr'><strong>in</strong></span> <span class='ocrx_word' id='word_1_546' title='bbox 380 4113 695 4168; x_wconf 89' lang='lat' dir='ltr'><strong>nationibus</strong></span> <span class='ocrx_word' id='word_1_547' title='bbox 736 4112 891 4181; x_wconf 89' lang='lat' dir='ltr'><strong>quasi</strong></span> <span class='ocrx_word' id='word_1_548' title='bbox 920 4127 1014 4166; x_wconf 91' lang='lat' dir='ltr'><strong>vas</strong></span> <span class='ocrx_word' id='word_1_549' title='bbox 1048 4112 1407 4178; x_wconf 90' lang='lat' dir='ltr'><strong>immundum,</strong></span> <span class='ocrx_word' id='word_1_550' title='bbox 1442 4114 1571 4169; x_wconf 91' lang='lat' dir='ltr'><strong>dum</strong></span> <span class='ocrx_word' id='word_1_551' title='bbox 1600 4117 1745 4171; x_wconf 86' lang='lat' dir='ltr'><strong>inter</strong></span> 
     </span>
    </p>
   </div>
   <div class='ocr_carea' id='block_1_75' title="bbox 183 4206 1747 4279">
    <p class='ocr_par' dir='ltr' id='par_1_75' title="bbox 183 4206 1747 4279">
     <span class='ocr_line' id='line_1_75' title="bbox 183 4206 1747 4279; baseline 0.003 -20"><span class='ocrx_word' id='word_1_552' title='bbox 183 4207 475 4279; x_wconf 76' lang='lat' dir='ltr'><strong>peregrinas</strong></span> <span class='ocrx_word' id='word_1_553' title='bbox 535 4206 802 4260; x_wconf 88' lang='lat' dir='ltr'><strong>vitiorum</strong></span> <span class='ocrx_word' id='word_1_554' title='bbox 852 4220 1303 4275; x_wconf 82' lang='lat' dir='ltr'><strong>quorumcunque</strong></span> <span class='ocrx_word' id='word_1_555' title='bbox 1360 4206 1631 4278; x_wconf 88' lang='lat' dir='ltr'><strong>origines,</strong></span> <span class='ocrx_word' id='word_1_556' title='bbox 1685 4222 1747 4263; x_wconf 90' lang='lat' dir='ltr'><strong>se</strong></span> 
     </span>
    </p>
   </div>
   <div class='ocr_carea' id='block_1_76' title="bbox 185 4295 1743 4369">
    <p class='ocr_par' dir='ltr' id='par_1_76' title="bbox 185 4295 1743 4369">
     <span class='ocr_line' id='line_1_76' title="bbox 185 4295 1743 4369; baseline 0.002 -18"><span class='ocrx_word' id='word_1_557' title='bbox 185 4298 401 4352; x_wconf 89' lang='lat' dir='ltr'><strong>omnium</strong></span> <span class='ocrx_word' id='word_1_558' title='bbox 452 4295 704 4369; x_wconf 88' lang='lat' dir='ltr'><strong>receptui</strong></span> <span class='ocrx_word' id='word_1_559' title='bbox 756 4304 981 4367; x_wconf 84' lang='lat' dir='ltr'><strong>praestat</strong></span> <span class='ocrx_word' id='word_1_560' title='bbox 1031 4306 1301 4365; x_wconf 88' lang='lat' dir='ltr'><strong>apertum.</strong></span> <span class='ocrx_word' id='word_1_561' title='bbox 1356 4295 1456 4352; x_wconf 87' lang='lat' dir='ltr'><strong>Vas</strong></span> <span class='ocrx_word' id='word_1_562' title='bbox 1507 4299 1651 4353; x_wconf 91' lang='lat' dir='ltr'><strong>enim</strong></span> <span class='ocrx_word' id='word_1_563' title='bbox 1690 4300 1743 4354; x_wconf 90' lang='lat' dir='ltr'><strong>in</strong></span> 
     </span>
    </p>
   </div>
   <div class='ocr_carea' id='block_1_77' title="bbox 183 4386 1743 4459">
    <p class='ocr_par' dir='ltr' id='par_1_77' title="bbox 183 4386 1743 4459">
     <span class='ocr_line' id='line_1_77' title="bbox 183 4386 1743 4459; baseline 0.005 -20"><span class='ocrx_word' id='word_1_564' title='bbox 183 4389 331 4441; x_wconf 87' lang='lat' dir='ltr'><strong>veteri</strong></span> <span class='ocrx_word' id='word_1_565' title='bbox 382 4388 499 4459; x_wconf 84' lang='lat' dir='ltr'><strong>lege</strong></span> <span class='ocrx_word' id='word_1_566' title='bbox 541 4388 691 4458; x_wconf 91' lang='lat' dir='ltr'><strong>quod</strong></span> <span class='ocrx_word' id='word_1_567' title='bbox 736 4401 843 4440; x_wconf 90' lang='lat' dir='ltr'><strong>non</strong></span> <span class='ocrx_word' id='word_1_568' title='bbox 881 4386 1114 4442; x_wconf 89' lang='lat' dir='ltr'><strong>habebat</strong></span> <span class='ocrx_word' id='word_1_569' title='bbox 1156 4387 1505 4457; x_wconf 89' lang='lat' dir='ltr'><strong>operculum,</strong></span> <span class='ocrx_word' id='word_1_570' title='bbox 1556 4390 1743 4447; x_wconf 90' lang='lat' dir='ltr'><strong>haberi</strong></span> 
     </span>
    </p>
   </div>
   <div class='ocr_carea' id='block_1_78' title="bbox 1842 3195 3429 3269">
    <p class='ocr_par' dir='ltr' id='par_1_78' title="bbox 1842 3195 3429 3269">
     <span class='ocr_line' id='line_1_78' title="bbox 1842 3195 3429 3269; baseline -0.01 -6"><span class='ocrx_word' id='word_1_571' title='bbox 1842 3225 1907 3263; x_wconf 74' lang='lat' dir='ltr'><strong>ex</strong></span> <span class='ocrx_word' id='word_1_572' title='bbox 1963 3206 2193 3262; x_wconf 87' lang='lat' dir='ltr'><strong>scintilla</strong></span> <span class='ocrx_word' id='word_1_573' title='bbox 2253 3204 2482 3260; x_wconf 86' lang='lat' dir='ltr'><strong>rationis</strong></span> <span class='ocrx_word' id='word_1_574' title='bbox 2528 3201 2828 3258; x_wconf 79' lang='lat' dir='ltr'><strong>imtascitur</strong></span> <span class='ocrx_word' id='word_1_575' title='bbox 2866 3200 2969 3269; x_wconf 68' lang='lat' dir='ltr'><strong>piae</strong></span> <span class='ocrx_word' id='word_1_576' title='bbox 3021 3195 3429 3266; x_wconf 88' lang='lat' dir='ltr'><strong>recogitatiouis</strong></span> 
     </span>
    </p>
   </div>
   <div class='ocr_carea' id='block_1_79' title="bbox 1840 3286 3428 3358">
    <p class='ocr_par' dir='ltr' id='par_1_79' title="bbox 1840 3286 3428 3358">
     <span class='ocr_line' id='line_1_79' title="bbox 1840 3286 3428 3358; baseline -0.013 -3"><span class='ocrx_word' id='word_1_577' title='bbox 1840 3299 2065 3355; x_wconf 80' lang='lat' dir='ltr'><strong>bonum.</strong></span> <span class='ocrx_word' id='word_1_578' title='bbox 2092 3296 2356 3350; x_wconf 89' lang='lat' dir='ltr'><strong>Delictqu</strong></span> <span class='ocrx_word' id='word_1_579' title='bbox 2385 3293 2530 3348; x_wconf 88' lang='lat' dir='ltr'><strong>enim</strong></span> <span class='ocrx_word' id='word_1_580' title='bbox 2554 3307 2582 3344; x_wconf 91' lang='lat' dir='ltr'><strong>a</strong></span> <span class='ocrx_word' id='word_1_581' title='bbox 2614 3288 3016 3358; x_wconf 84' lang='lat' dir='ltr'><strong>derelinqueudo</strong></span> <span class='ocrx_word' id='word_1_582' title='bbox 3051 3286 3273 3350; x_wconf 89' lang='lat' dir='ltr'><strong>dicitur,</strong></span> <span class='ocrx_word' id='word_1_583' title='bbox 3304 3298 3428 3336; x_wconf 90' lang='lat' dir='ltr'><strong>cum</strong></span> 
     </span>
    </p>
   </div>
   <div class='ocr_carea' id='block_1_80' title="bbox 1842 3376 3428 3456">
    <p class='ocr_par' dir='ltr' id='par_1_80' title="bbox 1842 3376 3428 3456">
     <span class='ocr_line' id='line_1_80' title="bbox 1842 3376 3428 3456; baseline -0.012 -10"><span class='ocrx_word' id='word_1_584' title='bbox 1842 3390 2054 3446; x_wconf 87' lang='lat' dir='ltr'><strong>scilicet</strong></span> <span class='ocrx_word' id='word_1_585' title='bbox 2081 3389 2282 3444; x_wconf 91' lang='lat' dir='ltr'><strong>bonum</strong></span> <span class='ocrx_word' id='word_1_586' title='bbox 2314 3385 2459 3456; x_wconf 91' lang='lat' dir='ltr'><strong>quod</strong></span> <span class='ocrx_word' id='word_1_587' title='bbox 2495 3383 2611 3438; x_wconf 81' lang='lat' dir='ltr'><strong>fieri</strong></span> <span class='ocrx_word' id='word_1_588' title='bbox 2649 3382 2833 3444; x_wconf 88' lang='lat' dir='ltr'><strong>debet,</strong></span> <span class='ocrx_word' id='word_1_589' title='bbox 2869 3378 3162 3435; x_wconf 88' lang='lat' dir='ltr'><strong>deseritur.</strong></span> <span class='ocrx_word' id='word_1_590' title='bbox 3194 3376 3428 3431; x_wconf 84' lang='lat' dir='ltr'><strong>Peccato</strong></span> 
     </span>
    </p>
   </div>
   <div class='ocr_carea' id='block_1_81' title="bbox 1842 3466 3429 3552">
    <p class='ocr_par' dir='ltr' id='par_1_81' title="bbox 1842 3466 3429 3552">
     <span class='ocr_line' id='line_1_81' title="bbox 1842 3466 3429 3552; baseline -0.014 -13"><span class='ocrx_word' id='word_1_591' title='bbox 1842 3497 1972 3552; x_wconf 87' lang='lat' dir='ltr'><strong>ergo</strong></span> <span class='ocrx_word' id='word_1_592' title='bbox 2008 3479 2255 3536; x_wconf 82' lang='lat' dir='ltr'><strong>succedit</strong></span> <span class='ocrx_word' id='word_1_593' title='bbox 2298 3477 2579 3541; x_wconf 89' lang='lat' dir='ltr'><strong>delictum,</strong></span> <span class='ocrx_word' id='word_1_594' title='bbox 2636 3489 2757 3529; x_wconf 91' lang='lat' dir='ltr'><strong>cum</strong></span> <span class='ocrx_word' id='word_1_595' title='bbox 2808 3488 2874 3529; x_wconf 79' lang='lat' dir='ltr'><strong>ex</strong></span> <span class='ocrx_word' id='word_1_596' title='bbox 2917 3485 3075 3542; x_wconf 71' lang='lat' dir='ltr'><strong>ptena</strong></span> <span class='ocrx_word' id='word_1_597' title='bbox 3128 3466 3244 3537; x_wconf 85' lang='lat' dir='ltr'><strong>ejus</strong></span> <span class='ocrx_word' id='word_1_598' title='bbox 3275 3468 3429 3521; x_wconf 71' lang='lat' dir='ltr'><strong>bona:</strong></span> 
     </span>
    </p>
   </div>
   <div class='ocr_carea' id='block_1_82' title="bbox 1841 3560 3422 3645">
    <p class='ocr_par' dir='ltr' id='par_1_82' title="bbox 1841 3560 3422 3645">
     <span class='ocr_line' id='line_1_82' title="bbox 1841 3560 3422 3645; baseline -0.011 -17"><span class='ocrx_word' id='word_1_599' title='bbox 1841 3588 2058 3645; x_wconf 90' lang='lat' dir='ltr'><strong>quoque</strong></span> <span class='ocrx_word' id='word_1_600' title='bbox 2106 3569 2407 3626; x_wconf 90' lang='lat' dir='ltr'><strong>voluntatis</strong></span> <span class='ocrx_word' id='word_1_601' title='bbox 2456 3567 2733 3623; x_wconf 87' lang='lat' dir='ltr'><strong>suboritur</strong></span> <span class='ocrx_word' id='word_1_602' title='bbox 2765 3566 3085 3634; x_wconf 89' lang='lat' dir='ltr'><strong>plerumque</strong></span> <span class='ocrx_word' id='word_1_603' title='bbox 3114 3560 3422 3631; x_wconf 87' lang='lat' dir='ltr'><strong>repudium.</strong></span> 
     </span>
    </p>
   </div>
   <div class='ocr_carea' id='block_1_83' title="bbox 1908 3654 3431 3725">
    <p class='ocr_par' dir='ltr' id='par_1_83' title="bbox 1908 3654 3431 3725">
     <span class='ocr_line' id='line_1_83' title="bbox 1908 3654 3431 3725; baseline -0.007 -12"><span class='ocrx_word' id='word_1_604' title='bbox 1908 3663 2140 3722; x_wconf 60' lang='lat' dir='ltr'><strong>Vsus”.</strong></span> <span class='ocrx_word' id='word_1_605' title='bbox 2157 3692 2247 3715; x_wconf 83' lang='lat'><strong>.——</strong></span> <span class='ocrx_word' id='word_1_606' title='bbox 2265 3679 2282 3711; x_wconf 86' lang='grc' dir='ltr'><strong>ι</strong></span> <span class='ocrx_word' id='word_1_607' title='bbox 2304 3660 2551 3715; x_wconf 87' lang='lat' dir='ltr'><strong>Scribam</strong></span> <span class='ocrx_word' id='word_1_608' title='bbox 2566 3659 2613 3713; x_wconf 91' lang='lat' dir='ltr'><strong>ei</strong></span> <span class='ocrx_word' id='word_1_609' title='bbox 2629 3655 2951 3725; x_wconf 88' lang='lat' dir='ltr'><strong>multiplices</strong></span> <span class='ocrx_word' id='word_1_610' title='bbox 2965 3654 3111 3723; x_wconf 86' lang='lat' dir='ltr'><strong>leges</strong></span> <span class='ocrx_word' id='word_1_611' title='bbox 3124 3665 3291 3712; x_wconf 88' lang='lat' dir='ltr'><strong>meas,</strong></span> <span class='ocrx_word' id='word_1_612' title='bbox 3310 3665 3431 3718; x_wconf 67' lang='lat' dir='ltr'><strong>qua!</strong></span> 
     </span>
    </p>
   </div>
   <div class='ocr_carea' id='block_1_84' title="bbox 1850 3743 3430 3823">
    <p class='ocr_par' dir='ltr' id='par_1_84' title="bbox 1850 3743 3430 3823">
     <span class='ocr_line' id='line_1_84' title="bbox 1850 3743 3430 3823; baseline -0.011 -13"><span class='ocrx_word' id='word_1_613' title='bbox 1850 3776 1867 3809; x_wconf 87' lang='grc' dir='ltr'><strong>ι</strong></span> <span class='ocrx_word' id='word_1_614' title='bbox 1898 3755 2045 3810; x_wconf 92' lang='lat' dir='ltr'><strong>velut</strong></span> <span class='ocrx_word' id='word_1_615' title='bbox 2063 3754 2253 3808; x_wconf 75' lang='lat' dir='ltr'><strong>aliena:</strong></span> <span class='ocrx_word' id='word_1_616' title='bbox 2267 3758 2591 3823; x_wconf 77' lang='lat' dir='ltr'><strong>computata:</strong></span> <span class='ocrx_word' id='word_1_617' title='bbox 2613 3755 2759 3802; x_wconf 88' lang='lat' dir='ltr'><strong>sunt.</strong></span> <span class='ocrx_word' id='word_1_618' title='bbox 2784 3766 2802 3798; x_wconf 79' lang='grc' dir='ltr'><strong>ι</strong></span> <span class='ocrx_word' id='word_1_619' title='bbox 2823 3744 3139 3813; x_wconf 78' lang='lat' dir='ltr'><strong>Multiplices</strong></span> <span class='ocrx_word' id='word_1_620' title='bbox 3153 3743 3287 3811; x_wconf 82' lang='lat' dir='ltr'><strong>leges</strong></span> <span class='ocrx_word' id='word_1_621' title='bbox 3301 3753 3430 3793; x_wconf 88' lang='lat' dir='ltr'><strong>suas</strong></span> 
     </span>
    </p>
   </div>
   <div class='ocr_carea' id='block_1_85' title="bbox 1844 3833 3429 3909">
    <p class='ocr_par' dir='ltr' id='par_1_85' title="bbox 1844 3833 3429 3909">
     <span class='ocr_line' id='line_1_85' title="bbox 1844 3833 3429 3909; baseline -0.011 -8"><span class='ocrx_word' id='word_1_622' title='bbox 1844 3847 1891 3902; x_wconf 87' lang='lat' dir='ltr'><strong>ei</strong></span> <span class='ocrx_word' id='word_1_623' title='bbox 1926 3846 2068 3901; x_wconf 90' lang='lat' dir='ltr'><strong>Deus</strong></span> <span class='ocrx_word' id='word_1_624' title='bbox 2096 3844 2306 3906; x_wconf 87' lang='lat' dir='ltr'><strong>scribit,</strong></span> <span class='ocrx_word' id='word_1_625' title='bbox 2333 3857 2455 3896; x_wconf 90' lang='lat' dir='ltr'><strong>cum</strong></span> <span class='ocrx_word' id='word_1_626' title='bbox 2493 3848 2548 3893; x_wconf 89' lang='lat' dir='ltr'><strong>et</strong></span> <span class='ocrx_word' id='word_1_627' title='bbox 2580 3838 2752 3909; x_wconf 87' lang='lat' dir='ltr'><strong>legem</strong></span> <span class='ocrx_word' id='word_1_628' title='bbox 2780 3835 3080 3890; x_wconf 84' lang='lat' dir='ltr'><strong>naturalem</strong></span> <span class='ocrx_word' id='word_1_629' title='bbox 3102 3874 3115 3897; x_wconf 93' lang='lat'><strong>,</strong></span> <span class='ocrx_word' id='word_1_630' title='bbox 3147 3833 3429 3902; x_wconf 81' lang='lat' dir='ltr'><strong>legemque</strong></span> 
     </span>
    </p>
   </div>
   <div class='ocr_carea' id='block_1_86' title="bbox 1846 3923 3434 4005">
    <p class='ocr_par' dir='ltr' id='par_1_86' title="bbox 1846 3923 3434 4005">
     <span class='ocr_line' id='line_1_86' title="bbox 1846 3923 3434 4005; baseline -0.011 -13"><span class='ocrx_word' id='word_1_631' title='bbox 1846 3935 2210 4005; x_wconf 89' lang='lat' dir='ltr'><strong>conscriptam</strong></span> <span class='ocrx_word' id='word_1_632' title='bbox 2246 3931 2363 4002; x_wconf 85' lang='lat' dir='ltr'><strong>ejus</strong></span> <span class='ocrx_word' id='word_1_633' title='bbox 2391 3931 2458 3985; x_wconf 91' lang='lat' dir='ltr'><strong>ad</strong></span> <span class='ocrx_word' id='word_1_634' title='bbox 2497 3931 2771 3998; x_wconf 91' lang='lat' dir='ltr'><strong>integrum</strong></span> <span class='ocrx_word' id='word_1_635' title='bbox 2804 3926 3078 3981; x_wconf 80' lang='lat' dir='ltr'><strong>memoria:</strong></span> <span class='ocrx_word' id='word_1_636' title='bbox 3112 3923 3337 3986; x_wconf 78' lang='lat' dir='ltr'><strong>inserit,</strong></span> <span class='ocrx_word' id='word_1_637' title='bbox 3371 3929 3434 3976; x_wconf 77' lang='lat' dir='ltr'><strong>ut</strong></span> 
     </span>
    </p>
   </div>
   <div class='ocr_carea' id='block_1_87' title="bbox 1845 4015 3433 4096">
    <p class='ocr_par' dir='ltr' id='par_1_87' title="bbox 1845 4015 3433 4096">
     <span class='ocr_line' id='line_1_87' title="bbox 1845 4015 3433 4096; baseline -0.008 -12"><span class='ocrx_word' id='word_1_638' title='bbox 1845 4043 1912 4084; x_wconf 87' lang='lat' dir='ltr'><strong>eo</strong></span> <span class='ocrx_word' id='word_1_639' title='bbox 1944 4026 2144 4096; x_wconf 78' lang='lat' dir='ltr'><strong>iustius</strong></span> <span class='ocrx_word' id='word_1_640' title='bbox 2192 4025 2485 4079; x_wconf 89' lang='lat' dir='ltr'><strong>damnetur</strong></span> <span class='ocrx_word' id='word_1_641' title='bbox 2531 4036 2641 4092; x_wconf 91' lang='lat' dir='ltr'><strong>quo</strong></span> <span class='ocrx_word' id='word_1_642' title='bbox 2691 4033 3028 4088; x_wconf 88' lang='lat' dir='ltr'><strong>nequaquam</strong></span> <span class='ocrx_word' id='word_1_643' title='bbox 3061 4031 3228 4086; x_wconf 87' lang='lat' dir='ltr'><strong>penes</strong></span> <span class='ocrx_word' id='word_1_644' title='bbox 3261 4015 3433 4072; x_wconf 87' lang='lat' dir='ltr'><strong>Deum</strong></span> 
     </span>
    </p>
   </div>
   <div class='ocr_carea' id='block_1_88' title="bbox 1846 4109 3435 4192">
    <p class='ocr_par' dir='ltr' id='par_1_88' title="bbox 1846 4109 3435 4192">
     <span class='ocr_line' id='line_1_88' title="bbox 1846 4109 3435 4192; baseline -0.008 -16"><span class='ocrx_word' id='word_1_645' title='bbox 1846 4120 1929 4185; x_wconf 89' lang='lat' dir='ltr'><strong>de_</strong></span> <span class='ocrx_word' id='word_1_646' title='bbox 1972 4117 2277 4192; x_wconf 91' lang='lat' dir='ltr'><strong>ignorantia</strong></span> <span class='ocrx_word' id='word_1_647' title='bbox 2334 4116 2620 4185; x_wconf 89' lang='lat' dir='ltr'><strong>levigatur.</strong></span> <span class='ocrx_word' id='word_1_648' title='bbox 2664 4113 2797 4180; x_wconf 64' lang='lat' dir='ltr'><strong>Quae</strong></span> <span class='ocrx_word' id='word_1_649' title='bbox 2849 4120 3028 4171; x_wconf 87' lang='lat' dir='ltr'><strong>tamen</strong></span> <span class='ocrx_word' id='word_1_650' title='bbox 3068 4111 3206 4164; x_wconf 86' lang='lat' dir='ltr'><strong>velut</strong></span> <span class='ocrx_word' id='word_1_651' title='bbox 3244 4109 3435 4163; x_wconf 81' lang='lat' dir='ltr'><strong>alieme</strong></span> 
     </span>
    </p>
   </div>
   <div class='ocr_carea' id='block_1_89' title="bbox 1847 4199 3432 4281">
    <p class='ocr_par' dir='ltr' id='par_1_89' title="bbox 1847 4199 3432 4281">
     <span class='ocr_line' id='line_1_89' title="bbox 1847 4199 3432 4281; baseline -0.009 -15"><span class='ocrx_word' id='word_1_652' title='bbox 1847 4217 2254 4281; x_wconf 89' lang='lat' dir='ltr'><strong>computantur,</strong></span> <span class='ocrx_word' id='word_1_653' title='bbox 2284 4221 2407 4261; x_wconf 92' lang='lat' dir='ltr'><strong>cum</strong></span> <span class='ocrx_word' id='word_1_654' title='bbox 2439 4206 2507 4260; x_wconf 92' lang='lat' dir='ltr'><strong>ab</strong></span> <span class='ocrx_word' id='word_1_655' title='bbox 2549 4204 2667 4272; x_wconf 86' lang='lat' dir='ltr'><strong>ejus</strong></span> <span class='ocrx_word' id='word_1_656' title='bbox 2708 4204 2892 4257; x_wconf 91' lang='lat' dir='ltr'><strong>animo</strong></span> <span class='ocrx_word' id='word_1_657' title='bbox 2924 4203 3031 4256; x_wconf 91' lang='lat' dir='ltr'><strong>imo</strong></span> <span class='ocrx_word' id='word_1_658' title='bbox 3064 4217 3093 4254; x_wconf 91' lang='lat' dir='ltr'><strong>a</strong></span> <span class='ocrx_word' id='word_1_659' title='bbox 3132 4199 3432 4267; x_wconf 88' lang='lat' dir='ltr'><strong>voluntate,</strong></span> 
     </span>
    </p>
   </div>
   <div class='ocr_carea' id='block_1_90' title="bbox 1848 4296 3435 4374">
    <p class='ocr_par' dir='ltr' id='par_1_90' title="bbox 1848 4296 3435 4374">
     <span class='ocr_line' id='line_1_90' title="bbox 1848 4296 3435 4374; baseline -0.004 -20"><span class='ocrx_word' id='word_1_660' title='bbox 1848 4318 1968 4374; x_wconf 63' lang='lat' dir='ltr'><strong>qua:</strong></span> <span class='ocrx_word' id='word_1_661' title='bbox 1992 4303 2235 4371; x_wconf 87' lang='lat' dir='ltr'><strong>signatur</strong></span> <span class='ocrx_word' id='word_1_662' title='bbox 2260 4314 2356 4369; x_wconf 90' lang='lat' dir='ltr'><strong>per</strong></span> <span class='ocrx_word' id='word_1_663' title='bbox 2380 4298 2661 4368; x_wconf 84' lang='lat' dir='ltr'><strong>Ephraim,</strong></span> <span class='ocrx_word' id='word_1_664' title='bbox 2699 4296 2855 4368; x_wconf 89' lang='lat' dir='ltr'><strong>quasi</strong></span> <span class='ocrx_word' id='word_1_665' title='bbox 2886 4311 2985 4351; x_wconf 84' lang='lat' dir='ltr'><strong>nec</strong></span> <span class='ocrx_word' id='word_1_666' title='bbox 3013 4296 3182 4360; x_wconf 67' lang='lat' dir='ltr'><strong>scitaa,</strong></span> <span class='ocrx_word' id='word_1_667' title='bbox 3208 4311 3309 4351; x_wconf 86' lang='lat' dir='ltr'><strong>nec</strong></span> <span class='ocrx_word' id='word_1_668' title='bbox 3332 4312 3435 4355; x_wconf 57' lang='lat' dir='ltr'><strong>au-t</strong></span> 
     </span>
    </p>
   </div>
   <div class='ocr_carea' id='block_1_91' title="bbox 1849 4390 2575 4449">
    <p class='ocr_par' dir='ltr' id='par_1_91' title="bbox 1849 4390 2575 4449">
     <span class='ocr_line' id='line_1_91' title="bbox 1849 4390 2575 4449; baseline -0.01 -1"><span class='ocrx_word' id='word_1_669' title='bbox 1849 4395 1973 4449; x_wconf 79' lang='lat' dir='ltr'><strong>dita:</strong></span> <span class='ocrx_word' id='word_1_670' title='bbox 2005 4402 2259 4447; x_wconf 76' lang='lat' dir='ltr'><strong>extorres</strong></span> <span class='ocrx_word' id='word_1_671' title='bbox 2288 4390 2575 4445; x_wconf 86' lang='lat' dir='ltr'><strong>habentur.</strong></span> 
     </span>
    </p>
   </div>
   <div class='ocr_carea' id='block_1_92' title="bbox 184 4475 3439 4553">
    <p class='ocr_par' dir='ltr' id='par_1_92' title="bbox 184 4475 3439 4553">
     <span class='ocr_line' id='line_1_92' title="bbox 184 4475 3439 4553; baseline 0.003 -27"><span class='ocrx_word' id='word_1_672' title='bbox 184 4475 444 4544; x_wconf 75' lang='lat' dir='ltr'><strong>jubebatur</strong></span> <span class='ocrx_word' id='word_1_673' title='bbox 461 4481 823 4541; x_wconf 81' lang='lat' dir='ltr'><strong>immundum,</strong></span> <span class='ocrx_word' id='word_1_674' title='bbox 862 4484 918 4530; x_wconf 89' lang='lat' dir='ltr'><strong>et</strong></span> <span class='ocrx_word' id='word_1_675' title='bbox 955 4493 1108 4532; x_wconf 90' lang='lat' dir='ltr'><strong>mens</strong></span> <span class='ocrx_word' id='word_1_676' title='bbox 1146 4479 1383 4534; x_wconf 91' lang='lat' dir='ltr'><strong>hominis</strong></span> <span class='ocrx_word' id='word_1_677' title='bbox 1408 4495 1527 4550; x_wconf 61' lang='lat' dir='ltr'><strong>quae</strong></span> <span class='ocrx_word' id='word_1_678' title='bbox 1557 4497 1743 4537; x_wconf 90' lang='lat' dir='ltr'><strong>casum</strong></span> <span class='ocrx_word' id='word_1_679' title='bbox 1778 4496 1823 4552; x_wconf 82' lang='grc' dir='ltr'><strong>Ι)</strong></span> <span class='ocrx_word' id='word_1_680' title='bbox 1920 4486 2084 4542; x_wconf 69' lang='lat' dir='ltr'><strong>Vens.</strong></span> <span class='ocrx_word' id='word_1_681' title='bbox 2120 4486 2208 4539; x_wconf 78' lang='lat' dir='ltr'><strong>l3.</strong></span> <span class='ocrx_word' id='word_1_682' title='bbox 2238 4513 2309 4525; x_wconf 86' lang='lat'><strong>-——</strong></span> <span class='ocrx_word' id='word_1_683' title='bbox 2337 4500 2355 4534; x_wconf 88' lang='grc' dir='ltr'><strong>ι</strong></span> <span class='ocrx_word' id='word_1_684' title='bbox 2386 4481 2605 4536; x_wconf 82' lang='lat' dir='ltr'><strong>Hostias</strong></span> <span class='ocrx_word' id='word_1_685' title='bbox 2624 4480 2853 4536; x_wconf 71' lang='lat' dir='ltr'><strong>afferent</strong></span> <span class='ocrx_word' id='word_1_686' title='bbox 2881 4479 3002 4552; x_wconf 83' lang='lat' dir='ltr'><strong>[al.,</strong></span> <span class='ocrx_word' id='word_1_687' title='bbox 3024 4479 3300 4553; x_wconf 70' lang='lat' dir='ltr'><strong>offerent],</strong></span> <span class='ocrx_word' id='word_1_688' title='bbox 3332 4483 3439 4537; x_wconf 51' lang='lat' dir='ltr'><strong>int-1</strong></span> 
     </span>
    </p>
   </div>
   <div class='ocr_carea' id='block_1_93' title="bbox 187 4570 1747 4645">
    <p class='ocr_par' dir='ltr' id='par_1_93' title="bbox 187 4570 1747 4645">
     <span class='ocr_line' id='line_1_93' title="bbox 187 4570 1747 4645; baseline 0.004 -20"><span class='ocrx_word' id='word_1_689' title='bbox 187 4585 212 4625; x_wconf 84' lang='lat' dir='ltr'><strong>a</strong></span> <span class='ocrx_word' id='word_1_690' title='bbox 239 4587 290 4625; x_wconf 88' lang='lat' dir='ltr'><strong>se</strong></span> <span class='ocrx_word' id='word_1_691' title='bbox 316 4588 415 4627; x_wconf 92' lang='lat' dir='ltr'><strong>non</strong></span> <span class='ocrx_word' id='word_1_692' title='bbox 443 4572 687 4627; x_wconf 84' lang='lat' dir='ltr'><strong>dimovet</strong></span> <span class='ocrx_word' id='word_1_693' title='bbox 712 4570 971 4624; x_wconf 89' lang='lat' dir='ltr'><strong>irruentis</strong></span> <span class='ocrx_word' id='word_1_694' title='bbox 992 4572 1259 4635; x_wconf 87' lang='lat' dir='ltr'><strong>criminis,</strong></span> <span class='ocrx_word' id='word_1_695' title='bbox 1287 4573 1479 4626; x_wconf 90' lang='lat' dir='ltr'><strong>merito</strong></span> <span class='ocrx_word' id='word_1_696' title='bbox 1501 4576 1747 4645; x_wconf 88' lang='lat' dir='ltr'><strong>arguitur</strong></span> 
     </span>
    </p>
   </div>
   <div class='ocr_carea' id='block_1_94' title="bbox 188 4658 1748 4729">
    <p class='ocr_par' dir='ltr' id='par_1_94' title="bbox 188 4658 1748 4729">
     <span class='ocr_line' id='line_1_94' title="bbox 188 4658 1748 4729; baseline 0.008 -19"><span class='ocrx_word' id='word_1_697' title='bbox 188 4658 510 4728; x_wconf 86' lang='lat' dir='ltr'><strong>impuritatis.</strong></span> <span class='ocrx_word' id='word_1_698' title='bbox 544 4659 687 4724; x_wconf 82' lang='lat' dir='ltr'><strong>Quia</strong></span> <span class='ocrx_word' id='word_1_699' title='bbox 714 4660 814 4729; x_wconf 85' lang='lat' dir='ltr'><strong>ipsi</strong></span> <span class='ocrx_word' id='word_1_700' title='bbox 838 4661 1182 4717; x_wconf 82' lang='lat' dir='ltr'><strong>ascenderunt</strong></span> <span class='ocrx_word' id='word_1_701' title='bbox 1216 4661 1285 4713; x_wconf 84' lang='lat' dir='ltr'><strong>ad</strong></span> <span class='ocrx_word' id='word_1_702' title='bbox 1326 4661 1511 4729; x_wconf 79' lang='lat' dir='ltr'><strong>Assur,</strong></span> <span class='ocrx_word' id='word_1_703' title='bbox 1568 4665 1619 4719; x_wconf 89' lang='lat' dir='ltr'><strong>id</strong></span> <span class='ocrx_word' id='word_1_704' title='bbox 1665 4676 1748 4721; x_wconf 88' lang='lat' dir='ltr'><strong>est</strong></span> 
     </span>
    </p>
   </div>
   <div class='ocr_carea' id='block_1_95' title="bbox 188 4751 1750 4824">
    <p class='ocr_par' dir='ltr' id='par_1_95' title="bbox 188 4751 1750 4824">
     <span class='ocr_line' id='line_1_95' title="bbox 188 4751 1750 4824; baseline 0.008 -22"><span class='ocrx_word' id='word_1_705' title='bbox 188 4751 384 4806; x_wconf 80' lang='lat' dir='ltr'><strong>malitize</strong></span> <span class='ocrx_word' id='word_1_706' title='bbox 428 4752 691 4824; x_wconf 91' lang='lat' dir='ltr'><strong>gradibus</strong></span> <span class='ocrx_word' id='word_1_707' title='bbox 737 4752 1217 4821; x_wconf 88' lang='lat' dir='ltr'><strong>apprehenderunt</strong></span> <span class='ocrx_word' id='word_1_708' title='bbox 1257 4755 1537 4824; x_wconf 90' lang='lat' dir='ltr'><strong>gurgustia</strong></span> <span class='ocrx_word' id='word_1_709' title='bbox 1577 4756 1750 4814; x_wconf 82' lang='lat' dir='ltr'><strong>libidi-</strong></span> 
     </span>
    </p>
   </div>
   <div class='ocr_carea' id='block_1_96' title="bbox 188 4844 1750 4917">
    <p class='ocr_par' dir='ltr' id='par_1_96' title="bbox 188 4844 1750 4917">
     <span class='ocr_line' id='line_1_96' title="bbox 188 4844 1750 4917; baseline 0.006 -23"><span class='ocrx_word' id='word_1_710' title='bbox 188 4857 298 4897; x_wconf 90' lang='lat' dir='ltr'><strong>num</strong></span> <span class='ocrx_word' id='word_1_711' title='bbox 326 4845 491 4900; x_wconf 91' lang='lat' dir='ltr'><strong>aulas.</strong></span> <span class='ocrx_word' id='word_1_712' title='bbox 524 4844 787 4914; x_wconf 81' lang='lat' dir='ltr'><strong>Ephraim</strong></span> <span class='ocrx_word' id='word_1_713' title='bbox 812 4859 934 4897; x_wconf 83' lang='lat' dir='ltr'><strong>mox</strong></span> <span class='ocrx_word' id='word_1_714' title='bbox 966 4844 1142 4899; x_wconf 84' lang='lat' dir='ltr'><strong>factus</strong></span> <span class='ocrx_word' id='word_1_715' title='bbox 1170 4854 1253 4899; x_wconf 90' lang='lat' dir='ltr'><strong>est</strong></span> <span class='ocrx_word' id='word_1_716' title='bbox 1283 4863 1478 4917; x_wconf 83' lang='lat' dir='ltr'><strong>onager</strong></span> <span class='ocrx_word' id='word_1_717' title='bbox 1500 4848 1600 4903; x_wconf 85' lang='lat' dir='ltr'><strong>sibi</strong></span> <span class='ocrx_word' id='word_1_718' title='bbox 1630 4850 1750 4904; x_wconf 88' lang='lat' dir='ltr'><strong>soli-</strong></span> 
     </span>
    </p>
   </div>
   <div class='ocr_carea' id='block_1_97' title="bbox 189 4934 1749 5003">
    <p class='ocr_par' dir='ltr' id='par_1_97' title="bbox 189 4934 1749 5003">
     <span class='ocr_line' id='line_1_97' title="bbox 189 4934 1749 5003; baseline 0.01 -20"><span class='ocrx_word' id='word_1_719' title='bbox 189 4934 357 5003; x_wconf 82' lang='lat' dir='ltr'><strong>larius,</strong></span> <span class='ocrx_word' id='word_1_720' title='bbox 385 4936 512 4990; x_wconf 88' lang='lat' dir='ltr'><strong>dum</strong></span> <span class='ocrx_word' id='word_1_721' title='bbox 560 4934 861 4993; x_wconf 87' lang='lat' dir='ltr'><strong>voluntatis</strong></span> <span class='ocrx_word' id='word_1_722' title='bbox 901 4935 1180 4993; x_wconf 87' lang='lat' dir='ltr'><strong>habitatus</strong></span> <span class='ocrx_word' id='word_1_723' title='bbox 1212 4936 1364 4991; x_wconf 77' lang='lat' dir='ltr'><strong>exsul</strong></span> <span class='ocrx_word' id='word_1_724' title='bbox 1401 4953 1430 4991; x_wconf 90' lang='lat' dir='ltr'><strong>a</strong></span> <span class='ocrx_word' id='word_1_725' title='bbox 1483 4938 1597 4995; x_wconf 83' lang='lat' dir='ltr'><strong>Deo</strong></span> <span class='ocrx_word' id='word_1_726' title='bbox 1644 4943 1749 4998; x_wconf 92' lang='lat' dir='ltr'><strong>sibi</strong></span> 
     </span>
    </p>
   </div>
   <div class='ocr_carea' id='block_1_98' title="bbox 190 5024 1753 5100">
    <p class='ocr_par' dir='ltr' id='par_1_98' title="bbox 190 5024 1753 5100">
     <span class='ocr_line' id='line_1_98' title="bbox 190 5024 1753 5100; baseline 0.01 -26"><span class='ocrx_word' id='word_1_727' title='bbox 190 5024 294 5093; x_wconf 82' lang='lat' dir='ltr'><strong>soli,</strong></span> <span class='ocrx_word' id='word_1_728' title='bbox 329 5026 378 5079; x_wconf 92' lang='lat' dir='ltr'><strong>id</strong></span> <span class='ocrx_word' id='word_1_729' title='bbox 412 5036 494 5083; x_wconf 90' lang='lat' dir='ltr'><strong>est</strong></span> <span class='ocrx_word' id='word_1_730' title='bbox 523 5026 732 5081; x_wconf 88' lang='lat' dir='ltr'><strong>carnali</strong></span> <span class='ocrx_word' id='word_1_731' title='bbox 773 5024 1027 5095; x_wconf 79' lang='lat' dir='ltr'><strong>lasciviae,</strong></span> <span class='ocrx_word' id='word_1_732' title='bbox 1057 5042 1176 5097; x_wconf 67' lang='lat' dir='ltr'><strong>qua:</strong></span> <span class='ocrx_word' id='word_1_733' title='bbox 1213 5029 1461 5098; x_wconf 85' lang='lat' dir='ltr'><strong>signatur</strong></span> <span class='ocrx_word' id='word_1_734' title='bbox 1496 5047 1590 5100; x_wconf 86' lang='lat' dir='ltr'><strong>per</strong></span> <span class='ocrx_word' id='word_1_735' title='bbox 1618 5049 1753 5089; x_wconf 88' lang='lat' dir='ltr'><strong>ona-</strong></span> 
     </span>
    </p>
   </div>
   <div class='ocr_carea' id='block_1_99' title="bbox 191 5118 1753 5185">
    <p class='ocr_par' dir='ltr' id='par_1_99' title="bbox 191 5118 1753 5185">
     <span class='ocr_line' id='line_1_99' title="bbox 191 5118 1753 5185; baseline 0.009 -18"><span class='ocrx_word' id='word_1_736' title='bbox 191 5129 345 5185; x_wconf 83' lang='lat' dir='ltr'><strong>grum,</strong></span> <span class='ocrx_word' id='word_1_737' title='bbox 369 5128 585 5175; x_wconf 76' lang='lat' dir='ltr'><strong>constat</strong></span> <span class='ocrx_word' id='word_1_738' title='bbox 623 5120 886 5174; x_wconf 90' lang='lat' dir='ltr'><strong>intentus.</strong></span> <span class='ocrx_word' id='word_1_739' title='bbox 924 5138 942 5170; x_wconf 87' lang='grc' dir='ltr'><strong>ι</strong></span> <span class='ocrx_word' id='word_1_740' title='bbox 982 5118 1204 5175; x_wconf 77' lang='lat' dir='ltr'><strong>Munera</strong></span> <span class='ocrx_word' id='word_1_741' title='bbox 1233 5121 1502 5177; x_wconf 85' lang='lat' dir='ltr'><strong>dederunt</strong></span> <span class='ocrx_word' id='word_1_742' title='bbox 1544 5137 1753 5181; x_wconf 88' lang='lat' dir='ltr'><strong>amato-</strong></span> 
     </span>
    </p>
   </div>
   <div class='ocr_carea' id='block_1_100' title="bbox 196 5208 1755 5281">
    <p class='ocr_par' dir='ltr' id='par_1_100' title="bbox 196 5208 1755 5281">
     <span class='ocr_line' id='line_1_100' title="bbox 196 5208 1755 5281; baseline 0.009 -22"><span class='ocrx_word' id='word_1_743' title='bbox 196 5221 211 5254; x_wconf 77' lang='grc' dir='ltr'><strong>ι</strong></span> <span class='ocrx_word' id='word_1_744' title='bbox 254 5208 410 5265; x_wconf 89' lang='lat' dir='ltr'><strong>ribus.</strong></span> <span class='ocrx_word' id='word_1_745' title='bbox 442 5213 646 5281; x_wconf 74' lang='lat' dir='ltr'><strong>(Vens.</strong></span> <span class='ocrx_word' id='word_1_746' title='bbox 688 5211 785 5279; x_wconf 77' lang='grc'><strong>10)</strong></span> <span class='ocrx_word' id='word_1_747' title='bbox 835 5210 940 5265; x_wconf 90' lang='lat' dir='ltr'><strong>Sed</strong></span> <span class='ocrx_word' id='word_1_748' title='bbox 983 5221 1038 5265; x_wconf 91' lang='lat' dir='ltr'><strong>et</strong></span> <span class='ocrx_word' id='word_1_749' title='bbox 1085 5214 1333 5267; x_wconf 88' lang='lat' dir='ltr'><strong>mercede</strong></span> <span class='ocrx_word' id='word_1_750' title='bbox 1376 5217 1755 5275; x_wconf 79' lang='lat' dir='ltr'><strong>conduxerunt</strong></span> 
     </span>
    </p>
   </div>
   <div class='ocr_carea' id='block_1_101' title="bbox 190 5302 1755 5375">
    <p class='ocr_par' dir='ltr' id='par_1_101' title="bbox 190 5302 1755 5375">
     <span class='ocr_line' id='line_1_101' title="bbox 190 5302 1755 5375; baseline 0.009 -25"><span class='ocrx_word' id='word_1_751' title='bbox 190 5306 215 5349; x_wconf 75' lang='grc' dir='ltr'><strong>ι</strong></span> <span class='ocrx_word' id='word_1_752' title='bbox 254 5302 514 5359; x_wconf 85' lang='lat' dir='ltr'><strong>nationes.</strong></span> <span class='ocrx_word' id='word_1_753' title='bbox 553 5324 573 5357; x_wconf 74' lang='grc' dir='ltr'><strong>ι</strong></span> <span class='ocrx_word' id='word_1_754' title='bbox 636 5302 861 5357; x_wconf 82' lang='lat' dir='ltr'><strong>Munera</strong></span> <span class='ocrx_word' id='word_1_755' title='bbox 910 5305 1235 5359; x_wconf 81' lang='lat' dir='ltr'><strong>amatoribus</strong></span> <span class='ocrx_word' id='word_1_756' title='bbox 1287 5306 1434 5375; x_wconf 89' lang='lat' dir='ltr'><strong>dant,</strong></span> <span class='ocrx_word' id='word_1_757' title='bbox 1488 5324 1609 5367; x_wconf 87' lang='lat' dir='ltr'><strong>cum</strong></span> <span class='ocrx_word' id='word_1_758' title='bbox 1657 5311 1755 5366; x_wconf 90' lang='lat' dir='ltr'><strong>im-</strong></span> 
     </span>
    </p>
   </div>
   <div class='ocr_carea' id='block_1_102' title="bbox 194 5393 1751 5464">
    <p class='ocr_par' dir='ltr' id='par_1_102' title="bbox 194 5393 1751 5464">
     <span class='ocr_line' id='line_1_102' title="bbox 194 5393 1751 5464; baseline 0.008 -22"><span class='ocrx_word' id='word_1_759' title='bbox 194 5393 417 5456; x_wconf 85' lang='lat' dir='ltr'><strong>pendunt</strong></span> <span class='ocrx_word' id='word_1_760' title='bbox 459 5404 513 5448; x_wconf 90' lang='lat' dir='ltr'><strong>et</strong></span> <span class='ocrx_word' id='word_1_761' title='bbox 542 5394 1097 5464; x_wconf 84' lang='lat' dir='ltr'><strong>superimpenduntur</strong></span> <span class='ocrx_word' id='word_1_762' title='bbox 1119 5397 1473 5464; x_wconf 79' lang='lat' dir='ltr'><strong>daemonibus,</strong></span> <span class='ocrx_word' id='word_1_763' title='bbox 1508 5400 1591 5454; x_wconf 89' lang='lat' dir='ltr'><strong>vel</strong></span> <span class='ocrx_word' id='word_1_764' title='bbox 1634 5416 1751 5455; x_wconf 89' lang='lat' dir='ltr'><strong>ma-</strong></span> 
     </span>
    </p>
   </div>
   <div class='ocr_carea' id='block_1_103' title="bbox 193 5478 1751 5558">
    <p class='ocr_par' dir='ltr' id='par_1_103' title="bbox 193 5478 1751 5558">
     <span class='ocr_line' id='line_1_103' title="bbox 193 5478 1751 5558; baseline 0.006 -21"><span class='ocrx_word' id='word_1_765' title='bbox 193 5478 333 5552; x_wconf 84' lang='lat' dir='ltr'><strong>lignis</strong></span> <span class='ocrx_word' id='word_1_766' title='bbox 360 5486 691 5556; x_wconf 89' lang='lat' dir='ltr'><strong>hominibus,</strong></span> <span class='ocrx_word' id='word_1_767' title='bbox 718 5488 806 5557; x_wconf 91' lang='lat' dir='ltr'><strong>qui</strong></span> <span class='ocrx_word' id='word_1_768' title='bbox 835 5488 934 5543; x_wconf 89' lang='lat' dir='ltr'><strong>sibi</strong></span> <span class='ocrx_word' id='word_1_769' title='bbox 963 5499 1056 5543; x_wconf 89' lang='lat' dir='ltr'><strong>aut</strong></span> <span class='ocrx_word' id='word_1_770' title='bbox 1081 5488 1413 5558; x_wconf 81' lang='lat' dir='ltr'><strong>rapacitatis,</strong></span> <span class='ocrx_word' id='word_1_771' title='bbox 1446 5502 1538 5545; x_wconf 90' lang='lat' dir='ltr'><strong>aut</strong></span> <span class='ocrx_word' id='word_1_772' title='bbox 1559 5493 1751 5547; x_wconf 84' lang='lat' dir='ltr'><strong>obsce-</strong></span> 
     </span>
    </p>
   </div>
   <div class='ocr_carea' id='block_1_104' title="bbox 196 5578 1752 5650">
    <p class='ocr_par' dir='ltr' id='par_1_104' title="bbox 196 5578 1752 5650">
     <span class='ocr_line' id='line_1_104' title="bbox 196 5578 1752 5650; baseline 0.009 -26"><span class='ocrx_word' id='word_1_773' title='bbox 196 5587 267 5627; x_wconf 70' lang='lat' dir='ltr'><strong>na:</strong></span> <span class='ocrx_word' id='word_1_774' title='bbox 290 5578 573 5647; x_wconf 86' lang='lat' dir='ltr'><strong>voluptatis</strong></span> <span class='ocrx_word' id='word_1_775' title='bbox 622 5580 805 5650; x_wconf 89' lang='lat' dir='ltr'><strong>copias</strong></span> <span class='ocrx_word' id='word_1_776' title='bbox 842 5580 1275 5634; x_wconf 80' lang='lat' dir='ltr'><strong>subministrent.</strong></span> <span class='ocrx_word' id='word_1_777' title='bbox 1323 5579 1462 5635; x_wconf 89' lang='lat' dir='ltr'><strong>Hinc</strong></span> <span class='ocrx_word' id='word_1_778' title='bbox 1496 5592 1581 5636; x_wconf 90' lang='lat' dir='ltr'><strong>est</strong></span> <span class='ocrx_word' id='word_1_779' title='bbox 1610 5584 1752 5650; x_wconf 91' lang='lat' dir='ltr'><strong>quod</strong></span> 
     </span>
    </p>
   </div>
   <div class='ocr_carea' id='block_1_105' title="bbox 196 5662 1753 5741">
    <p class='ocr_par' dir='ltr' id='par_1_105' title="bbox 196 5662 1753 5741">
     <span class='ocr_line' id='line_1_105' title="bbox 196 5662 1753 5741; baseline 0.008 -26"><span class='ocrx_word' id='word_1_780' title='bbox 196 5662 381 5724; x_wconf 65' lang='lat' dir='ltr'><strong>laedere</strong></span> <span class='ocrx_word' id='word_1_781' title='bbox 424 5686 549 5725; x_wconf 91' lang='lat' dir='ltr'><strong>cum</strong></span> <span class='ocrx_word' id='word_1_782' title='bbox 587 5670 837 5741; x_wconf 82' lang='lat' dir='ltr'><strong>malignis</strong></span> <span class='ocrx_word' id='word_1_783' title='bbox 888 5680 1049 5741; x_wconf 87' lang='lat' dir='ltr'><strong>pacto</strong></span> <span class='ocrx_word' id='word_1_784' title='bbox 1092 5670 1400 5740; x_wconf 90' lang='lat' dir='ltr'><strong>spiritibus,</strong></span> <span class='ocrx_word' id='word_1_785' title='bbox 1456 5672 1523 5726; x_wconf 91' lang='lat' dir='ltr'><strong>ad</strong></span> <span class='ocrx_word' id='word_1_786' title='bbox 1564 5688 1753 5728; x_wconf 91' lang='lat' dir='ltr'><strong>eorum</strong></span> 
     </span>
    </p>
   </div>
   <div class='ocr_carea' id='block_1_106' title="bbox 196 5752 1748 5837">
    <p class='ocr_par' dir='ltr' id='par_1_106' title="bbox 196 5752 1748 5837">
     <span class='ocr_line' id='line_1_106' title="bbox 196 5752 1748 5837; baseline 0.006 -26"><span class='ocrx_word' id='word_1_787' title='bbox 196 5752 460 5837; x_wconf 79' lang='lat' dir='ltr'><strong>aliquoties</strong></span> <span class='ocrx_word' id='word_1_788' title='bbox 507 5762 746 5822; x_wconf 85' lang='lat' dir='ltr'><strong>hominis</strong></span> <span class='ocrx_word' id='word_1_789' title='bbox 786 5778 841 5819; x_wconf 92' lang='lat' dir='ltr'><strong>se</strong></span> <span class='ocrx_word' id='word_1_790' title='bbox 879 5762 1233 5831; x_wconf 79' lang='lat' dir='ltr'><strong>submittunt,</strong></span> <span class='ocrx_word' id='word_1_791' title='bbox 1270 5772 1323 5818; x_wconf 91' lang='lat' dir='ltr'><strong>et</strong></span> <span class='ocrx_word' id='word_1_792' title='bbox 1353 5765 1419 5819; x_wconf 91' lang='lat' dir='ltr'><strong>ab</strong></span> <span class='ocrx_word' id='word_1_793' title='bbox 1442 5764 1521 5821; x_wconf 87' lang='lat' dir='ltr'><strong>eis</strong></span> <span class='ocrx_word' id='word_1_794' title='bbox 1556 5780 1748 5829; x_wconf 82' lang='lat' dir='ltr'><strong>necro-</strong></span> 
     </span>
    </p>
   </div>
   <div class='ocr_carea' id='block_1_107' title="bbox 1859 4571 3432 4636">
    <p class='ocr_par' dir='ltr' id='par_1_107' title="bbox 1859 4571 3432 4636">
     <span class='ocr_line' id='line_1_107' title="bbox 1859 4571 3432 4636; baseline -0.001 -7"><span class='ocrx_word' id='word_1_795' title='bbox 1859 4596 1876 4629; x_wconf 91' lang='grc' dir='ltr'><strong>ι</strong></span> <span class='ocrx_word' id='word_1_796' title='bbox 1923 4576 2201 4631; x_wconf 90' lang='lat' dir='ltr'><strong>molabunt</strong></span> <span class='ocrx_word' id='word_1_797' title='bbox 2232 4587 2425 4626; x_wconf 89' lang='lat' dir='ltr'><strong>carnes</strong></span> <span class='ocrx_word' id='word_1_798' title='bbox 2471 4579 2527 4625; x_wconf 88' lang='lat' dir='ltr'><strong>et</strong></span> <span class='ocrx_word' id='word_1_799' title='bbox 2574 4572 2894 4636; x_wconf 89' lang='lat' dir='ltr'><strong>comedent,</strong></span> <span class='ocrx_word' id='word_1_800' title='bbox 2938 4583 2993 4625; x_wconf 93' lang='lat' dir='ltr'><strong>et</strong></span> <span class='ocrx_word' id='word_1_801' title='bbox 3031 4571 3288 4626; x_wconf 83' lang='lat' dir='ltr'><strong>Dominus</strong></span> <span class='ocrx_word' id='word_1_802' title='bbox 3326 4589 3432 4629; x_wconf 85' lang='lat' dir='ltr'><strong>non</strong></span> 
     </span>
    </p>
   </div>
   <div class='ocr_carea' id='block_1_108' title="bbox 1858 4661 3443 4736">
    <p class='ocr_par' dir='ltr' id='par_1_108' title="bbox 1858 4661 3443 4736">
     <span class='ocr_line' id='line_1_108' title="bbox 1858 4661 3443 4736; baseline -0.002 -16"><span class='ocrx_word' id='word_1_803' title='bbox 1858 4687 1875 4720; x_wconf 88' lang='grc' dir='ltr'><strong>ι</strong></span> <span class='ocrx_word' id='word_1_804' title='bbox 1924 4665 2178 4736; x_wconf 90' lang='lat' dir='ltr'><strong>suscipiet</strong></span> <span class='ocrx_word' id='word_1_805' title='bbox 2214 4679 2327 4717; x_wconf 90' lang='lat' dir='ltr'><strong>eas.</strong></span> <span class='ocrx_word' id='word_1_806' title='bbox 2358 4682 2377 4713; x_wconf 87' lang='grc'><strong>›</strong></span> <span class='ocrx_word' id='word_1_807' title='bbox 2422 4661 2640 4716; x_wconf 83' lang='lat' dir='ltr'><strong>Hostias</strong></span> <span class='ocrx_word' id='word_1_808' title='bbox 2676 4661 2931 4727; x_wconf 66' lang='lat' dir='ltr'><strong>aderunt,</strong></span> <span class='ocrx_word' id='word_1_809' title='bbox 2966 4662 3060 4732; x_wconf 90' lang='lat' dir='ltr'><strong>qui</strong></span> <span class='ocrx_word' id='word_1_810' title='bbox 3091 4662 3443 4731; x_wconf 69' lang='lat' dir='ltr'><strong>pwnitentias,</strong></span> 
     </span>
    </p>
   </div>
   <div class='ocr_carea' id='block_1_109' title="bbox 1853 4753 3438 4829">
    <p class='ocr_par' dir='ltr' id='par_1_109' title="bbox 1853 4753 3438 4829">
     <span class='ocr_line' id='line_1_109' title="bbox 1853 4753 3438 4829; baseline -0.001 -15"><span class='ocrx_word' id='word_1_811' title='bbox 1853 4759 2135 4829; x_wconf 84' lang='lat' dir='ltr'><strong>aliquoties</strong></span> <span class='ocrx_word' id='word_1_812' title='bbox 2157 4756 2423 4826; x_wconf 89' lang='lat' dir='ltr'><strong>publicas,</strong></span> <span class='ocrx_word' id='word_1_813' title='bbox 2446 4764 2501 4809; x_wconf 88' lang='lat' dir='ltr'><strong>et</strong></span> <span class='ocrx_word' id='word_1_814' title='bbox 2532 4764 2757 4811; x_wconf 67' lang='lat' dir='ltr'><strong>caeteras</strong></span> <span class='ocrx_word' id='word_1_815' title='bbox 2797 4753 3181 4809; x_wconf 80' lang='lat' dir='ltr'><strong>ecclesiastica:</strong></span> <span class='ocrx_word' id='word_1_816' title='bbox 3222 4755 3438 4812; x_wconf 80' lang='lat' dir='ltr'><strong>institu-</strong></span> 
     </span>
    </p>
   </div>
   <div class='ocr_carea' id='block_1_110' title="bbox 1855 4839 3441 4918">
    <p class='ocr_par' dir='ltr' id='par_1_110' title="bbox 1855 4839 3441 4918">
     <span class='ocr_line' id='line_1_110' title="bbox 1855 4839 3441 4918; baseline -0.005 -8"><span class='ocrx_word' id='word_1_817' title='bbox 1855 4854 2018 4910; x_wconf 78' lang='grc' dir='ltr'><strong>ιὶυιιίε</strong></span> <span class='ocrx_word' id='word_1_818' title='bbox 2045 4848 2409 4912; x_wconf 87' lang='lat' dir='ltr'><strong>ceremonias,</strong></span> <span class='ocrx_word' id='word_1_819' title='bbox 2441 4847 2560 4918; x_wconf 92' lang='lat' dir='ltr'><strong>plus</strong></span> <span class='ocrx_word' id='word_1_820' title='bbox 2587 4863 2655 4902; x_wconf 77' lang='lat' dir='ltr'><strong>ex</strong></span> <span class='ocrx_word' id='word_1_821' title='bbox 2685 4839 2796 4903; x_wconf 80' lang='lat' dir='ltr'><strong>sola</strong></span> <span class='ocrx_word' id='word_1_822' title='bbox 2829 4847 3069 4918; x_wconf 89' lang='lat' dir='ltr'><strong>generali</strong></span> <span class='ocrx_word' id='word_1_823' title='bbox 3094 4850 3441 4903; x_wconf 88' lang='lat' dir='ltr'><strong>consuetudi-</strong></span> 
     </span>
    </p>
   </div>
   <div class='ocr_carea' id='block_1_111' title="bbox 1856 4938 3451 5012">
    <p class='ocr_par' dir='ltr' id='par_1_111' title="bbox 1856 4938 3451 5012">
     <span class='ocr_line' id='line_1_111' title="bbox 1856 4938 3451 5012; baseline -0.002 -14"><span class='ocrx_word' id='word_1_824' title='bbox 1856 4960 1924 4998; x_wconf 89' lang='lat' dir='ltr'><strong>ne</strong></span> <span class='ocrx_word' id='word_1_825' title='bbox 1954 4957 2113 5012; x_wconf 90' lang='lat' dir='ltr'><strong>quam</strong></span> <span class='ocrx_word' id='word_1_826' title='bbox 2168 4955 2233 4994; x_wconf 76' lang='lat' dir='ltr'><strong>ex</strong></span> <span class='ocrx_word' id='word_1_827' title='bbox 2283 4938 2561 5008; x_wconf 87' lang='lat' dir='ltr'><strong>religionis</strong></span> <span class='ocrx_word' id='word_1_828' title='bbox 2610 4938 2812 5008; x_wconf 88' lang='lat' dir='ltr'><strong>pietate</strong></span> <span class='ocrx_word' id='word_1_829' title='bbox 2865 4947 3196 5011; x_wconf 87' lang='lat' dir='ltr'><strong>proponunt.</strong></span> <span class='ocrx_word' id='word_1_830' title='bbox 3240 4938 3451 5003; x_wconf 63' lang='lat' dir='ltr'><strong>Cui-nes</strong></span> 
     </span>
    </p>
   </div>
   <div class='ocr_carea' id='block_1_112' title="bbox 1856 5033 3455 5103">
    <p class='ocr_par' dir='ltr' id='par_1_112' title="bbox 1856 5033 3455 5103">
     <span class='ocr_line' id='line_1_112' title="bbox 1856 5033 3455 5103; baseline 0.001 -14"><span class='ocrx_word' id='word_1_831' title='bbox 1856 5035 2152 5095; x_wconf 84' lang='lat' dir='ltr'><strong>immolant,</strong></span> <span class='ocrx_word' id='word_1_832' title='bbox 2184 5049 2308 5088; x_wconf 89' lang='lat' dir='ltr'><strong>cum</strong></span> <span class='ocrx_word' id='word_1_833' title='bbox 2356 5042 2581 5103; x_wconf 88' lang='lat' dir='ltr'><strong>peccata</strong></span> <span class='ocrx_word' id='word_1_834' title='bbox 2630 5034 2868 5088; x_wconf 90' lang='lat' dir='ltr'><strong>carnalia</strong></span> <span class='ocrx_word' id='word_1_835' title='bbox 2917 5033 3238 5087; x_wconf 77' lang='lat' dir='ltr'><strong>detestanda</strong></span> <span class='ocrx_word' id='word_1_836' title='bbox 3284 5033 3455 5091; x_wconf 77' lang='lat' dir='ltr'><strong>factis</strong></span> 
     </span>
    </p>
   </div>
   <div class='ocr_carea' id='block_1_113' title="bbox 1853 5122 3454 5192">
    <p class='ocr_par' dir='ltr' id='par_1_113' title="bbox 1853 5122 3454 5192">
     <span class='ocr_line' id='line_1_113' title="bbox 1853 5122 3454 5192; baseline -0.001 -12"><span class='ocrx_word' id='word_1_837' title='bbox 1853 5124 2289 5180; x_wconf 76' lang='lat' dir='ltr'><strong>confessionibus</strong></span> <span class='ocrx_word' id='word_1_838' title='bbox 2342 5124 2493 5192; x_wconf 85' lang='lat' dir='ltr'><strong>quasi</strong></span> <span class='ocrx_word' id='word_1_839' title='bbox 2534 5133 2795 5178; x_wconf 88' lang='lat' dir='ltr'><strong>mactant.</strong></span> <span class='ocrx_word' id='word_1_840' title='bbox 2827 5122 2933 5178; x_wconf 89' lang='lat' dir='ltr'><strong>Sed</strong></span> <span class='ocrx_word' id='word_1_841' title='bbox 2971 5135 3148 5177; x_wconf 90' lang='lat' dir='ltr'><strong>tamen</strong></span> <span class='ocrx_word' id='word_1_842' title='bbox 3201 5137 3294 5179; x_wconf 82' lang='lat' dir='ltr'><strong>eos</strong></span> <span class='ocrx_word' id='word_1_843' title='bbox 3344 5138 3454 5178; x_wconf 59' lang='lat' dir='ltr'><strong>co-~</strong></span> 
     </span>
    </p>
   </div>
   <div class='ocr_carea' id='block_1_114' title="bbox 1855 5212 3442 5285">
    <p class='ocr_par' dir='ltr' id='par_1_114' title="bbox 1855 5212 3442 5285">
     <span class='ocr_line' id='line_1_114' title="bbox 1855 5212 3442 5285; baseline -0.003 -15"><span class='ocrx_word' id='word_1_844' title='bbox 1855 5219 2097 5281; x_wconf 86' lang='lat' dir='ltr'><strong>medunt,</strong></span> <span class='ocrx_word' id='word_1_845' title='bbox 2132 5217 2255 5285; x_wconf 89' lang='lat' dir='ltr'><strong>quia</strong></span> <span class='ocrx_word' id='word_1_846' title='bbox 2280 5231 2466 5270; x_wconf 88' lang='lat' dir='ltr'><strong>eorum</strong></span> <span class='ocrx_word' id='word_1_847' title='bbox 2504 5232 2601 5269; x_wconf 85' lang='lat' dir='ltr'><strong>usu</strong></span> <span class='ocrx_word' id='word_1_848' title='bbox 2630 5230 2748 5270; x_wconf 88' lang='lat' dir='ltr'><strong>sese</strong></span> <span class='ocrx_word' id='word_1_849' title='bbox 2774 5215 3107 5283; x_wconf 87' lang='lat' dir='ltr'><strong>ingurgitare</strong></span> <span class='ocrx_word' id='word_1_850' title='bbox 3150 5228 3258 5268; x_wconf 84' lang='lat' dir='ltr'><strong>non</strong></span> <span class='ocrx_word' id='word_1_851' title='bbox 3298 5212 3442 5278; x_wconf 69' lang='lat' dir='ltr'><strong>desi;</strong></span> 
     </span>
    </p>
   </div>
   <div class='ocr_carea' id='block_1_115' title="bbox 1855 5304 3443 5379">
    <p class='ocr_par' dir='ltr' id='par_1_115' title="bbox 1855 5304 3443 5379">
     <span class='ocr_line' id='line_1_115' title="bbox 1855 5304 3443 5379; baseline -0.004 -15"><span class='ocrx_word' id='word_1_852' title='bbox 1855 5318 2009 5364; x_wconf 90' lang='lat' dir='ltr'><strong>nunt.</strong></span> <span class='ocrx_word' id='word_1_853' title='bbox 2046 5308 2153 5362; x_wconf 82' lang='lat' dir='ltr'><strong>Has</strong></span> <span class='ocrx_word' id='word_1_854' title='bbox 2180 5324 2307 5379; x_wconf 86' lang='lat' dir='ltr'><strong>ergo</strong></span> <span class='ocrx_word' id='word_1_855' title='bbox 2334 5309 2540 5362; x_wconf 88' lang='lat' dir='ltr'><strong>hostias</strong></span> <span class='ocrx_word' id='word_1_856' title='bbox 2573 5307 2712 5361; x_wconf 89' lang='lat' dir='ltr'><strong>Deus</strong></span> <span class='ocrx_word' id='word_1_857' title='bbox 2739 5321 2845 5361; x_wconf 90' lang='lat' dir='ltr'><strong>non</strong></span> <span class='ocrx_word' id='word_1_858' title='bbox 2877 5305 3122 5374; x_wconf 87' lang='lat' dir='ltr'><strong>suscipit,</strong></span> <span class='ocrx_word' id='word_1_859' title='bbox 3148 5306 3270 5374; x_wconf 81' lang='lat' dir='ltr'><strong>quia</strong></span> <span class='ocrx_word' id='word_1_860' title='bbox 3296 5304 3443 5358; x_wconf 76' lang='lat' dir='ltr'><strong>inille</strong></span> 
     </span>
    </p>
   </div>
   <div class='ocr_carea' id='block_1_116' title="bbox 1856 5397 3440 5469">
    <p class='ocr_par' dir='ltr' id='par_1_116' title="bbox 1856 5397 3440 5469">
     <span class='ocr_line' id='line_1_116' title="bbox 1856 5397 3440 5469; baseline -0.001 -13"><span class='ocrx_word' id='word_1_861' title='bbox 1856 5408 2016 5467; x_wconf 85' lang='lat' dir='ltr'><strong>modo</strong></span> <span class='ocrx_word' id='word_1_862' title='bbox 2044 5400 2246 5465; x_wconf 87' lang='lat' dir='ltr'><strong>ollicia,</strong></span> <span class='ocrx_word' id='word_1_863' title='bbox 2290 5417 2408 5469; x_wconf 67' lang='lat' dir='ltr'><strong>qua:</strong></span> <span class='ocrx_word' id='word_1_864' title='bbox 2448 5399 2787 5454; x_wconf 82' lang='lat' dir='ltr'><strong>extrinsecus</strong></span> <span class='ocrx_word' id='word_1_865' title='bbox 2824 5398 3300 5457; x_wconf 90' lang='lat' dir='ltr'><strong>administrantur,</strong></span> <span class='ocrx_word' id='word_1_866' title='bbox 3335 5397 3440 5455; x_wconf 87' lang='lat' dir='ltr'><strong>nisi</strong></span> 
     </span>
    </p>
   </div>
   <div class='ocr_carea' id='block_1_117' title="bbox 1855 5487 3439 5562">
    <p class='ocr_par' dir='ltr' id='par_1_117' title="bbox 1855 5487 3439 5562">
     <span class='ocr_line' id='line_1_117' title="bbox 1855 5487 3439 5562; baseline -0.006 -15"><span class='ocrx_word' id='word_1_867' title='bbox 1855 5507 1921 5547; x_wconf 78' lang='lat' dir='ltr'><strong>ex</strong></span> <span class='ocrx_word' id='word_1_868' title='bbox 1956 5492 2148 5545; x_wconf 91' lang='lat' dir='ltr'><strong>intimo</strong></span> <span class='ocrx_word' id='word_1_869' title='bbox 2176 5490 2549 5562; x_wconf 82' lang='lat' dir='ltr'><strong>proferantur,</strong></span> <span class='ocrx_word' id='word_1_870' title='bbox 2583 5488 2833 5542; x_wconf 88' lang='lat' dir='ltr'><strong>attendit.</strong></span> <span class='ocrx_word' id='word_1_871' title='bbox 2882 5505 2901 5537; x_wconf 80' lang='grc' dir='ltr'><strong>ι</strong></span> <span class='ocrx_word' id='word_1_872' title='bbox 2947 5487 3097 5541; x_wconf 78' lang='lat' dir='ltr'><strong>Nunc</strong></span> <span class='ocrx_word' id='word_1_873' title='bbox 3126 5488 3439 5543; x_wconf 63' lang='lat' dir='ltr'><strong>recordabi.</strong></span> 
     </span>
    </p>
   </div>
   <div class='ocr_carea' id='block_1_118' title="bbox 1861 5580 3437 5653">
    <p class='ocr_par' dir='ltr' id='par_1_118' title="bbox 1861 5580 3437 5653">
     <span class='ocr_line' id='line_1_118' title="bbox 1861 5580 3437 5653; baseline -0.003 -17"><span class='ocrx_word' id='word_1_874' title='bbox 1861 5602 1881 5636; x_wconf 84' lang='grc' dir='ltr'><strong>ι</strong></span> <span class='ocrx_word' id='word_1_875' title='bbox 1930 5592 2016 5637; x_wconf 93' lang='lat' dir='ltr'><strong>tnr</strong></span> <span class='ocrx_word' id='word_1_876' title='bbox 2040 5584 2351 5653; x_wconf 88' lang='lat' dir='ltr'><strong>iniquitates</strong></span> <span class='ocrx_word' id='word_1_877' title='bbox 2380 5596 2591 5644; x_wconf 90' lang='lat' dir='ltr'><strong>eorum,</strong></span> <span class='ocrx_word' id='word_1_878' title='bbox 2620 5588 2677 5633; x_wconf 89' lang='lat' dir='ltr'><strong>et</strong></span> <span class='ocrx_word' id='word_1_879' title='bbox 2698 5580 2935 5635; x_wconf 89' lang='lat' dir='ltr'><strong>visitabit</strong></span> <span class='ocrx_word' id='word_1_880' title='bbox 2968 5590 3188 5650; x_wconf 87' lang='lat' dir='ltr'><strong>peccata</strong></span> <span class='ocrx_word' id='word_1_881' title='bbox 3212 5595 3437 5646; x_wconf 78' lang='lat' dir='ltr'><strong>eorum;</strong></span> 
     </span>
    </p>
   </div>
   <div class='ocr_carea' id='block_1_119' title="bbox 1866 5671 3440 5744">
    <p class='ocr_par' dir='ltr' id='par_1_119' title="bbox 1866 5671 3440 5744">
     <span class='ocr_line' id='line_1_119' title="bbox 1866 5671 3440 5744; baseline -0.001 -17"><span class='ocrx_word' id='word_1_882' title='bbox 1866 5695 1885 5727; x_wconf 82' lang='grc' dir='ltr'><strong>ι</strong></span> <span class='ocrx_word' id='word_1_883' title='bbox 1935 5676 2036 5744; x_wconf 89' lang='lat' dir='ltr'><strong>ipsi</strong></span> <span class='ocrx_word' id='word_1_884' title='bbox 2093 5676 2145 5729; x_wconf 92' lang='lat' dir='ltr'><strong>in</strong></span> <span class='ocrx_word' id='word_1_885' title='bbox 2201 5674 2491 5744; x_wconf 63' lang='lat' dir='ltr'><strong>ngprum</strong></span> <span class='ocrx_word' id='word_1_886' title='bbox 2535 5681 2940 5728; x_wconf 89' lang='lat' dir='ltr'><strong>convertentur.</strong></span> <span class='ocrx_word' id='word_1_887' title='bbox 2979 5692 2998 5725; x_wconf 78' lang='grc' dir='ltr'><strong>ι</strong></span> <span class='ocrx_word' id='word_1_888' title='bbox 3040 5671 3219 5737; x_wconf 81' lang='lat' dir='ltr'><strong>Nunc,</strong></span> <span class='ocrx_word' id='word_1_889' title='bbox 3254 5671 3306 5727; x_wconf 90' lang='lat' dir='ltr'><strong>id</strong></span> <span class='ocrx_word' id='word_1_890' title='bbox 3334 5680 3440 5737; x_wconf 80' lang='lat' dir='ltr'><strong>est,</strong></span> 
     </span>
    </p>
   </div>
   <div class='ocr_carea' id='block_1_120' title="bbox 1859 5766 3443 5840">
    <p class='ocr_par' dir='ltr' id='par_1_120' title="bbox 1859 5766 3443 5840">
     <span class='ocr_line' id='line_1_120' title="bbox 1859 5766 3443 5840; baseline -0.004 -14"><span class='ocrx_word' id='word_1_891' title='bbox 1859 5769 1912 5835; x_wconf 87' lang='lat' dir='ltr'><strong>in</strong></span> <span class='ocrx_word' id='word_1_892' title='bbox 1943 5771 2042 5824; x_wconf 90' lang='lat' dir='ltr'><strong>hoc</strong></span> <span class='ocrx_word' id='word_1_893' title='bbox 2087 5769 2175 5825; x_wconf 86' lang='lat' dir='ltr'><strong>tali</strong></span> <span class='ocrx_word' id='word_1_894' title='bbox 2205 5784 2392 5825; x_wconf 86' lang='lat' dir='ltr'><strong>corum</strong></span> <span class='ocrx_word' id='word_1_895' title='bbox 2433 5776 2599 5836; x_wconf 88' lang='lat' dir='ltr'><strong>statu,</strong></span> <span class='ocrx_word' id='word_1_896' title='bbox 2626 5784 2808 5824; x_wconf 83' lang='lat' dir='ltr'><strong>eorum</strong></span> <span class='ocrx_word' id='word_1_897' title='bbox 2848 5769 3148 5840; x_wconf 80' lang='lat' dir='ltr'><strong>iniquitates</strong></span> <span class='ocrx_word' id='word_1_898' title='bbox 3189 5766 3443 5827; x_wconf 82' lang='lat' dir='ltr'><strong>recorda-</strong></span> 
     </span>
    </p>
   </div>
  </div>
