3998 6326
544 308 650 381 33's
1432 315 1492 371 v.
1527 314 1852 374 GUIBERTI
1892 312 2159 368 ABBATIE

2268 355 2276 367 .
2320 311 2556 370 ΜΑΒΙᾹΞ
2593 315 2680 370 DE
2713 313 3106 372 NOVIGENTU
3694 321 3786 378 εει

550 448 660 497 tttr,
685 449 808 488 cum
837 418 932 503 per
959 430 1246 501 cujuslibet
1286 428 1580 483 illationem
1620 427 1813 498 ﬂagelli
1864 427 2132 482 diuturnae
2161 430 2208 489 Α
2243 446 2261 480 t
2309 443 2470 499 super
2493 444 2683 483 omnes
2706 446 2860 484 arcas
2887 431 3072 485 tritici.
3113 451 3131 484 ι
3160 430 3447 487 Mercedem
3462 450 3611 503 super
3629 453 3785 493 omnes

549 529 791 597 ipsorum
847 522 1101 591 nequitia:
1154 520 1467 575 meminisse
1498 520 1735 572 videtur.
1775 517 1941 585 Quasi
1987 518 2132 571 enim
2235 536 2386 573 arcas
2424 520 2587 573 tritici
2618 520 2813 590 diligit,
2862 522 3068 576 scilicet
3106 522 3248 577 illam
3276 539 3381 593 qua
3412 527 3651 595 superius
3676 544 3788 583 con.

550 625 772 687 putatur
824 614 965 667 Deus
1014 611 1260 667 oblivisci
1288 625 1517 680 quorum
1564 609 1871 663 dissimulat
1915 609 2134 664 interim
2237 602 2469 664 duxerat
2498 611 2744 666 nationes
2775 612 3057 681 plusquam
3092 629 3281 669 omnes
3314 631 3480 671 sacrm
3515 615 3788 687 Scriptura

548 719 765 762 errores
796 702 1003 759 ulcisci.
1039 699 1268 757 Peccata
1306 718 1484 756 eorum
1522 702 1729 765 visitat,
1764 716 1887 756 cum
1915 716 2010 770 per
2035 701 2133 755 ad-
2237 701 2621 771 paginas,qn:e
2636 703 3107 759 distribuunturin
3132 706 3318 774 libros,
3348 717 3402 763 et
3424 708 3474 761 hi
3505 720 3621 764 sunt
3646 728 3787 781 area,

550 808 828 850 versornm
847 793 1347 861 congeminationes
1369 793 1562 847 crebro
1585 792 1747 864 206
1762 807 1825 847 ea
1856 807 1914 847 se
1935 792 2137 848 vidisse
2239 807 2303 846 ac
2336 792 2380 847 si
2409 794 2657 863 quaedam
2696 796 3101 866 particulariter
3142 798 3341 855 excisa:
3385 809 3646 857 terrarum
3683 817 3792 875 por-

550 887 904 941 dctnonstrat.
942 884 1177 939 Verbum
1207 886 1353 939 enim
1386 883 1867 954 frequentativum,
1889 885 2030 956 quod
2054 893 2137 939 est
2240 884 2439 940 titnes.
2474 886 2629 941 Area:
2656 903 2787 957 ergo
2837 889 3002 945 tritici
3049 890 3174 945 libri
3223 901 3350 947 sunt
3384 890 3547 947 divini
3591 895 3793 969 eloquii,

547 977 776 1041 visitat,
845 976 1218 1031 assiduitatem
1284 976 1511 1032 visionis
1565 975 1855 1046 signiﬁcat.
1912 974 2024 1046 Ipsi
2082 975 2137 1029 in
2239 974 2617 1044 quasquisque
2638 979 2977 1047 quantoplus
2998 980 3218 1049 excolit,
3258 995 3325 1038 eo
3346 983 3796 1059 uberioressuper-

548 1069 841 1138 Egyptian
893 1078 1298 1135 convertuntur,
1335 1084 1457 1123 cum
1485 1083 1580 1137 pro
1630 1068 1985 1124 correctionis
2017 1068 2138 1124 luce
2241 1080 2325 1121 me
2374 1065 2747 1135 intelligentiae
2799 1069 3010 1127 fructus
3040 1071 3337 1128 adinvenit.
3376 1074 3639 1132 Triticum
3686 1090 3794 1148 est,

548 1160 937 1216 obstinationis
962 1160 1224 1227 tenebris,
1252 1160 1394 1232 quod
1424 1160 1689 1233 Ᾱῖεγριιις
1726 1161 1923 1228 innuit,
1951 1160 2139 1216 obvol-
2241 1169 2349 1225 quo
2371 1155 2524 1223 juxta
2546 1157 2832 1227 psalmum,
2851 1162 3022 1217 valles
3042 1162 3319 1218 abundant
3344 1163 3520 1233 (Psal.
3545 1184 3681 1232 thv,
3704 1170 3797 1237 Hi,

552 1261 776 1305 νυηιω..
2242 1254 2292 1297 et
2320 1244 2475 1314 cujus
2518 1247 2674 1317 adipe
2705 1249 2796 1303 lilii
2830 1250 2959 1305 Sion
2994 1253 3264 1307 satiantur
3303 1252 3479 1324 (Prol.
3520 1273 3676 1328 txxx,
3704 1261 3797 1331 Π).

630 1343 790 1398 Vens.
828 1344 913 1398 Η.
937 1375 1009 1386 --
1042 1364 1061 1397 ι
1104 1346 1168 1401 Et
1198 1345 1398 1400 oblitus
1434 1353 1517 1400 est
1562 1345 1729 1399 Israel
1759 1344 2006 1399 Factoris
2032 1344 2137 1412 sui,
2244 1333 2418 1406 Super
2446 1354 2621 1394 omnes
2650 1355 2780 1413 ergo
2807 1359 2960 1398 areas
2988 1345 3151 1397 tritici
3172 1360 3388 1401 merces
3417 1346 3671 1419 diligitur,
3694 1366 3800 1412 eum

559 1452 578 1485 ε
620 1444 676 1489 et
701 1435 986 1490 aediﬁcavit
1015 1437 1258 1501 delubra,
1290 1447 1343 1491 et
1368 1435 1394 1492 J
1406 1439 1536 1491 udas
1571 1435 1945 1504 utnltiplicavit
1974 1438 2141 1492 urbes
2234 1444 2411 1509 super
2432 1447 2595 1487 omne
2622 1435 2763 1503 quod
2792 1434 2845 1489 in
2871 1434 3171 1504 Scripturis
3203 1438 3474 1507 reperitur
3494 1439 3807 1499 adulationes

562 1543 581 1576 ι
630 1526 888 1580 munitas.
924 1545 943 1578 ι
979 1526 1143 1581 Israel
1178 1542 1207 1581 a
1248 1528 1359 1582 Deo
1390 1529 1470 1590 ﬁt,
1501 1542 1623 1581 eum
1650 1543 1748 1597 per
1772 1528 1863 1583 Dei
1889 1528 2141 1583 timorem
2244 1521 2543 1594 sortilr-gia,
2583 1524 2780 1593 quibus
2812 1526 2878 1580 ad
2907 1525 3107 1597 ﬂagitia
3139 1525 3313 1596 major
3335 1528 3515 1584 aditus
3547 1545 3603 1584 se
3634 1533 3805 1601 aperit,

553 1632 583 1669 a
608 1631 704 1671 sua
734 1633 830 1685 per
852 1617 1123 1673 vanitates
1147 1618 1517 1673 exinanitione
1544 1618 1610 1673 ad
1633 1634 1819 1674 veram
1848 1619 2143 1675 essentiam
2247 1615 2421 1685 magis
2448 1631 2609 1686 quam
2635 1616 2782 1672 Verbi
2809 1617 2899 1673 Dei
2929 1620 3191 1673 exercitia
3212 1630 3558 1692 appetuntur.
3580 1623 3653 1679 Ea
3680 1626 3804 1683 enim

553 1717 772 1761 creatur
795 1718 850 1762 et
893 1709 1162 1765 subsistit.
1192 1709 1354 1778 Quasi
1395 1711 1538 1765 enim
1576 1726 1684 1765 non
1731 1722 1835 1778 est,
1868 1712 1957 1781 qui
2010 1709 2143 1766 sub-

2262 1718 2366 1771 ]uze
2403 1717 2494 1759 aut
2526 1722 2624 1761 usu
2676 1718 2770 1762 aut
2813 1709 3128 1767 curiositate
3157 1711 3455 1781 delectant,
3488 1713 3606 1770 ﬁdei
3635 1725 3807 1772 nostra

555 1802 809 1856 stantiam
866 1803 1004 1858 vim
1053 1804 1370 1860 intentionis
1416 1804 1620 1868 amitit,
1676 1820 1838 1875 quam
1889 1804 2145 1876 prodigus

2262 1793 2549 1866 sacrilegiis
2588 1796 2905 1867 plerumque
2933 1809 3209 1855 emuntur.

546 1891 702 1945 ﬁlius
756 1892 808 1947 in
860 1895 1177 1951 meretrices
1225 1896 1500 1966 expendit.
1552 1896 1707 1952 Unde
1751 1905 1807 1951 et
1852 1896 2147 1968 Apostolus

562 1980 868 2038 Corinthiis
898 1985 1146 2041 scribens
1188 2004 1201 2041 :
1241 2005 1259 2038 ι
1295 1986 1579 2053 Omnibus,
1619 1988 1719 2052 ait,
1740 1988 1831 2058 qui
1856 1997 1983 2042 sunt
2007 1988 2145 2042 inter

558 2091 657 2129 vos
711 2076 890 2137 (Rom.
938 2094 1015 2133 xit
1046 2120 1061 2145 ,
1096 2079 1175 2149 3),
1232 2098 1251 2133 ι
1291 2090 1479 2151 aperte
1530 2082 1764 2137 innuens
1811 2082 1938 2152 quia
1981 2081 2147 2152 aliqui

560 2166 704 2219 inter
731 2182 824 2221 eos
861 2176 1035 2231 erant,
1068 2170 1158 2238 qui
1210 2169 1506 2224 secundum
1545 2170 1649 2225 hoc
1684 2184 1806 2226 esse
1835 2185 1944 2225 non
1966 2177 2145 2226 erant.

559 2256 869 2313 Secundum
909 2262 1010 2316 hoc
1049 2261 1213 2316 Israel
1260 2261 1439 2317 factus
1485 2270 1588 2328 est,
1641 2278 1764 2318 cum
1796 2276 1895 2332 per
1930 2277 2148 2318 sensum

561 2350 838 2407 interioris
884 2353 1071 2424 gratize
1100 2353 1166 2407 ad
1218 2353 1449 2409 solidum
1504 2362 1792 2410 concretus
1834 2362 1936 2408 est.
1987 2353 2149 2408 Juxta

557 2441 878 2509 quodetiam
899 2461 911 2496 :
933 2462 950 2495 t
971 2444 1425 2501 lmteturlsraelin
1442 2461 1506 2501 eo
1528 2448 1618 2516 qui
1645 2445 1909 2501 feciteum
1934 2465 1952 2498 ›
1974 2444 2145 2517 (Paul.

561 2549 745 2597 cxux,
776 2534 854 2605 2).
886 2535 1058 2605 Hujus
1080 2535 1328 2592 Factoris
1350 2538 1433 2593 sui
1457 2537 1628 2592 Israel
1649 2537 2002 2601 obliviscitur,
2028 2551 2151 2591 cum

563 2643 710 2694 eum,
746 2630 837 2699 qui
874 2644 934 2685 se
966 2630 1194 2686 reﬁcere
1224 2630 1292 2686 de
1323 2646 1419 2687 sua
1457 2631 1850 2686 annihilatione
1879 2638 2150 2701 potuerat,

569 2727 873 2774 aversatur.
929 2719 1162 2775 Delubra
1220 2721 1484 2785 aediﬁcat,
1542 2737 1664 2777 cum
1727 2721 1817 2793 pio
1867 2721 2155 2777 recedente

569 2808 799 2865 Domino
818 2812 1237 2879 conscientiam,
1285 2828 1348 2868 ac
1383 2814 1426 2868 si
1457 2814 1639 2868 fanum
1664 2814 1972 2885 proprium,
2012 2813 2156 2869 illico

565 2899 929 2967 nequissimus
978 2902 1151 2957 hostis
1186 2902 1385 2970 intrat;
1416 2903 1534 2958 sine
1576 2903 1841 2958 alterutro
1866 2903 2009 2957 enim
2056 2903 2155 2957 ho-

562 2991 706 3059 spite
737 2992 891 3048 mens
927 3010 1030 3049 non
1061 3003 1257 3049 exstat.
1290 2993 1465 3050 Iudas
1509 2995 1703 3051 deinde
1733 2993 1883 3049 urbe:
1927 2996 2156 3048 munitas

573 3082 919 3154 multiplicat,
948 3102 1069 3141 cum
1100 3087 1379 3143 rationalis
1413 3088 1651 3153 devotio,
1682 3103 1802 3158 quas
1828 3102 1930 3143 nos
1959 3088 2026 3143 ad
2052 3088 2157 3143 Dco

570 3172 941 3229 conﬁtendum
984 3176 1087 3232 rite
1113 3177 1388 3243 sollicitat,
1422 3178 1564 3248 lapsa
1599 3178 1651 3233 in
1681 3193 1997 3249 perversum
2027 3194 2158 3234 con-

569 3272 654 3317 tra
688 3264 943 3335 pietatem
994 3268 1375 3335 confessionis,
1426 3285 1521 3326 seu
1564 3269 1793 3332 incuria,
1824 3286 1917 3325 seu
1951 3269 2159 3340 pudore

569 3371 630 3410 se
659 3358 890 3412 obstruit
914 3368 968 3413 et
988 3360 1261 3416 obﬁrntat.
1294 3361 1457 3417 Urbes
1484 3363 1717 3417 munitas
1739 3363 2002 3429 zediﬁcat,
2034 3375 2158 3417 cum

572 3449 640 3503 ad
671 3464 898 3522 qumque
927 3452 1169 3509 facinora
1205 3471 1325 3526 qua:
1350 3457 1601 3528 gesserit,
1639 3456 1953 3527 repagulum
1991 3456 2162 3511 obsti-

573 3543 811 3599 nationis
834 3546 1091 3613 objectat,
1130 3557 1185 3603 et
1234 3566 1447 3603 murum
1488 3550 1697 3606 vitiosae
1747 3552 1848 3623 (rel
1891 3552 2160 3622 superba!)

572 3635 941 3692 conclusionis
978 3638 1196 3694 exaltat.
1244 3659 1262 3693 t
1300 3641 1367 3696 Et
1391 3643 1599 3696 mittam
1630 3643 1808 3712 ignem
1835 3644 1887 3697 in
1914 3644 2163 3699 civitates

572 3734 600 3778 ἰ
650 3727 785 3795 ejus,
823 3738 880 3783 et
908 3730 1189 3787 devorabit
1240 3734 1383 3789 mdes
1430 3735 1593 3791 illius.
1634 3755 1653 3789 ι
1690 3734 1757 3789 In
1785 3737 2017 3790 civitates
2048 3737 2162 3806 ejus

577 3816 719 3886 ignis
766 3821 1022 3888 mittitur,
1065 3839 1187 3878 cum
1219 3825 1273 3880 in
1313 3825 1458 3880 illius
1500 3826 1685 3881 arcani
1737 3827 2007 3890 vecordia,
2042 3841 2164 3896 quae

575 3907 776 3962 nullius
807 3909 962 3965 bona:
992 3914 1285 3981 apertionis
1314 3916 1585 3986 spiramen
1615 3917 1869 3977 admittit.
1904 3917 2163 3986 concupi-

575 4000 800 4054 scentiae
828 4002 1045 4072 gravior
1067 4018 1131 4058 ex
1157 4019 1251 4059 sua
1281 4006 1649 4061 occultatione
1668 4006 1807 4075 ignis
1832 4006 1930 4074 (vel
1962 4004 2163 4074 fervor)

578 4090 846 4146 inmstuat.
872 4091 1039 4147 Αῖάεε
1061 4093 1204 4150 illius
1233 4097 1478 4162 devorat,
1505 4113 1627 4152 curn
1652 4098 1815 4151 ardor
1841 4096 2166 4152 intrinsecus

576 4194 675 4251 per
706 4179 1154 4240 incontinentiam
1194 4201 1317 4242 sese
1345 4187 1397 4241 in
1428 4186 1764 4243 exhibitione
1796 4189 2164 4243 membrorum

575 4275 823 4344 corporis
875 4279 1206 4335 manifestat.
1257 4279 1368 4336 Nec
1405 4281 1549 4334 enim
1581 4280 1758 4335 caveri
1794 4290 1989 4350 potest,
2031 4282 2162 4352 quin

574 4366 719 4435 quod
748 4367 837 4421 diu
870 4368 1011 4426 intro
1035 4371 1360 4441 concipitur,
1390 4385 1486 4440 per
1518 4369 1816 4440 quemlibet
1839 4373 2165 4426 sensualita-

576 4459 649 4512 tis
680 4458 945 4528 habitum,
976 4460 1155 4533 aliqua
1182 4461 1581 4533 signiﬁcatione
1610 4477 1717 4517 non
1746 4463 1974 4533 prodeat

1190 4554 1420 4611 CAPUT
1460 4554 1551 4610 IX.

646 4644 997 4701 Vsus.I.—t
1019 4645 1138 4702 Noli
1166 4645 1355 4714 laetari,
1383 4646 1569 4715 Israel,
1597 4646 1705 4702 noli
1728 4646 2002 4703 exsultare
2024 4646 2167 4702 sicut

581 4755 601 4788 α
649 4738 852 4808 populi,
877 4740 1003 4809 quia
1034 4739 1334 4795 fornicatus
1361 4754 1421 4794 es
1454 4756 1483 4793 a
1516 4741 1627 4795 Deo
1671 4749 1782 4795 tuo.
1822 4759 1841 4792 ι
1884 4740 2049 4795 Israel
2078 4741 2166 4795 Ire-

574 4831 676 4885 tari
706 4831 1046 4900 prohibetur,
1075 4847 1197 4886 cum
1223 4832 1350 4901 quia
1377 4831 1615 4886 exsultat
1639 4832 1707 4887 de
1746 4848 1858 4887 sua:
1897 4843 2163 4902 proventu

574 4921 977 4983 szecnlaritatis,
1018 4921 1084 4987 is,
1117 4921 1207 4989 qui
1245 4922 1518 4990 quondam
1555 4923 1622 4977 de
1658 4923 1752 4977 Dei
1782 4923 1993 4978 visione
2034 4937 2166 4994 gau—

577 5015 708 5069 dere
739 5015 965 5081 solebat,
980 5016 1243 5085 arguitur.
1263 5015 1410 5083 Noli,
1435 5016 1631 5087 inquit,
1644 5015 1909 5071 exsultare
1921 5018 2055 5070 sicut
2070 5033 2161 5085 po-

574 5104 710 5173 pnh‘,
726 5104 777 5157 id
788 5112 951 5157 estne
972 5119 1158 5157 eorum
1178 5105 1416 5175 ineptam
1432 5104 1802 5175 laetitiam,qui
1823 5103 1888 5160 de
1901 5104 2011 5159 Deo
2033 5105 2167 5159 nihil

578 5209 818 5262 ttnquam
841 5208 1088 5262 sapuere,
1117 5196 1448 5258 consideres,
1477 5212 1584 5251 non
1607 5196 1884 5265 licentiam
1912 5196 2164 5264 imiteris,

582 5302 685 5341 nec
718 5295 769 5339 te
795 5300 983 5340 eorum
1014 5288 1323 5360 vnlgarilati
1371 5289 1700 5357 conformes,
1724 5289 1851 5359 quia
1877 5289 2037 5359 longe
2065 5288 2169 5343 mi-

582 5374 915 5430 sericordias
941 5375 1204 5444 judicium
1235 5379 1531 5435 sortientur
1563 5380 1652 5449 qui
1690 5380 1828 5433 bona
1860 5394 1961 5435 nec
1985 5393 2167 5449 crepe-

582 5475 709 5520 rnnt
734 5481 895 5534 quam
928 5476 984 5521 tu
1007 5470 1096 5538 qui
1129 5471 1235 5523 Deo
1269 5481 1361 5525 tuo
1386 5470 1497 5537 jam
1531 5470 1841 5540 cognitione
1860 5470 2086 5534 haesisti,
2111 5479 2167 5525 et

582 5555 746 5610 modo
795 5555 1091 5614 fornicatus
1142 5576 1218 5612 es.
1270 5560 1401 5614 Nota
1465 5562 1607 5629 quod
1676 5560 1842 5615 laztari
1900 5561 2163 5627 interius,

582 5648 825 5701 exterius
847 5650 1119 5703 exsultare
1145 5652 1393 5718 pertinet.
1416 5653 1549 5717 Quia
1576 5670 1704 5723 ergo
1722 5653 1899 5722 impiis
1928 5652 2164 5724 gaudere

583 5754 690 5792 non
719 5748 823 5806 est,
846 5741 1129 5814 utrobique
1154 5744 1373 5797 vetitum
1399 5756 1498 5800 est.
1534 5765 1549 5797 ς
1587 5746 1828 5803 Dilcxisti
1859 5745 2160 5802 mercedem

2318 1886 2482 1940 Vatis.
2516 1887 2573 1952 2,
2608 1888 2661 1943 5.
2694 1920 2765 1930 —
2799 1908 2818 1942 t
2852 1890 2993 1947 Area
3037 1900 3092 1947 et
3121 1892 3361 1949 torcular
3388 1909 3501 1952 non
3523 1906 3699 1964 pascet
3723 1914 3807 1954 eos

2256 1994 2275 2029 t
2319 1985 2374 2032 et
2397 1979 2585 2033 vinum
2625 1982 2921 2039 mentietur
2956 1984 3055 2038 eis.
3094 1984 3211 2040 Non
3239 1985 3564 2043 habitabant
3602 1988 3649 2042 in
3687 1998 3809 2044 terra

2256 2086 2276 2120 t
2319 2068 2555 2125 Domini.
2595 2092 2612 2124 ι
2661 2075 2795 2128 Area
2852 2084 2978 2131 sunt
3020 2077 3203 2133 divina
3253 2079 3559 2143 volumina,
3611 2098 3810 2152 quorum

2252 2159 2404 2215 cultu
2463 2162 2821 2236 multiplices,
2872 2174 2929 2220 et
2979 2168 3280 2239 exquisitas
3329 2171 3732 2241 allegoriarum,
3770 2187 3810 2233 et

2256 2253 2572 2326 tropologize
2616 2255 2799 2327 fruges
2828 2258 3094 2316 elicimus.
3126 2260 3281 2328 Quod
3324 2262 3377 2317 in
3425 2266 3744 2334 propheticis
3771 2280 3810 2320 et

2254 2345 2567 2413 apostolicis
2623 2347 2819 2404 litteris
2870 2353 3069 2420 saepius
3130 2354 3465 2424 experimur.
3523 2354 3814 2413 Torcularia

2254 2446 2383 2493 sunt
2404 2439 2495 2510 qui
2550 2440 3096 2513 intellectualitatem,
3146 2462 3308 2517 quam
3354 2462 3613 2503 vocamus
3645 2465 3820 2518 anago-

2255 2543 2381 2597 gen,
2421 2543 2541 2599 quae
2588 2532 2654 2586 ad
2694 2533 2786 2587 Dei
2811 2534 3325 2605 contemplationem
3354 2538 3613 2607 pertinet,
3640 2554 3669 2593 e
3690 2537 3819 2592 Scri-

2264 2620 2439 2688 pturis
2467 2622 2772 2691 exprimere
2796 2636 3015 2679 norunt.
3049 2625 3126 2680 De
3149 2616 3345 2696 quibus
3366 2643 3497 2699 ergo
3521 2628 3745 2695 elicitur,
3772 2641 3819 2685 ut

2261 2721 2347 2765 est
2386 2727 2536 2781 area,
2578 2725 2632 2769 et
2674 2715 2763 2784 qni
2811 2716 3059 2782 eliciunt,
3106 2728 3165 2772 ut
3207 2729 3291 2773 est
3332 2720 3594 2787 torcular,
3627 2737 3707 2775 eor
3735 2739 3820 2776 mut

2258 2804 2433 2873 pascit
2461 2805 2586 2860 dum
2611 2807 2675 2860 de
2704 2822 2830 2862 area
2875 2808 3096 2863 moralis
3123 2809 3368 2864 scientia:
3404 2819 3666 2866 tractatus
3695 2812 3819 2879 igno-

2259 2905 2403 2963 rant,
2431 2904 2487 2950 et
2516 2896 2582 2952 de
2609 2897 2865 2952 torculari
2915 2900 3211 2969 quidquam
3248 2901 3488 2957 caelestis
3515 2918 3621 2973 qua
3650 2903 3711 2958 de
3734 2906 3824 2961 Deo

2262 2984 2584 3040 imbuuntur
2640 2988 2917 3057 sapientiae
2973 2989 3303 3043 elaborando
3359 3000 3687 3061 extorquere
3735 3010 3821 3049 non

2259 3086 2471 3131 curant.
2502 3078 2641 3145 Quid
2681 3080 2824 3134 enim
2882 3082 3097 3137 beatius
3151 3097 3312 3152 quam
3373 3084 3601 3139 inter-nte
3659 3089 3817 3140 \‘inunt

2263 3167 2564 3224 dulcedinis
2598 3170 2664 3226 de
2694 3170 2993 3242 Scripturis
3042 3173 3280 3243 exigere,
3333 3183 3387 3228 et
3423 3190 3662 3230 amorem
3706 3192 3821 3245 prte-

2261 3262 2497 3317 scntium
2529 3278 2627 3331 per
2651 3278 2836 3318 earum
2865 3265 3119 3319 haustum
3149 3282 3177 3319 a
3209 3281 3307 3321 suo
3328 3281 3489 3322 sensu
3516 3268 3826 3322 obliterare?

2264 3352 2334 3407 Et
2360 3355 2531 3407 vinum
2561 3355 2635 3408 eis
2667 3356 2948 3421 mentitur,
2980 3358 3107 3427 quia
3138 3372 3325 3411 eorum
3364 3374 3518 3414 tuens
3564 3358 3635 3414 ab
3662 3359 3824 3427 arterei

2261 3445 2592 3501 condimenti
2629 3463 2823 3518 sapore
2869 3459 2925 3503 et
2959 3449 3140 3504 calore
3178 3449 3482 3505 fraudator.
3535 3452 3700 3506 Terra
3735 3452 3826 3507 υθ-

2262 3538 2394 3591 mini
2416 3547 2501 3593 est
2526 3553 2747 3611 corpus,
2778 3542 2921 3610 quod
2952 3542 3144 3597 erictis
3167 3544 3514 3614 passionibus
3544 3544 3730 3599 ditioni
3756 3563 3825 3600 ia-

2266 3627 2429 3683 tionis
2461 3628 2570 3684 Deo
2594 3629 2849 3699 subjecta:
2884 3630 3191 3701 subjectum
3215 3643 3319 3689 est.
3346 3633 3417 3690 In
3450 3635 3555 3690 hac
3574 3645 3711 3690 terra
3743 3651 3827 3688 nou

2267 3720 2535 3784 habitant,
2561 3722 2686 3791 quia
2720 3724 2866 3779 enim
2890 3725 3050 3781 mites
3076 3742 3184 3782 non
3219 3736 3365 3796 sunt,
3401 3737 3455 3783 et
3480 3727 3651 3783 Deum
3686 3729 3829 3783 inses-

2266 3825 2444 3866 sorem
2486 3829 2590 3868 non
2640 3814 2863 3880 habent,
2908 3831 3004 3871 sua
3051 3817 3292 3887 ipsorum
3343 3834 3575 3890 corpora
3618 3820 3829 3874 habitare

2265 3903 2410 3972 quod
2461 3914 2547 3959 est
2598 3906 2885 3976 possidere,
2939 3926 3045 3965 non
3097 3910 3409 3981 pra’valcnt.
3455 3912 3665 3981 Corpus
3706 3910 3829 3966 enim

2267 4007 2448 4058 suum,
2475 3997 2618 4063 quod
2649 3996 2820 4051 Adam
2864 3998 3126 4055 obediens
3156 4001 3487 4067 obtinuerat,
3537 4001 3829 4071 inobedieus

2268 4082 2495 4139 ficorum
2537 4086 2678 4142 foliis
2726 4088 2973 4144 obnubit.
3028 4111 3045 4141 ι
3083 4090 3341 4160 Spiritus,
3391 4092 3486 4157 ait,
3528 4102 3655 4148 tuus
3682 4093 3829 4147 bonus

2267 4173 2498 4232 deducet
2549 4194 2633 4233 me
2674 4179 2726 4233 in
2778 4189 2979 4235 terram
3026 4182 3187 4255 207
3236 4193 3442 4238 rectam
3483 4182 3657 4253 (Psal.
3686 4197 3829 4245 cxtn,

2269 4266 2403 4336 l0):
2447 4287 2464 4321 ι
2500 4284 2620 4337 qua:
2650 4270 2949 4334 ideo.recta
2978 4283 3082 4336 est,
3121 4272 3247 4343 quia
3286 4272 3501 4328 Domini
3542 4282 3643 4329 est.
3692 4292 3709 4324 t
3744 4271 3831 4326 Re-

2275 4373 2295 4406 t
2341 4372 2534 4411 versus
2557 4368 2641 4413 est
2678 4359 2937 4431 prraim
2978 4361 3029 4414 iri
3068 4361 3389 4432 Egyptum,
3441 4371 3491 4417 et
3527 4363 3581 4419 in
3621 4361 3831 4433 Assyriis

2193 4469 2242 4530 ι)
2274 4466 2291 4497 t
2339 4448 2600 4517 pollutum
2626 4451 2883 4505 comedit.
2917 4470 2935 4504 ι
2974 4452 3038 4521 E;
3061 4454 3233 4509 Itrnim
3267 4455 3322 4506 in
3349 4442 3640 4526 ﬁgyptum
3675 4469 3831 4506 rever-

2270 4540 2420 4609 titur,
2450 4556 2571 4596 cutn
2604 4543 2852 4600 voluntas
2880 4554 3089 4610 nostra,
3121 4562 3243 4618 qua:
3283 4548 3445 4618 panis
3484 4549 3672 4604 aeterni
3699 4546 3832 4614 fruge

2265 4634 2504 4702 gaudere
2534 4634 2819 4703 debuerat,
2862 4638 2929 4692 ad
2969 4637 3265 4708 A‘lgyptnm
3315 4639 3571 4694 niteroris
3600 4650 3653 4695 et
3686 4653 3835 4705 angn-

2266 4727 2407 4791 stiaa,
2452 4727 2633 4782 saeculi
2676 4727 2930 4784 videlicet
2980 4729 3393 4795 sollicitudines;
3444 4740 3501 4786 et
3548 4730 3753 4785 labores
3785 4740 3833 4782 se

2267 4819 2629 4889 undecunque
2686 4819 2949 4877 declinat.
3020 4821 3174 4877 Unde
3222 4822 3549 4893 quibusdam
3610 4822 3830 4877 dicitur:

2274 4927 2292 4959 ι
2342 4908 2534 4966 Venite
2581 4910 2650 4965 ad
2697 4926 2814 4977 me,
2846 4927 3036 4968 omnes
3086 4912 3179 4983 qui
3229 4914 3488 4969 laboratis
3537 4923 3593 4969 et
3644 4910 3832 4968 onerati

2268 5003 2402 5057 estis
2463 5003 2682 5073 (Manli.
2732 5022 2797 5071 tt,
2855 5006 2973 5078 28).
3020 5027 3038 5057 ι
3082 5006 3149 5061 1η
3190 5006 3420 5078 Assyriis
3462 5006 3712 5077 pollutum
3750 5020 3831 5058 co-

2269 5094 2455 5158 medit,
2492 5097 2619 5151 dum
2648 5113 2771 5152 cum
2806 5098 2910 5163 his,
2951 5100 3043 5169 qui
3079 5099 3130 5152 in
3178 5099 3430 5155 domibus
3475 5113 3657 5168 regunt
3700 5103 3831 5157 sunt,

2267 5195 2324 5242 ct
2341 5202 2446 5240 non
2470 5198 2698 5257 angusta
2724 5197 2994 5243 sectantes
3017 5183 3829 5258 mollibusittduuntur(ibid.,8),

2269 5288 2324 5332 et
2346 5278 2498 5347 juxta
2522 5278 2647 5344 Joh,
2685 5279 2929 5334 suaviter
2958 5281 3168 5346 vivunt,
3196 5280 3251 5333 iii
3275 5279 3472 5351 quibus
3511 5296 3614 5333 non
3644 5273 3831 5346 reperi-

2272 5379 2360 5425 tur
2390 5371 2654 5441 sapientia
2682 5370 2826 5439 (Job,
2854 5388 3048 5439 xxvtn,
3071 5372 3178 5442 l5),
3202 5374 3454 5429 obscenis
3476 5371 3833 5428 ohsouiiscon-

2269 5463 2727 5533 cupiscentiarum
2780 5478 2840 5519 se
2882 5464 3213 5535 ingurgitare
3256 5481 3361 5520 non
3415 5464 3630 5520 desinit.
3677 5462 3832 5516 Assur

2268 5560 2410 5612 cn‘m
2443 5557 2639 5612 dicitttr
2662 5555 2811 5622 aula,
2844 5572 2963 5626 qua:
2985 5557 3121 5611 solet
3142 5572 3261 5613 esse
3296 5558 3463 5628 regia.

2346 5650 2507 5705 Vens.
2545 5651 2596 5704 4.
2630 5682 2698 5691 -
2734 5670 2752 5703 t
2784 5650 2897 5706 Non
2919 5651 3163 5706 libabant
3192 5653 3415 5706 Domino
3446 5652 3829 5708 vittttm.etn0tt

2279 5762 2295 5795 ‹
2344 5741 2628 5813 placebunt
2657 5742 2726 5797 ei.
2768 5760 2785 5795 ι
2830 5742 3017 5797 Vinum
3047 5743 3266 5799 Domino
3298 5761 3399 5798 mm
3431 5744 3576 5805 libat,
3603 5737 3832 5811 quisquis
