3952 6360
117 352 260 409 385
857 352 1315 411 TROPOIDGLE
1348 353 1414 409 IN
1446 348 1655 418 OSEE,
1686 349 1871 406 AilOS
1913 350 1998 406 ΕΤ
2039 352 2185 409 JER.
2208 332 2291 397 1-
2331 354 2454 409 LIB.
2491 354 2550 409 ll.
2595 353 2662 410 IN
2698 355 2899 412 OSEE.
3326 361 3431 417 586

121 464 338 518 divini
390 458 603 519 amoris
624 480 785 533 pcacs
819 466 982 520 Demu
1030 469 1332 531 dulcedine,
1358 476 1411 521 et
1451 466 1629 520 calore
1656 480 1762 518 non
1794 471 1837 527 Α
1868 467 1929 520 Et
1969 486 2084 522 ecce
2112 486 2142 522 τι
2172 470 2415 522 vastitate
2443 470 2875 537 proﬁciscuntur,
2906 468 2956 521 id
2977 478 3060 523 est
3088 473 3439 530 correctionis

120 566 394 609 abluat.
432 552 584 611 Unde
617 573 715 611 nec
742 559 787 611 ei
820 558 1030 626 placere
1073 570 1315 628 possunt,
1353 558 1479 629 quia
1519 557 1764 627 quisquis
1867 559 2228 629 impatientes,
2255 574 2351 613 nec
2383 577 2529 639 mora
2556 579 2583 613 a
2611 561 2800 630 seipsis
2823 558 3146 614 alienantur.
3170 562 3436 634 Egprus

122 662 213 697 vx
247 646 377 701 Deo
401 648 468 701 ad
493 647 601 702 Deo
624 650 1030 718 supplicandum
1060 666 1168 706 non
1193 652 1426 718 ducitur,
1460 649 1702 720 profecto
1732 664 1762 704 a
1862 666 1948 703 eos
1980 659 2303 721 congregat,
2343 666 2463 703 cum
2502 650 2761 707 sanctilarc
2798 652 3031 706 studium
3075 652 3176 707 sibi
3215 669 3309 709 eos
3348 672 3438 712 co-

122 731 324 801 Filio,
388 740 481 809 qui
527 739 746 795 indubie
793 740 933 796 Deus
962 751 1065 808 est,
1112 742 1238 813 quia
1282 757 1401 798 eum
1434 742 1575 799 Deus
1603 741 1764 799 Pater
1862 741 2081 795 aJunat.
2114 740 2266 807 Quod
2298 748 2381 796 est
2416 740 2597 796 dicere
2631 756 2645 796 :
2674 740 2807 797 Cum
2839 758 2867 796 a
2897 758 2993 797 sua
3022 737 3230 799 ratione
3259 743 3439 813 dispa-

124 844 267 882 ιιοη
328 831 523 893 traxit,
554 847 897 902 nequaquam
950 836 1281 904 agnoscitur,
1329 836 1523 890 nedum
1552 835 1763 905 placere
1864 836 2079 891 rantur,
2132 829 2232 882 sub
2277 830 2430 882 ’cura
2490 837 2669 884 tamen
2736 828 2989 901 Egyptia
3049 831 3437 901 glumerantur.

104 914 399 983 putetur
429 918 612 990 (Joan.
642 936 719 987 vt,
744 921 858 991 Μ).
891 942 910 974 ι
942 922 1220 978 Sacriﬁcia
1250 939 1459 989 eorum,
1491 925 1643 995 quasi
1668 941 1763 995 pa-

140 1023 166 1057 s
229 1008 328 1063 nis
379 1007 703 1079 lugentium.
745 1030 764 1063 »
803 1011 860 1065 1η
907 1014 1072 1067 veteri
1102 1013 1218 1084 lege
1259 1015 1349 1083 qui
1396 1016 1462 1068 de
1496 1014 1761 1070 sacriﬁcio

130 1111 260 1164 pro
294 1100 535 1155 mortuis
578 1102 920 1167 vescebatur,
955 1113 1008 1157 et
1040 1104 1348 1160 immundus
1394 1104 1510 1174 ipse
1536 1115 1674 1170 erat,
1707 1114 1761 1160 et

138 1200 325 1241 cassa
352 1188 562 1243 oblatio
589 1193 897 1259 putabatur.
932 1191 1099 1257 Quasi
1124 1194 1277 1263 panis
1303 1209 1434 1264 ergo
1471 1194 1758 1265 lugentium

142 1293 174 1329 s
201 1279 443 1346 .criﬁcia
476 1296 653 1333 eorum
697 1291 843 1347 sunt,
874 1283 998 1351 quia
1048 1286 1405 1354 quodcunque
1448 1286 1516 1340 ab
1561 1284 1641 1340 eis
1675 1285 1759 1340 vel

146 1372 405 1435 orando,
459 1373 542 1426 vel
572 1372 948 1428 eleemosinam
1002 1375 1300 1446 largiendo,
1355 1376 1465 1430 Deo
1491 1375 1757 1442 defertur,

149 1463 295 1516 vita:
326 1479 539 1528 eorum,
571 1480 688 1535 quae
716 1466 861 1520 nulla
892 1467 1191 1521 imitatione
1221 1468 1378 1538 digna
1410 1476 1514 1534 est,
1543 1483 1759 1539 compa-

151 1562 346 1619 ratur,
407 1557 496 1625 qui
546 1556 754 1611 nullum
811 1558 1104 1628 attigerunt
1152 1574 1398 1629 saporem
1454 1560 1754 1614 caelestium

152 1648 519 1712 gaudiorum,
540 1657 594 1704 et
611 1664 839 1720 quorum
863 1651 1039 1705 studia
1066 1651 1140 1705 nil
1163 1651 1354 1707 melius
1381 1652 1483 1706 dici
1510 1661 1754 1721 possunt,

148 1752 328 1806 quam
366 1741 620 1797 materies
668 1742 1050 1814 lacrymarum.
1086 1741 1250 1798 Panis
1295 1744 1440 1799 enim
1491 1759 1590 1813 pro
1653 1745 1755 1798 vita

149 1831 408 1898 ponitur,
454 1842 512 1886 ιιι
544 1843 627 1887 est
660 1851 673 1887 :
710 1852 727 1883 ι
762 1833 1037 1889 Mittamus
1086 1834 1285 1904 lignum
1319 1836 1371 1890 iu
1414 1850 1605 1904 panem
1638 1834 1754 1904 ejus

152 1920 302 1988 (λεν.
336 1938 395 1983 ιι,
433 1923 541 1992 l9).
589 1941 608 1973 ι
642 1923 842 1978 Omnes
863 1926 953 1994 qui
984 1926 1274 1979 comedunt
1312 1941 1458 1990 eum,
1490 1927 1751 1980 contami-

157 2028 178 2060 ι
226 2013 536 2078 nabuutur,
566 2014 689 2082 quia
720 2015 874 2082 panis
900 2030 1090 2070 eorum
1130 2017 1322 2070 anima:
1347 2018 1611 2084 ipsorum,
1646 2033 1752 2085 non

161 2118 182 2151 ι
233 2100 471 2155 intrabit
517 2101 569 2156 in
617 2103 835 2158 domum
886 2105 1119 2159 Domini.
1164 2125 1183 2158 ι
1227 2105 1332 2171 Qui
1360 2122 1552 2176 panem
1603 2106 1752 2161 illum

161 2192 454 2247 comedunt
480 2187 942 2263 contaminamur;
964 2196 1088 2266 quia
1118 2196 1207 2266 qui
1231 2211 1417 2252 eorum
1447 2197 1547 2252 sibi
1572 2213 1755 2252 exem-

155 2283 250 2349 pla
280 2282 636 2347 inviscerant,
685 2286 872 2340 eadem
899 2302 1005 2357 qua
1037 2288 1111 2341 illi
1156 2287 1399 2343 fmditate
1428 2289 1549 2343 vita:
1601 2288 1754 2343 dam-

157 2382 390 2428 nantur.
418 2373 561 2429 Idem
591 2376 861 2443 signiﬁcat
895 2379 1037 2447 quod
1068 2381 1414 2435 morticiuum
1458 2382 1606 2451 tangi
1637 2382 1752 2453 lege

153 2473 383 2519 vezatur
418 2465 563 2528 (Leu.
608 2483 682 2529 XI,
714 2468 825 2538 24).
858 2468 994 2534 Quia
1034 2472 1185 2538 panis
1224 2488 1426 2539 eorum,
1472 2473 1747 2541 subaudis,

154 2567 241 2610 est
271 2558 465 2613 animle
514 2560 767 2628 ipsorum,
819 2562 870 2615 id
923 2570 1007 2616 cst
1041 2563 1164 2616 vita:
1195 2579 1380 2619 eorum
1425 2563 1744 2632 fomentum,

153 2648 303 2715 quod
353 2657 435 2703 est
476 2650 631 2720 quasi
655 2653 923 2719 quoddam
954 2655 1148 2709 aninuc
1186 2670 1372 2711 eorum
1407 2656 1745 2715 alimentum.

154 2738 313 2793 Sicut
338 2740 484 2794 enim
512 2740 798 2796 virulentia
832 2742 937 2796 vita
982 2745 1217 2814 serpenti
1263 2755 1365 2814 est,
1415 2747 1488 2802 ita
1528 2748 1753 2805 cuilibet

152 2831 343 2901 iaiquo
372 2832 626 2902 pabulum
655 2850 751 2889 sua
794 2836 1053 2903 nequitia.
1093 2836 1247 2891 Unde
1283 2846 1337 2892 el
1370 2838 1437 2893 de
1473 2839 1744 2894 detracto-

152 2922 307 2977 ribus
363 2922 617 2978 Salomon
657 2941 672 2978 :
708 2942 729 2977 ι
777 2924 999 2990 Carnes,
1054 2926 1248 2996 inquit,
1306 2927 1373 2982 ad
1419 2929 1744 2985 vescendum

159 3032 174 3062 ι
223 3012 516 3069 conferunt
542 3014 726 3085 (Prov.
753 3032 907 3077 χχιιι.
939 3017 1051 3087 20).
1078 3036 1096 3069 ι
1132 3017 1249 3084 Quo
1276 3028 1469 3073 contra
1501 3021 1741 3075 sanctis:

158 3123 175 3152 ι
225 3101 478 3170 Gustate,
506 3104 601 3172 ait,
632 3114 688 3160 et
728 3106 907 3161 videte
935 3108 1190 3177 quoniam
1235 3109 1417 3164 suavis
1446 3120 1529 3165 est
1561 3112 1744 3166 D.uui-
1773 3143 1817 3204 ρ

154 3210 256 3248 nus
295 3194 470 3264 (Psal.
519 3213 714 3263 χχχιιι,
768 3197 843 3267 9).
891 3218 909 3250 ι
962 3200 1161 3253 Morale
1183 3210 1265 3255 est
1310 3202 1474 3255 etiam
1522 3203 1747 3256 utdica-

162 3294 247 3337 tur
273 3286 396 3353 quis
427 3288 574 3355 pasci
623 3288 677 3343 in
715 3303 780 3343 eo
809 3290 952 3358 quod
996 3306 1055 3346 se
1092 3290 1339 3346 delectat.
1382 3293 1476 3347 Est
1503 3309 1631 3365 ergo
1660 3294 1744 3348 di—

161 3377 529 3433 cerezPanis
586 3395 707 3435 cum
758 3396 983 3450 corpora
1036 3384 1262 3451 nutriat,
1319 3384 1513 3440 anima:
1557 3401 1743 3442 eorum

166 3466 385 3533 dicitur,
434 3469 558 3538 quia
606 3485 673 3526 ex
730 3486 797 3527 eo
847 3474 989 3543 quod
1046 3474 1313 3545 signiﬁcat
1352 3474 1743 3547 iucunditatem

168 3559 545 3628 temporalem,
608 3564 931 3619 animalitati
992 3566 1359 3637 improborum
1422 3569 1576 3625 cibus
1628 3587 1746 3631 esse

163 3645 513 3716 dignoscitur.
545 3651 593 3707 ls
643 3668 747 3707 non
789 3653 958 3709 intrat
1006 3657 1059 3710 in
1105 3656 1315 3711 domum
1352 3656 1586 3726 Domini,
1615 3662 1742 3731 quia

162 3735 465 3806 lntjusmodi
492 3743 745 3811 gaudium
774 3747 842 3799 ab
864 3747 1010 3801 ouuti
1042 3746 1205 3802 corde
1233 3748 1376 3819 quod
1407 3749 1550 3807 Deus
1577 3751 1740 3808 inha-

164 3825 295 3882 bitat
342 3834 685 3890 severissime
741 3846 955 3892 constat
1006 3839 1240 3895 excludi.
1293 3839 1448 3897 Unde
1487 3852 1570 3897 est
1609 3844 1740 3901 illud

165 3916 261 3973 )ob
289 3936 303 3975 :
339 3940 357 3973 ι
390 3925 782 3983 Abominabilis
809 3930 857 3984 ei
884 3930 941 3984 ﬁt
970 3932 1124 4002 panis
1153 3934 1203 3987 in
1232 3932 1343 3987 vita
1364 3948 1484 4001 sua,
1508 3942 1563 3990 et
1588 3935 1743 3993 cibus

164 4028 186 4060 ι
234 4021 353 4068 ante
373 4015 743 4073 desiderabilis
769 4020 917 4091 (Job,
939 4040 1132 4089 χχχιιι,
1165 4024 1286 4080 20.»

237 4100 395 4158 Vens.
430 4104 483 4159 5.
507 4136 577 4146 —
612 4126 631 4159 ι
661 4107 799 4175 Quid
833 4110 1040 4168 facietis
1070 4114 1122 4168 iu
1168 4115 1256 4169 die
1291 4113 1538 4181 solemni,
1571 4116 1625 4173 in
1652 4119 1742 4174 die

166 4208 190 4243 ο
238 4193 537 4253 festivitatis
580 4198 825 4257 Domini?
862 4223 879 4255 ι
916 4204 1040 4260 Dies
1074 4205 1333 4261 solemnis
1381 4207 1592 4265 Domini
1634 4220 1738 4280 est,

164 4297 285 4338 cum
311 4286 496 4355 positis
526 4289 758 4346 inimicis
792 4294 1084 4351 scabellum
1133 4298 1327 4366 pedum
1357 4298 1471 4367 ejus
1513 4315 1737 4373 regnum

167 4377 446 4434 tradiderit
500 4382 609 4437 Deo
639 4390 695 4438 et
740 4382 886 4439 Patri
936 4385 985 4456 (1
1020 4385 1145 4441 Cor.
1189 4402 1276 4450 xv,
1313 4387 1405 4454 ει,
1436 4389 1551 4461 25).
1586 4393 1735 4447 Diem

167 4480 296 4535 ergo
321 4469 612 4528 solemnem
641 4474 897 4546 intellige,
927 4492 1051 4533 cum
1098 4478 1246 4549 impii
1292 4480 1731 4553 submerguntur,
1765 4513 1811 4572 υ

170 4558 503 4618 festivitatem
534 4580 683 4633 vero,
731 4583 853 4623 cum
897 4570 963 4623 ad
995 4570 1464 4639 contemplandam
1497 4574 1586 4628 Dei
1614 4590 1734 4645 8pc-

160 4650 299 4703 riem
322 4652 475 4707 electi
523 4667 926 4725 promoventur.
962 4656 1103 4724 Quid
1132 4659 1297 4730 igitur
1338 4660 1561 4728 facietis,
1609 4679 1731 4719 cum

170 4742 275 4795 tale
296 4742 581 4802 discrimen
613 4747 753 4802 inter
781 4760 1041 4821 utrasque
1071 4760 1248 4806 sortes
1278 4751 1593 4807 advenerit?

243 4833 393 4890 Vens.
423 4836 477 4891 6;
513 4867 582 4878 —
617 4856 635 4889 ι
680 4837 817 4894 Ecce
846 4841 988 4895 enim
1039 4841 1263 4913 profecti
1314 4852 1441 4899 suut
1484 4858 1514 4898 a
1562 4846 1731 4901 vasti-

179 4943 201 4976 s
242 4934 342 4980 tate
374 4942 389 4981 :
422 4928 686 5002 Egyptus
737 4934 1082 5002 congregavit
1118 4949 1232 4999 eos,
1289 4934 1551 5005 Memphis
1582 4951 1736 5007 sepe-

180 5035 201 5068 ι
242 5016 324 5074 lict
345 5034 455 5076 eos.
496 5042 513 5073 ι
541 5020 698 5077 Redit
723 5022 790 5077 ad
813 5038 998 5078 eorum
1021 5025 1455 5095 descriptionem.
1476 5028 1735 5100 Superius

175 5108 366 5164 dixerat
400 5114 524 5182 quia
572 5114 722 5182 panis
742 5130 919 5168 eorum
961 5116 1014 5169 in
1044 5117 1253 5171 domum
1288 5117 1497 5174 Domini
1521 5138 1620 5175 non
1648 5123 1733 5177 in-

179 5211 356 5266 traret,
387 5219 450 5258 ac
496 5204 541 5259 si
584 5206 824 5261 diceret:
860 5206 1125 5273 Quoniam
1168 5209 1312 5263 nulla
1360 5214 1733 5269 convenientia

177 5304 252 5348 est
277 5294 374 5349 loci
406 5297 471 5350 ad
507 5298 756 5352 tenebras
810 5297 893 5368 (ΙΙ
942 5299 1062 5354 Cor.
1095 5316 1170 5366 vt,
1200 5300 1311 5372 Η),
1364 5301 1621 5372 voluptati
1668 5305 1735 5359 ad

182 5388 566 5455 tcptpct'antias,
604 5389 1034 5459 proﬁciscuntur,
1070 5392 1122 5446 id
1158 5401 1291 5447 esta
1322 5404 1467 5449 recta
1492 5396 1735 5452 conside-

181 5478 371 5532 ratione
400 5490 719 5550 evagantur,
768 5489 821 5536 ct
854 5481 952 5536 hoc
982 5483 1061 5537 eis
1089 5498 1117 5536 a
1161 5483 1410 5537 vastitate
1449 5484 1733 5555 contingit,

182 5568 291 5635 quia
319 5569 521 5624 scilicet
549 5586 577 5624 a
609 5570 717 5625 Deo
741 5572 1081 5627 solitudinem
1113 5588 1261 5627 mens
1294 5573 1524 5628 incurrit
1554 5591 1568 5627 :
1600 5572 1733 5629 Cum

156 5648 165 5729 ί
186 5676 325 5728 supra
359 5662 585 5733 divisset
629 5666 779 5733 quasi
830 5679 923 5720 eos
957 5666 1255 5737 corrigens,
1285 5666 1412 5735 quid
1447 5665 1649 5734 facietis
1682 5666 1736 5720 in

187 5751 257 5804 die
281 5752 509 5819 solemni,
542 5770 659 5817 mox
689 5771 872 5811 eorum
899 5759 1224 5812 Drotcrv'am
1251 5757 1484 5811 subtexit
1512 5757 1729 5813 dicens:

1862 914 2127 985 Memphis
2171 918 2558 987 interpretatur
2591 920 2656 973 de
2696 936 2783 973 ore
2827 938 3026 977 eorum.
3072 918 3435 994 Sepeliuntur,

1861 1021 1983 1059 cum
2039 1009 2107 1061 ab
2161 1008 2308 1061 onmi
2383 1016 2569 1062 sancta
2633 1008 2920 1064 vivacitate
2976 1025 3161 1066 eorum
3223 1013 3437 1083 ingenia

1860 1097 2183 1153 obruuntur.
2216 1094 2280 1152 Et
2318 1099 2420 1152 hoc
2446 1098 2525 1153 eis
2551 1098 2617 1153 de
2642 1114 2738 1154 ore
2777 1114 2963 1154 eorum
2992 1096 3191 1166 evenit,
3221 1103 3346 1156 dum
3374 1102 3440 1158 dc

1859 1202 2017 1255 pcena
2055 1190 2284 1256 peccati,
2330 1205 2436 1259 quo
2471 1189 2606 1244 alios
2650 1189 2719 1243 ad
2771 1188 2911 1243 male
2959 1192 3224 1260 agendum
3275 1208 3437 1262 prava

1859 1275 2129 1331 locutione
2158 1279 2454 1349 decipiunt,
2484 1280 2564 1334 eis
2591 1278 2875 1349 contingit.

1936 1384 1955 1419 ι
2005 1368 2371 1426 Desiderabile
2400 1381 2681 1441 argentum
2710 1383 2897 1425 eorum
2944 1365 3115 1424 urtica
3156 1370 3438 1425 lunredita-

1864 1475 1883 1511 ι
1929 1459 2026 1521 bit,
2059 1460 2212 1531 lappa
2268 1462 2323 1515 in
2372 1460 2733 1518 tabernaculis
2769 1476 2977 1517 eorum.
3014 1480 3031 1512 ι
3083 1460 3442 1515 Desiderabili:

1858 1553 2067 1622 argenti
2093 1570 2271 1607 eorum
2302 1557 2471 1608 urtica
2502 1553 2805 1616 haereditat,
2841 1568 2962 1608 cum
3011 1551 3060 1606 id
3101 1554 3242 1623 quod
3266 1554 3437 1624 potis-

1857 1643 2053 1698 simum
2104 1645 2244 1715 apud
2275 1647 2549 1715 improbos
2576 1645 2862 1716 gloriosius
2885 1645 3206 1710 mstimatur,
3233 1646 3440 1700 scilicet

1858 1742 1917 1787 ιιι
1946 1734 2140 1789 divina:
2173 1736 2469 1805 Scriptura:
2516 1738 2796 1792 scientiam
2824 1737 3024 1791 clarior
3050 1745 3211 1805 atque
3250 1736 3437 1805 cepio-

1856 1826 1967 1881 sior
2020 1827 2271 1882 facundia
2322 1831 2633 1895 comitetur,
2679 1830 2746 1884 ad
2798 1829 2962 1883 totius
3020 1826 3238 1881 vilitatis
3275 1835 3437 1896 atque

1857 1918 2110 1985 nequitia:
2130 1931 2369 1974 extrema
2414 1922 2726 1976 descendat.
2761 1921 2938 1976 Urtica
2979 1935 3211 1988 namque
3254 1920 3433 1988 despi-

1854 2010 2045 2064 cabilis
2088 2012 2376 2066 admodum
2422 2024 2477 2066 et
2525 2014 2680 2081 ignea
2720 2012 2884 2067 herba
2927 2020 3027 2066 est.
3080 2010 3437 2064 Desiderabile
3488 2006 3495 2009 ’

1854 2113 1983 2169 ergo
2009 2103 2214 2171 argenti
2269 2120 2444 2156 eorum
2488 2105 2657 2156 urtica
2686 2102 2987 2168 hatreditat,
3039 2116 3161 2156 cum
3194 2102 3431 2155 votivum

1857 2191 1983 2245 illud
2033 2191 2294 2247 affectata:
2334 2195 2655 2264 eloquentiae
2702 2194 2957 2265 pretium,
3011 2210 3115 2248 non
3164 2194 3432 2249 solumob

1857 2281 2249 2351 turpitudinem
2305 2285 2430 2338 vitae
2497 2284 2881 2349 contemnitur,
2935 2284 3028 2338 sed
3083 2282 3244 2336 etiam
3297 2282 3434 2337 alios

1802 2396 1807 2399 -
1853 2373 2131 2437 versutiis,
2160 2374 2319 2434 dolis.
2360 2382 2415 2429 et
2444 2375 2677 2429 obscena
2721 2372 3077 2428 mordacitate
3102 2374 3350 2442 decoquit
3375 2382 3433 2427 et

1853 2462 2094 2517 infestat.
2133 2464 2344 2518 Dictum
2399 2476 2480 2519 est
2531 2474 2709 2519 autem
2742 2464 3025 2519 haereditat
3066 2465 3207 2534 quod
3251 2477 3431 2521 mores

1851 2570 2037 2609 eorum
2074 2558 2270 2611 misera
2324 2557 2683 2627 perpetuitate
2709 2558 3005 2621 contineat,
3041 2565 3134 2609 aut
3164 2556 3287 2625 quia
3322 2556 3431 2610 ha.»

1850 2663 1939 2702 res
1965 2660 2240 2718 superstes
2273 2660 2354 2705 est
2384 2650 2499 2717 ejus
2525 2652 2610 2705 cui
2638 2649 2910 2717 succedit;
2944 2650 3010 2704 ad
3034 2650 3333 2712 ha‘reticos.
3365 2649 3429 2703 de

1850 2740 2046 2808 quibus
2072 2757 2235 2811 supra
2268 2743 2468 2797 dictum
2506 2751 2607 2808 est,
2659 2751 2712 2799 et
2747 2757 2891 2797 nunc
2913 2742 3076 2797 etiam
3122 2741 3315 2812 agitur,
3345 2757 3430 2795 re-

1848 2828 2078 2896 feratur,
2106 2848 2336 2901 quorum
2369 2834 2570 2904 scripta
2608 2849 2715 2889 non
2744 2833 2903 2889 modo
2932 2849 3032 2903 pro
3070 2833 3153 2888 sui
3192 2842 3432 2888 contem-

1847 2922 2163 2991 ptibilitate,
2212 2924 2308 2980 sed
2363 2925 2526 2980 etiam
2588 2940 2686 2996 pro
2736 2924 2975 2996 ingenita
3026 2933 3214 2981 contra
3268 2938 3431 2979 omne

1849 3015 1992 3082 quod
2020 3014 2144 3069 ﬁdei
2182 3017 2434 3087 congruit
2480 3017 2777 3072 acerbitate
2822 3016 3165 3072 damnantur.
3206 3014 3272 3070 Et
3298 3016 3425 3085 quia

1849 3105 2167 3175 plerumque
2196 3123 2288 3162 eos
2316 3108 2664 3164 excluserunt
2706 3107 2872 3177 208
2907 3107 2995 3177 qui
3028 3106 3237 3175 probati
3266 3115 3425 3161 erant

1850 3207 2098 3267 argento,
2141 3202 2528 3254 controversiis
2563 3201 2906 3253 manentibus
2953 3199 3006 3252 in
3038 3198 3188 3252 libris
3216 3213 3425 3263 eorum,

1848 3285 1938 3353 qui
1975 3299 2163 3342 contra
2211 3304 2397 3343 eorum
2474 3303 2690 3343 errores
2745 3289 3141 3358 pugnacissime
3181 3298 3429 3358 egerant,

1847 3380 2105 3448 opuscula
2152 3396 2337 3436 eorum
2393 3398 2489 3451 pro
2547 3398 2641 3436 sua
2694 3380 2985 3435 inutilitate
3040 3389 3167 3434 sunt
3205 3380 3424 3434 abolita.

1849 3470 2001 3535 Quod
2048 3473 2100 3526 in
2149 3474 2389 3541 antiquis
2436 3472 2706 3527 lucreticis
2735 3481 2817 3527 est
2849 3472 3204 3539 undequaque
3235 3471 3427 3540 proba-

1849 3572 1983 3629 tsm,
2011 3580 2263 3634 quorum,
2298 3567 2449 3634 quasi
2480 3579 2803 3619 aranearum
2857 3565 2996 3628 telae,
3025 3563 3091 3617 de
3118 3562 3312 3633 quibus
3339 3577 3428 3617 su-

1846 3671 1944 3727 pra
1994 3658 2368 3722 disseruituus,
2418 3658 2733 3727 disparuere
2775 3655 3076 3722 volumina,
3124 3664 3180 3710 et
3227 3654 3427 3709 nostris

1848 3748 2180 3817 temporibus
2216 3746 2258 3801 ‘a
2301 3747 2625 3818 quihusdam
2683 3746 3050 3817 parasitastris
3093 3743 3255 3800 libelli
3296 3743 3422 3798 facti

1847 3846 1995 3903 sunt,
2038 3848 2091 3893 et
2124 3841 2165 3893 si
2198 3838 2423 3892 nimium
2460 3850 2672 3899 tenues,
2697 3850 2881 3891 contra
2914 3835 3040 3891 lidei
3068 3845 3267 3889 nostra:
3307 3849 3424 3904 my-

1845 3931 2032 3995 Steria,
2062 3946 2182 3999 qum
2208 3930 2262 3983 in
2307 3929 2628 4000 indignitate
2654 3928 2733 3983 sui
2762 3928 2813 3980 in
2847 3927 2960 3997 ipsa
2992 3941 3090 3980 sua
3134 3940 3254 3979 mox
3297 3935 3419 3978 sunt

1845 4024 2087 4078 novitate
2134 4032 2471 4091 consumpta.
2521 4020 2699 4091 Lappa
2738 4023 2790 4075 in
2847 4016 3197 4073 tabernacutis
3239 4030 3418 4069 eorum

1842 4124 1956 4181 cst,
2020 4114 2148 4184 quia
2209 4113 2461 4167 nimirum
2526 4113 2629 4168 nisi
2682 4112 3071 4168 desideriorum
3124 4107 3421 4164 carnalium

1844 4203 2264 4273 impuritatibus,
2293 4217 2411 4272 qua:
2432 4217 2625 4273 graves
2646 4210 2771 4256 sunt
2792 4199 3016 4266 stimuli,
3040 4199 3420 4260 subderentur,

1841 4309 2115 4364 nunquam
2145 4294 2212 4349 ad
2248 4301 2452 4348 tantam
2483 4308 2675 4349 sensus
2702 4290 2917 4363 reprobi
2957 4288 3329 4359 ignominiam,
3364 4297 3424 4341 ιιι

1840 4383 1906 4439 dc
1956 4383 2151 4439 divinis
2203 4382 2345 4439 male
2397 4384 2682 4447 sentirent,
2730 4387 3087 4437 verterentur.
3125 4376 3295 4430 l‘orro
3343 4386 3423 4428 ta-

1840 4479 2128 4535 bernacula
2159 4480 2273 4550 ipsa
2303 4488 2428 4534 sunt
2458 4493 2707 4547 cerpora,
2756 4478 2808 4529 in
2855 4475 3051 4557 quibus
3077 4472 3191 4525 sive
3231 4480 3419 4525 contra

1836 4585 2075 4633 carnem,
2099 4570 2212 4623 sive
2238 4578 2424 4623 contra
2456 4570 2702 4637 spiritum
2726 4566 3039 4629 militamus,
3064 4564 3176 4617 sive
3209 4561 3295 4616 ubi
3339 4561 3420 4615 in-

1834 4661 2245 4732 prtesentiarum
2278 4660 2688 4730 peregrinantur

1906 4751 2070 4808 Vsus.
2099 4753 2150 4806 7.
2181 4781 2251 4792 —
2282 4769 2300 4803 ι
2332 4750 2605 4806 Venerunt
2642 4749 2756 4805 dies
2779 4747 3122 4813 visitatiouis,
3149 4750 3416 4800 venerunt

1840 4866 1859 4900 ι
1904 4848 2020 4903 dies
2066 4845 2460 4902 retributionis.
2497 4864 2516 4898 ι
2570 4843 2690 4899 Dies
2738 4844 3050 4899 uisitationis
3096 4852 3243 4902 sunt,
3290 4851 3415 4890 cum

1836 4939 1977 4995 Deus
2006 4937 2468 5009 intpwnitentibus
2500 4937 2552 4991 in
2593 4937 2845 5007 praesenti
2891 4938 3099 5010 flagella
3150 4940 3409 5006 immittit,

1835 5031 1929 5087 sed
1953 5030 2308 5084 retributionis
2344 5027 2485 5081 illico
2511 5028 2876 5098 subsequitur,
2899 5030 2990 5099 qui
3016 5034 3411 5099 perseveranti-

1834 5122 1935 5177 bus
1964 5122 2195 5188 incomta
2226 5120 2385 5174 sorde
2429 5132 2521 5172 aut
2554 5121 2774 5189 perfidia
2804 5120 3152 5174 immutabilis
3182 5121 3412 5178 miseria:

1834 5223 2034 5269 sortem
2060 5212 2253 5267 reddit.
2305 5210 2510 5281 Duplici
2565 5212 2709 5265 enim
2754 5209 3081 5264 contritione
3108 5210 3243 5265 tales
3270 5211 3410 5279 Deus

1835 5315 2113 5359 conterere
2139 5302 2437 5358 consuevit.
2468 5299 2535 5355 Et
2566 5317 2670 5355 non
2695 5299 2948 5365 conterit,
2981 5315 3116 5369 quos
3145 5301 3409 5369 omnium,

1836 5395 1964 5448 dum
2021 5395 2299 5459 advivunt,
2354 5390 2713 5446 detestatione
2746 5387 3041 5456 prostituit,
3099 5399 3154 5444 et
3203 5393 3409 5447 exactis

1837 5484 1989 5553 ipsis,
2014 5485 2250 5553 ipsorum
2291 5481 2604 5535 memoriam
2623 5495 2746 5534 cum
2767 5480 2913 5534 omni
2939 5494 3037 5535 suo
3076 5481 3312 5551 opiﬁcio,
3356 5493 3411 5538 et

1840 5584 2067 5630 tractatu
2099 5575 2269 5630 instar
2290 5572 2451 5642 panni
2479 5570 2819 5625 meustrualis
2861 5570 3087 5627 infamat
3107 5582 3161 5628 et
3193 5574 3412 5642 abiicit?

1844 5683 1863 5716 α
1908 5666 2132 5731 Scitote,
2183 5662 2369 5728 Israel,
2403 5663 2625 5719 stultum
2670 5663 3009 5736 prophetam,
3050 5667 3295 5721 insanum
3331 5667 3410 5737 vi-

1844 5774 1862 5806 s
1911 5772 2024 5810 rum
2060 5753 2407 5810 sniritualcm.
2442 5753 2486 5810 Ο
2516 5755 2696 5819 Israel,
2728 5756 2918 5824 inquit,
2948 5765 3126 5835 motus
3163 5754 3411 5809 videlicet
