3998 6326
580 356 683 420 337

1461 349 1523 414 V.
1564 359 1891 417 GL'IBERTI
1928 358 2219 416 ABBATIS
2244 360 2299 416 S.
2331 363 2571 423 MARUE
2609 368 2697 425 DE
2734 364 3133 428 NOVIGENTO
3702 387 3785 445 538

577 477 909 541 affectualcs,
943 478 1030 547 qui
1065 472 1171 531 Deo
1208 476 1386 545 judice
1428 489 1685 528 sensuum
1737 486 2040 528 vestrorum
2066 491 2152 528 er-
2183 482 2225 538 Α
2252 478 2453 546 visitat,
2483 494 2604 535 cum
2628 484 2823 537 crebro
2867 500 2929 538 ea
2973 500 3032 538 se
3074 484 3269 539 vidisse
3308 489 3569 556 puniendo
3596 495 3765 556 demon

576 571 685 624 rori
709 568 1057 632 dimittimini,
1084 582 1224 621 nunc
1252 567 1303 620 in
1329 566 1429 619 hoc
1455 574 1638 619 Vestro
1662 566 1828 619 exitio
1848 575 1901 619 et
1925 567 2148 621 rationis

573 659 892 713 exterminio
922 657 1199 710 addiscere
1224 656 1500 725 poteratis.
1532 654 1661 721 Qua:
1682 657 1929 720 stultitia,
1962 672 2148 725 qnazve

573 748 781 801 insania
834 748 884 799 in
944 745 1158 815 Spiritu,
1192 747 1281 815 qui
1339 761 1433 800 vos
1465 759 1649 815 regere
1696 746 1974 812 debuerat,
2017 747 2149 801 deli-

572 838 761 891 tcsrit?
801 837 885 890 cui
916 837 959 891 si
992 851 1087 891 vos
1105 837 1361 901 subdere,
1396 836 1539 890 et‘ab
1567 852 1631 889 eo
1672 838 1781 907 regi
1810 837 2143 904 voluissetis,

569 941 841 993 nunquam
872 926 937 979 ad
962 926 1065 980 tale
1097 927 1479 981 inconveniens
1510 926 1761 981 vitiorum
1795 937 1887 979 aut
1908 928 2146 995 perﬁdia:

566 1013 873 1067 venissetis.
918 1032 935 1064 ι
979 1012 1210 1085 Propter
1238 1016 1637 1069 multitudinem
1690 1017 1989 1085 iniquitatis
2023 1032 2142 1085 tum,

571 1121 588 1153 ι
625 1113 679 1158 et
709 1104 1105 1160 multitudinem
1128 1108 1397 1162 amentiae.
1433 1127 1451 1159 ι
1479 1108 1611 1173 Quia
1637 1110 1857 1162 multum
1881 1113 2143 1166 exerrasti

564 1209 593 1245 a
620 1193 863 1249 bonitate
888 1206 941 1250 et
971 1196 1092 1259 lide,
1128 1213 1231 1252 non
1263 1198 1588 1267 dispariliter
1613 1200 1898 1254 tradiditte
1922 1202 2061 1256 Deus
2091 1205 2142 1255 in

565 1285 955 1355 ignominiosos
1003 1304 1180 1343 casus.
1212 1290 1290 1345 Ac
1321 1292 1365 1344 si
1394 1291 1597 1346 diceret
1631 1308 1644 1345 :
1683 1292 1817 1357 Quia
1848 1298 1988 1364 quod
2018 1314 2145 1367 pec-

566 1380 754 1442 cahas,
779 1378 944 1433 Deum
989 1381 1187 1435 habere
1218 1383 1269 1435 in
1302 1383 1549 1437 notitiam
1583 1401 1687 1440 nou
1716 1387 1964 1456 putabas,
1997 1390 2143 1445 dedit

567 1478 617 1522 te
640 1471 779 1523 Deus
803 1472 853 1523 in
882 1473 1235 1540 cogitationes
1268 1475 1544 1543 reprobas.

636 1592 799 1644 Vens.
826 1591 880 1645 8.
911 1621 983 1630 —
1010 1612 1028 1643 ι
1066 1592 1390 1662 Speculator
1425 1596 1679 1665 Ephrnim
1710 1615 1830 1655 cum
1863 1601 1972 1657 Deo
1998 1619 2137 1658 meo.

568 1699 585 1731 ι
634 1679 901 1749 Propheta
931 1681 1155 1751 laqueus
1198 1685 1366 1739 ruina:
1412 1686 1588 1742 factus
1629 1698 1713 1744 est
1751 1708 1914 1761 super
1951 1710 2139 1748 omnes

565 1790 582 1821 ι
630 1772 744 1824 vias
769 1770 906 1839 ejus,
936 1782 992 1826 et
1014 1774 1223 1829 insania
1254 1777 1304 1829 in
1329 1778 1487 1832 domo
1521 1780 1611 1833 Dei
1637 1781 1771 1849 ejus.
1814 1801 1832 1833 ι
1862 1781 2135 1853 ΕρΙιναὶιιι,

568 1861 908 1917 voluntarius
934 1861 1140 1918 scilicet
1181 1865 1396 1920 habitus
1425 1870 1620 1922 mentis
1646 1873 1940 1937 speculator
1969 1873 2141 1928 factus

558 1963 669 2018 est,
708 1962 764 2008 ut
790 1969 854 2010 ea
897 1971 1019 2025 qua:
1048 1955 1157 2010 Deo
1184 1959 1473 2025 pertinent,
1512 1960 1659 2025 velit,
1684 1970 1738 2014 et
1772 1962 1881 2015 Deo
1906 1965 2141 2032 gerenda

561 2053 846 2114 proponat,
881 2063 900 2096 ι
954 2046 1107 2109 velle,
1142 2047 1413 2115 inquiens.
1446 2049 1574 2103 mihi
1604 2050 1834 2117 adjaeet,
1880 2052 2142 2121 perlicere

536 2153 582 2184 τι
631 2151 733 2189 non
792 2136 1007 2191 invenio
1052 2136 1232 2208 (Rom.
1283 2140 1494 2209 vn,18)
1541 2161 1559 2192 ι
1594 2158 1607 2195 :
1641 2142 1886 2197 voluntas
1911 2144 2056 2198 enim
2087 2145 2140 2200 in

558 2226 757 2281 bonum
808 2229 860 2282 in
912 2230 1207 2300 Scripturis
1232 2232 1426 2300 saepius
1457 2232 1741 2303 accipitur,
1782 2243 1839 2288 et
1865 2235 1934 2290 ob
1966 2236 2141 2305 provi-

554 2318 947 2388 dentiam,qua
978 2331 1193 2390 peccata
1241 2333 1296 2376 et
1342 2324 1563 2379 adversa
1606 2323 1843 2390 olfaciat,
1876 2328 2173 2396 pr0pheta-

544 2418 807 2472 vocetur;
865 2420 919 2463 et
967 2411 1102 2479 proh
1133 2411 1315 2466 dolor!
1361 2412 1579 2481 laqueus
1621 2422 1789 2469 ruinae
1838 2416 1918 2481 fit,
1945 2426 2002 2470 ut
2052 2432 2142 2472 se-

555 2498 728 2566 ipsnm
760 2500 966 2554 scilicet
1009 2500 1204 2572 illaque
1233 2512 1287 2556 et
1309 2505 1409 2557 sibi
1440 2504 1722 2559 consilium
1750 2508 2134 2574 subtrahendo,

553 2597 607 2640 et
639 2588 761 2641 aliis
790 2591 1033 2659 exempla
1064 2594 1345 2661 pravitatis
1375 2596 1634 2651 attribuat
1673 2613 1832 2653 ruere
1861 2598 2133 2655 faciendo.

555 2677 623 2730 Et
676 2678 719 2732 is
766 2682 931 2732 ruime
963 2669 1177 2750 laqueus
1225 2685 1287 2737 lit
1311 2701 1467 2751 super
1494 2702 1669 2740 omnes
1703 2688 1810 2743 uias
1837 2688 1971 2758 ejus,
1995 2691 2136 2759 quod

555 2783 660 2821 non
694 2777 779 2823 est
808 2770 952 2824 aliud
983 2786 1145 2839 quam
1174 2789 1319 2829 suas.
1353 2775 1630 2832 Hebraicaa
1666 2779 1811 2833 enim
1851 2780 2136 2840 locutionis

555 2870 661 2925 est,
685 2872 742 2914 ιιι
774 2871 858 2917 est
900 2864 1027 2921 illud
1059 2884 1071 2918 :
1110 2885 1128 2917 ι
1157 2867 1431 2939 ,λΕιΙιίορίίι
1478 2874 1773 2940 prteveniet
1798 2890 1989 2931 manus
2021 2879 2135 2947 ejus

555 2946 706 3017 (Paul
756 2966 921 3018 vau,
953 2954 1066 3025 '52),
1089 2974 1107 3008 ι
1128 2957 1178 3012 id
1210 2969 1291 3012 est
1327 2975 1475 3026 snas,
1507 2979 1525 3012 ι
1554 2963 1683 3028 Deo,
1709 2983 1727 3015 ι
1760 2980 1881 3019 cum
1912 2968 1966 3020 in
1988 2946 2133 3022 omni

552 3036 852 3094 intentione
897 3039 1034 3110 ejus,
1085 3059 1204 3115 qua:
1257 3048 1356 3101 via:
1411 3049 1696 3106 interiores
1747 3053 1817 3107 ad
1860 3056 2133 3111 exteriora

554 3135 736 3201 oper.s
762 3149 1113 3192 exeat-rentes
1133 3149 1281 3204 sunt,
1306 3142 1514 3195 nonnisi
1548 3145 1753 3211 peccati
1783 3145 1963 3215 lapsus
1986 3149 2133 3203 inve-
2160 3168 2202 3225 ο

552 3224 756 3287 niatur,
790 3233 843 3277 et
862 3228 1038 3281 omnis
1071 3229 1281 3283 consilii
1315 3231 1514 3299 aditus,
1544 3235 1685 3303 quod
1716 3236 1987 3307 signiﬁcat
2018 3241 2131 3295 col-

552 3312 683 3373 lum,
718 3316 841 3384 quia
873 3316 996 3370 inde
1018 3330 1258 3387 permeat
1285 3324 1527 3389 verbum,
1550 3325 1884 3382 obstruatur.
1910 3328 2133 3387 Insania

550 3402 607 3455 in
638 3402 793 3458 domo
822 3404 920 3459 Dei
940 3407 1055 3477 ejus
1080 3420 1183 3476 est,
1206 3426 1333 3466 cum
1361 3413 1660 3484 pessimum
1687 3416 1804 3487 ejus
1832 3420 1900 3474 ad
1926 3423 2131 3478 scelera

550 3498 809 3565 studium,
836 3501 979 3568 quod
1002 3501 1316 3574 principalis
1350 3507 1465 3574 ejus
1494 3506 1802 3578 frequentat
1829 3512 1884 3567 in
1916 3514 2130 3570 modum

550 3586 644 3639 Dei
671 3586 919 3654 culturze,
948 3590 1161 3646 devotio
1183 3594 1323 3647 intra
1352 3595 1567 3650 domum
1591 3601 1955 3668 conscientiae,
1972 3607 2133 3661 totius

550 3676 699 3744 pensi
725 3686 782 3731 et
807 3680 1068 3733 moderati
1094 3683 1309 3750 penitus
1356 3698 1549 3755 expers
1576 3696 1679 3755 est,
1729 3700 1786 3744 et
1827 3691 1882 3745 in
1926 3701 2131 3748 tantam

552 3782 704 3820 ntens
745 3778 971 3835 proruat
1013 3775 1335 3838 vecordiam,
1385 3787 1445 3832 ut
1489 3790 1701 3835 secreta
1750 3784 2019 3854 cupiditas
2075 3786 2130 3840 in

550 3870 795 3927 apertam
824 3871 1071 3930 erumpat
1093 3867 1403 3922 amentiam.

627 3978 785 4033 Vr-ztts.
819 3978 873 4033 9.
899 4011 973 4023 —
1002 4001 1021 4034 ι
1053 3981 1323 4041 Profunda
1352 4002 1719 4058 peccaverunt
1749 3996 1889 4051 sicut
1916 3997 1968 4053 in
2010 4000 2117 4054 die-

555 4087 573 4119 ι
620 4070 723 4125 bus
753 4070 959 4127 Gabaa.
998 4094 1016 4127 ι
1060 4074 1331 4144 Profunde
1354 4091 1544 4150 peccat
1565 4088 1812 4156 quisquis
1835 4089 1903 4143 ad
1935 4106 2130 4160 pecca-

552 4171 666 4216 tum
698 4173 808 4220 tota
831 4167 998 4222 animi
1022 4168 1408 4229 deliberatione
1456 4175 1649 4232 inhiat.
1696 4174 1988 4237 Historiam
2021 4185 2130 4239 [te-

551 4269 677 4323 gum
727 4255 939 4311 videtur
987 4267 1235 4330 tangere,
1302 4266 1516 4333 quando
1560 4282 1593 4322 e
1657 4268 1839 4326 Gabaa
1892 4273 2019 4329 Saul
2075 4278 2128 4331 in

550 4357 731 4413 regem
756 4348 1051 4402 assumitur
1072 4350 1119 4420 (1
1156 4351 1284 4423 Reg.
1310 4369 1389 4420 xi,
1420 4355 1494 4426 4),
1530 4373 1747 4416 recusso
1778 4362 1871 4418 Dei
1903 4365 2130 4435 imperio

550 4448 648 4503 pro
671 4437 787 4492 solo
812 4439 1047 4507 gentium
1082 4458 1251 4498 more.
1284 4444 1411 4501 Saul
1433 4448 1821 4522 interpretatur
1847 4461 2127 4527 appetitus,

549 4528 735 4584 Gabaa
781 4530 959 4586 colles.
989 4533 1032 4587 E
1069 4536 1297 4593 collibus
1341 4540 1467 4594 Saul
1496 4545 1561 4597 ad
1592 4560 1815 4614 regnum
1842 4552 2124 4621 accipitur,

552 4622 768 4689 quando
792 4639 822 4678 e
848 4627 1059 4697 magnis
1098 4630 1399 4687 animorum
1438 4639 1689 4696 tumor-ibt.
1708 4655 1735 4693 ο
1762 4642 2003 4698 oboritur
2034 4661 2127 4716 ap-

552 4712 775 4778 petitus,
815 4730 920 4768 non
956 4717 1048 4787 qui
1072 4721 1226 4776 nobis
1268 4724 1462 4788 subsit,
1484 4727 1637 4798 juxta
1666 4734 1807 4798 quod
1850 4734 1915 4787 ad
1946 4712 2127 4790 eam'a

551 4800 780 4859 Domino
800 4805 1017 4873 dicitur,
1050 4812 1141 4866 sed
1170 4813 1260 4881 qui
1286 4817 1441 4871 nobis
1466 4822 1931 4891 impudentissime
1957 4829 2130 4883 domi-

552 4906 727 4950 netur.
750 4898 883 4953 Dum
906 4902 1052 4956 enim
1078 4902 1275 4961 fastum
1300 4913 1653 4982 concipimus,
1672 4918 1869 4987 majora
1887 4923 2127 4990 profecto

550 5001 711 5055 quam
744 4991 897 5045 nobis
942 5007 1273 5066 competant,
1316 5003 1497 5056 statim
1538 5000 1931 5078 consequenter
1959 5014 2125 5068 ambi-

552 5094 691 5135 mus.
723 5097 742 5132 ι
775 5081 1165 5140 Recordabitur
1197 5089 1506 5158 iniquitates
1531 5111 1742 5165 eorum,
1784 5110 1841 5155 et
1886 5104 2128 5159 visita'nit

555 5183 576 5220 ι
617 5180 833 5240 peccata
858 5188 1065 5227 eorum.
1099 5196 1116 5228 ι
1160 5179 1451 5249 Postquam
1499 5185 1755 5256 iniquitas
1784 5192 1838 5247 in
1860 5195 2126 5250 stolidita-

526 5302 531 5305 .
556 5265 662 5313 tem
687 5263 941 5327 vertitur,
970 5272 1026 5314 ut
1050 5264 1255 5322 nefaria
1291 5269 1538 5329 libertate
1562 5287 1833 5347 peccetur,
1869 5292 2124 5353 tanquam

549 5349 788 5406 clamore
816 5350 1000 5420 aliquo
1021 5353 1185 5423 Deus,
1225 5371 1284 5414 ut
1305 5361 1490 5439 ulcisci
1515 5380 1789 5439 properet,
1834 5349 2121 5433 excitatur.

553 5442 703 5497 Unde
724 5458 823 5497 vox
848 5446 1125 5513 sanguinis
1152 5454 1281 5507 Abel
1314 5438 1464 5524 (Gertz.
1506 5474 1579 5526 tv,
1628 5462 1723 5528 10;
1771 5438 1926 5533 xvm,
1957 5468 2047 5538 9.0)
2071 5480 2125 5524 et

551 5536 757 5588 clamor
783 5536 1140 5599 Sodomorum
1165 5548 1379 5604 dicitur.
1413 5550 1545 5606 Dum
1573 5556 1716 5608 enim
1748 5560 1928 5627 quiete
1950 5536 2123 5616 delin-

553 5627 757 5694 quitur,
783 5629 934 5695 quasi
962 5629 1100 5688 Deus
1120 5638 1473 5698 obliviscitur.
1499 5646 1792 5705 Recordari
1823 5669 1951 5723 ergo
1983 5656 2124 5711 vide-

524 5726 660 5782 -tur,
705 5731 827 5772 cum
876 5734 1184 5788 peccantem
1232 5732 1472 5794 adversis
1522 5747 1846 5814 aggreditur.
1897 5748 2122 5806 Peccata

2248 578 2405 626 strat.

2318 661 2484 717 Vens.
2514 662 2599 717 l0.
2626 695 2695 704 —
2723 682 2742 716 ι
2771 664 2931 733 Quasi
2958 679 3088 721 uvas
3117 667 3171 722 in
3196 669 3408 726 deserto
3439 671 3605 730 inveni
3628 678 3784 750 Israel,

2253 769 2274 804 ι
2292 754 2442 822 quasi
2459 754 2630 823 prima
2653 769 2808 824 poma
2833 756 3073 812 ﬁculneae
3089 759 3140 812 in
3164 761 3439 815 cacumine
3459 762 3567 830 ejus
3589 770 3685 824 vidi
3706 789 3787 842 pa-

2252 859 2273 893 (
2292 850 2402 896 tres
2422 858 2629 899 eorum.
2664 863 2683 897 ›
2712 844 2874 910 Quasi
2901 862 3016 901 uvae
3037 848 3091 900 in
3115 849 3314 902 deserto
3344 849 3507 905 Israel
3528 855 3783 932 invenitur,

2247 947 2367 987 cum
2386 934 2661 1003 dispersus
2684 951 2713 988 a
2736 936 2912 1006 seipso
2927 939 3161 993 carnalis
3176 951 3358 995 noster
3404 942 3617 1001 allectus
3645 951 3784 1010 divini

2253 1022 2461 1076 timoris
2484 1024 2807 1093 aspiratione
2830 1026 3126 1097 colligitur;
3163 1038 3214 1083 et
3234 1032 3383 1099 quasi
3416 1049 3509 1086 uva
3538 1036 3587 1088 in
3613 1039 3784 1097 deserto

2248 1116 2536 1181 reperitur,
2569 1130 2688 1168 cum
2738 1119 2789 1170 in
2821 1118 3058 1173 desolata
3090 1122 3357 1189 quondam
3392 1133 3566 1179 mente
3592 1129 3785 1187 interna:

2244 1207 2674 1273 compunctionis
2700 1208 2927 1263 dulcedo
2961 1212 3214 1264 sentitur.
3265 1212 3426 1278 Quasi
3470 1217 3628 1282 prima
3654 1238 3783 1288 poma

2240 1295 2480 1362 ﬁculnea:
2529 1307 2708 1365 patres
2753 1299 3021 1366 videntur,
3068 1316 3188 1354 cum
3229 1312 3407 1357 motus
3450 1307 3720 1367 rationales
3759 1330 3785 1370 ιι

2243 1384 2438 1453 quibus
2495 1386 2941 1441 allectualitalum
3008 1391 3420 1461 intemperantia
3485 1398 3782 1463 moderatur,

2240 1477 2476 1545 primum
2512 1477 2605 1531 Dei
2632 1476 2819 1548 illapsu
2843 1494 2907 1533 ex
2944 1482 3110 1535 veteri
3139 1498 3235 1537 sua
3269 1484 3560 1543 acerbitate
3586 1493 3782 1560 reducti,

2240 1567 2554 1622 maturitate
2602 1570 2770 1624 menti
2832 1571 2999 1625 indita
3056 1573 3425 1630 duleorantur.
3481 1577 3603 1634 Haec
3642 1584 3784 1648 prima

2240 1673 2393 1726 pontu
2417 1659 2470 1711 in
2499 1660 2764 1713 cacumine
2795 1664 3134 1732 reperiuntur
3159 1666 3281 1734 quia
3314 1668 3628 1738 principalia
3682 1687 3786 1727 cor-

2238 1746 2322 1801 dis
2368 1752 2536 1804 nostri
2569 1752 2743 1806 studia
2801 1755 2851 1807 in
2908 1755 3207 1812 intentione
3238 1773 3490 1827 superna,
3519 1776 3633 1829 quae
3674 1765 3788 1819 intc-

2173 1820 2217 1875 Β
2244 1840 2474 1895 rioritati
2524 1854 2723 1897 nostrze
2751 1844 3087 1915 dignoscitur
3107 1850 3479 1918 praeeminere,
3508 1850 3786 1911 fundantur.

2241 1930 2405 1999 209
2444 1930 2659 1985 lsraelis
2688 1948 2817 2001 ergo
2843 1942 2968 1989 sunt
2994 1946 3174 2005 patres
3205 1948 3430 1994 matura:
3467 1943 3679 1997 rationis
3707 1946 3788 1998 hac

2240 2021 2406 2087 bitus,
2437 2023 2525 2091 qui
2573 2023 2687 2092 pias
2730 2036 2994 2094 generant
3022 2027 3354 2085 affectiones.
3391 2030 3495 2086 Per
3538 2032 3787 2090 ﬁculneam

2241 2125 2396 2165 amor
2427 2113 2656 2181 proximi
2682 2114 2734 2167 in
2773 2114 3069 2186 Scripturis
3094 2120 3377 2189 accipitur,
3414 2121 3553 2176 sicut
3580 2123 3628 2177 in
3654 2126 3789 2181 vinea

2240 2215 2393 2255 amor
2421 2202 2513 2257 Dei
2543 2205 2882 2274 exprimitur.
2909 2204 3092 2260 Prima
3119 2224 3246 2280 ergo
3274 2226 3428 2280 poma
3459 2212 3686 2281 ﬁculnea:
3711 2228 3787 2285 po-

2240 2296 2379 2351 tiora
2432 2305 2558 2350 sunt
2609 2298 2868 2352 exercitia
2931 2300 3335 2358 misericordia).
3393 2305 3581 2361 Patres
3634 2309 3788 2377 itaque

2238 2385 2429 2454 primis
2482 2385 2722 2441 ﬁculneae
2773 2388 2948 2457 pontis
3004 2390 3348 2461 adaptantur,
3401 2395 3527 2463 quia
3584 2398 3788 2465 primum

2237 2474 2498 2531 fratribus
2519 2493 2654 2546 quos
2699 2480 2944 2534 videmus
2994 2482 3255 2537 beneﬁcia
3284 2486 3594 2553 impendere
3624 2490 3786 2543 suade-

2236 2579 2379 2632 mur,
2408 2574 2467 2618 ut
2515 2566 2705 2633 Deum,
2749 2583 2909 2637 quem
2960 2570 3143 2626 videre
3188 2587 3293 2626 non
3335 2588 3638 2643 possumus,
3665 2586 3789 2646 post-

2236 2657 2454 2712 modum
2507 2660 2857 2730 attingamus.
2913 2661 3041 2717 Uvis
3083 2679 3211 2719 vero
3261 2664 3357 2719 ﬁlii
3411 2679 3785 2737 comparantur,

2236 2748 2360 2819 quia
2393 2748 2618 2807 aliectus
2645 2754 2836 2819 nostri,
2883 2757 3036 2824 quasi
3082 2773 3145 2811 ex
3178 2759 3457 2828 largitione
3490 2771 3721 2829 paterna,
3746 2773 3789 2816 ct

2237 2838 2407 2895 lactea
2456 2841 2786 2912 innocentia,
2819 2860 2940 2915 qna:
2968 2862 3063 2916 per
3091 2863 3311 2902 succum
3352 2849 3595 2904 ﬁculneae
3622 2852 3790 2921 ﬁgura-

2238 2936 2348 2998 tur,
2399 2933 2466 2988 ad
2520 2935 2824 2993 dilectionis
2877 2938 2971 2994 Dei
3034 2940 3406 3011 pinguedinem
3456 2951 3512 2996 et
3569 2954 3787 3011 saperent

2236 3025 2444 3079 avidius
2476 3028 2812 3083 imbuuntur.
2846 3029 2899 3082 In
2942 3039 3081 3084 terra
3125 3032 3267 3085 enim
3300 3033 3528 3101 spiritus
3556 3036 3717 3100 datur,
3742 3045 3789 3089 nt

2236 3118 2517 3186 proximus
2545 3120 2831 3191 diligatur;
2866 3121 2933 3177 de
2960 3122 3099 3177 cmlo
3143 3139 3273 3179 vero
3315 3136 3715 3195 consequenter,
3743 3135 3790 3180 ut

2235 3209 2396 3264 Deus.

2310 3320 2329 3355 ι
2367 3302 2472 3373 Ipsi
2520 3313 2699 3358 autem
2744 3304 3081 3360 intraverunt
3127 3307 3191 3361 ad
3227 3304 3575 3379 Beelphcgor,
3618 3320 3668 3364 et
3712 3312 3790 3364 τιὴι

2240 3411 2261 3446 r
2301 3394 2521 3448 alienati
2549 3404 2673 3450 sunt
2698 3396 2755 3449 in
2784 3397 3125 3462 confusione,
3155 3409 3209 3452 et
3236 3400 3359 3455 farti
3384 3413 3512 3456 sunt
3540 3404 3790 3458 abomina-

2239 3501 2259 3535 ι
2292 3484 2429 3538 biles
2480 3485 2621 3540 sicut
2669 3501 2729 3539 ea
2780 3500 2901 3555 qua:
2955 3487 3278 3543 dilexerunt.
3323 3506 3345 3543 ι’
3379 3490 3462 3544 Ad
3500 3490 3791 3563 Beelphegor

2236 3575 2460 3641 intrant,
2494 3591 2615 3632 cum
2658 3593 2791 3641 sum,
2832 3594 2990 3647 quam
3038 3580 3272 3636 diximus
3310 3581 3597 3638 electionis
3640 3585 3789 3648 obliti,

2237 3667 2401 3721 totius
2441 3667 2750 3736 ignominia:
2790 3683 2908 3722 sese
2947 3669 3255 3739 labyrintho
3294 3672 3573 3739 injectant.
3608 3675 3667 3728 Et
3694 3691 3788 3728 nte-

2233 3756 2339 3811 rito
2377 3756 2595 3821 dicitur,
2622 3757 2849 3824 intrant,
2878 3759 3003 3827 quia
3052 3774 3111 3815 se
3157 3763 3507 3830 experientia:
3554 3766 3792 3819 universa:

2233 3846 2635 3902 llbidinositatis
2697 3849 3084 3903 immersitant.
3144 3850 3476 3921 Beelphegor
3533 3856 3673 3909 enim
3729 3857 3791 3907 vir

2233 3936 2496 4005 tentiginis
2539 3936 2758 4001 dicitur,
2811 3938 2863 3990 in
2914 3952 3021 4007 quo
3075 3941 3419 4009 turpitudinis
3469 3946 3792 4000 exsecranda:

2231 4024 2565 4094 impudentia
2615 4026 2922 4081 denotatur.
2971 4027 3040 4082 In
3088 4029 3392 4099 confusione
3439 4032 3792 4089 abalienantur

2232 4116 2357 4171 dum
2383 4130 2489 4185 quo
2516 4115 2917 4173 confusibiliora
2948 4131 3280 4189 perpetrant,
3306 4123 3379 4176 nil
3404 4139 3463 4183 se
3489 4126 3791 4181 conlusihile

2232 4221 2391 4277 agere
2420 4207 2754 4261 arbitrantur
2812 4211 2952 4264 unde
2981 4221 3066 4265 est
3100 4214 3266 4281 quod,
3299 4217 3439 4284 apud
3468 4216 3788 4286 Apostohnn‘,

2230 4299 2447 4369 quidam
2488 4300 2539 4353 in
2579 4299 2839 4368 pudendis
2870 4303 2977 4355 suis
3016 4303 3237 4372 gloriari
3281 4308 3541 4366 dicuntur
3568 4310 3647 4379 (II
3681 4312 3787 4365 Cor.

2231 4406 2308 4455 ιι.
2342 4390 2447 4461 18).
2481 4391 2864 4448 Abominabiles
2893 4391 3049 4458 ﬁunt.
3078 4398 3168 4464 qui
3202 4398 3365 4454 totius
3403 4400 3532 4455 boni
3578 4404 3792 4457 hominis

2155 4478 2473 4564 Dfortunas
2533 4481 2808 4538 amittunt.
2862 4485 3003 4550 Quid
3055 4498 3139 4542 cst
3189 4488 3334 4543 enim
3390 4492 3787 4547 abominabileu‘t

2229 4586 2368 4635 esse,
2399 4571 2501 4624 nisi
2534 4572 2584 4625 in
2615 4587 2870 4628 successu
2906 4577 2978 4645 pii
3016 4580 3197 4647 operis
3240 4596 3499 4653 prOSpero
3543 4596 3787 4655 proventu

2229 4663 2450 4718 carere?
2487 4662 2553 4716 Et
2600 4665 2702 4718 hoc
2748 4667 2880 4720 sicut
2915 4685 2974 4721 eo
3024 4686 3143 4739 qua:
3192 4671 3452 4743 diligunt;
3492 4676 3636 4732 sicut
3677 4678 3787 4731 vitia

2204 4755 2370 4809 ienim
2418 4770 2537 4823 qua:
2586 4768 2982 4826 prosequuntur
3035 4764 3197 4817 etiam
3251 4765 3365 4820 solo
3420 4770 3639 4824 nomine
3686 4772 3790 4825 sine

2228 4856 2350 4899 actu
2384 4848 2642 4901 bonorum
2673 4851 2947 4904 memoriis
2978 4853 3187 4907 horrori
3225 4870 3369 4923 sunt,
3405 4860 3482 4914 sic
3509 4862 3669 4915 etiam
3701 4864 3786 4929 ipsi

2228 4935 2317 5003 qui
2350 4950 2534 4989 eorum
2577 4940 2901 4993 commercio
2932 4956 2990 4995 se
3021 4938 3318 5000 invoivunt.
3354 4949 3407 5002 Si
3440 4953 3585 5005 enim
3618 4954 3787 5007 sordes

2228 5026 2479 5095 qurclibet
2527 5044 2621 5097 per
2668 5045 2727 5083 se
2774 5032 2971 5100 putida:
3017 5046 3160 5099 sunt,
3191 5049 3338 5093 certe
3381 5043 3672 5110 putidiores
3707 5047 3785 5114 qui

2226 5117 2417 5170 harum
2448 5118 2742 5173 volutabris
2778 5137 2834 5175 se
2864 5132 3053 5191 sponte
3085 5126 3349 5195 injiciunt.

2302 5205 2456 5262 Vens.
2497 5210 2581 5263 Η.
2607 5218 2677 5249 -‘-
2706 5231 2724 5262 ι
2765 5214 3017 5281 Ephraim
3051 5218 3203 5285 Quasi
3244 5222 3359 5276 avis
3394 5225 3654 5292 avolavit,
3686 5227 3786 5298 glo-

2230 5314 2250 5348 ι
2288 5298 2364 5351 ria
2406 5316 2589 5355 eorum
2622 5319 2649 5354 ιι
2681 5313 2861 5373 partu,
2891 5314 2946 5359 et
2988 5309 3057 5362 ab
3089 5320 3262 5377 utero,
3296 5323 3350 5367 et
3386 5331 3413 5367 a
3454 5330 3728 5389 conceptu.
3764 5336 3780 5371 ι

2226 5386 2478 5458 Ephraim
2508 5394 2659 5462 quasi
2707 5396 2815 5447 avis
2856 5396 3052 5463 avolat,
3091 5400 3216 5455 dum
3263 5404 3544 5474 aliquoties
3573 5412 3641 5464 ad
3674 5410 3785 5464 lxmi

2226 5483 2585 5549 appetentiam
2635 5494 2775 5540 tacta
2820 5488 3158 5546 rationaliter
3203 5493 3459 5553 alacritas
3503 5501 3784 5556 voluntatis

2226 5574 2445 5640 aspirat.
2479 5575 2572 5630 sed
2597 5577 2770 5630 subita
2801 5593 2858 5631 se
2885 5578 3101 5637 levitate
3126 5587 3428 5644 subducens
3461 5594 3509 5644 in
3548 5608 3613 5647 eo
3652 5576 3784 5662 quod

2225 5675 2463 5732 (ceperat
2495 5667 2713 5721 minime
2742 5682 3068 5737 perseverat,
3095 5674 3275 5731 Gloria
3313 5697 3513 5746 eorum,
3536 5694 3595 5737 ut
3626 5694 3786 5738 retro-

2224 5755 2388 5824 grade
2432 5758 2734 5827 aggrediar,
2780 5777 2810 5813 a
2861 5775 3109 5834 conceptu
3150 5776 3249 5835 est,
3279 5786 3400 5827 cum
3433 5772 3665 5843 ejusdem
3698 5776 3782 5830 vo~
