3998 6326
206 364 293 420 389

906 348 1368 409 ΤΒΟΡΟΕΟΟΙΕ
1409 349 1473 405 IN
1506 348 1705 416 OSEE,
1735 352 1752 402 Α

1855 345 1921 403 )s
1947 332 2048 402 "Er
2071 348 2214 404 JER.
2252 379 2323 391 .-
2345 351 2469 407 Lm.
2498 350 2560 408 ιι⁴
2599 354 2665 409 IN
2697 354 2895 413 esse.

3324 350 3432 416 390

206 474 401 534 luntatis
444 481 695 537 statuunt,
727 470 815 538 qui
864 470 914 523 in
964 486 1021 523 se
1064 469 1260 539 saepius
1303 466 1599 535 alternam,
1627 479 1746 535 spe-
1776 468 1823 525 A
1852 464 2016 519 libera
2045 475 2172 520 sunt
2198 482 2319 536 qua:
2354 468 2433 523 eis
2462 470 2745 539 signantur
2767 487 2954 542 opera,
2985 475 3107 543 quia
3148 475 3281 529 liunt
3325 489 3432 530 non

159 595 167 615 κ
204 570 335 627 eialis
357 565 514 637 gratia
541 565 629 627 sit,
657 579 772 632 qua}
802 571 1109 615 sanctorum
1136 559 1330 630 gloria,
1355 559 1426 612 ob
1455 558 1739 613 conscien-

207 665 278 717 tiae
298 656 662 719 testimonium,
687 655 752 708 ab
773 653 1029 721 Apostolo
1058 661 1284 707 vocatur
1307 650 1391 722 (II
1413 651 1535 705 Cor.
1563 669 1602 716 ι,
1627 651 1740 722 12),

203 756 246 809 in
276 755 374 821 ipsa
420 750 641 819 primtun
684 746 777 799 Dei
829 746 1179 814 aspiratione,
1208 759 1311 812 qua
1345 743 1574 813 primum
1604 743 1742 797 bene

201 820 356 899 vivere
382 841 719 895 delectamur.
748 820 875 891 Post
903 839 1041 891 hanc
1062 838 1466 905 conceptionem
1497 836 1743 904 sequitur

198 949 378 1000 uterus,
416 933 536 988 boni
584 929 831 985 videlicet
874 931 1134 1001 propositi
1177 939 1303 982 ante
1352 926 1740 981 exbibitionem

200 1030 370 1098 operis.
399 1023 695 1080 diuturnior
733 1022 871 1075 intra
914 1030 1145 1074 mentem
1188 1019 1351 1072 fetus.
1387 1018 1548 1083 Quasi
1597 1017 1742 1070 enim

199 1121 491 1176 intrinsecus
536 1114 762 1177 latretur,
817 1114 959 1182 quod
1012 1112 1355 1165 retractando
1406 1110 1632 1163 fideliter
1676 1123 1740 1161 ex

198 1210 332 1267 solidi
367 1208 744 1262 deliberatione
782 1204 1015 1269 consilii,
1048 1203 1213 1258 veluti
1262 1217 1357 1271 per
1400 1201 1744 1256 discretionis

197 1302 408 1357 membra
439 1299 661 1352 divisum
699 1300 930 1352 actionis
972 1312 1168 1367 corpus
1199 1297 1507 1349 roboratur.
1543 1292 1745 1349 Deinde

195 1402 328 1464 partu
378 1390 724 1458 expromitur,
763 1406 885 1443 cum
940 1389 1142 1443 visibus
1193 1388 1467 1441 hominum
1516 1388 1569 1440 itt
1618 1386 1742 1441 boni

196 1481 411 1535 exercitii
434 1480 805 1548 prosecutione
829 1479 1166 1548 proponitur.
1188 1479 1325 1545 Quia
1343 1494 1470 1547 ergo
1491 1478 1744 1547 Ephruim

195 1571 325 1638 quasi
361 1570 465 1621 avis
504 1583 599 1637 per
641 1568 928 1623 elationem
972 1568 1150 1621 avolat
1187 1583 1357 1638 usque
1401 1568 1467 1621 ad
1505 1580 1743 1637 partum,

194 1662 238 1716 id
270 1671 342 1715 est
391 1675 556 1731 usque
592 1661 717 1715 dum
760 1661 828 1715 ab
866 1661 1176 1715 hominibus
1206 1660 1372 1715 videri
1406 1660 1596 1729 possit,
1630 1658 1747 1728 ejus

186 1752 391 1806 interior
415 1752 581 1822 gloria
610 1761 940 1820 perseverat,
975 1767 1135 1820 quam
1183 1767 1305 1804 mox
1338 1751 1587 1804 humana:
1633 1749 1748 1803 lau-

192 1846 261 1899 dis
285 1860 459 1899 mucro
490 1845 737 1899 trucidat.
769 1845 954 1913 (Vsus.
990 1844 1078 1913 12)
1112 1864 1127 1894 ι
1162 1844 1311 1910 Quod
1338 1844 1381 1897 si
1426 1843 1750 1897 enutrierint

196 1958 211 1990 ι
246 1939 370 1993 ﬁlios
413 1954 561 2003 suos,
608 1939 811 2007 absque
859 1940 1043 1994 liberis
1077 1954 1171 1994 eos
1205 1939 1399 1993 faciam
1433 1940 1484 1993 in
1520 1941 1750 1995 homini-

194 2043 210 2078 ι
238 2028 354 2093 bus;
394 2028 485 2083 sed
515 2036 572 2083 et
593 2036 675 2082 va:
704 2029 803 2093 eis,
832 2044 953 2083 eum
985 2040 1275 2083 recessero
1295 2033 1361 2084 ab
1385 2030 1494 2084 eis!
1529 2049 1547 2081 ι
1582 2028 1750 2083 Filios

188 2120 443 2174 enutriunt
474 2119 566 2188 qui
595 2120 697 2188 pia:
729 2120 1159 2174 conversationis
1185 2135 1348 2191 opera
1394 2120 1448 2174 in
1496 2119 1582 2174 his
1624 2124 1749 2189 pro-

190 2211 392 2266 ficiendo
414 2211 737 2281 provehunt.
766 2211 830 2265 In
856 2212 1151 2266 hominibus
1177 2212 1368 2280 absque
1392 2211 1566 2266 liberis
1591 2210 1745 2276 fiunt,

188 2304 263 2372 qui
304 2304 436 2357 inter
482 2304 760 2356 hominum
802 2302 1015 2357 favores
1052 2320 1078 2355 a
1118 2302 1370 2357 libertate
1398 2302 1565 2355 animi
1594 2302 1750 2356 attri-

188 2393 296 2448 buta
327 2393 476 2463 vulgo
512 2409 648 2447 aure
678 2392 767 2464 ΠΖ,
801 2392 942 2461 vulgi
987 2392 1155 2463 aurze]
1183 2390 1452 2447 serviliter
1479 2406 1538 2446 se
1569 2391 1752 2446 dimib

189 2493 307 2538 tnnt.
334 2484 432 2539 Sed
474 2501 550 2539 rte
574 2486 680 2548 eis,
709 2500 825 2537 cum
862 2486 1001 2538 Deus
1029 2483 1230 2538 recedit
1254 2483 1318 2536 ab
1348 2483 1444 2549 eis,
1473 2482 1600 2552 quia
1633 2481 1751 2535 nul-

188 2574 275 2629 lius
314 2575 460 2630 bona:
503 2576 621 2645 spei
670 2574 947 2629 residuum
982 2584 1088 2637 est,
1121 2574 1229 2629 imo
1260 2573 1621 2629 damnationis
1657 2588 1749 2628 ex-

188 2675 349 2721 treutaa
388 2667 744 2721 infortunium
796 2675 902 2731 est,
936 2682 1057 2719 cum
1113 2664 1439 2734 pervertitur
1483 2663 1752 2718 rectitudo

188 2760 495 2815 intentionis.
526 2759 756 2814 Recedit
783 2773 1017 2828 namque
1045 2758 1206 2823 Deus,
1232 2772 1352 2812 cum
1379 2757 1579 2812 bonum
1607 2756 1750 2827 quod

186 2853 254 2917 fit,
279 2869 379 2906 non
414 2852 469 2905 fit
500 2862 749 2922 respectu
776 2852 961 2921 ipsius.

250 2944 397 2998 Vsus.
430 2944 517 2999 13.
538 2974 615 2985 ——
646 2964 664 2995 ι
696 2945 972 3015 Ephraim,
1015 2952 1069 2996 ut
1112 2942 1241 3006 vidi,
1275 2941 1448 3013 Tyrus
1482 2949 1599 2997 erat
1634 2940 1755 2996 fun-

190 3053 206 3086 ι
239 3035 351 3090 data
378 3036 432 3090 in
462 3035 893 3106 pulchritudine.
927 3054 946 3087 ι
988 3034 1056 3089 Et
1077 3044 1162 3088 est
1192 3034 1388 3088 littera:
1415 3048 1607 3088 sensus
1636 3048 1649 3086 :
1683 3029 1753 3086 Ut

185 3127 293 3193 ridi,
321 3128 369 3182 id
406 3135 510 3191 est,
561 3127 708 3182 sient
759 3126 890 3192 vidi,
931 3123 1186 3195 Ephraim
1238 3133 1351 3179 erat
1403 3124 1542 3179 sicut
1583 3123 1752 3194 Tyrus

184 3220 382 3286 [nudata
420 3222 474 3273 in
525 3219 941 3289 pulchritudine.
989 3217 1261 3286 Ephraim‘
1288 3215 1455 3287 Tyrus
1486 3226 1591 3279 est,
1626 3216 1750 3285 quia

185 3310 258 3363 illa
288 3310 537 3381 frugifera
572 3310 845 3373 voluntas,
875 3324 995 3379 qua:
1039 3323 1149 3363 sua:
1190 3316 1244 3363 et
1286 3308 1578 3361 multorum
1605 3308 1755 3361 utili-

184 3403 287 3466 tati,
321 3404 442 3457 dum
488 3414 643 3458 recte
692 3402 1018 3466 intenderet,
1054 3399 1340 3465 militabat,
1380 3415 1524 3455 nunc
1566 3400 1618 3453 in
1658 3416 1755 3453 an.

183 3504 317 3563 gusto
337 3495 643 3563 reponitur,
673 3494 797 3548 dum
824 3492 938 3548 solo
965 3493 1202 3546 lmmauo
1224 3490 1400 3546 favori
1432 3506 1526 3560 spe
1552 3505 1755 3560 pauper

182 3584 454 3653 adequitat.
514 3583 699 3655 Tyrus
747 3584 891 3637 enim
938 3581 1247 3651 Augustiam
1285 3591 1462 3634 sonat.
1503 3579 1615 3634 Vos
1659 3580 1749 3635 Dei

182 3686 253 3731 est
281 3696 293 3731 :
325 3677 391 3735 Ut
420 3678 547 3743 ridi,
582 3677 782 3747 inquit,
813 3677 863 3731 id
889 3687 972 3730 est
1001 3676 1271 3745 quomodo
1292 3675 1348 3729 in
1378 3675 1595 3731 deita'tis
1621 3689 1754 3730 mea!

181 3768 631 3833 consideratione,
662 3766 920 3838 perpendi
960 3783 974 3820 τ
1015 3765 1270 3835 Epltraim
1308 3773 1429 3819 erat
1466 3778 1753 3834 compara-

183 3842 277 3912 tive
318 3859 509 3931 Tyrus.
556 3861 630 3914 Et
679 3860 793 3914 haec
837 3857 1061 3924 fundata
1109 3858 1161 3911 in
1199 3857 1587 3925 pulchritudine
1617 3864 1752 3920 erat,

186 3951 291 4018 quia
329 3950 381 4005 in
428 3950 699 4006 exteriori
743 3948 1057 4002 habitudine
1088 3947 1253 4016 coepti
1285 3947 1485 4014 operis,
1516 3961 1621 4015 qua
1652 3946 1754 4000 sibi

186 4053 227 4098 ιι
250 4044 361 4097 aliis
391 4043 741 4114 complacerc
768 4042 1101 4105 decreverat,
1133 4056 1242 4094 suae
1283 4040 1600 4095 intentionis
1631 4041 1754 4093 fnu-

184 4137 412 4191 dameuta
435 4144 722 4207 posuerat,
744 4141 801 4187 ut
827 4134 878 4185 in
903 4148 968 4187 co
987 4135 1130 4200 quod
1154 4131 1287 4187 foris
1304 4133 1634 4195 ostenderet,
1650 4146 1755 4183 non

124 4296 129 4305 τ
183 4226 261 4281 Dei
292 4229 477 4292 virtus,
513 4227 612 4282 sed
643 4240 737 4279 sua
768 4224 1108 4294 pulchritudo
1137 4230 1460 4292 putesceret.
1489 4222 1607 4287 Quo
1626 4235 1756 4273 con-

182 4326 253 4373 tra
282 4319 334 4373 in
365 4319 579 4389 psalmo
610 4334 628 4373 :
661 4334 677 4367 ι
712 4316 825 4383 Sic,
854 4316 1050 4388 inquit,
1078 4314 1132 4369 in
1163 4321 1354 4368 sancto
1383 4313 1603 4384 apparui
1639 4310 1754 4377 tibi,

181 4422 230 4465 ut
250 4412 482 4467 viderem
511 4411 775 4465 virtutem
800 4408 971 4477 (Paul.
998 4405 1260 4475 ι.ιιι,5),›
1288 4419 1394 4457 non
1416 4418 1592 4458 meum
1616 4417 1753 4468 esse,

181 4504 262 4560 sed
286 4514 423 4559 tuam
450 4504 658 4558 nedum
683 4501 929 4571 gloriam.
961 4518 980 4551 ι
1001 4497 1257 4568 Ephraim
1284 4498 1479 4551 educet
1502 4497 1567 4550 ad
1594 4497 1760 4551 inter-

180 4596 422 4653 fectorem
456 4596 602 4650 filios
634 4610 782 4648 suos.
816 4613 833 4645 ι
866 4591 1121 4661 Ephraim
1154 4590 1315 4644 habet
1347 4591 1515 4654 filios,
1541 4590 1762 4658 quando

181 4688 411 4742 voluntas
440 4686 675 4742 effectus
715 4685 886 4738 exerit
910 4685 1100 4737 bonos.
1139 4680 1247 4735 llos
1273 4690 1451 4734 tamen
1490 4682 1556 4734 ad
1592 4681 1761 4733 inter-

178 4778 429 4835 fecto'rem
447 4779 659 4841 educit,
691 4776 908 4846 quando
925 4774 991 4828 ad
1016 4787 1171 4830 suam
1200 4773 1443 4843 ipsorum
1466 4772 1761 4844 perniciem

180 4870 501 4926 adulatorum
533 4869 739 4939 linguis
776 4868 1017 4936 exponit.
1586 4934 1589 4939 ι

237 4963 400 5019 Vsus.
428 4962 621 5019 14.-
654 4979 673 5012 ι
708 4961 782 5014 Da
828 4959 941 5023 eis,
982 4958 1227 5014 Domine.
1268 4956 1405 5025 Quid
1455 4956 1608 5012 dabis
1648 4955 1762 5013 eis?

186 5053 300 5108 «Da
330 5055 409 5109 eis
438 5052 669 5109 vulvam
711 5052 828 5107 sine
866 5050 1071 5105 liberis.
1111 5069 1129 5102 ›
1175 5048 1291 5103 Vox
1332 5051 1628 5117 prophetae,
1671 5057 1763 5103 aut

179 5145 453 5212 cujuslibet
488 5144 671 5201 sancti
695 5143 794 5199 viri
824 5151 970 5196 tanta
1001 5141 1272 5215 hypocrisi
1304 5141 1521 5193 irritati.
1556 5139 1633 5193 Da
1663 5139 1762 5205 eis,

178 5235 409 5304 Domine,
442 5239 627 5292 id'est
661 5235 862 5306 aliquid
902 5235 981 5289 eis
1028 5233 1353 5289 incommodi
1387 5231 1760 5300 inpraesentia-

177 5347 283 5386 rum
309 5334 562 5388 restitue.
598 5331 665 5385 Et
690 5330 818 5400 quid
841 5311 1054 5400 dignius
1083 5328 1163 5381 eis
1187 5328 1319 5383 dare
1348 5325 1572 5395 poteris,
1599 5339 1761 5392 quam

179 5432 228 5475 ut
266 5424 515 5484 vulvam,
566 5422 625 5489 id
673 5432 757 5476 est
806 5419 1273 5489 conceptaculum,
1310 5432 1413 5484 qna
1457 5415 1762 5468 liberta-tem

174 5513 409 5569 benevoli
454 5523 633 5568 actus»
663 5511 950 5583 recipiant,
985 5525 1092 5563 non
1134 5507 1399 5563 habeant?
1444 5506 1635 5560 Melius
1681 5519 1763 5560 est

177 5603 309 5656 enim
336 5604 549 5659 bonum
584 5615 723 5672 Opus
768 5617 868 5657 nec
912 5600 1199 5655 affectasse
1243 5613 1405 5668 quam
1445 5593 1761 5651 aﬂ‘ectatum

175 5694 462 5752 simulacro
504 5695 698 5764 aliquo
743 5692 863 5776 falsi
904 5693 1086 5763 operis
1138 5690 1459 5762 perdidisse.
1502 5686 1560 5743 Si
1610 5685 1761 5742 liberi

178 5781 420 5838 dicuntur
469 5784 604 5854 quia
666 5784 844 5839 servili
899 5783 1051 5854 Operi
1101 5797 1207 5836 non
1256 5780 1588 5846 subduutur,
1633 5790 1764 5848 ergo

1840 571 1941 635 pro
1969 555 2125 609 laude
2157 558 2413 613 htunana.
2446 579 2467 612 ι
2503 561 2677 616 Ubera
2708 564 2918 618 arentia
2952 583 2970 617 ι
3005 566 3208 635 pariter
3231 566 3433 620 dantur

1843 662 1966 701 cum
1998 647 2366 718 intelligentia:
2409 653 2706 720 spiritualis
2746 657 2948 727 inopia,
2977 674 3081 728 qua
3131 660 3341 713 interna
3376 669 3434 714 et

1843 734 2072 793 externa
2120 742 2446 798 sensualitas
2482 744 2594 800 Deo
2628 747 2787 824 aliter
2816 749 3107 818 irrogatur.
3142 750 3237 804 Vel
3268 751 3430 805 ubera

1838 824 2006 895 210
2028 835 2153 880 sunt
2185 830 2411 894 arentia,
2443 846 2564 884 cum
2595 833 2647 886 in
2675 844 2857 890 mente
2895 838 3204 893 annullatur
3227 840 3432 893 utrius-

1838 935 1950 993 que
1979 919 2282 972 testamenti
2311 922 2560 976 scientia.
3250 914 3253 917 l

1918 1011 2082 1065 Vens.
2115 1010 2200 1065 l5.
2228 1042 2297 1052 —
2336 1030 2353 1062 ι
2389 1012 2589 1068 Omnes
2629 1015 2885 1085 nequitiae
2911 1033 3095 1074 eorum
3135 1021 3188 1076 in
3219 1022 3433 1093 Galgal,

1851 1127 1868 1159 ι
1906 1108 2031 1175 quia
2081 1108 2151 1161 ibi
2192 1124 2286 1163 eos
2328 1125 2522 1165 exosos
2555 1111 2738 1167 habui.
2768 1132 2791 1171 ,r
2826 1113 3011 1185 Galgal
3044 1118 3434 1188 interpretatur

1832 1203 2174 1283 ⁵υοΙιιιιυΙηηιηι
2201 1216 2220 1259 .‘
2248 1203 2438 1259 Omnes
2478 1224 2608 1277 ergo
2647 1226 2826 1263 eorum
2867 1213 3107 1281 nequitire
3142 1215 3195 1266 in
3233 1216 3434 1269 volutu-

1846 1294 1957 1356 bra,
1998 1297 2123 1365 quia
2173 1307 2282 1351 tota
2326 1315 2514 1354 eorum
2568 1302 2764 1357 vitioso
2815 1301 3147 1374 frequentia,
3196 1306 3437 1362 libidinis

1845 1383 2012 1438 solius
2041 1384 2338 1441 lentescerc
2367 1388 2504 1444 solet
2533 1400 2587 1444 et
2616 1394 2899 1446 extenuari
2931 1395 3031 1448 sub
3059 1393 3212 1449 vitio.
3249 1394 3435 1462 Quan-

1849 1483 2116 1546 tacunque
2144 1479 2287 1534 enim
2326 1480 2375 1534 iu
2411 1483 2653 1551 quolibet
2698 1485 3012 1551 credulitas,
3039 1499 3442 1557 quantumcuna

1847 1584 1952 1638 que
1982 1571 2211 1639 superba
2243 1572 2522 1643 majestas,
2554 1577 2620 1629 ad
2649 1572 2956 1643 idimolitiei
2992 1578 3207 1632 tandem
3238 1578 3441 1649 despui-4

1848 1674 1999 1713 mare
2037 1676 2100 1716 ac
2135 1660 2310 1718 rellari
2340 1664 2698 1736 dignoscitur.
2732 1666 2921 1735 Magna
2964 1669 3282 1729 Alexandri.
3318 1685 3436 1723 ma-

1852 1767 1953 1820 gna
1978 1752 2210 1808 Ctesaris
2256 1758 2613 1825 undecanque
2646 1758 2899 1813 ferocitas
2942 1760 3215 1814 multoties
3243 1760 3438 1815 Sarda-

1780 1815 1823 1875 Β
1855 1840 2029 1910 napali
2064 1851 2146 1896 cst
2183 1854 2404 1914 experta
2438 1847 2774 1914 temperiem,
2806 1858 2859 1901 et
2896 1846 3036 1915 quod
3074 1847 3262 1903 Indum
3309 1862 3438 1903 con-

1853 1931 2094 1986 tinuabat
2121 1932 2339 1988 Oceano
2369 1935 2807 1990 mulierculmum
2838 1938 3022 1991 vilium
3055 1938 3439 1993 miserabiliter

1849 2022 2276 2094 circumscripsit
2304 2038 2577 2095 aspectus.
2606 2026 2815 2082 Exosos
2838 2028 2939 2083 sibi
2966 2029 3106 2084 Deus
3132 2045 3225 2085 eos
3250 2031 3435 2096 habet,

1850 2116 1977 2184 quia
2024 2116 2228 2171 rabiem
2279 2117 2517 2174 cil‘erata:
2567 2119 2796 2174 licentia:
2848 2136 2952 2174 non
3003 2123 3250 2176 sustinet.
3302 2122 3436 2176 Nota

1842 2208 2037 2264 diluvii
2074 2224 2287 2274 causas,
2322 2220 2376 2266 et
2406 2225 2434 2263 a
2474 2212 2735 2280 propheta
2770 2211 3028 2282 appellari
3064 2214 3201 2267 hanc
3232 2224 3437 2281 pestem

1852 2318 1957 2358 non
1992 2304 2149 2359 aliter
2176 2319 2337 2374 quam
2368 2304 2617 2359 malleum
2649 2307 2915 2360 universa:
2944 2304 3120 2375 terrae.
3157 2327 3174 2356 ι
3212 2306 3441 2377 Propter

1861 2410 1879 2445 ι
1915 2393 2176 2449 malitiam
2233 2394 2679 2450 adiuventionum
2740 2411 2927 2450 eorum
2981 2397 3048 2450 de
3102 2397 3262 2450 domo
3320 2413 3440 2452 mea

1860 2501 1880 2535 ι
1916 2484 2129 2553 cjiciam
2173 2499 2300 2551 eos;
2344 2501 2449 2539 non
2498 2487 2690 2539 addam
2734 2495 2790 2539 ut
2839 2487 3058 2556 diligam
3094 2503 3208 2541 eos.
3243 2506 3260 2537 ι
3305 2487 3440 2541 Cum

1838 2566 1975 2645 quis
1998 2577 2472 2632 eousuctmlinarie
2501 2586 2705 2648 peccat,
2734 2588 3010 2648 utcunque
3038 2579 3314 2634 tolerabile
3336 2589 3441 2643 est,

1856 2681 1977 2720 cum
2030 2677 2209 2722 autem
2252 2668 2521 2723 novitates
2570 2669 2992 2723 adim'euiuntur
3036 2670 3346 2729 criminum,
3388 2678 3445 2724 et

1848 2756 1969 2827 jura
2003 2760 2271 2829 quispiam
2316 2769 2523 2814 naturas
2554 2760 2974 2831 transgreditur,
3011 2752 3167 2816 bonis
3195 2761 3449 2816 omnibus

1854 2850 2149 2906 inaudibile
2178 2861 2284 2916 est,
2311 2866 2379 2906 ne
2408 2852 2535 2906 dum
2565 2851 2698 2914 Deo,
2722 2852 2811 2921 qui
2844 2852 3152 2907 inventores
3179 2853 3447 2907 malorum

1858 2951 2005 2998 tanta
2043 2944 2330 2999 atrocitate
2379 2944 2630 3001 trucidat.
2659 2954 2716 2996 ut
2744 2959 2836 2997 cos
2865 2943 3243 2999 memorabiles
3282 2960 3443 3015 pere-

1842 3026 2023 3106 grina:
2053 3038 2245 3090 mortis
2278 3036 2464 3089 reddat
2512 3034 2781 3104 exemplo,
2806 3036 2946 3104 quod
2975 3036 3172 3104 passim
3200 3034 3447 3104 Scriptu-

1859 3143 2042 3181 rarum
2087 3127 2267 3182 elucet
2305 3128 2631 3182 testimonio.
2679 3125 2786 3182 llos
2830 3128 2894 3180 de
2943 3127 3101 3181 dmno
3136 3144 3230 3181 sua
3272 3129 3446 3195 ejicit,

1855 3233 1992 3288 quos
2036 3234 2065 3271 a
2116 3219 2383 3273 bonorum
2434 3217 2727 3283 consortio,
2767 3218 2858 3289 qui
2909 3228 3039 3273 sunt
3087 3234 3182 3273 sua
3233 3221 3447 3284 domus,

1854 3312 2109 3365 excludit.
2144 3310 2211 3366 Ut
2241 3310 2428 3380 diligat
2462 3326 2555 3365 eos
2588 3326 2690 3364 non
2724 3310 2893 3377 addit,
2932 3311 3056 3380 quia
3087 3311 3177 3381 qui
3213 3312 3444 3367 aliormn

1853 3403 2191 3471 eorruptioui
2217 3418 2436 3472 operam
2468 3403 2685 3466 dedere,
2719 3401 2800 3456 vel
2826 3417 2920 3457 sua
2950 3394 3289 3474 nequaquam
3323 3420 3446 3474 per-

1855 3493 2061 3549 ditione
2108 3494 2350 3548 contenti
2400 3493 2451 3546 in
2507 3492 2793 3563 reprobum
2845 3508 3065 3548 sensum
3115 3496 3308 3550 merito
3352 3510 3450 3549 eos

1856 3586 2042 3641 tradit.
2080 3604 2098 3639 ι
2126 3585 2329 3642 Omnes
2356 3584 2627 3656 principes
2656 3582 2841 3639 eorum
2875 3586 3208 3640 recedentes.
3238 3605 3257 3638 ι
3288 3584 3447 3640 Prin-
3482 3622 3490 3633 ι

1857 3679 2017 3748 ripas,
2049 3686 2110 3732 ut
2149 3692 2311 3748 supra
2361 3677 2583 3747 saepius,
2611 3691 2802 3732 sensus
2844 3686 2969 3731 sunt
3010 3674 3329 3733 exteriOres.
3380 3678 3444 3731 lii

1857 3778 1983 3824 sunt
2024 3769 2336 3834 recedentes,
2369 3784 2646 3839 nunquam
2690 3768 2941 3823 videlicet
2983 3784 3041 3823 se
3083 3769 3222 3823 intra
3256 3784 3313 3822 se
3350 3785 3444 3824 co-

1857 3860 2125 3927 hibentes,
2158 3861 2250 3916 sed
2296 3875 2353 3915 sc
2394 3876 2489 3930 per
2534 3860 2802 3915 exteriora
2844 3870 3177 3930 spargentcs.
3210 3859 3362 3916 Unde
3392 3871 3447 3915 et

1857 3950 2015 4019 paulo
2041 3966 2202 4020 supra
2227 3950 2291 4004 de
2320 3950 2480 4003 domo
2509 3965 2603 4003 sua
2627 3966 2685 4004 se
2706 3948 3002 4016 eiecturum
3033 3966 3125 4004 eos
3152 3949 3449 4003 commina«

1860 4053 1968 4109 tur,
1997 4044 2138 4113 quod
2180 4042 2238 4095 lit
2281 4057 2401 4095 cum
2439 4056 2465 4093 a
2502 4050 2704 4104 mente,
2731 4056 2848 4109 qua:
2884 4039 2976 4094 Dei
3018 4041 3173 4094 sedes
3208 4056 3328 4095 esse
3358 4042 3449 4094 tle-

1859 4135 2072 4199 buerat,
2107 4134 2173 4187 ad
2209 4134 2489 4187 tractanda
2537 4132 2649 4186 sola
2688 4131 2943 4187 forastica
2990 4131 3312 4187 sensualitas
3341 4132 3453 4185 Deo

1854 4226 2035 4297 judice
2063 4226 2430 4295 proturbatur.

1932 4317 2094 4371 Vens.
2128 4317 2214 4371 16,
2242 4346 2310 4355 ——
2346 4334 2363 4366 ι
2396 4314 2692 4370 Percussus
2721 4325 2802 4369 est
2830 4315 3112 4386 prraim,
3159 4313 3309 4368 radix
3352 4329 3446 4370 co-

1868 4422 1886 4453 ι
1925 4418 2043 4457 rttm
2076 4402 2350 4457 exsiccata
2382 4409 2484 4467 est,
2529 4401 2763 4455 fructum
2800 4417 3139 4471 nequaquam
3174 4399 3389 4454 facient.
3425 4420 3448 4451 r

1792 4493 2119 4577 DEphraim
2181 4492 2503 4563 percutitur,
2556 4507 2678 4546 cum
2729 4499 2903 4545 status
2951 4490 3272 4553 voluntatis,
3327 4506 3461 4560 quae

1865 4584 2003 4654 frugi
2035 4597 2157 4636 esse
2187 4582 2467 4645 debuerat,
2497 4594 2525 4633 a
2556 4581 2694 4633 bene
2732 4579 2956 4633 valendo
2987 4580 3305 4633 conteritur.
3340 4578 3454 4631 Ιιαα

1863 4675 1957 4729 dim
1976 4689 2176 4739 eorum,
2207 4672 2260 4726 id
2302 4680 2386 4725 est
2414 4671 2531 4741 ejus
2557 4671 2816 4725 motivum
2853 4671 3181 4736 exsiccatur,
3210 4686 3331 4725 cum
3363 4671 3452 4724 ina

1864 4768 2033 4823 tentio
2074 4783 2103 4820 a
2147 4765 2340 4821 divina:
2379 4765 2489 4834 spei
2539 4765 2716 4818 virore
2757 4761 2991 4818 arefacta
3026 4774 3292 4818 eassatur.
3322 4763 3455 4829 Quin

1863 4858 2057 4914 merita
2092 4857 2245 4911 radix
2278 4856 2496 4921 dicitur,
2528 4855 2653 4924 quia
2685 4854 2752 4907 ab
2786 4855 2899 4923 ipsa
2935 4854 3162 4922 emergit
3190 4852 3451 4923 quidquid

1864 4949 2025 5005 vitale
2056 4948 2352 5020 peragitur.
2400 4944 2653 4999 Fructum
2685 4961 3012 5016 nequaquam
3054 4944 3270 5008 facient,
3301 4944 3450 5012 quia,

1863 5043 2004 5096 sicut
2035 5040 2410 5109 cogitationes,
2441 5036 2522 5091 sic
2565 5051 2729 5106 opera
2764 5036 2832 5089 ab
2858 5035 3003 5089 omni
3050 5033 3281 5087 utilitate
3313 5033 3448 5086 deti.

1864 5134 2032 5189 ciunt.
2077 5150 2096 5184 ι
2128 5131 2281 5198 Quod
2320 5131 2422 5185 etsi
2448 5129 2755 5201 genuerint,
2783 5126 3101 5183 interficiant
3135 5124 3448 5178 amantissia

1870 5244 1889 5277 ι
1928 5240 2013 5279 ma
2050 5225 2186 5279 uteri
2226 5234 2433 5278 eorum.
2478 5241 2495 5272 ι
2529 5214 2958 5290 ϐῖειιιιηιίςιιιη
3009 5215 3210 5286 aliquid
3258 5225 3451 5270 natura

1864 5328 2109 5389 cogente,
2141 5331 2258 5386 quze
2287 5315 2409 5368 boni
2438 5327 2632 5382 expers
2664 5327 2783 5365 esse
2815 5326 2920 5364 non
2952 5310 3114 5372 valet,
3148 5310 3233 5379 pic
3259 5319 3447 5378 agunt.

1864 5408 2124 5464 luterftcit
2164 5422 2294 5462 vero
2336 5408 2477 5461 Deus
2519 5404 2882 5457 ammttissima
2919 5403 3053 5455 uteri
3093 5418 3293 5467 eorum,
3324 5416 3449 5453 cum

1864 5496 2127 5569 quidquid
2167 5496 2224 5550 in
2259 5483 2617 5561 conscientia,
2659 5491 2746 5547 vel
2790 5493 3085 5547 secundum
3126 5489 3309 5546 seculi
3354 5490 3456 5544 bo-

1866 5603 2155 5660 aestatem,
2190 5591 2276 5646 vel
2306 5589 2602 5647 secundum
2644 5586 2947 5644 naturalem
2993 5587 3287 5641 bonitatem
3323 5599 3452 5640 corr-

1865 5695 2011 5742 starc
2036 5690 2271 5754 poterat,
2298 5682 2364 5735 ad
2393 5678 2664 5735 cumulum
2681 5677 2870 5748 judicii
2894 5677 3138 5747 dissipat,
3167 5686 3221 5731 et
3242 5675 3450 5744 disper-

1866 5778 1963 5834 dit.
1995 5772 2373 5830 Antamistima
2416 5780 2594 5826 autem
2626 5771 2755 5825 dicit
2794 5770 2927 5825 uteri
2954 5768 3212 5839 quidquid
3245 5765 3453 5835 gratius
