3998 6326
492 372 493 375 χ
554 321 649 382 391
1059 304 1062 307 λ
1105 380 1111 387 ,
1445 314 1509 372 v.
1553 316 1881 373 CUIltERTl
1918 310 2206 371 ABBATIS
2246 309 2303 366 s.
2339 310 2579 366 unum;
2622 311 2710 367 DE
2752 310 3150 373 NOVIGENTO
3704 313 3794 369 39.2

558 432 696 491 intra
728 422 894 490 animi
929 432 1102 489 sinum
1143 426 1207 485 ad
1254 444 1462 485 montnt
1494 428 1821 498 probitatem
1860 426 2139 496 pertinens
2168 432 2216 490 Λ
2246 422 2366 492 Ipse
2412 423 2696 477 simulacra
2739 440 2918 477 eorum
2966 422 3281 492 confringit,
3307 436 3430 477 cum
3469 421 3682 492 sptrilus
3720 439 3801 480 ex-

555 526 728 600 possit
765 527 971 582 haberi.
2248 515 2607 570 candescente
2650 513 2937 568 criminum
2985 514 3116 582 rogo
3157 512 3223 567 ad
3255 513 3502 582 pudenda
3550 522 3661 568 acta
3691 531 3798 585 pro-

631 618 793 672 Vsas.
827 616 909 669 I7.
943 644 1011 654 —
1042 631 1060 664 ‹
1092 609 1325 679 Abjiciet
1367 624 1459 665 eos
1498 608 1643 665 Deus
1673 623 1846 675 meus,
1880 607 2005 679 quia
2038 619 2143 661 non
2248 609 2467 675 siliens,
2529 607 2789 677 quidquid
2853 606 2991 662 falso
3039 602 3483 677 portendebatur,
3542 602 3799 662 imminuit.

563 730 582 761 α
619 709 907 763 audierunt
928 718 1072 766 eum,
1099 712 1153 758 et
1180 711 1340 758 erunt
1365 701 1487 772 vagi
1513 702 1565 756 in
1590 700 1924 756 nationibus.
1962 718 1980 751 ι
2010 699 2145 766 Quia
2249 701 2384 754 Aras
2430 714 2608 752 eorum
2649 695 3024 769 depOpnlatur,
3058 715 3180 753 cum
3217 697 3492 768 proposita
3530 706 3582 751 et
3618 697 3804 752 institu-

556 800 723 854 Deum
771 812 875 851 non
906 794 1151 858 audiunt,
1198 793 1339 847 Deus
1381 809 1466 847 eos
1506 791 1713 863 abjicit,
1741 792 1866 862 quia
1898 790 2149 845 videlicet
2252 796 2427 848 tiones
2471 793 2661 848 exsilia
2711 792 2906 858 reddit,
2950 793 3108 861 211
3149 801 3206 846 et
3250 790 3418 857 nulla,
3450 791 3640 860 quibus
3673 793 3801 860 quasi

557 892 681 945 dum
715 902 1059 957 nequaquam
1094 886 1200 941 Deo
1232 887 1453 941 obedire
1495 884 1793 955 patiuntur,
1828 892 1881 937 et
1912 896 2074 937 aures
2099 880 2146 937 ei
2251 886 2476 941 summis
2502 894 2557 939 et
2584 884 2976 955 principalibus
3011 884 3363 940 innitebatur.
3401 902 3419 935 ι
3451 883 3607 950 Quia,
3639 884 3803 953 inquit,

556 984 848 1037 obstruunt
877 980 1206 1047 animorum,
1234 978 1304 1034 ob
1331 977 1718 1050 reprobitatem
1744 976 1869 1030 vita:
1893 989 1988 1029 eos
2011 989 2075 1028 ac
2104 971 2151 1028 si
2253 994 2399 1033 nunc
2420 978 2619 1032 dicent.
2653 995 2672 1029 ι
2715 976 2828 1031 Hoc
2849 984 2932 1031 est
2960 976 3142 1031 dicere
3169 993 3183 1029 :
3211 973 3348 1043 Quia
3371 989 3515 1029 nunc
3541 974 3805 1040 intereunt,

554 1072 851 1143 abjcctivos
899 1071 1161 1128 ostendit.
1218 1068 1352 1141 Vagi
1399 1071 1452 1124 in
1500 1062 1801 1123 nationibus
1846 1075 1995 1130 sunt.
2022 1066 2151 1120 dum
2253 1072 2435 1127 dicent
2457 1086 2560 1125 non
2592 1078 2678 1125 est
2710 1085 2802 1125 rex
2852 1069 3030 1133 nobis,
3078 1069 3131 1124 id
3161 1077 3243 1124 est
3280 1068 3409 1136 quia
3448 1066 3807 1122 ostentationes

555 1180 658 1236 per
704 1167 835 1221 vitia
877 1166 1132 1221 universa
1163 1178 1222 1219 se
1250 1170 1529 1234 Spargunt.
1564 1150 1821 1215 Nationes
1859 1173 1958 1229 pro
2007 1157 2154 1213 vitiis
2255 1170 2455 1216 nostra:
2509 1161 2575 1215 ad
2627 1159 2889 1216 caecitatis
2930 1160 3157 1216 interna:
3196 1167 3409 1214 traxere
3453 1173 3554 1214 nos
3599 1172 3807 1227 pmnam,

556 1257 709 1326 Ροιιὶ.
736 1258 780 1312 si
813 1271 921 1310 non
950 1254 1103 1319 aliaS,
1132 1262 1318 1325 gentes
1348 1252 1563 1318 saltem,
1591 1262 1726 1322 quas
1752 1247 1945 1304 evertit
1972 1246 2156 1302 Domi-
2253 1252 2345 1323 qui
2380 1268 2477 1308 nos
2507 1260 2658 1322 regat
2689 1266 2796 1307 non
2840 1259 2924 1306 est
2967 1252 3157 1306 modus
3202 1250 3256 1306 in
3298 1249 3476 1305 nobis.
3516 1248 3665 1316 Quod
3689 1249 3810 1304 enim

557 1360 661 1401 nus
685 1354 811 1402 ante
841 1345 980 1402 ﬁlios
1001 1343 1187 1409 Israel,
1218 1344 1472 1397 innuunt.
2255 1342 2501 1408 spiritus,
2532 1342 2637 1397 hoc
2678 1357 2797 1409 rex,
2845 1342 2948 1397 hoc
2975 1350 3030 1397 et
3056 1344 3267 1397 modus.
3300 1358 3320 1392 ι
3351 1337 3468 1395 Non
3506 1340 3649 1394 enim
3684 1339 3812 1413 time-

1178 1451 1407 1511 CAPUT
1447 1450 1518 1508 Χ,
2257 1450 2378 1489 mus
2410 1434 2730 1501 Dominum;
2765 1443 2821 1491 et
2866 1449 2964 1489 rex
3010 1433 3141 1504 quid
3176 1433 3339 1489 faciet
3385 1432 3581 1487 nobis?
3613 1450 3631 1484 ι
3672 1430 3739 1487 Ac
3775 1428 3813 1487 si

635 1542 797 1599 Vsus.
832 1546 879 1600 I.
908 1574 976 1585 —
1031 1563 1049 1597 ‹
1081 1541 1218 1599 Vitis
1271 1543 1528 1599 frondosa
1568 1540 1752 1605 lsracl.
1807 1542 2012 1597 l'ruttns
2056 1542 2153 1595 ad-

2269 1523 2504 1583 iicerent
2534 1543 2549 1581 :
2579 1526 2715 1583 Cum
2759 1542 2947 1582 sumus
2987 1525 3153 1581 a-Dei
3207 1526 3401 1580 timore
3445 1524 3651 1587 nudati,
3681 1524 3812 1589 ratio,

568 1650 589 1686 r
625 1644 870 1705 mquatus
907 1643 989 1690 est
1029 1635 1099 1689 ei.
1146 1635 1453 1688 Secundum
1502 1634 1896 1689 multitudinem
1945 1634 2157 1690 fructus

2269 1634 2379 1689 qua:
2419 1618 2533 1673 solo
2581 1617 2677 1673 Dei
2718 1618 2929 1673 timore.
2958 1626 3195 1684 constat,
3234 1615 3364 1685 quid
3408 1614 3565 1669 nobis
3601 1614 3740 1683 pensi
3773 1622 3817 1668 et

568 1747 586 1780 ι
628 1730 709 1781 sui
740 1728 1117 1798 multiplicavit
1141 1728 1352 1783 altatis.
1389 1748 1407 1780 ι
1438 1728 1609 1783 Israel
1633 1731 1749 1783 vilis
1773 1730 2024 1797 frmtdosa
2050 1738 2154 1792 est,

2269 1710 2522 1765 moderati
2562 1707 2769 1776 afferet,
2808 1724 2931 1764 cum
2959 1708 3175 1763 viduata
3205 1708 3296 1773 sit,
3333 1721 3403 1760 ex
3448 1720 3513 1760 co
3541 1706 3678 1776 quod
3710 1720 3818 1774 pen.

561 1835 686 1877 eum
734 1822 821 1890 bi,
874 1815 964 1892 qui
1012 1838 1107 1892 per
1153 1822 1558 1891 Scriptnrarum
1612 1823 1895 1878 scientiam
1944 1823 2012 1877 de
2061 1824 2153 1879 Dei
2189 1787 2231 1847 Β
2261 1802 2392 1857 det?
2443 1800 2557 1855 Νίδί
2617 1802 2760 1856 enim
2806 1816 2927 1856 eam
2975 1800 3083 1854 Deo
3136 1799 3425 1855 fecerimus
3472 1798 3817 1868 appendicem!

562 1915 793 1979 visione,
824 1916 877 1971 id
928 1926 1011 1970 est
1054 1915 1361 1985 cognitione
1403 1930 1461 1970 se
1498 1915 1724 1984 jactant,
1760 1916 1877 1971 sine
1904 1918 2157 1987 operibus
2260 1894 2461 1951 Πυθίη
2490 1909 2609 1949 eam
2640 1893 2870 1949 diem“
2896 1893 3182 1948 ratiomm‘

564 2005 666 2059 sibi
730 2003 1016 2060 verborum
1085 2006 1512 2075 multiplicitates
1575 2017 1926 2077 exaggerant.
1987 2006 2157 2062 Israel

564 2097 683 2150 vitis
711 2096 963 2165 frondosa
1000 2096 1078 2161 ﬁt,
1112 2112 1234 2150 cum
1262 2096 1373 2152 sola
1402 2097 1580 2151 inanis
1612 2097 1935 2167 eloquentia:
1963 2113 2157 2168 pompa

564 2203 626 2242 se
653 2187 914 2259 contegit.
957 2186 1111 2242 Sicut
1138 2202 1270 2258 ergo
1311 2187 1477 2242 Israel
1508 2187 1623 2243 solo
1655 2189 1895 2254 nomine,
1930 2188 2010 2244 sic
2035 2188 2160 2243 vitis

563 2279 681 2331 sine
709 2293 892 2349 Opere.
928 2278 1160 2333 Fructus
1190 2280 1237 2332 ei
1269 2282 1609 2351 adaaquatnr,
1637 2296 1759 2335 cum
1787 2296 1941 2335 vanae
1977 2280 2162 2350 loqua-

567 2368 718 2423 citati
764 2384 900 2439 Opus
928 2370 1275 2439 subsequens
1320 2371 1611 2441 respondet
1653 2371 1977 2427 omnimodae
2016 2370 2165 2427 falsi-

570 2459 718 2511 talis.
770 2455 1068 2511 Secundum
1138 2459 1526 2514 multitudinem
1587 2460 1791 2529 fructus
1836 2463 1919 2515 sui
1968 2461 2163 2515 altaria

2332 2009 2496 2064 Vrsas.
2526 2008 2581 2062 ι.
2612 2038 2680 2049 --
2714 2027 2732 2059 ι
2765 2007 3073 2079 Loquimini
3125 2007 3291 2062 verba
3348 2004 3578 2062 visionis
3620 2004 3819 2068 inutilis,

2267 2119 2285 2153 ι
2318 2110 2374 2156 et
2405 2100 2611 2155 ferietis
2636 2099 2839 2164 fmdus;
2864 2098 3263 2169 etgerminabit
3286 2097 3441 2168 quasi
3472 2096 3781 2151 amaritudo.
3803 2116 3818 2147 ι

2264 2193 2476 2246 Dicitur
2511 2194 2578 2245 ad
2608 2190 2792 2254 Israel,
2828 2190 2918 2261 qui
2948 2192 3024 2245 uir
3052 2190 3228 2244 ridens
3254 2188 3425 2244 Deum
3459 2188 3659 2243 dicitur
3685 2187 3824 2241 inter-

2262 2283 2486 2353 pretari.
2519 2281 2600 2337 Ac
2630 2282 2674 2338 si
2709 2282 2950 2338 diceret:
2982 2282 3090 2337 Vos
3120 2281 3236 2335 vitis
3266 2280 3545 2349 frondosa,
3592 2278 3693 2333 sub
3726 2293 3825 2348 pre-

2267 2374 2406 2427 tioso
2429 2372 2554 2426 vitis
2593 2371 2811 2427 nomine
2859 2385 3013 2427 mens
3058 2368 3363 2441 garrulitati
3411 2368 3643 2431 intenta,
3685 2382 3824 2436 super

2263 2465 2361 2521 Dei
2414 2466 2718 2536 agnitione,
2761 2464 2903 2533 quod
2944 2472 3028 2519 est
3081 2463 3257 2527 visio,
3312 2460 3525 2516 inutilia
3573 2459 3825 2529 loquimini

2266 2560 2453 2614 verba.
2485 2557 2554 2612 Et
2582 2556 2740 2626 plane
2768 2555 2996 2622 inutilia,
3022 2554 3149 2625 quia
3180 2553 3273 2609 det
3296 2552 3416 2607 sine
3455 2560 3635 2606 mente
3660 2563 3824 2603 sonum

2265 2648 2466 2705 locutio
2504 2647 2764 2704 fastuosa.
2806 2646 2931 2702 Ilaec
2964 2644 3122 2715 quasi
3170 2643 3377 2700 ironice
3414 2650 3542 2699 sunt
3582 2642 3738 2696 dicta.
3774 2639 3829 2693 Et

2266 2738 2474 2796 ferietis
2506 2738 2683 2794 foedus
2724 2738 2791 2793 de
2830 2735 3160 2793 continentia
3202 2734 3454 2789 videlicet
3484 2731 3721 2801 corporis
3748 2745 3828 2783 ve-

567 2544 928 2615 multiplicat,
986 2546 1037 2600 id
1098 2556 1181 2601 est
1230 2546 1384 2616 juxta
1432 2550 1849 2616 exercitiorum,
1902 2566 2019 2621 quae
2068 2565 2166 2621 per

567 2634 896 2704 Itypocrisim
930 2634 1083 2702 ﬁunt,
1123 2637 1502 2705 quantitatem,
1544 2638 1729 2695 titulos
1765 2638 1866 2695 sibi
1915 2640 2158 2695 adulato-

571 2724 667 2780 ria:
699 2725 1038 2797 vulgaritatis
1066 2729 1392 2782 accumulat.
1431 2746 1449 2781 ι
1482 2727 1642 2785 Juxta
1675 2732 1977 2787 ubertatem
2009 2740 2167 2799 terrae

572 2835 595 2869 ε
641 2833 752 2872 suae
780 2819 1096 2874 exuberavit
1124 2820 1449 2876 simulacris.
1486 2841 1507 2875 ι
1541 2821 1705 2877 Terra
1734 2824 2015 2892 exuberat,
2043 2839 2164 2879 cum
2267 2833 2389 2900 stri,
2417 2834 2561 2888 unde
2587 2832 2934 2903 gloriosiores
2960 2830 3273 2897 videamini,
3304 2846 3428 2887 cum
3463 2830 3646 2884 animo
3673 2838 3829 2881 vestro

569 2905 899 2977 insignibus,
932 2909 1026 2963 sed
1052 2909 1195 2965 ﬁctis
1215 2910 1469 2980 Operibus
1494 2922 1737 2967 nostrum
1767 2927 1964 2982 corpus
1992 2913 2167 2969 abun-

2269 2924 2555 2980 stabilietis
2606 2932 2785 2994 pacta.
2830 2921 2939 2979 Sed
2978 2924 3080 2980 boc
3129 2923 3305 2979 lbedus
3353 2921 3509 2994 quasi
3555 2920 3831 2975 amaritudo

570 3001 684 3053 δίη·
713 2999 923 3070 corpus
953 3010 1129 3055 θυῑειη
1173 3018 1280 3057 ¹ιοη
1327 3018 1482 3057 mens
1517 3014 1795 3075 θρονίηιιτ,
1826 3020 1948 3061 Cum
1988 3015 2170 3061 ιηθηιθ
2272 3016 2564 3086 germinat,
2597 3016 2721 3084 quia
2752 3015 2935 3071 cordis
2969 3015 3292 3071 instabilitas
3315 3023 3372 3070 et
3403 3012 3584 3069 carnis
3613 3009 3831 3081 petulan-

572 3106 743 3147 Vacua
780 3102 833 3147 ει
866 3093 1095 3163 limpida
1143 3097 1211 3147 ad
1260 3094 1365 3150 hoc
1404 3096 1529 3151 δοιιί
1562 3097 1834 3167 «ιυίρρῑειηι
1877 3096 1957 3166 ﬁl.
1988 3105 2043 3151 ιιι
2076 3112 2168 3153 ⁸ο-
2203 3169 2241 3179 _
2274 3110 2366 3172 tia,
2412 3124 2512 3179 per
2552 3109 2719 3163 totius
2759 3108 3113 3177 irruptionem
3149 3105 3509 3162 immunditire
3538 3100 3835 3158 convenieno

570 3186 845 3242 lununodo
892 3188 1156 3243 videatur.
1206 3188 1347 3255 Quot
1390 3205 1519 3261 ergo
1568 3201 1693 3246 sunt
1739 3206 1927 3262 opera,
1979 3199 2058 3247 tot
2101 3191 2169 3248 ad

2274 3202 2402 3256 tiam
2430 3200 2610 3256 subito
2645 3211 2843 3256 mutua:
2887 3199 3198 3279 sponsionis
3242 3198 3529 3254 amaricat.
3577 3194 3683 3249 lloc
3705 3192 3832 3247 enim

572 3278 837 3334 ltumauos
862 3278 1075 3335 favores
1103 3281 1259 3349 quasi
1291 3282 1576 3351 eriguntur
1600 3282 1911 3339 simulacra.
2270 3304 2355 3350 es;
2391 3307 2612 3363 germen
2637 3291 2961 3363 hypocrisis,
2984 3278 3137 3360 quod
3164 3290 3217 3345 in
3242 3296 3520 3345 momento
3551 3287 3655 3342 Deo
3683 3284 3835 3339 ultore

647 3370 810 3426 Vsus.
846 3369 901 3424 2.
931 3400 1003 3411 —
1034 3389 1053 3423 ‹
1084 3372 1325 3426 Divisum
1369 3382 1454 3427 est
1487 3388 1582 3427 cor
1618 3387 1829 3428 eorum.
1866 3393 1885 3426 ι
1932 3373 2037 3428 Cor
2082 3389 2169 3428 eo-

2274 3384 2478 3441 revelat
2504 3384 2684 3443 impia:
2712 3392 2913 3438 statum
2944 3382 3164 3437 mentis.
3204 3378 3354 3436 Unde
3392 3378 3637 3447 sequitur
3667 3393 3680 3430 :

576 3478 694 3515 rum
725 3462 1006 3529 dividitur,
1038 3462 1165 3516 dum
1200 3463 1346 3517 aliud
1395 3464 1448 3518 in
1480 3479 1643 3535 opere
1685 3473 1994 3530 exercetur,
2028 3463 2170 3519 aliud

580 3555 634 3609 in
688 3565 866 3610 nzeule
913 3562 1205 3610 tractatur.
1266 3554 1523 3621 Quaerunt
1572 3556 1715 3611 enim
1767 3556 1820 3611 in
1873 3556 2172 3611 intentione

578 3646 823 3710 laudent,
870 3661 997 3700 cum
1047 3647 1386 3701 extrinsecus
1424 3647 1534 3703 Deo
1573 3663 1870 3717 congruum
1922 3639 2174 3703 studeant

580 3737 763 3806 specie
794 3746 951 3791 tenus
998 3738 1260 3793 exhibere
1303 3738 1564 3793 laborem.
1612 3738 1765 3795 Unde
1798 3749 1851 3794 et
1885 3738 2174 3808 Apostolus

580 3826 703 3887 eum
736 3831 825 3901 qui
855 3847 978 3886 cum
1013 3847 1182 3886 uxore
1211 3841 1316 3899 est,
1368 3835 1513 3889 circa
1544 3834 1817 3887 mundana
1857 3831 2171 3899 sollicitum,

584 3920 719 3976 dicit
740 3936 861 3977 esse
887 3921 1116 3977 divisum
1144 3921 1195 3994 (I
1223 3922 1347 3977 Cor.
1384 3940 1481 3992 vn,
1505 3924 1627 3994 '55),
1656 3924 1780 3980 dunt
1814 3923 2020 3979 scilicet
2049 3923 2175 3978 hinc

577 4008 669 4078 jus
725 4018 920 4065 tractat
972 4011 1255 4079 uxorium,
1313 4012 1462 4067 illinc
1519 4012 1805 4083 aliquoties
1867 4024 2175 4083 respectare

586 4112 840 4158 monetur
865 4104 929 4157 ad
960 4104 1147 4158 Deum.
1195 4122 1215 4156 t
1246 4104 1401 4159 Nunc
1430 4105 1756 4172 interibunt;
1798 4106 1911 4175 ipse
1936 4106 2176 4161 confrin-

589 4211 609 4244 ε
646 4202 733 4263 get
761 4193 1051 4249 simulacra
1074 4211 1289 4263 eorum,
1318 4196 1738 4268 depopulabitur
1767 4213 1892 4253 aras
1922 4213 2168 4254 eorum»

584 4285 771 4355 (Vnus.
815 4285 871 4358 ὅ)
915 4305 934 4338 ι
969 4286 1105 4354 Quia
1131 4304 1275 4343 nunc
1305 4289 1489 4344 dicent
1518 4307 1531 4343 :
1558 4289 1674 4345 Non
1704 4299 1788 4345 est
1818 4306 1909 4345 rex
1943 4292 2118 4346 nobis.
2152 4309 2171 4342 ›

586 4372 746 4427 Nunc
793 4376 1099 4453 interibunt,
1127 4376 1181 4432 id
1225 4386 1328 4445 est,
1372 4376 1427 4431 in
1458 4379 1562 4433 hoc
1586 4379 1703 4449 ipso
1730 4389 1871 4435 statu
1904 4381 2174 4451 peribunt,

556 4484 692 4555 .quo
734 4469 846 4524 Deo
891 4469 1194 4541 postposito
1250 4471 1523 4540 respectui
1573 4481 1791 4529 terreno
1839 4473 2177 4529 incumbunt.

2348 3514 2365 3546 ε
2399 3492 2689 3559 Iudicium,
2715 3492 2912 3563 inquit.
2942 3507 3105 3562 super
3133 3490 3313 3545 sulcos
3340 3490 3477 3560 agri.
3511 3508 3530 3541 ν
3566 3486 3702 3542 Sulci
3729 3484 3831 3555 agri

2274 3585 2489 3638 vexatio
2519 3592 2603 3637 est
2638 3592 2861 3654 propter
2884 3581 3054 3635 Deum
3088 3580 3353 3650 corporis.
3404 3577 3703 3648 Ilypocritte
3737 3573 3834 3629 sul-

2220 3724 2235 3731 -
2272 3690 2366 3731 cos
2385 3689 2516 3745 agro
2540 3688 2638 3728 suo
2660 3673 2888 3737 faciunt,
2916 3677 3045 3726 dum
3079 3672 3352 3745 cruciatus
3384 3684 3484 3724 suo
3510 3667 3713 3737 corpori
3750 3678 3832 3734 per

2272 3744 2632 3822 abstinentias
2676 3763 2935 3819 inferunt.
2964 3744 3140 3833 Super
3179 3762 3279 3817 hos
3330 3760 3389 3814 ﬁt
3422 3758 3702 3830 judicium,
3725 3769 3830 3811 cum

2273 3859 2423 3917 false
2445 3856 2750 3913 sanctitatis
2789 3856 3011 3910 evidens
3047 3853 3318 3917 omnibus,
3361 3851 3470 3906 Deo
3514 3846 3830 3919 prepatulutn

2274 3951 2523 4013 faciente,
2560 3950 2721 4005 datur
2751 3948 3028 4004 indicium.
3063 3945 3254 4002 Sulcos
3292 3944 3406 4013 agri
3446 3942 3527 3996 sic
3570 3940 3736 3994 solere
3765 3936 3834 3989 in-

2277 4045 2442 4117 telligi
2519 4043 2778 4099 Salomon
2839 4048 3069 4095 testatur
3116 4056 3130 4093 :
3187 4056 3207 4088 ι
3269 4036 3607 4106 Diligenter.
3666 4027 3834 4098 inquit,

2275 4151 2472 4192 exerce
2499 4150 2687 4205 agrum
2720 4144 2896 4197 tuum,
2922 4140 2983 4185 ut
3007 4139 3190 4201 postea
3219 4129 3456 4184 aediﬁces
3481 4128 3692 4181 domum
3712 4132 3838 4174 tuam

2280 4321 2476 4391 ungula
2506 4316 2772 4386 fodit(Job
2799 4332 2994 4380 xxxix,
3015 4315 3140 4385 2|);
3164 4328 3287 4371 cum
3307 4310 3545 4367 audierit
3564 4306 3836 4369 buccinatu,

2281 4411 2413 4465 dicit
2448 4426 2461 4462 :
2491 4407 2641 4464 Vah!
2672 4405 2835 4475 (Ibid.
2871 4404 2987 4476 25.)
3019 4423 3040 4458 ι

1848 4623 2097 4664 Βιριιεισι·
2133 4623 2290 4665 LIBER
2327 4623 2617 4667 SECUNDUS.

588 4766 2348 4798 ..___________________________

2362 4771 3835 4800 M-

1637 4928 2055 5040 LIBER
2141 4927 2760 5046 TERTIUS

940 5156 1985 5256 TROPOLOGIARUM
2064 5127 2193 5255 IN.
2266 5162 2560 5258 OSEE
2636 5167 3525 5263 CONTINUATIO.

668 5512 911 5609 Tettium
946 5521 997 5574 in
1022 5521 1164 5576 beati
1203 5523 1340 5583 Osee
1368 5526 1505 5583 libro
1530 5526 1824 5583 libellnlum
1848 5543 2187 5609 prmsumen-
2214 5536 2263 5596 ι)
2291 5532 2515 5603 protulit
2556 5546 2770 5603 semper
2797 5506 2852 5589 et
2878 5533 3137 5605 proferet,
3191 5551 3219 5590 a
3262 5550 3357 5591 sua
3405 5530 3784 5593 illuminatione
3808 5534 3858 5585 et

592 5605 927 5697 tes,_D_eum,
955 5614 1045 5681 qui
1083 5613 1320 5673 Trinitas
1344 5628 1449 5686 est,
1493 5635 1599 5675 non
1632 5629 1738 5674 tam
1766 5622 1991 5677 vocibus
2019 5606 2184 5692 quam
2293 5623 2475 5678 calore
2512 5638 2618 5677 non
2652 5639 2738 5678 me
2783 5626 3024 5694 patiatur
3064 5626 3341 5692 abscondi,
3378 5636 3432 5683 et
3476 5628 3567 5697 qui
3614 5626 3714 5683 scit
3755 5621 3857 5679 solo

594 5693 849 5751 medullis
892 5714 1135 5775 oramus,
1183 5715 1239 5760 ut
1264 5708 1357 5777 qui
1390 5710 1534 5780 quod
1575 5710 1709 5780 vult,
1753 5726 1852 5783 per
1893 5727 2030 5785 quos
2073 5712 2186 5768 vult

2279 4229 2461 4300 (Prov.
2492 4227 2766 4297 xxxv,27).
2790 4244 2808 4278 ι
2828 4225 2893 4278 Et
2917 4224 2984 4280 de
3002 4237 3142 4293 equo
3174 4222 3269 4277 Dei
3296 4220 3397 4276 Job
3421 4237 3435 4272 :
3457 4236 3477 4270 ι
3508 4212 3837 4278 Terram,ait,
3874 4280 3880 4287 θ

2302 5730 2411 5770 sua:
2457 5713 2822 5773 miserationis
2851 5718 3097 5787 obtentu,
3128 5735 3234 5775 non
3285 5719 3575 5777 securitate
3597 5727 3879 5789 perversao'
