  <div class='ocr_page' id='page_1' title='image "/cluster/home/n/w/nwhite01/storage/ocr_20150623/156/hvd.32044010683712/202.png"; bbox 0 0 3998 6326; ppageno 0'>
   <div class='ocr_carea' id='block_1_1' title="bbox 203 331 2884 411">
    <p class='ocr_par' dir='ltr' id='par_1_1' title="bbox 203 331 2884 411">
     <span class='ocr_line' id='line_1_1' title="bbox 203 331 2884 411; baseline 0.006 -23"><span class='ocrx_word' id='word_1_1' title='bbox 203 334 289 390; x_wconf 78' lang='grc'><strong>595</strong></span> <span class='ocrx_word' id='word_1_2' title='bbox 880 331 1341 398; x_wconf 75' lang='lat' dir='ltr'><strong>TROPOLOGUE</strong></span> <span class='ocrx_word' id='word_1_3' title='bbox 1379 338 1448 397; x_wconf 85' lang='lat' dir='ltr'><strong>IN</strong></span> <span class='ocrx_word' id='word_1_4' title='bbox 1469 339 1668 411; x_wconf 81' lang='lat' dir='ltr'><strong>OSEE,</strong></span> <span class='ocrx_word' id='word_1_5' title='bbox 1695 341 1886 403; x_wconf 81' lang='lat' dir='ltr'><strong>AMOS</strong></span> <span class='ocrx_word' id='word_1_6' title='bbox 1915 344 2004 404; x_wconf 84' lang='lat' dir='ltr'><strong>ET</strong></span> <span class='ocrx_word' id='word_1_7' title='bbox 2032 345 2178 404; x_wconf 78' lang='lat' dir='ltr'><strong>JER.</strong></span> <span class='ocrx_word' id='word_1_8' title='bbox 2200 377 2272 390; x_wconf 94' lang='lat'>—</span> <span class='ocrx_word' id='word_1_9' title='bbox 2299 345 2428 406; x_wconf 83' lang='lat' dir='ltr'><strong>LIB.</strong></span> <span class='ocrx_word' id='word_1_10' title='bbox 2460 346 2548 406; x_wconf 91' lang='grc'><strong>111.</strong></span> <span class='ocrx_word' id='word_1_11' title='bbox 2589 347 2659 406; x_wconf 85' lang='lat' dir='ltr'><strong>lN</strong></span> <span class='ocrx_word' id='word_1_12' title='bbox 2685 345 2884 408; x_wconf 83' lang='lat' dir='ltr'><strong>OSEE.</strong></span> 
     </span>
    </p>
   </div>
   <div class='ocr_carea' id='block_1_2' title="bbox 3316 348 3425 408">
    <p class='ocr_par' dir='ltr' id='par_1_2' title="bbox 3316 348 3425 408">
     <span class='ocr_line' id='line_1_2' title="bbox 3316 348 3425 408; baseline -0.009 -1"><span class='ocrx_word' id='word_1_13' title='bbox 3316 348 3425 408; x_wconf 68' lang='grc'><strong>591</strong></span> 
     </span>
    </p>
   </div>
   <div class='ocr_carea' id='block_1_3' title="bbox 197 447 3424 551">
    <p class='ocr_par' dir='ltr' id='par_1_3' title="bbox 197 447 3424 551">
     <span class='ocr_line' id='line_1_3' title="bbox 197 447 3424 551; baseline 0.006 -41"><span class='ocrx_word' id='word_1_14' title='bbox 197 461 350 510; x_wconf 84' lang='lat' dir='ltr'><strong>tantas</strong></span> <span class='ocrx_word' id='word_1_15' title='bbox 373 447 740 551; x_wconf 59' lang='lat' dir='ltr'><strong>mysteriorum</strong></span> <span class='ocrx_word' id='word_1_16' title='bbox 765 450 1103 512; x_wconf 82' lang='lat' dir='ltr'><strong>ditticultates</strong></span> <span class='ocrx_word' id='word_1_17' title='bbox 1125 473 1458 531; x_wconf 81' lang='lat' dir='ltr'><strong>aggressum,</strong></span> <span class='ocrx_word' id='word_1_18' title='bbox 1486 461 1730 534; x_wconf 85' lang='lat' dir='ltr'><strong>prosperi</strong></span> <span class='ocrx_word' id='word_1_19' title='bbox 1759 467 1808 525; x_wconf 84' lang='lat' dir='ltr'><strong>A</strong></span> <span class='ocrx_word' id='word_1_20' title='bbox 1835 482 2005 537; x_wconf 83' lang='lat' dir='ltr'><strong><em>regem</em></strong></span> <span class='ocrx_word' id='word_1_21' title='bbox 2047 483 2202 522; x_wconf 84' lang='lat' dir='ltr'><strong>suum</strong></span> <span class='ocrx_word' id='word_1_22' title='bbox 2249 472 2476 525; x_wconf 81' lang='lat' dir='ltr'><strong>transire</strong></span> <span class='ocrx_word' id='word_1_23' title='bbox 2511 469 2658 537; x_wconf 83' lang='lat' dir='ltr'><strong>facit,</strong></span> <span class='ocrx_word' id='word_1_24' title='bbox 2699 488 2822 528; x_wconf 91' lang='lat' dir='ltr'><strong>cum</strong></span> <span class='ocrx_word' id='word_1_25' title='bbox 2861 469 3148 527; x_wconf 75' lang='lat' dir='ltr'><strong>exterioris</strong></span> <span class='ocrx_word' id='word_1_26' title='bbox 3187 471 3424 551; x_wconf 82' lang='lat' dir='ltr'><strong>hominis</strong></span> 
     </span>
    </p>
   </div>
   <div class='ocr_carea' id='block_1_4' title="bbox 194 539 1726 630">
    <p class='ocr_par' dir='ltr' id='par_1_4' title="bbox 194 539 1726 630">
     <span class='ocr_line' id='line_1_4' title="bbox 194 539 1726 630; baseline 0.012 -34"><span class='ocrx_word' id='word_1_27' title='bbox 194 553 352 626; x_wconf 84' lang='lat' dir='ltr'><strong>portus</strong></span> <span class='ocrx_word' id='word_1_28' title='bbox 372 541 472 609; x_wconf 89' lang='lat' dir='ltr'><strong>jam</strong></span> <span class='ocrx_word' id='word_1_29' title='bbox 504 539 722 614; x_wconf 77' lang='lat' dir='ltr'><strong>jamque</strong></span> <span class='ocrx_word' id='word_1_30' title='bbox 752 547 977 630; x_wconf 75' lang='lat' dir='ltr'><strong>luerenti</strong></span> <span class='ocrx_word' id='word_1_31' title='bbox 1015 559 1071 605; x_wconf 91' lang='lat' dir='ltr'><strong>et</strong></span> <span class='ocrx_word' id='word_1_32' title='bbox 1110 550 1296 608; x_wconf 87' lang='lat' dir='ltr'><strong>timido</strong></span> <span class='ocrx_word' id='word_1_33' title='bbox 1329 553 1513 626; x_wconf 87' lang='lat' dir='ltr'><strong>largiri</strong></span> <span class='ocrx_word' id='word_1_34' title='bbox 1538 556 1726 628; x_wconf 86' lang='lat' dir='ltr'><strong>digne-</strong></span> 
     </span>
    </p>
   </div>
   <div class='ocr_carea' id='block_1_5' title="bbox 196 645 574 690">
    <p class='ocr_par' dir='ltr' id='par_1_5' title="bbox 196 645 574 690">
     <span class='ocr_line' id='line_1_5' title="bbox 196 645 574 690; baseline -0.003 -1"><span class='ocrx_word' id='word_1_35' title='bbox 196 645 266 690; x_wconf 82' lang='lat' dir='ltr'><strong>llll&#39;</strong></span> <span class='ocrx_word' id='word_1_36' title='bbox 296 646 574 688; x_wconf 87' lang='lat' dir='ltr'><strong>accessum.</strong></span> 
     </span>
    </p>
   </div>
   <div class='ocr_carea' id='block_1_6' title="bbox 606 725 1256 796">
    <p class='ocr_par' dir='ltr' id='par_1_6' title="bbox 606 725 1256 796">
     <span class='ocr_line' id='line_1_6' title="bbox 606 725 1256 796; baseline 0.017 -15"><span class='ocrx_word' id='word_1_37' title='bbox 606 725 956 796; x_wconf 81' lang='lat' dir='ltr'><strong>SEQUITUR</strong></span> <span class='ocrx_word' id='word_1_38' title='bbox 1007 732 1256 793; x_wconf 86' lang='lat' dir='ltr'><strong>CAPUT.</strong></span> 
     </span>
    </p>
   </div>
   <div class='ocr_carea' id='block_1_7' title="bbox 243 817 1728 891">
    <p class='ocr_par' dir='ltr' id='par_1_7' title="bbox 243 817 1728 891">
     <span class='ocr_line' id='line_1_7' title="bbox 243 817 1728 891; baseline 0.011 -18"><span class='ocrx_word' id='word_1_39' title='bbox 243 817 383 874; x_wconf 77' lang='lat' dir='ltr'><strong>Vens.</strong></span> <span class='ocrx_word' id='word_1_40' title='bbox 409 817 460 872; x_wconf 83' lang='lat'><strong>5.</strong></span> <span class='ocrx_word' id='word_1_41' title='bbox 493 849 562 860; x_wconf 88' lang='lat'><strong>--</strong></span> <span class='ocrx_word' id='word_1_42' title='bbox 598 838 617 872; x_wconf 72' lang='grc' dir='ltr'><strong><em>ι</em></strong></span> <span class='ocrx_word' id='word_1_43' title='bbox 649 822 853 880; x_wconf 82' lang='lat' dir='ltr'><strong>Vaccas</strong></span> <span class='ocrx_word' id='word_1_44' title='bbox 886 825 1157 884; x_wconf 88' lang='lat' dir='ltr'><strong>Bethaven</strong></span> <span class='ocrx_word' id='word_1_45' title='bbox 1205 830 1490 888; x_wconf 89' lang='lat' dir='ltr'><strong>coluerunt</strong></span> <span class='ocrx_word' id='word_1_46' title='bbox 1517 835 1728 891; x_wconf 85' lang='lat' dir='ltr'><strong>habita-</strong></span> 
     </span>
    </p>
   </div>
   <div class='ocr_carea' id='block_1_8' title="bbox 189 913 1723 998">
    <p class='ocr_par' dir='ltr' id='par_1_8' title="bbox 189 913 1723 998">
     <span class='ocr_line' id='line_1_8' title="bbox 189 913 1723 998; baseline 0.013 -32"><span class='ocrx_word' id='word_1_47' title='bbox 189 934 204 966; x_wconf 75' lang='grc' dir='ltr'>ι</span> <span class='ocrx_word' id='word_1_48' title='bbox 232 922 356 969; x_wconf 86' lang='lat' dir='ltr'><strong>tores</strong></span> <span class='ocrx_word' id='word_1_49' title='bbox 381 913 654 984; x_wconf 76' lang='lat' dir='ltr'><strong>Samarite,</strong></span> <span class='ocrx_word' id='word_1_50' title='bbox 683 919 806 988; x_wconf 88' lang='lat' dir='ltr'><strong>quia</strong></span> <span class='ocrx_word' id='word_1_51' title='bbox 831 920 965 976; x_wconf 77' lang='lat' dir='ltr'><strong>luxit</strong></span> <span class='ocrx_word' id='word_1_52' title='bbox 995 939 1157 994; x_wconf 82' lang='lat' dir='ltr'><strong>super</strong></span> <span class='ocrx_word' id='word_1_53' title='bbox 1186 941 1308 982; x_wconf 90' lang='lat' dir='ltr'><strong>eum</strong></span> <span class='ocrx_word' id='word_1_54' title='bbox 1333 929 1561 998; x_wconf 89' lang='lat' dir='ltr'><strong>populus</strong></span> <span class='ocrx_word' id='word_1_55' title='bbox 1585 927 1723 998; x_wconf 85' lang='lat' dir='ltr'><strong>ejus,</strong></span> 
     </span>
    </p>
   </div>
   <div class='ocr_carea' id='block_1_9' title="bbox 187 1007 1724 1092">
    <p class='ocr_par' dir='ltr' id='par_1_9' title="bbox 187 1007 1724 1092">
     <span class='ocr_line' id='line_1_9' title="bbox 187 1007 1724 1092; baseline 0.011 -31"><span class='ocrx_word' id='word_1_56' title='bbox 187 1017 274 1064; x_wconf 79' lang='lat' dir='ltr'><strong>tet</strong></span> <span class='ocrx_word' id='word_1_57' title='bbox 309 1007 476 1084; x_wconf 78' lang='lat' dir='ltr'><strong>:editui</strong></span> <span class='ocrx_word' id='word_1_58' title='bbox 509 1009 626 1081; x_wconf 85' lang='lat' dir='ltr'><strong>ejus</strong></span> <span class='ocrx_word' id='word_1_59' title='bbox 669 1028 831 1084; x_wconf 87' lang='lat' dir='ltr'><strong>super</strong></span> <span class='ocrx_word' id='word_1_60' title='bbox 875 1031 997 1072; x_wconf 87' lang='lat' dir='ltr'><strong>ettm</strong></span> <span class='ocrx_word' id='word_1_61' title='bbox 1038 1020 1448 1076; x_wconf 82' lang='lat' dir='ltr'><strong>exsultaverunt</strong></span> <span class='ocrx_word' id='word_1_62' title='bbox 1474 1022 1526 1076; x_wconf 92' lang='lat' dir='ltr'><strong>in</strong></span> <span class='ocrx_word' id='word_1_63' title='bbox 1555 1022 1724 1092; x_wconf 79' lang='lat' dir='ltr'><strong>gloria</strong></span> 
     </span>
    </p>
   </div>
   <div class='ocr_carea' id='block_1_10' title="bbox 183 1101 1724 1186">
    <p class='ocr_par' dir='ltr' id='par_1_10' title="bbox 183 1101 1724 1186">
     <span class='ocr_line' id='line_1_10' title="bbox 183 1101 1724 1186; baseline 0.013 -35"><span class='ocrx_word' id='word_1_64' title='bbox 183 1117 199 1151; x_wconf 78' lang='grc' dir='ltr'>ι</span> <span class='ocrx_word' id='word_1_65' title='bbox 227 1101 344 1170; x_wconf 85' lang='lat' dir='ltr'><strong>ejus,</strong></span> <span class='ocrx_word' id='word_1_66' title='bbox 374 1101 494 1170; x_wconf 92' lang='lat' dir='ltr'><strong>quia</strong></span> <span class='ocrx_word' id='word_1_67' title='bbox 526 1102 782 1171; x_wconf 81' lang='lat' dir='ltr'><strong>migravit</strong></span> <span class='ocrx_word' id='word_1_68' title='bbox 819 1108 886 1162; x_wconf 87' lang='lat' dir='ltr'><strong>ab</strong></span> <span class='ocrx_word' id='word_1_69' title='bbox 926 1125 1011 1164; x_wconf 89' lang='lat' dir='ltr'><strong>eo.</strong></span> <span class='ocrx_word' id='word_1_70' title='bbox 1041 1130 1059 1162; x_wconf 78' lang='grc' dir='ltr'><strong><em>ι</em></strong></span> <span class='ocrx_word' id='word_1_71' title='bbox 1093 1111 1366 1170; x_wconf 86' lang='lat' dir='ltr'><strong>Bethaven</strong></span> <span class='ocrx_word' id='word_1_72' title='bbox 1403 1115 1724 1186; x_wconf 87' lang='lat' dir='ltr'><strong>interpreta-</strong></span> 
     </span>
    </p>
   </div>
   <div class='ocr_carea' id='block_1_11' title="bbox 179 1191 1724 1262">
    <p class='ocr_par' dir='ltr' id='par_1_11' title="bbox 179 1191 1724 1262">
     <span class='ocr_line' id='line_1_11' title="bbox 179 1191 1724 1262; baseline 0.01 -16"><span class='ocrx_word' id='word_1_73' title='bbox 179 1202 248 1246; x_wconf 90' lang='lat' dir='ltr'><strong>tur</strong></span> <span class='ocrx_word' id='word_1_74' title='bbox 265 1191 433 1247; x_wconf 72' lang='lat' dir='ltr'><strong>donius</strong></span> <span class='ocrx_word' id='word_1_75' title='bbox 461 1194 608 1262; x_wconf 87' lang='lat' dir='ltr'><strong>idoli,</strong></span> <span class='ocrx_word' id='word_1_76' title='bbox 640 1195 884 1254; x_wconf 81' lang='lat' dir='ltr'><strong>Samaria</strong></span> <span class='ocrx_word' id='word_1_77' title='bbox 915 1205 1209 1258; x_wconf 84' lang='lat' dir='ltr'><strong>custodiam</strong></span> <span class='ocrx_word' id='word_1_78' title='bbox 1240 1214 1414 1260; x_wconf 91' lang='lat' dir='ltr'><strong>sonat.</strong></span> <span class='ocrx_word' id='word_1_79' title='bbox 1441 1204 1724 1262; x_wconf 76' lang='lat' dir='ltr'><strong>Habitatu-</strong></span> 
     </span>
    </p>
   </div>
   <div class='ocr_carea' id='block_1_12' title="bbox 177 1285 1722 1371">
    <p class='ocr_par' dir='ltr' id='par_1_12' title="bbox 177 1285 1722 1371">
     <span class='ocr_line' id='line_1_12' title="bbox 177 1285 1722 1371; baseline 0.011 -32"><span class='ocrx_word' id='word_1_80' title='bbox 177 1302 240 1342; x_wconf 84' lang='lat' dir='ltr'><strong>res</strong></span> <span class='ocrx_word' id='word_1_81' title='bbox 264 1301 376 1358; x_wconf 80' lang='lat' dir='ltr'><strong>ergo</strong></span> <span class='ocrx_word' id='word_1_82' title='bbox 404 1285 662 1345; x_wconf 70' lang='lat' dir='ltr'><strong>Samaria:</strong></span> <span class='ocrx_word' id='word_1_83' title='bbox 695 1309 874 1349; x_wconf 81' lang='lat' dir='ltr'><strong>vaccas</strong></span> <span class='ocrx_word' id='word_1_84' title='bbox 917 1297 1125 1362; x_wconf 83' lang='lat' dir='ltr'><strong>colunt,</strong></span> <span class='ocrx_word' id='word_1_85' title='bbox 1155 1315 1279 1354; x_wconf 89' lang='lat' dir='ltr'><strong>cum</strong></span> <span class='ocrx_word' id='word_1_86' title='bbox 1329 1300 1420 1371; x_wconf 86' lang='lat' dir='ltr'><strong>qui</strong></span> <span class='ocrx_word' id='word_1_87' title='bbox 1462 1301 1722 1358; x_wconf 80' lang='lat' dir='ltr'><strong>exteriori</strong></span> 
     </span>
    </p>
   </div>
   <div class='ocr_carea' id='block_1_13' title="bbox 174 1380 1722 1466">
    <p class='ocr_par' dir='ltr' id='par_1_13' title="bbox 174 1380 1722 1466">
     <span class='ocr_line' id='line_1_13' title="bbox 174 1380 1722 1466; baseline 0.011 -34"><span class='ocrx_word' id='word_1_88' title='bbox 174 1393 264 1432; x_wconf 72' lang='lat' dir='ltr'><strong>Siue</strong></span> <span class='ocrx_word' id='word_1_89' title='bbox 299 1380 545 1436; x_wconf 76' lang='lat' dir='ltr'><strong>custodia:</strong></span> <span class='ocrx_word' id='word_1_90' title='bbox 592 1383 860 1441; x_wconf 83' lang='lat' dir='ltr'><strong>dominari</strong></span> <span class='ocrx_word' id='word_1_91' title='bbox 924 1404 982 1444; x_wconf 91' lang='lat' dir='ltr'><strong>se</strong></span> <span class='ocrx_word' id='word_1_92' title='bbox 1037 1391 1284 1459; x_wconf 90' lang='lat' dir='ltr'><strong>credunt,</strong></span> <span class='ocrx_word' id='word_1_93' title='bbox 1328 1402 1380 1448; x_wconf 89' lang='lat' dir='ltr'><strong>et</strong></span> <span class='ocrx_word' id='word_1_94' title='bbox 1432 1408 1722 1466; x_wconf 82' lang='lat' dir='ltr'><strong>corporum</strong></span> 
     </span>
    </p>
   </div>
   <div class='ocr_carea' id='block_1_14' title="bbox 174 1476 1722 1561">
    <p class='ocr_par' dir='ltr' id='par_1_14' title="bbox 174 1476 1722 1561">
     <span class='ocr_line' id='line_1_14' title="bbox 174 1476 1722 1561; baseline 0.009 -30"><span class='ocrx_word' id='word_1_95' title='bbox 174 1476 523 1531; x_wconf 82' lang='lat' dir='ltr'><strong>continentiam</strong></span> <span class='ocrx_word' id='word_1_96' title='bbox 571 1494 682 1536; x_wconf 64' lang='lat' dir='ltr'><strong>suae</strong></span> <span class='ocrx_word' id='word_1_97' title='bbox 727 1486 976 1552; x_wconf 89' lang='lat' dir='ltr'><strong>potestati</strong></span> <span class='ocrx_word' id='word_1_98' title='bbox 1027 1487 1341 1552; x_wconf 83' lang='lat' dir='ltr'><strong>ascribunt,</strong></span> <span class='ocrx_word' id='word_1_99' title='bbox 1384 1489 1535 1558; x_wconf 82' lang='lat' dir='ltr'><strong>juxta</strong></span> <span class='ocrx_word' id='word_1_100' title='bbox 1578 1489 1722 1561; x_wconf 91' lang='lat' dir='ltr'><strong>quod</strong></span> 
     </span>
    </p>
   </div>
   <div class='ocr_carea' id='block_1_15' title="bbox 173 1569 1721 1650">
    <p class='ocr_par' dir='ltr' id='par_1_15' title="bbox 173 1569 1721 1650">
     <span class='ocr_line' id='line_1_15' title="bbox 173 1569 1721 1650; baseline 0.01 -26"><span class='ocrx_word' id='word_1_101' title='bbox 173 1569 382 1638; x_wconf 84' lang='lat' dir='ltr'><strong>superius</strong></span> <span class='ocrx_word' id='word_1_102' title='bbox 409 1570 625 1641; x_wconf 89' lang='lat' dir='ltr'><strong>dicitur,</strong></span> <span class='ocrx_word' id='word_1_103' title='bbox 668 1575 864 1644; x_wconf 84' lang='lat' dir='ltr'><strong>ferietis</strong></span> <span class='ocrx_word' id='word_1_104' title='bbox 893 1579 1090 1649; x_wconf 77' lang='lat' dir='ltr'><strong>fwdus,</strong></span> <span class='ocrx_word' id='word_1_105' title='bbox 1134 1581 1462 1650; x_wconf 79' lang='lat' dir='ltr'><strong>petulantias</strong></span> <span class='ocrx_word' id='word_1_106' title='bbox 1502 1583 1721 1639; x_wconf 86' lang='lat' dir='ltr'><strong>interio-</strong></span> 
     </span>
    </p>
   </div>
   <div class='ocr_carea' id='block_1_16' title="bbox 173 1665 1722 1743">
    <p class='ocr_par' dir='ltr' id='par_1_16' title="bbox 173 1665 1722 1743">
     <span class='ocr_line' id='line_1_16' title="bbox 173 1665 1722 1743; baseline 0.009 -25"><span class='ocrx_word' id='word_1_107' title='bbox 173 1677 243 1718; x_wconf 87' lang='lat' dir='ltr'><strong>res</strong></span> <span class='ocrx_word' id='word_1_108' title='bbox 261 1677 353 1717; x_wconf 92' lang='lat' dir='ltr'><strong>non</strong></span> <span class='ocrx_word' id='word_1_109' title='bbox 381 1665 656 1732; x_wconf 82' lang='lat' dir='ltr'><strong>deserunt,</strong></span> <span class='ocrx_word' id='word_1_110' title='bbox 690 1669 798 1724; x_wconf 91' lang='lat' dir='ltr'><strong>imo</strong></span> <span class='ocrx_word' id='word_1_111' title='bbox 846 1672 1246 1742; x_wconf 87' lang='lat' dir='ltr'><strong>amplectuntur</strong></span> <span class='ocrx_word' id='word_1_112' title='bbox 1281 1685 1333 1730; x_wconf 93' lang='lat' dir='ltr'><strong>et</strong></span> <span class='ocrx_word' id='word_1_113' title='bbox 1365 1676 1641 1743; x_wconf 76' lang='lat' dir='ltr'><strong>excolunt,</strong></span> <span class='ocrx_word' id='word_1_114' title='bbox 1667 1685 1722 1732; x_wconf 87' lang='lat' dir='ltr'><strong>et</strong></span> 
     </span>
    </p>
   </div>
   <div class='ocr_carea' id='block_1_17' title="bbox 169 1755 1718 1839">
    <p class='ocr_par' dir='ltr' id='par_1_17' title="bbox 169 1755 1718 1839">
     <span class='ocr_line' id='line_1_17' title="bbox 169 1755 1718 1839; baseline 0.01 -30"><span class='ocrx_word' id='word_1_115' title='bbox 169 1756 253 1809; x_wconf 89' lang='lat' dir='ltr'><strong>hoc</strong></span> <span class='ocrx_word' id='word_1_116' title='bbox 286 1755 333 1810; x_wconf 94' lang='lat' dir='ltr'><strong>in</strong></span> <span class='ocrx_word' id='word_1_117' title='bbox 364 1756 666 1821; x_wconf 85' lang='lat' dir='ltr'><strong>Bethaven,</strong></span> <span class='ocrx_word' id='word_1_118' title='bbox 712 1762 762 1816; x_wconf 82' lang='lat' dir='ltr'><strong>Id</strong></span> <span class='ocrx_word' id='word_1_119' title='bbox 802 1773 885 1820; x_wconf 91' lang='lat' dir='ltr'><strong>est</strong></span> <span class='ocrx_word' id='word_1_120' title='bbox 931 1766 982 1819; x_wconf 93' lang='lat' dir='ltr'><strong>in</strong></span> <span class='ocrx_word' id='word_1_121' title='bbox 1024 1766 1182 1822; x_wconf 90' lang='lat' dir='ltr'><strong>domo</strong></span> <span class='ocrx_word' id='word_1_122' title='bbox 1226 1767 1372 1828; x_wconf 86' lang='lat' dir='ltr'><strong>idoli,</strong></span> <span class='ocrx_word' id='word_1_123' title='bbox 1425 1783 1616 1839; x_wconf 87' lang='lat' dir='ltr'><strong>nempe</strong></span> <span class='ocrx_word' id='word_1_124' title='bbox 1663 1769 1718 1824; x_wconf 90' lang='lat' dir='ltr'><strong>in</strong></span> 
     </span>
    </p>
   </div>
   <div class='ocr_carea' id='block_1_18' title="bbox 171 1844 1801 1926">
    <p class='ocr_par' dir='ltr' id='par_1_18' title="bbox 171 1844 1801 1926">
     <span class='ocr_line' id='line_1_18' title="bbox 171 1844 1801 1926; baseline 0.009 -22"><span class='ocrx_word' id='word_1_125' title='bbox 171 1852 463 1907; x_wconf 77' lang='lat' dir='ltr'><strong>conscientia</strong></span> <span class='ocrx_word' id='word_1_126' title='bbox 495 1853 547 1908; x_wconf 94' lang='lat' dir='ltr'><strong>in</strong></span> <span class='ocrx_word' id='word_1_127' title='bbox 579 1871 684 1926; x_wconf 90' lang='lat' dir='ltr'><strong>qua</strong></span> <span class='ocrx_word' id='word_1_128' title='bbox 726 1856 820 1912; x_wconf 89' lang='lat' dir='ltr'><strong>Dei</strong></span> <span class='ocrx_word' id='word_1_129' title='bbox 866 1858 1044 1914; x_wconf 90' lang='lat' dir='ltr'><strong>cultus</strong></span> <span class='ocrx_word' id='word_1_130' title='bbox 1067 1861 1390 1917; x_wconf 80' lang='lat' dir='ltr'><strong>transfertur</strong></span> <span class='ocrx_word' id='word_1_131' title='bbox 1418 1861 1470 1917; x_wconf 93' lang='lat' dir='ltr'><strong>in</strong></span> <span class='ocrx_word' id='word_1_132' title='bbox 1501 1861 1721 1917; x_wconf 87' lang='lat' dir='ltr'><strong>diaboli.</strong></span> <span class='ocrx_word' id='word_1_133' title='bbox 1759 1844 1801 1904; x_wconf 78' lang='grc' dir='ltr'><strong>Β</strong></span> 
     </span>
    </p>
   </div>
   <div class='ocr_carea' id='block_1_19' title="bbox 175 1944 1725 2027">
    <p class='ocr_par' dir='ltr' id='par_1_19' title="bbox 175 1944 1725 2027">
     <span class='ocr_line' id='line_1_19' title="bbox 175 1944 1725 2027; baseline 0.008 -30"><span class='ocrx_word' id='word_1_134' title='bbox 175 1944 346 2002; x_wconf 74' lang='lat' dir='ltr'><strong>\‘accas</strong></span> <span class='ocrx_word' id='word_1_135' title='bbox 365 1964 459 2017; x_wconf 87' lang='lat' dir='ltr'><strong>pro</strong></span> <span class='ocrx_word' id='word_1_136' title='bbox 474 1949 692 2006; x_wconf 84' lang='lat' dir='ltr'><strong>lascivia</strong></span> <span class='ocrx_word' id='word_1_137' title='bbox 718 1952 840 2020; x_wconf 89' lang='lat' dir='ltr'><strong>poni</strong></span> <span class='ocrx_word' id='word_1_138' title='bbox 865 1954 1020 2008; x_wconf 89' lang='lat' dir='ltr'><strong>testis</strong></span> <span class='ocrx_word' id='word_1_139' title='bbox 1035 1963 1117 2010; x_wconf 89' lang='lat' dir='ltr'><strong>est</strong></span> <span class='ocrx_word' id='word_1_140' title='bbox 1141 1972 1154 2009; x_wconf 92' lang='lat'>:</span> <span class='ocrx_word' id='word_1_141' title='bbox 1178 1974 1196 2005; x_wconf 75' lang='grc' dir='ltr'><strong><em>ι</em></strong></span> <span class='ocrx_word' id='word_1_142' title='bbox 1220 1955 1582 2027; x_wconf 74' lang='lat' dir='ltr'><strong>Congregatio</strong></span> <span class='ocrx_word' id='word_1_143' title='bbox 1606 1964 1725 2010; x_wconf 59' lang='lat' dir='ltr'><strong>tau.</strong></span> 
     </span>
    </p>
   </div>
   <div class='ocr_carea' id='block_1_20' title="bbox 175 2039 1724 2116">
    <p class='ocr_par' dir='ltr' id='par_1_20' title="bbox 175 2039 1724 2116">
     <span class='ocr_line' id='line_1_20' title="bbox 175 2039 1724 2116; baseline 0.008 -26"><span class='ocrx_word' id='word_1_144' title='bbox 175 2052 328 2092; x_wconf 81' lang='lat' dir='ltr'><strong>rerum</strong></span> <span class='ocrx_word' id='word_1_145' title='bbox 349 2039 398 2094; x_wconf 91' lang='lat' dir='ltr'><strong>in</strong></span> <span class='ocrx_word' id='word_1_146' title='bbox 422 2043 602 2098; x_wconf 83' lang='lat' dir='ltr'><strong>vaccis</strong></span> <span class='ocrx_word' id='word_1_147' title='bbox 625 2044 941 2113; x_wconf 89' lang='lat' dir='ltr'><strong>populorum</strong></span> <span class='ocrx_word' id='word_1_148' title='bbox 969 2045 1141 2116; x_wconf 89' lang='lat' dir='ltr'><strong>(Psal.</strong></span> <span class='ocrx_word' id='word_1_149' title='bbox 1161 2047 1402 2114; x_wconf 76' lang='lat' dir='ltr'><strong>vatl,5l</strong></span> <span class='ocrx_word' id='word_1_150' title='bbox 1420 2050 1456 2112; x_wconf 90' lang='lat'><strong>).</strong></span> <span class='ocrx_word' id='word_1_151' title='bbox 1487 2069 1506 2100; x_wconf 74' lang='grc' dir='ltr'><strong><em>ι</em></strong></span> <span class='ocrx_word' id='word_1_152' title='bbox 1538 2049 1724 2103; x_wconf 88' lang='lat' dir='ltr'><strong>Sama-</strong></span> 
     </span>
    </p>
   </div>
   <div class='ocr_carea' id='block_1_21' title="bbox 169 2128 1723 2208">
    <p class='ocr_par' dir='ltr' id='par_1_21' title="bbox 169 2128 1723 2208">
     <span class='ocr_line' id='line_1_21' title="bbox 169 2128 1723 2208; baseline 0.009 -26"><span class='ocrx_word' id='word_1_153' title='bbox 169 2128 281 2184; x_wconf 89' lang='lat' dir='ltr'><strong>riam</strong></span> <span class='ocrx_word' id='word_1_154' title='bbox 310 2141 480 2188; x_wconf 89' lang='lat' dir='ltr'><strong>autem</strong></span> <span class='ocrx_word' id='word_1_155' title='bbox 511 2134 743 2200; x_wconf 85' lang='lat' dir='ltr'><strong>habitat,</strong></span> <span class='ocrx_word' id='word_1_156' title='bbox 766 2137 855 2207; x_wconf 90' lang='lat' dir='ltr'><strong>qui</strong></span> <span class='ocrx_word' id='word_1_157' title='bbox 891 2153 950 2192; x_wconf 89' lang='lat' dir='ltr'><strong>se</strong></span> <span class='ocrx_word' id='word_1_158' title='bbox 979 2154 1075 2208; x_wconf 92' lang='lat' dir='ltr'><strong>per</strong></span> <span class='ocrx_word' id='word_1_159' title='bbox 1099 2154 1158 2195; x_wconf 89' lang='lat' dir='ltr'><strong>se</strong></span> <span class='ocrx_word' id='word_1_160' title='bbox 1180 2141 1364 2195; x_wconf 86' lang='lat' dir='ltr'><strong>vivere</strong></span> <span class='ocrx_word' id='word_1_161' title='bbox 1393 2155 1550 2208; x_wconf 83' lang='lat' dir='ltr'><strong>posse</strong></span> <span class='ocrx_word' id='word_1_162' title='bbox 1573 2149 1723 2197; x_wconf 87' lang='lat' dir='ltr'><strong>caste</strong></span> 
     </span>
    </p>
   </div>
   <div class='ocr_carea' id='block_1_22' title="bbox 168 2225 1720 2304">
    <p class='ocr_par' dir='ltr' id='par_1_22' title="bbox 168 2225 1720 2304">
     <span class='ocr_line' id='line_1_22' title="bbox 168 2225 1720 2304; baseline 0.008 -29"><span class='ocrx_word' id='word_1_163' title='bbox 168 2234 428 2292; x_wconf 88' lang='lat' dir='ltr'><strong>computat.</strong></span> <span class='ocrx_word' id='word_1_164' title='bbox 461 2225 716 2282; x_wconf 81' lang='lat' dir='ltr'><strong>Habitare</strong></span> <span class='ocrx_word' id='word_1_165' title='bbox 747 2231 890 2284; x_wconf 91' lang='lat' dir='ltr'><strong>enim</strong></span> <span class='ocrx_word' id='word_1_166' title='bbox 921 2247 1016 2301; x_wconf 94' lang='lat' dir='ltr'><strong>pro</strong></span> <span class='ocrx_word' id='word_1_167' title='bbox 1039 2232 1303 2287; x_wconf 83' lang='lat' dir='ltr'><strong>dominari</strong></span> <span class='ocrx_word' id='word_1_168' title='bbox 1328 2234 1567 2303; x_wconf 86' lang='lat' dir='ltr'><strong>ponitur,</strong></span> <span class='ocrx_word' id='word_1_169' title='bbox 1597 2234 1720 2304; x_wconf 82' lang='lat' dir='ltr'><strong>quia</strong></span> 
     </span>
    </p>
   </div>
   <div class='ocr_carea' id='block_1_23' title="bbox 163 2315 1718 2395">
    <p class='ocr_par' dir='ltr' id='par_1_23' title="bbox 163 2315 1718 2395">
     <span class='ocr_line' id='line_1_23' title="bbox 163 2315 1718 2395; baseline 0.008 -27"><span class='ocrx_word' id='word_1_170' title='bbox 163 2315 218 2369; x_wconf 80' lang='lat' dir='ltr'><strong>ab</strong></span> <span class='ocrx_word' id='word_1_171' title='bbox 247 2317 471 2372; x_wconf 78' lang='lat' dir='ltr'><strong>habendo</strong></span> <span class='ocrx_word' id='word_1_172' title='bbox 509 2319 820 2376; x_wconf 83' lang='lat' dir='ltr'><strong>inﬂectitur.</strong></span> <span class='ocrx_word' id='word_1_173' title='bbox 867 2322 1004 2390; x_wconf 84' lang='lat' dir='ltr'><strong>Quia</strong></span> <span class='ocrx_word' id='word_1_174' title='bbox 1054 2339 1150 2394; x_wconf 90' lang='lat' dir='ltr'><strong>per</strong></span> <span class='ocrx_word' id='word_1_175' title='bbox 1198 2340 1392 2380; x_wconf 82' lang='lat' dir='ltr'><strong>vaccas</strong></span> <span class='ocrx_word' id='word_1_176' title='bbox 1426 2325 1718 2395; x_wconf 89' lang='lat' dir='ltr'><strong>appetitum</strong></span> 
     </span>
    </p>
   </div>
   <div class='ocr_carea' id='block_1_24' title="bbox 162 2400 1718 2490">
    <p class='ocr_par' dir='ltr' id='par_1_24' title="bbox 162 2400 1718 2490">
     <span class='ocr_line' id='line_1_24' title="bbox 162 2400 1718 2490; baseline 0.007 -26"><span class='ocrx_word' id='word_1_177' title='bbox 162 2407 369 2467; x_wconf 83' lang='lat' dir='ltr'><strong>libidinis</strong></span> <span class='ocrx_word' id='word_1_178' title='bbox 413 2414 678 2486; x_wconf 81' lang='lat' dir='ltr'><strong>signarat,</strong></span> <span class='ocrx_word' id='word_1_179' title='bbox 707 2433 772 2473; x_wconf 79' lang='lat' dir='ltr'><strong>ex</strong></span> <span class='ocrx_word' id='word_1_180' title='bbox 809 2418 911 2472; x_wconf 91' lang='lat' dir='ltr'><strong>hoc</strong></span> <span class='ocrx_word' id='word_1_181' title='bbox 949 2418 1125 2473; x_wconf 86' lang='lat' dir='ltr'><strong>innuit</strong></span> <span class='ocrx_word' id='word_1_182' title='bbox 1163 2420 1305 2488; x_wconf 90' lang='lat' dir='ltr'><strong>quod</strong></span> <span class='ocrx_word' id='word_1_183' title='bbox 1353 2400 1718 2490; x_wconf 86' lang='lat' dir='ltr'><strong>pluralitatem</strong></span> 
     </span>
    </p>
   </div>
   <div class='ocr_carea' id='block_1_25' title="bbox 163 2503 1715 2582">
    <p class='ocr_par' dir='ltr' id='par_1_25' title="bbox 163 2503 1715 2582">
     <span class='ocr_line' id='line_1_25' title="bbox 163 2503 1715 2582; baseline 0.007 -25"><span class='ocrx_word' id='word_1_184' title='bbox 163 2503 282 2559; x_wconf 85' lang='lat' dir='ltr'><strong>illam</strong></span> <span class='ocrx_word' id='word_1_185' title='bbox 319 2506 662 2577; x_wconf 74' lang='lat' dir='ltr'><strong>singulariter</strong></span> <span class='ocrx_word' id='word_1_186' title='bbox 713 2526 856 2566; x_wconf 90' lang='lat' dir='ltr'><strong>nunc</strong></span> <span class='ocrx_word' id='word_1_187' title='bbox 907 2511 1152 2580; x_wconf 88' lang='lat' dir='ltr'><strong>replicat.</strong></span> <span class='ocrx_word' id='word_1_188' title='bbox 1206 2512 1398 2576; x_wconf 84' lang='lat' dir='ltr'><strong>Luxit,</strong></span> <span class='ocrx_word' id='word_1_189' title='bbox 1450 2513 1715 2582; x_wconf 82' lang='lat' dir='ltr'><strong>inquiens,</strong></span> 
     </span>
    </p>
   </div>
   <div class='ocr_carea' id='block_1_26' title="bbox 161 2601 1720 2674">
    <p class='ocr_par' dir='ltr' id='par_1_26' title="bbox 161 2601 1720 2674">
     <span class='ocr_line' id='line_1_26' title="bbox 161 2601 1720 2674; baseline 0.006 -24"><span class='ocrx_word' id='word_1_190' title='bbox 161 2612 289 2664; x_wconf 85' lang='lat' dir='ltr'><strong>super</strong></span> <span class='ocrx_word' id='word_1_191' title='bbox 330 2617 445 2653; x_wconf 76' lang='lat' dir='ltr'><strong>eunt</strong></span> <span class='ocrx_word' id='word_1_192' title='bbox 489 2601 713 2672; x_wconf 86' lang='lat' dir='ltr'><strong>populus</strong></span> <span class='ocrx_word' id='word_1_193' title='bbox 757 2603 890 2673; x_wconf 85' lang='lat' dir='ltr'><strong>ejus,</strong></span> <span class='ocrx_word' id='word_1_194' title='bbox 923 2604 1016 2657; x_wconf 90' lang='lat' dir='ltr'><strong>sed</strong></span> <span class='ocrx_word' id='word_1_195' title='bbox 1065 2605 1362 2658; x_wconf 90' lang='lat' dir='ltr'><strong>notandum</strong></span> <span class='ocrx_word' id='word_1_196' title='bbox 1405 2605 1546 2674; x_wconf 90' lang='lat' dir='ltr'><strong>quod</strong></span> <span class='ocrx_word' id='word_1_197' title='bbox 1584 2619 1720 2674; x_wconf 69' lang='lat' dir='ltr'><strong>pree-</strong></span> 
     </span>
    </p>
   </div>
   <div class='ocr_carea' id='block_1_27' title="bbox 161 2690 1720 2766">
    <p class='ocr_par' dir='ltr' id='par_1_27' title="bbox 161 2690 1720 2766">
     <span class='ocr_line' id='line_1_27' title="bbox 161 2690 1720 2766; baseline 0.005 -22"><span class='ocrx_word' id='word_1_198' title='bbox 161 2690 365 2747; x_wconf 91' lang='lat' dir='ltr'><strong>mittitur</strong></span> <span class='ocrx_word' id='word_1_199' title='bbox 409 2694 550 2764; x_wconf 83' lang='lat' dir='ltr'><strong>quia.</strong></span> <span class='ocrx_word' id='word_1_200' title='bbox 612 2695 709 2750; x_wconf 87' lang='lat' dir='ltr'><strong>Est</strong></span> <span class='ocrx_word' id='word_1_201' title='bbox 757 2705 936 2752; x_wconf 87' lang='lat' dir='ltr'><strong>autem</strong></span> <span class='ocrx_word' id='word_1_202' title='bbox 988 2697 1212 2752; x_wconf 88' lang='lat' dir='ltr'><strong>dicere:</strong></span> <span class='ocrx_word' id='word_1_203' title='bbox 1257 2696 1361 2764; x_wconf 87' lang='lat' dir='ltr'><strong>Ipsi</strong></span> <span class='ocrx_word' id='word_1_204' title='bbox 1410 2698 1720 2766; x_wconf 83' lang='lat' dir='ltr'><strong>provisores</strong></span> 
     </span>
    </p>
   </div>
   <div class='ocr_carea' id='block_1_28' title="bbox 160 2786 1718 2860">
    <p class='ocr_par' dir='ltr' id='par_1_28' title="bbox 160 2786 1718 2860">
     <span class='ocr_line' id='line_1_28' title="bbox 160 2786 1718 2860; baseline 0.006 -22"><span class='ocrx_word' id='word_1_205' title='bbox 160 2795 287 2839; x_wconf 84' lang='lat' dir='ltr'><strong>erant</strong></span> <span class='ocrx_word' id='word_1_206' title='bbox 311 2786 576 2844; x_wconf 77' lang='lat' dir='ltr'><strong>forasticae</strong></span> <span class='ocrx_word' id='word_1_207' title='bbox 604 2790 894 2852; x_wconf 67' lang='lat' dir='ltr'><strong>custodite,</strong></span> <span class='ocrx_word' id='word_1_208' title='bbox 923 2799 976 2845; x_wconf 89' lang='lat' dir='ltr'><strong>et</strong></span> <span class='ocrx_word' id='word_1_209' title='bbox 1005 2791 1106 2846; x_wconf 90' lang='lat' dir='ltr'><strong>hoc</strong></span> <span class='ocrx_word' id='word_1_210' title='bbox 1132 2791 1254 2845; x_wconf 90' lang='lat' dir='ltr'><strong>ideo</strong></span> <span class='ocrx_word' id='word_1_211' title='bbox 1295 2790 1568 2856; x_wconf 88' lang='lat' dir='ltr'><strong>nimirum,</strong></span> <span class='ocrx_word' id='word_1_212' title='bbox 1593 2791 1718 2860; x_wconf 85' lang='lat' dir='ltr'><strong>quia</strong></span> 
     </span>
    </p>
   </div>
   <div class='ocr_carea' id='block_1_29' title="bbox 159 2878 1722 2951">
    <p class='ocr_par' dir='ltr' id='par_1_29' title="bbox 159 2878 1722 2951">
     <span class='ocr_line' id='line_1_29' title="bbox 159 2878 1722 2951; baseline 0.004 -19"><span class='ocrx_word' id='word_1_213' title='bbox 159 2878 356 2947; x_wconf 87' lang='lat' dir='ltr'><strong>populus</strong></span> <span class='ocrx_word' id='word_1_214' title='bbox 403 2882 790 2951; x_wconf 78' lang='lat' dir='ltr'><strong>cogitationum</strong></span> <span class='ocrx_word' id='word_1_215' title='bbox 840 2882 1006 2944; x_wconf 79' lang='lat' dir='ltr'><strong>luxit,</strong></span> <span class='ocrx_word' id='word_1_216' title='bbox 1059 2883 1110 2936; x_wconf 93' lang='lat' dir='ltr'><strong>id</strong></span> <span class='ocrx_word' id='word_1_217' title='bbox 1155 2891 1239 2937; x_wconf 88' lang='lat' dir='ltr'><strong>est</strong></span> <span class='ocrx_word' id='word_1_218' title='bbox 1286 2883 1722 2939; x_wconf 89' lang='lat' dir='ltr'><strong>immurmuravit</strong></span> 
     </span>
    </p>
   </div>
   <div class='ocr_carea' id='block_1_30' title="bbox 158 2967 1718 3047">
    <p class='ocr_par' dir='ltr' id='par_1_30' title="bbox 158 2967 1718 3047">
     <span class='ocr_line' id='line_1_30' title="bbox 158 2967 1718 3047; baseline 0.006 -25"><span class='ocrx_word' id='word_1_219' title='bbox 158 2967 344 3026; x_wconf 85' lang='lat' dir='ltr'><strong>inhians</strong></span> <span class='ocrx_word' id='word_1_220' title='bbox 379 2987 540 3042; x_wconf 88' lang='lat' dir='ltr'><strong>super</strong></span> <span class='ocrx_word' id='word_1_221' title='bbox 577 2973 776 3042; x_wconf 91' lang='lat' dir='ltr'><strong>ipsum.</strong></span> <span class='ocrx_word' id='word_1_222' title='bbox 817 2975 908 3045; x_wconf 87' lang='lat' dir='ltr'><strong>qui</strong></span> <span class='ocrx_word' id='word_1_223' title='bbox 955 2974 1200 3029; x_wconf 75' lang='lat' dir='ltr'><strong>frenabat</strong></span> <span class='ocrx_word' id='word_1_224' title='bbox 1238 2974 1477 3031; x_wconf 84' lang='lat' dir='ltr'><strong>exterius</strong></span> <span class='ocrx_word' id='word_1_225' title='bbox 1508 2977 1718 3047; x_wconf 86' lang='lat' dir='ltr'><strong>appeti-</strong></span> 
     </span>
    </p>
   </div>
   <div class='ocr_carea' id='block_1_31' title="bbox 159 3059 1717 3137">
    <p class='ocr_par' dir='ltr' id='par_1_31' title="bbox 159 3059 1717 3137">
     <span class='ocr_line' id='line_1_31' title="bbox 159 3059 1717 3137; baseline 0.006 -25"><span class='ocrx_word' id='word_1_226' title='bbox 159 3066 268 3113; x_wconf 89' lang='lat' dir='ltr'><strong>tum.</strong></span> <span class='ocrx_word' id='word_1_227' title='bbox 303 3059 540 3132; x_wconf 85' lang='lat' dir='ltr'><strong>Populus</strong></span> <span class='ocrx_word' id='word_1_228' title='bbox 571 3064 705 3134; x_wconf 82' lang='lat' dir='ltr'><strong>ejus,</strong></span> <span class='ocrx_word' id='word_1_229' title='bbox 755 3065 959 3120; x_wconf 87' lang='lat' dir='ltr'><strong>scilicet</strong></span> <span class='ocrx_word' id='word_1_230' title='bbox 1007 3065 1276 3135; x_wconf 85' lang='lat' dir='ltr'><strong>appetitus</strong></span> <span class='ocrx_word' id='word_1_231' title='bbox 1318 3066 1537 3129; x_wconf 73' lang='lat' dir='ltr'><strong>dicitur,</strong></span> <span class='ocrx_word' id='word_1_232' title='bbox 1589 3067 1717 3137; x_wconf 86' lang='lat' dir='ltr'><strong>quia</strong></span> 
     </span>
    </p>
   </div>
   <div class='ocr_carea' id='block_1_32' title="bbox 156 3145 1718 3230">
    <p class='ocr_par' dir='ltr' id='par_1_32' title="bbox 156 3145 1718 3230">
     <span class='ocr_line' id='line_1_32' title="bbox 156 3145 1718 3230; baseline 0.007 -25"><span class='ocrx_word' id='word_1_233' title='bbox 156 3153 257 3210; x_wconf 81' lang='lat' dir='ltr'><strong>talis</strong></span> <span class='ocrx_word' id='word_1_234' title='bbox 293 3145 730 3227; x_wconf 70' lang='lat' dir='ltr'><strong>concupiScentia</strong></span> <span class='ocrx_word' id='word_1_235' title='bbox 769 3159 914 3229; x_wconf 88' lang='lat' dir='ltr'><strong>parit</strong></span> <span class='ocrx_word' id='word_1_236' title='bbox 949 3159 1244 3214; x_wconf 75' lang='lat' dir='ltr'><strong>introrsum</strong></span> <span class='ocrx_word' id='word_1_237' title='bbox 1288 3160 1548 3230; x_wconf 89' lang='lat' dir='ltr'><strong>plurimos</strong></span> <span class='ocrx_word' id='word_1_238' title='bbox 1581 3169 1718 3216; x_wconf 86' lang='lat' dir='ltr'><strong>stre-</strong></span> 
     </span>
    </p>
   </div>
   <div class='ocr_carea' id='block_1_33' title="bbox 153 3247 1718 3326">
    <p class='ocr_par' dir='ltr' id='par_1_33' title="bbox 153 3247 1718 3326">
     <span class='ocr_line' id='line_1_33' title="bbox 153 3247 1718 3326; baseline 0.007 -25"><span class='ocrx_word' id='word_1_239' title='bbox 153 3247 292 3318; x_wconf 87' lang='lat' dir='ltr'><strong>pitus.</strong></span> <span class='ocrx_word' id='word_1_240' title='bbox 327 3250 499 3309; x_wconf 88' lang='lat' dir='ltr'><strong>Porro</strong></span> <span class='ocrx_word' id='word_1_241' title='bbox 526 3255 710 3308; x_wconf 80' lang='lat' dir='ltr'><strong>redimi</strong></span> <span class='ocrx_word' id='word_1_242' title='bbox 738 3255 852 3326; x_wconf 87' lang='lat' dir='ltr'><strong>ejus</strong></span> <span class='ocrx_word' id='word_1_243' title='bbox 883 3273 1039 3326; x_wconf 80' lang='lat' dir='ltr'><strong>super</strong></span> <span class='ocrx_word' id='word_1_244' title='bbox 1058 3273 1176 3311; x_wconf 87' lang='lat' dir='ltr'><strong>eum</strong></span> <span class='ocrx_word' id='word_1_245' title='bbox 1217 3256 1492 3312; x_wconf 74' lang='lat' dir='ltr'><strong>exsultant</strong></span> <span class='ocrx_word' id='word_1_246' title='bbox 1520 3258 1572 3312; x_wconf 84' lang='lat' dir='ltr'><strong>in</strong></span> <span class='ocrx_word' id='word_1_247' title='bbox 1601 3257 1718 3324; x_wconf 77' lang='lat' dir='ltr'><strong>glo-</strong></span> 
     </span>
    </p>
   </div>
   <div class='ocr_carea' id='block_1_34' title="bbox 152 3341 1718 3418">
    <p class='ocr_par' dir='ltr' id='par_1_34' title="bbox 152 3341 1718 3418">
     <span class='ocr_line' id='line_1_34' title="bbox 152 3341 1718 3418; baseline 0.006 -24"><span class='ocrx_word' id='word_1_248' title='bbox 152 3341 216 3395; x_wconf 88' lang='lat' dir='ltr'><strong>ria</strong></span> <span class='ocrx_word' id='word_1_249' title='bbox 238 3343 362 3413; x_wconf 83' lang='lat' dir='ltr'><strong>ejus,</strong></span> <span class='ocrx_word' id='word_1_250' title='bbox 398 3360 521 3400; x_wconf 89' lang='lat' dir='ltr'><strong>cum</strong></span> <span class='ocrx_word' id='word_1_251' title='bbox 567 3347 880 3416; x_wconf 86' lang='lat' dir='ltr'><strong>versipelles</strong></span> <span class='ocrx_word' id='word_1_252' title='bbox 917 3349 1167 3404; x_wconf 73' lang='lat' dir='ltr'><strong>versutia:</strong></span> <span class='ocrx_word' id='word_1_253' title='bbox 1209 3356 1407 3412; x_wconf 90' lang='lat' dir='ltr'><strong>motus,</strong></span> <span class='ocrx_word' id='word_1_254' title='bbox 1441 3348 1529 3418; x_wconf 90' lang='lat' dir='ltr'><strong>qui</strong></span> <span class='ocrx_word' id='word_1_255' title='bbox 1562 3357 1718 3404; x_wconf 79' lang='lat' dir='ltr'><strong>exte-</strong></span> 
     </span>
    </p>
   </div>
   <div class='ocr_carea' id='block_1_35' title="bbox 151 3433 1719 3510">
    <p class='ocr_par' dir='ltr' id='par_1_35' title="bbox 151 3433 1719 3510">
     <span class='ocr_line' id='line_1_35' title="bbox 151 3433 1719 3510; baseline 0.006 -23"><span class='ocrx_word' id='word_1_256' title='bbox 151 3433 298 3491; x_wconf 85' lang='lat' dir='ltr'><strong>riores</strong></span> <span class='ocrx_word' id='word_1_257' title='bbox 329 3438 648 3493; x_wconf 91' lang='lat' dir='ltr'><strong>custodiunt</strong></span> <span class='ocrx_word' id='word_1_258' title='bbox 678 3439 894 3495; x_wconf 89' lang='lat' dir='ltr'><strong>habitus</strong></span> <span class='ocrx_word' id='word_1_259' title='bbox 939 3442 1146 3509; x_wconf 89' lang='lat' dir='ltr'><strong>pariter</strong></span> <span class='ocrx_word' id='word_1_260' title='bbox 1180 3440 1511 3508; x_wconf 87' lang='lat' dir='ltr'><strong>conjnbilant</strong></span> <span class='ocrx_word' id='word_1_261' title='bbox 1558 3455 1719 3510; x_wconf 86' lang='lat' dir='ltr'><strong>super</strong></span> 
     </span>
    </p>
   </div>
   <div class='ocr_carea' id='block_1_36' title="bbox 150 3522 1721 3602">
    <p class='ocr_par' dir='ltr' id='par_1_36' title="bbox 150 3522 1721 3602">
     <span class='ocr_line' id='line_1_36' title="bbox 150 3522 1721 3602; baseline 0.006 -24"><span class='ocrx_word' id='word_1_262' title='bbox 150 3522 326 3584; x_wconf 86' lang='lat' dir='ltr'><strong>honore</strong></span> <span class='ocrx_word' id='word_1_263' title='bbox 353 3540 412 3585; x_wconf 88' lang='lat' dir='ltr'><strong>et</strong></span> <span class='ocrx_word' id='word_1_264' title='bbox 442 3529 611 3602; x_wconf 86' lang='lat' dir='ltr'><strong>gloria</strong></span> <span class='ocrx_word' id='word_1_265' title='bbox 645 3531 900 3601; x_wconf 70' lang='lat' dir='ltr'><strong>impensae</strong></span> <span class='ocrx_word' id='word_1_266' title='bbox 925 3532 1099 3588; x_wconf 82' lang='lat' dir='ltr'><strong>laudis</strong></span> <span class='ocrx_word' id='word_1_267' title='bbox 1136 3532 1495 3589; x_wconf 80' lang='lat' dir='ltr'><strong>extrinsecus.</strong></span> <span class='ocrx_word' id='word_1_268' title='bbox 1527 3533 1721 3589; x_wconf 82' lang='lat' dir='ltr'><strong>Exsul-</strong></span> 
     </span>
    </p>
   </div>
   <div class='ocr_carea' id='block_1_37' title="bbox 149 3621 1718 3695">
    <p class='ocr_par' dir='ltr' id='par_1_37' title="bbox 149 3621 1718 3695">
     <span class='ocr_line' id='line_1_37' title="bbox 149 3621 1718 3695; baseline 0.008 -26"><span class='ocrx_word' id='word_1_269' title='bbox 149 3623 261 3684; x_wconf 80' lang='lat' dir='ltr'><strong>tant,</strong></span> <span class='ocrx_word' id='word_1_270' title='bbox 294 3621 537 3692; x_wconf 84' lang='lat' dir='ltr'><strong>inquam,</strong></span> <span class='ocrx_word' id='word_1_271' title='bbox 575 3623 627 3676; x_wconf 89' lang='lat' dir='ltr'><strong>in</strong></span> <span class='ocrx_word' id='word_1_272' title='bbox 662 3621 830 3692; x_wconf 89' lang='lat' dir='ltr'><strong>gloria</strong></span> <span class='ocrx_word' id='word_1_273' title='bbox 861 3625 998 3694; x_wconf 79' lang='lat' dir='ltr'><strong>ejus,</strong></span> <span class='ocrx_word' id='word_1_274' title='bbox 1026 3625 1148 3695; x_wconf 83' lang='lat' dir='ltr'><strong>quia</strong></span> <span class='ocrx_word' id='word_1_275' title='bbox 1191 3625 1430 3695; x_wconf 83' lang='lat' dir='ltr'><strong>migravit</strong></span> <span class='ocrx_word' id='word_1_276' title='bbox 1457 3625 1521 3679; x_wconf 87' lang='lat' dir='ltr'><strong>ab</strong></span> <span class='ocrx_word' id='word_1_277' title='bbox 1549 3643 1632 3692; x_wconf 89' lang='lat' dir='ltr'><strong>eo,</strong></span> <span class='ocrx_word' id='word_1_278' title='bbox 1664 3625 1718 3681; x_wconf 87' lang='lat' dir='ltr'><strong>id</strong></span> 
     </span>
    </p>
   </div>
   <div class='ocr_carea' id='block_1_38' title="bbox 148 3715 1717 3788">
    <p class='ocr_par' dir='ltr' id='par_1_38' title="bbox 148 3715 1717 3788">
     <span class='ocr_line' id='line_1_38' title="bbox 148 3715 1717 3788; baseline 0.008 -26"><span class='ocrx_word' id='word_1_279' title='bbox 148 3720 232 3773; x_wconf 84' lang='lat' dir='ltr'><strong>est,</strong></span> <span class='ocrx_word' id='word_1_280' title='bbox 255 3721 356 3772; x_wconf 85' lang='lat' dir='ltr'><strong>tota</strong></span> <span class='ocrx_word' id='word_1_281' title='bbox 411 3715 499 3769; x_wconf 89' lang='lat' dir='ltr'><strong>illa</strong></span> <span class='ocrx_word' id='word_1_282' title='bbox 533 3715 650 3769; x_wconf 90' lang='lat' dir='ltr'><strong>laus</strong></span> <span class='ocrx_word' id='word_1_283' title='bbox 688 3715 973 3781; x_wconf 87' lang='lat' dir='ltr'><strong>alienatur,</strong></span> <span class='ocrx_word' id='word_1_284' title='bbox 1015 3727 1069 3772; x_wconf 88' lang='lat' dir='ltr'><strong>et</strong></span> <span class='ocrx_word' id='word_1_285' title='bbox 1105 3718 1258 3788; x_wconf 89' lang='lat' dir='ltr'><strong>quasi</strong></span> <span class='ocrx_word' id='word_1_286' title='bbox 1296 3720 1526 3788; x_wconf 86' lang='lat' dir='ltr'><strong>emigrat</strong></span> <span class='ocrx_word' id='word_1_287' title='bbox 1565 3735 1594 3773; x_wconf 87' lang='lat' dir='ltr'><strong>a</strong></span> <span class='ocrx_word' id='word_1_288' title='bbox 1625 3735 1717 3775; x_wconf 89' lang='lat' dir='ltr'><strong>co-</strong></span> 
     </span>
    </p>
   </div>
   <div class='ocr_carea' id='block_1_39' title="bbox 147 3803 1716 3881">
    <p class='ocr_par' dir='ltr' id='par_1_39' title="bbox 147 3803 1716 3881">
     <span class='ocr_line' id='line_1_39' title="bbox 147 3803 1716 3881; baseline 0.008 -25"><span class='ocrx_word' id='word_1_289' title='bbox 147 3803 362 3873; x_wconf 78' lang='lat' dir='ltr'><strong>gnitione</strong></span> <span class='ocrx_word' id='word_1_290' title='bbox 419 3808 691 3878; x_wconf 88' lang='lat' dir='ltr'><strong>appetitus</strong></span> <span class='ocrx_word' id='word_1_291' title='bbox 739 3809 878 3864; x_wconf 90' lang='lat' dir='ltr'><strong>illius</strong></span> <span class='ocrx_word' id='word_1_292' title='bbox 934 3810 1023 3881; x_wconf 87' lang='lat' dir='ltr'><strong>qui</strong></span> <span class='ocrx_word' id='word_1_293' title='bbox 1081 3811 1394 3880; x_wconf 90' lang='lat' dir='ltr'><strong>turpissime</strong></span> <span class='ocrx_word' id='word_1_294' title='bbox 1441 3809 1615 3867; x_wconf 78' lang='lat' dir='ltr'><strong>fervet</strong></span> <span class='ocrx_word' id='word_1_295' title='bbox 1662 3813 1716 3869; x_wconf 93' lang='lat' dir='ltr'><strong>in</strong></span> 
     </span>
    </p>
   </div>
   <div class='ocr_carea' id='block_1_40' title="bbox 147 3895 1715 3973">
    <p class='ocr_par' dir='ltr' id='par_1_40' title="bbox 147 3895 1715 3973">
     <span class='ocr_line' id='line_1_40' title="bbox 147 3895 1715 3973; baseline 0.008 -27"><span class='ocrx_word' id='word_1_296' title='bbox 147 3895 320 3952; x_wconf 87' lang='lat' dir='ltr'><strong>animo.</strong></span> <span class='ocrx_word' id='word_1_297' title='bbox 353 3897 510 3966; x_wconf 86' lang='lat' dir='ltr'><strong>Quod</strong></span> <span class='ocrx_word' id='word_1_298' title='bbox 550 3907 722 3955; x_wconf 90' lang='lat' dir='ltr'><strong>totttm</strong></span> <span class='ocrx_word' id='word_1_299' title='bbox 761 3909 842 3955; x_wconf 89' lang='lat' dir='ltr'><strong>est</strong></span> <span class='ocrx_word' id='word_1_300' title='bbox 871 3919 884 3955; x_wconf 93' lang='lat'><strong>:</strong></span> <span class='ocrx_word' id='word_1_301' title='bbox 910 3900 1147 3957; x_wconf 71' lang='lat' dir='ltr'><strong>Cautclae</strong></span> <span class='ocrx_word' id='word_1_302' title='bbox 1187 3901 1372 3966; x_wconf 86' lang='lat' dir='ltr'><strong>animi,</strong></span> <span class='ocrx_word' id='word_1_303' title='bbox 1405 3917 1525 3972; x_wconf 62' lang='lat' dir='ltr'><strong>quae</strong></span> <span class='ocrx_word' id='word_1_304' title='bbox 1553 3902 1715 3973; x_wconf 74' lang='grc'><strong>212</strong></span> 
     </span>
    </p>
   </div>
   <div class='ocr_carea' id='block_1_41' title="bbox 144 3993 1716 4066">
    <p class='ocr_par' dir='ltr' id='par_1_41' title="bbox 144 3993 1716 4066">
     <span class='ocr_line' id='line_1_41' title="bbox 144 3993 1716 4066; baseline 0.006 -24"><span class='ocrx_word' id='word_1_305' title='bbox 144 3993 463 4062; x_wconf 86' lang='lat' dir='ltr'><strong>prospiciunt</strong></span> <span class='ocrx_word' id='word_1_306' title='bbox 508 4009 786 4065; x_wconf 66' lang='lat' dir='ltr'><strong>corporea:</strong></span> <span class='ocrx_word' id='word_1_307' title='bbox 837 3995 1177 4061; x_wconf 90' lang='lat' dir='ltr'><strong>habitudini,</strong></span> <span class='ocrx_word' id='word_1_308' title='bbox 1228 3995 1481 4050; x_wconf 78' lang='lat' dir='ltr'><strong>hetantur</strong></span> <span class='ocrx_word' id='word_1_309' title='bbox 1525 3995 1716 4066; x_wconf 81' lang='lat' dir='ltr'><strong>vulgus</strong></span> 
     </span>
    </p>
   </div>
   <div class='ocr_carea' id='block_1_42' title="bbox 145 4079 1715 4155">
    <p class='ocr_par' dir='ltr' id='par_1_42' title="bbox 145 4079 1715 4155">
     <span class='ocr_line' id='line_1_42' title="bbox 145 4079 1715 4155; baseline 0.005 -21"><span class='ocrx_word' id='word_1_310' title='bbox 145 4079 364 4153; x_wconf 89' lang='lat' dir='ltr'><strong>ineptum</strong></span> <span class='ocrx_word' id='word_1_311' title='bbox 420 4100 450 4139; x_wconf 85' lang='lat' dir='ltr'><strong>a</strong></span> <span class='ocrx_word' id='word_1_312' title='bbox 495 4085 688 4140; x_wconf 89' lang='lat' dir='ltr'><strong>notitia</strong></span> <span class='ocrx_word' id='word_1_313' title='bbox 739 4086 820 4140; x_wconf 91' lang='lat' dir='ltr'><strong>sui</strong></span> <span class='ocrx_word' id='word_1_314' title='bbox 871 4086 1066 4141; x_wconf 91' lang='lat' dir='ltr'><strong>interni</strong></span> <span class='ocrx_word' id='word_1_315' title='bbox 1113 4095 1308 4152; x_wconf 90' lang='lat' dir='ltr'><strong>status,</strong></span> <span class='ocrx_word' id='word_1_316' title='bbox 1352 4085 1443 4155; x_wconf 86' lang='lat' dir='ltr'><strong>qui</strong></span> <span class='ocrx_word' id='word_1_317' title='bbox 1488 4085 1715 4142; x_wconf 92' lang='lat' dir='ltr'><strong>multum</strong></span> 
     </span>
    </p>
   </div>
   <div class='ocr_carea' id='block_1_43' title="bbox 142 4171 1034 4248">
    <p class='ocr_par' dir='ltr' id='par_1_43' title="bbox 142 4171 1034 4248">
     <span class='ocr_line' id='line_1_43' title="bbox 142 4171 1034 4248; baseline 0.007 -23"><span class='ocrx_word' id='word_1_318' title='bbox 142 4171 410 4244; x_wconf 77' lang='lat' dir='ltr'><strong>displicere</strong></span> <span class='ocrx_word' id='word_1_319' title='bbox 436 4186 674 4248; x_wconf 89' lang='lat' dir='ltr'><strong>poterat,</strong></span> <span class='ocrx_word' id='word_1_320' title='bbox 707 4176 864 4247; x_wconf 79' lang='lat' dir='ltr'><strong>longe</strong></span> <span class='ocrx_word' id='word_1_321' title='bbox 897 4176 1034 4233; x_wconf 86' lang='lat' dir='ltr'><strong>ﬁeri.</strong></span> 
     </span>
    </p>
   </div>
   <div class='ocr_carea' id='block_1_44' title="bbox 204 4265 1716 4342">
    <p class='ocr_par' dir='ltr' id='par_1_44' title="bbox 204 4265 1716 4342">
     <span class='ocr_line' id='line_1_44' title="bbox 204 4265 1716 4342; baseline 0.009 -24"><span class='ocrx_word' id='word_1_322' title='bbox 204 4265 360 4325; x_wconf 75' lang='lat' dir='ltr'><strong>Vens.</strong></span> <span class='ocrx_word' id='word_1_323' title='bbox 397 4267 448 4323; x_wconf 86' lang='lat'><strong>6.</strong></span> <span class='ocrx_word' id='word_1_324' title='bbox 474 4299 544 4310; x_wconf 90' lang='lat'><strong>-—-</strong></span> <span class='ocrx_word' id='word_1_325' title='bbox 575 4287 593 4320; x_wconf 73' lang='grc' dir='ltr'><strong><em>ι</em></strong></span> <span class='ocrx_word' id='word_1_326' title='bbox 625 4269 903 4338; x_wconf 82' lang='lat' dir='ltr'><strong>Siquidem</strong></span> <span class='ocrx_word' id='word_1_327' title='bbox 949 4277 1003 4325; x_wconf 90' lang='lat' dir='ltr'><strong>et</strong></span> <span class='ocrx_word' id='word_1_328' title='bbox 1049 4270 1162 4342; x_wconf 88' lang='lat' dir='ltr'><strong>ipse</strong></span> <span class='ocrx_word' id='word_1_329' title='bbox 1209 4272 1260 4326; x_wconf 92' lang='lat' dir='ltr'><strong>in</strong></span> <span class='ocrx_word' id='word_1_330' title='bbox 1301 4273 1470 4329; x_wconf 86' lang='lat' dir='ltr'><strong>Assur</strong></span> <span class='ocrx_word' id='word_1_331' title='bbox 1509 4274 1716 4331; x_wconf 89' lang='lat' dir='ltr'><strong>delatus</strong></span> 
     </span>
    </p>
   </div>
   <div class='ocr_carea' id='block_1_45' title="bbox 147 4362 1714 4436">
    <p class='ocr_par' dir='ltr' id='par_1_45' title="bbox 147 4362 1714 4436">
     <span class='ocr_line' id='line_1_45' title="bbox 147 4362 1714 4436; baseline 0.01 -28"><span class='ocrx_word' id='word_1_332' title='bbox 147 4375 164 4408; x_wconf 86' lang='grc'><em>‹</em></span> <span class='ocrx_word' id='word_1_333' title='bbox 193 4371 272 4414; x_wconf 90' lang='lat' dir='ltr'><strong>est</strong></span> <span class='ocrx_word' id='word_1_334' title='bbox 303 4378 500 4418; x_wconf 80' lang='lat' dir='ltr'><strong>munus</strong></span> <span class='ocrx_word' id='word_1_335' title='bbox 529 4363 644 4433; x_wconf 83' lang='lat' dir='ltr'><strong>regi</strong></span> <span class='ocrx_word' id='word_1_336' title='bbox 671 4362 853 4417; x_wconf 90' lang='lat' dir='ltr'><strong>ultori.</strong></span> <span class='ocrx_word' id='word_1_337' title='bbox 887 4383 904 4416; x_wconf 71' lang='grc' dir='ltr'><strong>ι</strong></span> <span class='ocrx_word' id='word_1_338' title='bbox 931 4363 1293 4434; x_wconf 82' lang='lat' dir='ltr'><strong>Quaecunque,</strong></span> <span class='ocrx_word' id='word_1_339' title='bbox 1328 4367 1521 4436; x_wconf 90' lang='lat' dir='ltr'><strong>inquit,</strong></span> <span class='ocrx_word' id='word_1_340' title='bbox 1557 4368 1714 4423; x_wconf 81' lang='lat' dir='ltr'><strong>talem</strong></span> 
     </span>
    </p>
   </div>
   <div class='ocr_carea' id='block_1_46' title="bbox 141 4453 1714 4531">
    <p class='ocr_par' dir='ltr' id='par_1_46' title="bbox 141 4453 1714 4531">
     <span class='ocr_line' id='line_1_46' title="bbox 141 4453 1714 4531; baseline 0.008 -27"><span class='ocrx_word' id='word_1_341' title='bbox 141 4453 419 4519; x_wconf 83' lang='lat' dir='ltr'><strong>quemlibet</strong></span> <span class='ocrx_word' id='word_1_342' title='bbox 453 4457 694 4511; x_wconf 90' lang='lat' dir='ltr'><strong>omnium</strong></span> <span class='ocrx_word' id='word_1_343' title='bbox 745 4457 878 4512; x_wconf 80' lang='lat' dir='ltr'><strong>foris</strong></span> <span class='ocrx_word' id='word_1_344' title='bbox 927 4459 1097 4527; x_wconf 84' lang='lat' dir='ltr'><strong>gloria</strong></span> <span class='ocrx_word' id='word_1_345' title='bbox 1139 4469 1518 4530; x_wconf 87' lang='lat' dir='ltr'><strong>prosequatur,</strong></span> <span class='ocrx_word' id='word_1_346' title='bbox 1547 4461 1714 4531; x_wconf 90' lang='lat' dir='ltr'><strong>siqui-</strong></span> 
     </span>
    </p>
   </div>
   <div class='ocr_carea' id='block_1_47' title="bbox 1833 559 3424 636">
    <p class='ocr_par' dir='ltr' id='par_1_47' title="bbox 1833 559 3424 636">
     <span class='ocr_line' id='line_1_47' title="bbox 1833 559 3424 636; baseline 0.005 -23"><span class='ocrx_word' id='word_1_347' title='bbox 1833 559 2120 631; x_wconf 89' lang='lat' dir='ltr'><strong>prudentia</strong></span> <span class='ocrx_word' id='word_1_348' title='bbox 2145 577 2265 630; x_wconf 69' lang='lat' dir='ltr'><strong>quae</strong></span> <span class='ocrx_word' id='word_1_349' title='bbox 2291 577 2349 618; x_wconf 91' lang='lat' dir='ltr'><strong>se</strong></span> <span class='ocrx_word' id='word_1_350' title='bbox 2371 562 2555 634; x_wconf 90' lang='lat' dir='ltr'><strong>palliat</strong></span> <span class='ocrx_word' id='word_1_351' title='bbox 2585 565 2868 628; x_wconf 89' lang='lat' dir='ltr'><strong>rationem,</strong></span> <span class='ocrx_word' id='word_1_352' title='bbox 2897 565 3025 635; x_wconf 89' lang='lat' dir='ltr'><strong>quin</strong></span> <span class='ocrx_word' id='word_1_353' title='bbox 3059 565 3236 636; x_wconf 90' lang='lat' dir='ltr'><strong>potius</strong></span> <span class='ocrx_word' id='word_1_354' title='bbox 3267 574 3424 621; x_wconf 89' lang='lat' dir='ltr'><strong>astu-</strong></span> 
     </span>
    </p>
   </div>
   <div class='ocr_carea' id='block_1_48' title="bbox 1834 651 3424 729">
    <p class='ocr_par' dir='ltr' id='par_1_48' title="bbox 1834 651 3424 729">
     <span class='ocr_line' id='line_1_48' title="bbox 1834 651 3424 729; baseline 0.007 -23"><span class='ocrx_word' id='word_1_355' title='bbox 1834 651 1961 706; x_wconf 88' lang='lat' dir='ltr'><strong>tiam</strong></span> <span class='ocrx_word' id='word_1_356' title='bbox 1993 657 2328 718; x_wconf 65' lang='lat' dir='ltr'><strong>sazcutarem,</strong></span> <span class='ocrx_word' id='word_1_357' title='bbox 2360 671 2455 725; x_wconf 82' lang='lat' dir='ltr'><strong>per</strong></span> <span class='ocrx_word' id='word_1_358' title='bbox 2489 657 2658 711; x_wconf 86' lang='lat' dir='ltr'><strong>umlas</strong></span> <span class='ocrx_word' id='word_1_359' title='bbox 2693 658 3027 727; x_wconf 88' lang='lat' dir='ltr'><strong>voluptatum</strong></span> <span class='ocrx_word' id='word_1_360' title='bbox 3064 659 3132 712; x_wconf 91' lang='lat' dir='ltr'><strong>ad</strong></span> <span class='ocrx_word' id='word_1_361' title='bbox 3174 658 3424 729; x_wconf 72' lang='lat' dir='ltr'><strong>indignos</strong></span> 
     </span>
    </p>
   </div>
   <div class='ocr_carea' id='block_1_49' title="bbox 1832 743 3419 823">
    <p class='ocr_par' dir='ltr' id='par_1_49' title="bbox 1832 743 3419 823">
     <span class='ocr_line' id='line_1_49' title="bbox 1832 743 3419 823; baseline 0.007 -24"><span class='ocrx_word' id='word_1_362' title='bbox 1832 753 1987 800; x_wconf 87' lang='lat' dir='ltr'><strong>actus</strong></span> <span class='ocrx_word' id='word_1_363' title='bbox 2011 743 2155 799; x_wconf 90' lang='lat' dir='ltr'><strong>omni</strong></span> <span class='ocrx_word' id='word_1_364' title='bbox 2182 747 2496 803; x_wconf 88' lang='lat' dir='ltr'><strong>tentationis</strong></span> <span class='ocrx_word' id='word_1_365' title='bbox 2539 758 2702 805; x_wconf 89' lang='lat' dir='ltr'><strong>vento</strong></span> <span class='ocrx_word' id='word_1_366' title='bbox 2729 751 3101 807; x_wconf 73' lang='lat' dir='ltr'><strong>circumlatum</strong></span> <span class='ocrx_word' id='word_1_367' title='bbox 3133 752 3419 823; x_wconf 77' lang='lat' dir='ltr'><strong>excedere,</strong></span> 
     </span>
    </p>
   </div>
   <div class='ocr_carea' id='block_1_50' title="bbox 1831 839 3423 916">
    <p class='ocr_par' dir='ltr' id='par_1_50' title="bbox 1831 839 3423 916">
     <span class='ocr_line' id='line_1_50' title="bbox 1831 839 3423 916; baseline 0.008 -26"><span class='ocrx_word' id='word_1_368' title='bbox 1831 846 1884 892; x_wconf 92' lang='lat' dir='ltr'><strong>et</strong></span> <span class='ocrx_word' id='word_1_369' title='bbox 1908 839 2061 912; x_wconf 88' lang='lat' dir='ltr'><strong>quasi</strong></span> <span class='ocrx_word' id='word_1_370' title='bbox 2091 840 2400 914; x_wconf 88' lang='lat' dir='ltr'><strong>dispumare</strong></span> <span class='ocrx_word' id='word_1_371' title='bbox 2428 841 2724 912; x_wconf 89' lang='lat' dir='ltr'><strong>compellit;</strong></span> <span class='ocrx_word' id='word_1_372' title='bbox 2757 847 2951 914; x_wconf 83' lang='lat' dir='ltr'><strong>saepius</strong></span> <span class='ocrx_word' id='word_1_373' title='bbox 2990 845 3132 900; x_wconf 91' lang='lat' dir='ltr'><strong>enim</strong></span> <span class='ocrx_word' id='word_1_374' title='bbox 3171 847 3423 916; x_wconf 78' lang='lat' dir='ltr'><strong>provenit</strong></span> 
     </span>
    </p>
   </div>
   <div class='ocr_carea' id='block_1_51' title="bbox 1829 932 3420 1007">
    <p class='ocr_par' dir='ltr' id='par_1_51' title="bbox 1829 932 3420 1007">
     <span class='ocr_line' id='line_1_51' title="bbox 1829 932 3420 1007; baseline 0.004 -21"><span class='ocrx_word' id='word_1_375' title='bbox 1829 939 1887 986; x_wconf 89' lang='lat' dir='ltr'><strong>ut</strong></span> <span class='ocrx_word' id='word_1_376' title='bbox 1919 947 1978 987; x_wconf 86' lang='lat' dir='ltr'><strong>sc</strong></span> <span class='ocrx_word' id='word_1_377' title='bbox 2004 932 2304 1002; x_wconf 84' lang='lat' dir='ltr'><strong>hypocrisis</strong></span> <span class='ocrx_word' id='word_1_378' title='bbox 2327 933 2414 988; x_wconf 91' lang='lat' dir='ltr'><strong>diu</strong></span> <span class='ocrx_word' id='word_1_379' title='bbox 2443 934 2698 989; x_wconf 87' lang='lat' dir='ltr'><strong>cohibere</strong></span> <span class='ocrx_word' id='word_1_380' title='bbox 2738 951 2841 990; x_wconf 91' lang='lat' dir='ltr'><strong>non</strong></span> <span class='ocrx_word' id='word_1_381' title='bbox 2889 937 3080 1007; x_wconf 87' lang='lat' dir='ltr'><strong>possit.</strong></span> <span class='ocrx_word' id='word_1_382' title='bbox 3114 935 3181 992; x_wconf 75' lang='lat' dir='ltr'><strong>Et</strong></span> <span class='ocrx_word' id='word_1_383' title='bbox 3212 937 3420 994; x_wconf 78' lang='lat' dir='ltr'><strong>excelsa</strong></span> 
     </span>
    </p>
   </div>
   <div class='ocr_carea' id='block_1_52' title="bbox 1827 1024 3421 1104">
    <p class='ocr_par' dir='ltr' id='par_1_52' title="bbox 1827 1024 3421 1104">
     <span class='ocr_line' id='line_1_52' title="bbox 1827 1024 3421 1104; baseline 0.007 -26"><span class='ocrx_word' id='word_1_384' title='bbox 1827 1024 1956 1079; x_wconf 87' lang='lat' dir='ltr'><strong>idoli</strong></span> <span class='ocrx_word' id='word_1_385' title='bbox 1983 1025 2384 1094; x_wconf 88' lang='lat' dir='ltr'><strong>disperduntur,</strong></span> <span class='ocrx_word' id='word_1_386' title='bbox 2431 1043 2553 1082; x_wconf 93' lang='lat' dir='ltr'><strong>cum</strong></span> <span class='ocrx_word' id='word_1_387' title='bbox 2599 1029 2844 1097; x_wconf 73' lang='lat' dir='ltr'><strong>superba:</strong></span> <span class='ocrx_word' id='word_1_388' title='bbox 2887 1032 3266 1100; x_wconf 83' lang='lat' dir='ltr'><strong>cogitationes,</strong></span> <span class='ocrx_word' id='word_1_389' title='bbox 3298 1048 3421 1104; x_wconf 60' lang='lat' dir='ltr'><strong>quae</strong></span> 
     </span>
    </p>
   </div>
   <div class='ocr_carea' id='block_1_53' title="bbox 1828 1119 3419 1190">
    <p class='ocr_par' dir='ltr' id='par_1_53' title="bbox 1828 1119 3419 1190">
     <span class='ocr_line' id='line_1_53' title="bbox 1828 1119 3419 1190; baseline 0.006 -18"><span class='ocrx_word' id='word_1_390' title='bbox 1828 1119 2066 1173; x_wconf 89' lang='lat' dir='ltr'><strong>animum</strong></span> <span class='ocrx_word' id='word_1_391' title='bbox 2093 1136 2248 1174; x_wconf 88' lang='lat' dir='ltr'><strong>suum</strong></span> <span class='ocrx_word' id='word_1_392' title='bbox 2272 1138 2300 1174; x_wconf 88' lang='lat' dir='ltr'><strong>a</strong></span> <span class='ocrx_word' id='word_1_393' title='bbox 2327 1119 2436 1176; x_wconf 91' lang='lat' dir='ltr'><strong>Deo</strong></span> <span class='ocrx_word' id='word_1_394' title='bbox 2463 1131 2771 1190; x_wconf 64' lang='lat' dir='ltr'><strong>apostat&#39;ire</strong></span> <span class='ocrx_word' id='word_1_395' title='bbox 2799 1123 3113 1188; x_wconf 85' lang='lat' dir='ltr'><strong>docuerant,</strong></span> <span class='ocrx_word' id='word_1_396' title='bbox 3134 1125 3419 1184; x_wconf 87' lang='lat' dir='ltr'><strong>annullan-</strong></span> 
     </span>
    </p>
   </div>
   <div class='ocr_carea' id='block_1_54' title="bbox 1827 1212 3419 1288">
    <p class='ocr_par' dir='ltr' id='par_1_54' title="bbox 1827 1212 3419 1288">
     <span class='ocr_line' id='line_1_54' title="bbox 1827 1212 3419 1288; baseline 0.006 -21"><span class='ocrx_word' id='word_1_397' title='bbox 1827 1221 1934 1267; x_wconf 92' lang='lat' dir='ltr'><strong>tur.</strong></span> <span class='ocrx_word' id='word_1_398' title='bbox 1972 1212 2103 1279; x_wconf 72' lang='lat' dir='ltr'><strong>Quae</strong></span> <span class='ocrx_word' id='word_1_399' title='bbox 2137 1213 2339 1268; x_wconf 72' lang='lat' dir='ltr'><strong>excelsa</strong></span> <span class='ocrx_word' id='word_1_400' title='bbox 2369 1225 2636 1284; x_wconf 83' lang='lat' dir='ltr'><strong>peccatum</strong></span> <span class='ocrx_word' id='word_1_401' title='bbox 2683 1214 2854 1270; x_wconf 86' lang='lat' dir='ltr'><strong>Israel</strong></span> <span class='ocrx_word' id='word_1_402' title='bbox 2893 1217 3164 1282; x_wconf 87' lang='lat' dir='ltr'><strong>dicuntur,</strong></span> <span class='ocrx_word' id='word_1_403' title='bbox 3195 1220 3319 1288; x_wconf 87' lang='lat' dir='ltr'><strong>quia</strong></span> <span class='ocrx_word' id='word_1_404' title='bbox 3349 1237 3419 1277; x_wconf 76' lang='lat' dir='ltr'><strong>ex</strong></span> 
     </span>
    </p>
   </div>
   <div class='ocr_carea' id='block_1_55' title="bbox 1825 1305 3420 1380">
    <p class='ocr_par' dir='ltr' id='par_1_55' title="bbox 1825 1305 3420 1380">
     <span class='ocr_line' id='line_1_55' title="bbox 1825 1305 3420 1380; baseline 0.005 -22"><span class='ocrx_word' id='word_1_405' title='bbox 1825 1320 1991 1375; x_wconf 88' lang='lat' dir='ltr'><strong>prava</strong></span> <span class='ocrx_word' id='word_1_406' title='bbox 2025 1305 2250 1361; x_wconf 77' lang='lat' dir='ltr'><strong>aﬂ‘ectus</strong></span> <span class='ocrx_word' id='word_1_407' title='bbox 2281 1306 2529 1362; x_wconf 86' lang='lat' dir='ltr'><strong>libertate</strong></span> <span class='ocrx_word' id='word_1_408' title='bbox 2575 1307 2842 1362; x_wconf 90' lang='lat' dir='ltr'><strong>oriuntur.</strong></span> <span class='ocrx_word' id='word_1_409' title='bbox 2887 1327 2905 1359; x_wconf 74' lang='grc' dir='ltr'>ι</span> <span class='ocrx_word' id='word_1_410' title='bbox 2946 1308 3126 1380; x_wconf 81' lang='lat' dir='ltr'><strong>Lappa</strong></span> <span class='ocrx_word' id='word_1_411' title='bbox 3157 1320 3213 1364; x_wconf 87' lang='lat' dir='ltr'><strong>et</strong></span> <span class='ocrx_word' id='word_1_412' title='bbox 3247 1311 3420 1367; x_wconf 80' lang='lat' dir='ltr'><strong>tribu-</strong></span> 
     </span>
    </p>
   </div>
   <div class='ocr_carea' id='block_1_56' title="bbox 1830 1399 3418 1470">
    <p class='ocr_par' dir='ltr' id='par_1_56' title="bbox 1830 1399 3418 1470">
     <span class='ocr_line' id='line_1_56' title="bbox 1830 1399 3418 1470; baseline 0.004 -20"><span class='ocrx_word' id='word_1_413' title='bbox 1830 1417 1849 1450; x_wconf 71' lang='grc' dir='ltr'><strong><em>ι</em></strong></span> <span class='ocrx_word' id='word_1_414' title='bbox 1887 1399 1970 1455; x_wconf 90' lang='lat' dir='ltr'><strong>lus</strong></span> <span class='ocrx_word' id='word_1_415' title='bbox 2000 1399 2257 1454; x_wconf 88' lang='lat' dir='ltr'><strong>ascendet</strong></span> <span class='ocrx_word' id='word_1_416' title='bbox 2303 1416 2465 1470; x_wconf 86' lang='lat' dir='ltr'><strong>super</strong></span> <span class='ocrx_word' id='word_1_417' title='bbox 2509 1415 2633 1454; x_wconf 88' lang='lat' dir='ltr'><strong>aras</strong></span> <span class='ocrx_word' id='word_1_418' title='bbox 2679 1416 2888 1465; x_wconf 88' lang='lat' dir='ltr'><strong>eorum,</strong></span> <span class='ocrx_word' id='word_1_419' title='bbox 2925 1421 2944 1452; x_wconf 74' lang='grc' dir='ltr'><strong>ι</strong></span> <span class='ocrx_word' id='word_1_420' title='bbox 2980 1400 3160 1470; x_wconf 80' lang='lat' dir='ltr'><strong>Lappa</strong></span> <span class='ocrx_word' id='word_1_421' title='bbox 3199 1403 3418 1458; x_wconf 82' lang='lat' dir='ltr'><strong>humilis</strong></span> 
     </span>
    </p>
   </div>
   <div class='ocr_carea' id='block_1_57' title="bbox 1824 1491 3420 1564">
    <p class='ocr_par' dir='ltr' id='par_1_57' title="bbox 1824 1491 3420 1564">
     <span class='ocr_line' id='line_1_57' title="bbox 1824 1491 3420 1564; baseline 0.002 -18"><span class='ocrx_word' id='word_1_422' title='bbox 1824 1491 1991 1546; x_wconf 81' lang='lat' dir='ltr'><strong>herba</strong></span> <span class='ocrx_word' id='word_1_423' title='bbox 2025 1500 2130 1557; x_wconf 91' lang='lat' dir='ltr'><strong>est,</strong></span> <span class='ocrx_word' id='word_1_424' title='bbox 2153 1491 2376 1546; x_wconf 82' lang='lat' dir='ltr'><strong>tribulus</strong></span> <span class='ocrx_word' id='word_1_425' title='bbox 2406 1491 2458 1546; x_wconf 88' lang='lat' dir='ltr'><strong>in</strong></span> <span class='ocrx_word' id='word_1_426' title='bbox 2483 1492 2716 1561; x_wconf 70' lang='lat' dir='ltr'><strong>virgulta</strong></span> <span class='ocrx_word' id='word_1_427' title='bbox 2748 1493 3039 1563; x_wconf 86' lang='lat' dir='ltr'><strong>proserpit.</strong></span> <span class='ocrx_word' id='word_1_428' title='bbox 3065 1495 3156 1548; x_wconf 90' lang='lat' dir='ltr'><strong>scd</strong></span> <span class='ocrx_word' id='word_1_429' title='bbox 3188 1503 3420 1564; x_wconf 83' lang='lat' dir='ltr'><strong>utraque</strong></span> 
     </span>
    </p>
   </div>
   <div class='ocr_carea' id='block_1_58' title="bbox 1825 1584 3418 1656">
    <p class='ocr_par' dir='ltr' id='par_1_58' title="bbox 1825 1584 3418 1656">
     <span class='ocr_line' id='line_1_58' title="bbox 1825 1584 3418 1656; baseline -0.001 -15"><span class='ocrx_word' id='word_1_430' title='bbox 1825 1595 2142 1655; x_wconf 81' lang='lat' dir='ltr'><strong>exasperata</strong></span> <span class='ocrx_word' id='word_1_431' title='bbox 2198 1584 2419 1640; x_wconf 69' lang='lat' dir='ltr'><strong>aculeis.</strong></span> <span class='ocrx_word' id='word_1_432' title='bbox 2469 1584 2571 1640; x_wconf 87' lang='lat' dir='ltr'><strong>Per</strong></span> <span class='ocrx_word' id='word_1_433' title='bbox 2607 1585 2818 1656; x_wconf 88' lang='lat' dir='ltr'><strong>lappam</strong></span> <span class='ocrx_word' id='word_1_434' title='bbox 2855 1599 2984 1655; x_wconf 84' lang='lat' dir='ltr'><strong>ergo</strong></span> <span class='ocrx_word' id='word_1_435' title='bbox 3023 1584 3235 1639; x_wconf 79' lang='lat' dir='ltr'><strong>luxuria</strong></span> <span class='ocrx_word' id='word_1_436' title='bbox 3277 1585 3418 1640; x_wconf 71' lang='lat' dir='ltr'><strong>{inde</strong></span> 
     </span>
    </p>
   </div>
   <div class='ocr_carea' id='block_1_59' title="bbox 1824 1677 3415 1749">
    <p class='ocr_par' dir='ltr' id='par_1_59' title="bbox 1824 1677 3415 1749">
     <span class='ocr_line' id='line_1_59' title="bbox 1824 1677 3415 1749; baseline -0.001 -15"><span class='ocrx_word' id='word_1_437' title='bbox 1824 1694 2039 1749; x_wconf 87' lang='lat' dir='ltr'><strong>semper</strong></span> <span class='ocrx_word' id='word_1_438' title='bbox 2086 1679 2304 1734; x_wconf 88' lang='lat' dir='ltr'><strong>humilis</strong></span> <span class='ocrx_word' id='word_1_439' title='bbox 2357 1679 2618 1744; x_wconf 90' lang='lat' dir='ltr'><strong>innuitur,</strong></span> <span class='ocrx_word' id='word_1_440' title='bbox 2667 1695 2762 1749; x_wconf 85' lang='lat' dir='ltr'><strong>per</strong></span> <span class='ocrx_word' id='word_1_441' title='bbox 2809 1678 3067 1733; x_wconf 89' lang='lat' dir='ltr'><strong>tribulum</strong></span> <span class='ocrx_word' id='word_1_442' title='bbox 3110 1677 3415 1748; x_wconf 82' lang='lat' dir='ltr'><strong>cupiditas,</strong></span> 
     </span>
    </p>
   </div>
   <div class='ocr_carea' id='block_1_60' title="bbox 1825 1771 3416 1844">
    <p class='ocr_par' dir='ltr' id='par_1_60' title="bbox 1825 1771 3416 1844">
     <span class='ocr_line' id='line_1_60' title="bbox 1825 1771 3416 1844; baseline 0.001 -19"><span class='ocrx_word' id='word_1_443' title='bbox 1825 1787 1946 1844; x_wconf 72' lang='lat' dir='ltr'><strong>qua:</strong></span> <span class='ocrx_word' id='word_1_444' title='bbox 1970 1787 2028 1827; x_wconf 88' lang='lat' dir='ltr'><strong>se</strong></span> <span class='ocrx_word' id='word_1_445' title='bbox 2051 1774 2407 1843; x_wconf 82' lang='lat' dir='ltr'><strong>exporrigens</strong></span> <span class='ocrx_word' id='word_1_446' title='bbox 2432 1772 2658 1828; x_wconf 85' lang='lat' dir='ltr'><strong>dilatare</strong></span> <span class='ocrx_word' id='word_1_447' title='bbox 2691 1783 2938 1828; x_wconf 88' lang='lat' dir='ltr'><strong>conatur.</strong></span> <span class='ocrx_word' id='word_1_448' title='bbox 2966 1771 3090 1827; x_wconf 64' lang='lat' dir='ltr'><strong>Haec</strong></span> <span class='ocrx_word' id='word_1_449' title='bbox 3114 1789 3268 1842; x_wconf 84' lang='lat' dir='ltr'><strong>super</strong></span> <span class='ocrx_word' id='word_1_450' title='bbox 3291 1788 3416 1827; x_wconf 84' lang='lat' dir='ltr'><strong>aras</strong></span> 
     </span>
    </p>
   </div>
   <div class='ocr_carea' id='block_1_61' title="bbox 1828 1863 3417 1936">
    <p class='ocr_par' dir='ltr' id='par_1_61' title="bbox 1828 1863 3417 1936">
     <span class='ocr_line' id='line_1_61' title="bbox 1828 1863 3417 1936; baseline 0.001 -17"><span class='ocrx_word' id='word_1_451' title='bbox 1828 1881 2009 1920; x_wconf 87' lang='lat' dir='ltr'><strong>eorum</strong></span> <span class='ocrx_word' id='word_1_452' title='bbox 2049 1867 2368 1930; x_wconf 90' lang='lat' dir='ltr'><strong>ascendunt,</strong></span> <span class='ocrx_word' id='word_1_453' title='bbox 2402 1866 2527 1933; x_wconf 89' lang='lat' dir='ltr'><strong>quia</strong></span> <span class='ocrx_word' id='word_1_454' title='bbox 2559 1881 2722 1934; x_wconf 88' lang='lat' dir='ltr'><strong>super</strong></span> <span class='ocrx_word' id='word_1_455' title='bbox 2761 1882 2947 1922; x_wconf 88' lang='lat' dir='ltr'><strong>eorum</strong></span> <span class='ocrx_word' id='word_1_456' title='bbox 2992 1881 3054 1921; x_wconf 88' lang='lat' dir='ltr'><strong>ac</strong></span> <span class='ocrx_word' id='word_1_457' title='bbox 3083 1865 3127 1920; x_wconf 91' lang='lat' dir='ltr'><strong>si</strong></span> <span class='ocrx_word' id='word_1_458' title='bbox 3165 1863 3417 1936; x_wconf 80' lang='lat' dir='ltr'><strong>religiosa</strong></span> 
     </span>
    </p>
   </div>
   <div class='ocr_carea' id='block_1_62' title="bbox 1826 1959 2855 2030">
    <p class='ocr_par' dir='ltr' id='par_1_62' title="bbox 1826 1959 2855 2030">
     <span class='ocr_line' id='line_1_62' title="bbox 1826 1959 2855 2030; baseline -0.002 -16"><span class='ocrx_word' id='word_1_459' title='bbox 1826 1959 2101 2029; x_wconf 82' lang='lat' dir='ltr'><strong>proposita</strong></span> <span class='ocrx_word' id='word_1_460' title='bbox 2132 1960 2243 2030; x_wconf 86' lang='lat' dir='ltr'><strong>jam</strong></span> <span class='ocrx_word' id='word_1_461' title='bbox 2279 1959 2559 2014; x_wconf 80' lang='lat' dir='ltr'><strong>evidenter</strong></span> <span class='ocrx_word' id='word_1_462' title='bbox 2597 1960 2855 2028; x_wconf 90' lang='lat' dir='ltr'><strong>irrepunt.</strong></span> 
     </span>
    </p>
   </div>
   <div class='ocr_carea' id='block_1_63' title="bbox 1837 2048 3412 2119">
    <p class='ocr_par' dir='ltr' id='par_1_63' title="bbox 1837 2048 3412 2119">
     <span class='ocr_line' id='line_1_63' title="bbox 1837 2048 3412 2119; baseline 0.002 -16"><span class='ocrx_word' id='word_1_463' title='bbox 1837 2089 1842 2094; x_wconf 82' lang='grc'><em>.</em></span> <span class='ocrx_word' id='word_1_464' title='bbox 1904 2070 1922 2103; x_wconf 72' lang='grc' dir='ltr'><strong><em>ο</em></strong></span> <span class='ocrx_word' id='word_1_465' title='bbox 1961 2052 2026 2105; x_wconf 87' lang='lat' dir='ltr'><strong>Et</strong></span> <span class='ocrx_word' id='word_1_466' title='bbox 2053 2051 2234 2108; x_wconf 87' lang='lat' dir='ltr'><strong>dicent</strong></span> <span class='ocrx_word' id='word_1_467' title='bbox 2284 2051 2559 2106; x_wconf 89' lang='lat' dir='ltr'><strong>montibus</strong></span> <span class='ocrx_word' id='word_1_468' title='bbox 2590 2068 2602 2103; x_wconf 91' lang='lat'><strong>:</strong></span> <span class='ocrx_word' id='word_1_469' title='bbox 2629 2048 2849 2119; x_wconf 87' lang='lat' dir='ltr'><strong>Operite</strong></span> <span class='ocrx_word' id='word_1_470' title='bbox 2893 2067 3017 2112; x_wconf 88' lang='lat' dir='ltr'><strong>nos;</strong></span> <span class='ocrx_word' id='word_1_471' title='bbox 3051 2059 3104 2106; x_wconf 90' lang='lat' dir='ltr'><strong>et</strong></span> <span class='ocrx_word' id='word_1_472' title='bbox 3143 2049 3412 2106; x_wconf 89' lang='lat' dir='ltr'><strong>collibus:</strong></span> 
     </span>
    </p>
   </div>
   <div class='ocr_carea' id='block_1_64' title="bbox 1832 2141 3415 2214">
    <p class='ocr_par' dir='ltr' id='par_1_64' title="bbox 1832 2141 3415 2214">
     <span class='ocr_line' id='line_1_64' title="bbox 1832 2141 3415 2214; baseline -0.001 -19"><span class='ocrx_word' id='word_1_473' title='bbox 1832 2162 1852 2195; x_wconf 85' lang='grc'><em>‹</em></span> <span class='ocrx_word' id='word_1_474' title='bbox 1887 2143 2077 2199; x_wconf 85' lang='lat' dir='ltr'><strong>Cadite</strong></span> <span class='ocrx_word' id='word_1_475' title='bbox 2108 2159 2268 2214; x_wconf 88' lang='lat' dir='ltr'><strong>super</strong></span> <span class='ocrx_word' id='word_1_476' title='bbox 2293 2159 2411 2198; x_wconf 91' lang='lat' dir='ltr'><strong>nos.</strong></span> <span class='ocrx_word' id='word_1_477' title='bbox 2450 2163 2468 2195; x_wconf 77' lang='grc' dir='ltr'><strong><em>ι</em></strong></span> <span class='ocrx_word' id='word_1_478' title='bbox 2505 2144 2566 2198; x_wconf 93' lang='lat' dir='ltr'><strong>lli</strong></span> <span class='ocrx_word' id='word_1_479' title='bbox 2605 2143 2695 2214; x_wconf 90' lang='lat' dir='ltr'><strong>qui</strong></span> <span class='ocrx_word' id='word_1_480' title='bbox 2727 2145 2998 2211; x_wconf 86' lang='lat' dir='ltr'><strong>quondam</strong></span> <span class='ocrx_word' id='word_1_481' title='bbox 3046 2151 3258 2198; x_wconf 86' lang='lat' dir='ltr'><strong>montes</strong></span> <span class='ocrx_word' id='word_1_482' title='bbox 3301 2141 3415 2196; x_wconf 80' lang='lat' dir='ltr'><strong>fue-</strong></span> 
     </span>
    </p>
   </div>
   <div class='ocr_carea' id='block_1_65' title="bbox 1826 2235 3414 2304">
    <p class='ocr_par' dir='ltr' id='par_1_65' title="bbox 1826 2235 3414 2304">
     <span class='ocr_line' id='line_1_65' title="bbox 1826 2235 3414 2304; baseline -0.001 -15"><span class='ocrx_word' id='word_1_483' title='bbox 1826 2243 1969 2301; x_wconf 86' lang='lat' dir='ltr'><strong>rant,</strong></span> <span class='ocrx_word' id='word_1_484' title='bbox 1993 2235 2134 2300; x_wconf 85' lang='lat' dir='ltr'><strong>apml</strong></span> <span class='ocrx_word' id='word_1_485' title='bbox 2181 2251 2242 2290; x_wconf 86' lang='lat' dir='ltr'><strong>se</strong></span> <span class='ocrx_word' id='word_1_486' title='bbox 2280 2235 2487 2291; x_wconf 86' lang='lat' dir='ltr'><strong>scilicet</strong></span> <span class='ocrx_word' id='word_1_487' title='bbox 2527 2235 2850 2304; x_wconf 72' lang='lat' dir='ltr'><strong>arrogantia:</strong></span> <span class='ocrx_word' id='word_1_488' title='bbox 2893 2236 3171 2290; x_wconf 81' lang='lat' dir='ltr'><strong>nimietate</strong></span> <span class='ocrx_word' id='word_1_489' title='bbox 3203 2245 3414 2289; x_wconf 80' lang='lat' dir='ltr'><strong>tumue-</strong></span> 
     </span>
    </p>
   </div>
   <div class='ocr_carea' id='block_1_66' title="bbox 1825 2325 3416 2395">
    <p class='ocr_par' dir='ltr' id='par_1_66' title="bbox 1825 2325 3416 2395">
     <span class='ocr_line' id='line_1_66' title="bbox 1825 2325 3416 2395; baseline 0 -15"><span class='ocrx_word' id='word_1_490' title='bbox 1825 2334 1969 2394; x_wconf 86' lang='lat' dir='ltr'><strong>rant,</strong></span> <span class='ocrx_word' id='word_1_491' title='bbox 1992 2326 2102 2390; x_wconf 90' lang='lat' dir='ltr'><strong>jam</strong></span> <span class='ocrx_word' id='word_1_492' title='bbox 2127 2327 2239 2395; x_wconf 87' lang='lat' dir='ltr'><strong>spei</strong></span> <span class='ocrx_word' id='word_1_493' title='bbox 2282 2326 2543 2380; x_wconf 77' lang='lat' dir='ltr'><strong>inardtate</strong></span> <span class='ocrx_word' id='word_1_494' title='bbox 2575 2325 2743 2382; x_wconf 79' lang='lat' dir='ltr'><strong>renati</strong></span> <span class='ocrx_word' id='word_1_495' title='bbox 2771 2327 2914 2382; x_wconf 85' lang='lat' dir='ltr'><strong>veris</strong></span> <span class='ocrx_word' id='word_1_496' title='bbox 2939 2328 3227 2392; x_wconf 79' lang='lat' dir='ltr'><strong>tuontilms,</strong></span> <span class='ocrx_word' id='word_1_497' title='bbox 3257 2325 3306 2380; x_wconf 93' lang='lat' dir='ltr'><strong>id</strong></span> <span class='ocrx_word' id='word_1_498' title='bbox 3329 2333 3416 2382; x_wconf 86' lang='lat' dir='ltr'><strong>cst</strong></span> 
     </span>
    </p>
   </div>
   <div class='ocr_carea' id='block_1_67' title="bbox 1825 2417 3412 2488">
    <p class='ocr_par' dir='ltr' id='par_1_67' title="bbox 1825 2417 3412 2488">
     <span class='ocr_line' id='line_1_67' title="bbox 1825 2417 3412 2488; baseline 0.001 -18"><span class='ocrx_word' id='word_1_499' title='bbox 1825 2417 2027 2472; x_wconf 89' lang='lat' dir='ltr'><strong>sanctis</strong></span> <span class='ocrx_word' id='word_1_500' title='bbox 2046 2417 2280 2472; x_wconf 82' lang='lat' dir='ltr'><strong>acclines</strong></span> <span class='ocrx_word' id='word_1_501' title='bbox 2303 2418 2369 2471; x_wconf 90' lang='lat' dir='ltr'><strong>ab</strong></span> <span class='ocrx_word' id='word_1_502' title='bbox 2391 2418 2470 2472; x_wconf 83' lang='lat' dir='ltr'><strong>eis</strong></span> <span class='ocrx_word' id='word_1_503' title='bbox 2497 2419 2694 2482; x_wconf 85' lang='lat' dir='ltr'><strong>operiri</strong></span> <span class='ocrx_word' id='word_1_504' title='bbox 2721 2419 3052 2488; x_wconf 82' lang='lat' dir='ltr'><strong>protegendo</strong></span> <span class='ocrx_word' id='word_1_505' title='bbox 3080 2418 3412 2486; x_wconf 86' lang='lat' dir='ltr'><strong>desiderant,</strong></span> 
     </span>
    </p>
   </div>
   <div class='ocr_carea' id='block_1_68' title="bbox 1825 2508 3508 2580">
    <p class='ocr_par' dir='ltr' id='par_1_68' title="bbox 1825 2508 3508 2580">
     <span class='ocr_line' id='line_1_68' title="bbox 1825 2508 3508 2580; baseline 0 -16"><span class='ocrx_word' id='word_1_506' title='bbox 1825 2516 1877 2564; x_wconf 91' lang='lat' dir='ltr'><strong>et</strong></span> <span class='ocrx_word' id='word_1_507' title='bbox 1908 2523 1936 2562; x_wconf 92' lang='lat' dir='ltr'><strong>a</strong></span> <span class='ocrx_word' id='word_1_508' title='bbox 1969 2508 2269 2564; x_wconf 91' lang='lat' dir='ltr'><strong>minoribus</strong></span> <span class='ocrx_word' id='word_1_509' title='bbox 2293 2510 2598 2579; x_wconf 87' lang='lat' dir='ltr'><strong>quibusque</strong></span> <span class='ocrx_word' id='word_1_510' title='bbox 2623 2509 2828 2576; x_wconf 89' lang='lat' dir='ltr'><strong>electis,</strong></span> <span class='ocrx_word' id='word_1_511' title='bbox 2853 2509 2944 2579; x_wconf 91' lang='lat' dir='ltr'><strong>qui</strong></span> <span class='ocrx_word' id='word_1_512' title='bbox 2979 2520 3104 2564; x_wconf 90' lang='lat' dir='ltr'><strong>sunt</strong></span> <span class='ocrx_word' id='word_1_513' title='bbox 3135 2509 3324 2576; x_wconf 88' lang='lat' dir='ltr'><strong>colles,</strong></span> <span class='ocrx_word' id='word_1_514' title='bbox 3355 2517 3417 2564; x_wconf 82' lang='lat' dir='ltr'><strong>ut</strong></span> <span class='ocrx_word' id='word_1_515' title='bbox 3501 2577 3508 2580; x_wconf 92' lang='lat'><strong><em>_</em></strong></span> 
     </span>
    </p>
   </div>
   <div class='ocr_carea' id='block_1_69' title="bbox 1825 2599 3415 2668">
    <p class='ocr_par' dir='ltr' id='par_1_69' title="bbox 1825 2599 3415 2668">
     <span class='ocr_line' id='line_1_69' title="bbox 1825 2599 3415 2668; baseline 0.003 -15"><span class='ocrx_word' id='word_1_516' title='bbox 1825 2612 1987 2668; x_wconf 90' lang='lat' dir='ltr'><strong>super</strong></span> <span class='ocrx_word' id='word_1_517' title='bbox 2017 2614 2076 2654; x_wconf 88' lang='lat' dir='ltr'><strong>se</strong></span> <span class='ocrx_word' id='word_1_518' title='bbox 2119 2601 2312 2654; x_wconf 90' lang='lat' dir='ltr'><strong>cadant</strong></span> <span class='ocrx_word' id='word_1_519' title='bbox 2363 2609 2611 2666; x_wconf 80' lang='lat' dir='ltr'><strong>exorant,</strong></span> <span class='ocrx_word' id='word_1_520' title='bbox 2660 2615 2718 2656; x_wconf 91' lang='lat' dir='ltr'><strong>se</strong></span> <span class='ocrx_word' id='word_1_521' title='bbox 2765 2599 3015 2655; x_wconf 79' lang='lat' dir='ltr'><strong>videlicet</strong></span> <span class='ocrx_word' id='word_1_522' title='bbox 3053 2600 3132 2655; x_wconf 90' lang='lat' dir='ltr'><strong>eis</strong></span> <span class='ocrx_word' id='word_1_523' title='bbox 3184 2601 3415 2657; x_wconf 85' lang='lat' dir='ltr'><strong>misere-</strong></span> 
     </span>
    </p>
   </div>
   <div class='ocr_carea' id='block_1_70' title="bbox 1824 2687 3416 2758">
    <p class='ocr_par' dir='ltr' id='par_1_70' title="bbox 1824 2687 3416 2758">
     <span class='ocr_line' id='line_1_70' title="bbox 1824 2687 3416 2758; baseline 0.001 -13"><span class='ocrx_word' id='word_1_524' title='bbox 1824 2690 2028 2745; x_wconf 90' lang='lat' dir='ltr'><strong>scendo</strong></span> <span class='ocrx_word' id='word_1_525' title='bbox 2056 2689 2352 2745; x_wconf 86' lang='lat' dir='ltr'><strong>inﬂectant.</strong></span> <span class='ocrx_word' id='word_1_526' title='bbox 2385 2691 2537 2758; x_wconf 85' lang='lat' dir='ltr'><strong>Quod</strong></span> <span class='ocrx_word' id='word_1_527' title='bbox 2587 2697 2756 2746; x_wconf 91' lang='lat' dir='ltr'><strong>totum</strong></span> <span class='ocrx_word' id='word_1_528' title='bbox 2805 2687 2892 2746; x_wconf 79' lang='lat' dir='ltr'><strong>&#39;est</strong></span> <span class='ocrx_word' id='word_1_529' title='bbox 2922 2709 2935 2745; x_wconf 92' lang='lat'><strong>:</strong></span> <span class='ocrx_word' id='word_1_530' title='bbox 2962 2689 3062 2758; x_wconf 86' lang='lat' dir='ltr'><strong>Qui</strong></span> <span class='ocrx_word' id='word_1_531' title='bbox 3105 2707 3164 2745; x_wconf 88' lang='lat' dir='ltr'><strong>se</strong></span> <span class='ocrx_word' id='word_1_532' title='bbox 3195 2699 3416 2747; x_wconf 89' lang='lat' dir='ltr'><strong>sanctos</strong></span> 
     </span>
    </p>
   </div>
   <div class='ocr_carea' id='block_1_71' title="bbox 1823 2782 3416 2855">
    <p class='ocr_par' dir='ltr' id='par_1_71' title="bbox 1823 2782 3416 2855">
     <span class='ocr_line' id='line_1_71' title="bbox 1823 2782 3416 2855; baseline 0.001 -19"><span class='ocrx_word' id='word_1_533' title='bbox 1823 2797 1981 2853; x_wconf 90' lang='lat' dir='ltr'><strong>posse</strong></span> <span class='ocrx_word' id='word_1_534' title='bbox 2012 2782 2129 2837; x_wconf 82' lang='lat' dir='ltr'><strong>ﬁeri</strong></span> <span class='ocrx_word' id='word_1_535' title='bbox 2161 2798 2256 2837; x_wconf 89' lang='lat' dir='ltr'><strong>sua</strong></span> <span class='ocrx_word' id='word_1_536' title='bbox 2283 2783 2547 2850; x_wconf 85' lang='lat' dir='ltr'><strong>custodia,</strong></span> <span class='ocrx_word' id='word_1_537' title='bbox 2580 2783 2721 2852; x_wconf 93' lang='lat' dir='ltr'><strong>quod</strong></span> <span class='ocrx_word' id='word_1_538' title='bbox 2760 2798 2857 2855; x_wconf 89' lang='lat' dir='ltr'><strong>per</strong></span> <span class='ocrx_word' id='word_1_539' title='bbox 2879 2784 3182 2840; x_wconf 85' lang='lat' dir='ltr'><strong>Samariam</strong></span> <span class='ocrx_word' id='word_1_540' title='bbox 3209 2782 3416 2854; x_wconf 82' lang='lat' dir='ltr'><strong>signari</strong></span> 
     </span>
    </p>
   </div>
   <div class='ocr_carea' id='block_1_72' title="bbox 1823 2873 3415 2942">
    <p class='ocr_par' dir='ltr' id='par_1_72' title="bbox 1823 2873 3415 2942">
     <span class='ocr_line' id='line_1_72' title="bbox 1823 2873 3415 2942; baseline 0.001 -16"><span class='ocrx_word' id='word_1_541' title='bbox 1823 2873 2077 2942; x_wconf 83' lang='lat' dir='ltr'><strong>diximus,</strong></span> <span class='ocrx_word' id='word_1_542' title='bbox 2133 2875 2494 2941; x_wconf 79' lang='lat' dir='ltr'><strong>aestimarant,</strong></span> <span class='ocrx_word' id='word_1_543' title='bbox 2553 2889 2739 2928; x_wconf 87' lang='lat' dir='ltr'><strong>veram</strong></span> <span class='ocrx_word' id='word_1_544' title='bbox 2787 2874 3015 2930; x_wconf 86' lang='lat' dir='ltr'><strong>aliorum</strong></span> <span class='ocrx_word' id='word_1_545' title='bbox 3065 2874 3415 2928; x_wconf 86' lang='lat' dir='ltr'><strong>sanctitatem</strong></span> 
     </span>
    </p>
   </div>
   <div class='ocr_carea' id='block_1_73' title="bbox 1825 2967 3414 3040">
    <p class='ocr_par' dir='ltr' id='par_1_73' title="bbox 1825 2967 3414 3040">
     <span class='ocr_line' id='line_1_73' title="bbox 1825 2967 3414 3040; baseline 0 -19"><span class='ocrx_word' id='word_1_546' title='bbox 1825 2967 1916 3022; x_wconf 90' lang='lat' dir='ltr'><strong>Dei</strong></span> <span class='ocrx_word' id='word_1_547' title='bbox 1949 2983 2050 3038; x_wconf 92' lang='lat' dir='ltr'><strong>ope</strong></span> <span class='ocrx_word' id='word_1_548' title='bbox 2081 2968 2445 3036; x_wconf 90' lang='lat' dir='ltr'><strong>attendentes,</strong></span> <span class='ocrx_word' id='word_1_549' title='bbox 2479 2967 2644 3024; x_wconf 83' lang='lat' dir='ltr'><strong>falsos</strong></span> <span class='ocrx_word' id='word_1_550' title='bbox 2681 2983 2739 3024; x_wconf 90' lang='lat' dir='ltr'><strong>se</strong></span> <span class='ocrx_word' id='word_1_551' title='bbox 2774 2982 2871 3024; x_wconf 87' lang='lat' dir='ltr'><strong>sua</strong></span> <span class='ocrx_word' id='word_1_552' title='bbox 2895 2969 3150 3040; x_wconf 88' lang='lat' dir='ltr'><strong>opinione</strong></span> <span class='ocrx_word' id='word_1_553' title='bbox 3176 2983 3280 3023; x_wconf 90' lang='lat' dir='ltr'><strong>non</strong></span> <span class='ocrx_word' id='word_1_554' title='bbox 3309 2967 3414 3022; x_wconf 87' lang='lat' dir='ltr'><strong>du-</strong></span> 
     </span>
    </p>
   </div>
   <div class='ocr_carea' id='block_1_74' title="bbox 1820 3058 2016 3114">
    <p class='ocr_par' dir='ltr' id='par_1_74' title="bbox 1820 3058 2016 3114">
     <span class='ocr_line' id='line_1_74' title="bbox 1820 3058 2016 3114; baseline -0.005 0"><span class='ocrx_word' id='word_1_555' title='bbox 1820 3058 2016 3114; x_wconf 80' lang='lat' dir='ltr'><strong>bitant.</strong></span> 
     </span>
    </p>
   </div>
   <div class='ocr_carea' id='block_1_75' title="bbox 1895 3149 3412 3223">
    <p class='ocr_par' dir='ltr' id='par_1_75' title="bbox 1895 3149 3412 3223">
     <span class='ocr_line' id='line_1_75' title="bbox 1895 3149 3412 3223; baseline 0.003 -20"><span class='ocrx_word' id='word_1_556' title='bbox 1895 3149 2056 3206; x_wconf 78' lang='lat' dir='ltr'><strong>Vsus.</strong></span> <span class='ocrx_word' id='word_1_557' title='bbox 2084 3152 2138 3207; x_wconf 91' lang='lat'><strong>9.</strong></span> <span class='ocrx_word' id='word_1_558' title='bbox 2164 3182 2235 3193; x_wconf 89' lang='lat'><strong>-—</strong></span> <span class='ocrx_word' id='word_1_559' title='bbox 2264 3170 2282 3204; x_wconf 73' lang='grc' dir='ltr'>ι</span> <span class='ocrx_word' id='word_1_560' title='bbox 2317 3153 2394 3206; x_wconf 84' lang='lat' dir='ltr'><strong>Ex</strong></span> <span class='ocrx_word' id='word_1_561' title='bbox 2423 3151 2614 3208; x_wconf 87' lang='lat' dir='ltr'><strong>diebus</strong></span> <span class='ocrx_word' id='word_1_562' title='bbox 2641 3151 2822 3211; x_wconf 82' lang='lat' dir='ltr'><strong>Gabaa</strong></span> <span class='ocrx_word' id='word_1_563' title='bbox 2853 3154 3096 3223; x_wconf 81' lang='lat' dir='ltr'><strong>peccavit</strong></span> <span class='ocrx_word' id='word_1_564' title='bbox 3121 3153 3304 3222; x_wconf 85' lang='lat' dir='ltr'><strong>Israel,</strong></span> <span class='ocrx_word' id='word_1_565' title='bbox 3337 3152 3412 3209; x_wconf 91' lang='lat' dir='ltr'><strong>ibi</strong></span> 
     </span>
    </p>
   </div>
   <div class='ocr_carea' id='block_1_76' title="bbox 1827 3243 3412 3316">
    <p class='ocr_par' dir='ltr' id='par_1_76' title="bbox 1827 3243 3412 3316">
     <span class='ocr_line' id='line_1_76' title="bbox 1827 3243 3412 3316; baseline 0.006 -22"><span class='ocrx_word' id='word_1_566' title='bbox 1827 3261 1846 3294; x_wconf 73' lang='grc' dir='ltr'>ι</span> <span class='ocrx_word' id='word_1_567' title='bbox 1889 3253 2176 3298; x_wconf 88' lang='lat' dir='ltr'><strong>steterunt.</strong></span> <span class='ocrx_word' id='word_1_568' title='bbox 2215 3263 2233 3295; x_wconf 71' lang='grc' dir='ltr'><strong><em>ι</em></strong></span> <span class='ocrx_word' id='word_1_569' title='bbox 2270 3243 2454 3300; x_wconf 88' lang='lat' dir='ltr'><strong>Gabaa</strong></span> <span class='ocrx_word' id='word_1_570' title='bbox 2484 3245 2890 3314; x_wconf 89' lang='lat' dir='ltr'><strong>interpretatur,</strong></span> <span class='ocrx_word' id='word_1_571' title='bbox 2923 3255 2983 3298; x_wconf 92' lang='lat' dir='ltr'><strong>ut</strong></span> <span class='ocrx_word' id='word_1_572' title='bbox 3012 3261 3152 3316; x_wconf 88' lang='lat' dir='ltr'><strong>saepe</strong></span> <span class='ocrx_word' id='word_1_573' title='bbox 3181 3245 3412 3304; x_wconf 79' lang='lat' dir='ltr'><strong>dictum.</strong></span> 
     </span>
    </p>
   </div>
   <div class='ocr_carea' id='block_1_77' title="bbox 1820 3335 3415 3406">
    <p class='ocr_par' dir='ltr' id='par_1_77' title="bbox 1820 3335 3415 3406">
     <span class='ocr_line' id='line_1_77' title="bbox 1820 3335 3415 3406; baseline 0.001 -16"><span class='ocrx_word' id='word_1_574' title='bbox 1820 3335 1997 3390; x_wconf 87' lang='lat' dir='ltr'><strong>colles.</strong></span> <span class='ocrx_word' id='word_1_575' title='bbox 2028 3335 2128 3388; x_wconf 83' lang='lat' dir='ltr'><strong>Per</strong></span> <span class='ocrx_word' id='word_1_576' title='bbox 2153 3336 2316 3391; x_wconf 84' lang='lat' dir='ltr'><strong>colles</strong></span> <span class='ocrx_word' id='word_1_577' title='bbox 2352 3336 2438 3390; x_wconf 91' lang='lat' dir='ltr'><strong>hic</strong></span> <span class='ocrx_word' id='word_1_578' title='bbox 2479 3335 3108 3406; x_wconf 84' lang='lat' dir='ltr'><strong>intelligimus.privatos</strong></span> <span class='ocrx_word' id='word_1_579' title='bbox 3143 3336 3308 3390; x_wconf 86' lang='lat' dir='ltr'><strong>animi</strong></span> <span class='ocrx_word' id='word_1_580' title='bbox 3341 3337 3415 3391; x_wconf 66' lang='lat' dir='ltr'><strong>ti~</strong></span> 
     </span>
    </p>
   </div>
   <div class='ocr_carea' id='block_1_78' title="bbox 1821 3425 3409 3498">
    <p class='ocr_par' dir='ltr' id='par_1_78' title="bbox 1821 3425 3409 3498">
     <span class='ocr_line' id='line_1_78' title="bbox 1821 3425 3409 3498; baseline 0.001 -18"><span class='ocrx_word' id='word_1_581' title='bbox 1821 3441 2021 3481; x_wconf 89' lang='lat' dir='ltr'><strong>mores.</strong></span> <span class='ocrx_word' id='word_1_582' title='bbox 2054 3425 2136 3480; x_wconf 79' lang='lat' dir='ltr'><strong>Ea;</strong></span> <span class='ocrx_word' id='word_1_583' title='bbox 2165 3427 2345 3480; x_wconf 83' lang='lat' dir='ltr'><strong>diebus</strong></span> <span class='ocrx_word' id='word_1_584' title='bbox 2376 3441 2504 3496; x_wconf 74' lang='lat' dir='ltr'><strong>ergo</strong></span> <span class='ocrx_word' id='word_1_585' title='bbox 2530 3428 2724 3482; x_wconf 91' lang='lat' dir='ltr'><strong>horum</strong></span> <span class='ocrx_word' id='word_1_586' title='bbox 2753 3426 2964 3481; x_wconf 87' lang='lat' dir='ltr'><strong>collium</strong></span> <span class='ocrx_word' id='word_1_587' title='bbox 3003 3427 3173 3482; x_wconf 82' lang='lat' dir='ltr'><strong>Israel</strong></span> <span class='ocrx_word' id='word_1_588' title='bbox 3201 3436 3409 3498; x_wconf 84' lang='lat' dir='ltr'><strong>peccat,</strong></span> 
     </span>
    </p>
   </div>
   <div class='ocr_carea' id='block_1_79' title="bbox 1821 3521 3410 3593">
    <p class='ocr_par' dir='ltr' id='par_1_79' title="bbox 1821 3521 3410 3593">
     <span class='ocr_line' id='line_1_79' title="bbox 1821 3521 3410 3593; baseline 0.001 -18"><span class='ocrx_word' id='word_1_589' title='bbox 1821 3521 1948 3592; x_wconf 84' lang='lat' dir='ltr'><strong>quia</strong></span> <span class='ocrx_word' id='word_1_590' title='bbox 1997 3537 2027 3577; x_wconf 89' lang='lat' dir='ltr'><strong>a</strong></span> <span class='ocrx_word' id='word_1_591' title='bbox 2070 3531 2311 3591; x_wconf 90' lang='lat' dir='ltr'><strong>tempore</strong></span> <span class='ocrx_word' id='word_1_592' title='bbox 2354 3537 2461 3593; x_wconf 91' lang='lat' dir='ltr'><strong>quo</strong></span> <span class='ocrx_word' id='word_1_593' title='bbox 2492 3523 2543 3576; x_wconf 91' lang='lat' dir='ltr'><strong>in</strong></span> <span class='ocrx_word' id='word_1_594' title='bbox 2573 3522 2825 3591; x_wconf 86' lang='lat' dir='ltr'><strong>superbia</strong></span> <span class='ocrx_word' id='word_1_595' title='bbox 2872 3538 2966 3578; x_wconf 88' lang='lat' dir='ltr'><strong>sua</strong></span> <span class='ocrx_word' id='word_1_596' title='bbox 3008 3523 3207 3578; x_wconf 76' lang='lat' dir='ltr'><strong>m’sera</strong></span> <span class='ocrx_word' id='word_1_597' title='bbox 3259 3536 3410 3577; x_wconf 89' lang='lat' dir='ltr'><strong>meus</strong></span> 
     </span>
    </p>
   </div>
   <div class='ocr_carea' id='block_1_80' title="bbox 1820 3613 3412 3685">
    <p class='ocr_par' dir='ltr' id='par_1_80' title="bbox 1820 3613 3412 3685">
     <span class='ocr_line' id='line_1_80' title="bbox 1820 3613 3412 3685; baseline -0.001 -16"><span class='ocrx_word' id='word_1_598' title='bbox 1820 3614 2158 3684; x_wconf 88' lang='lat' dir='ltr'><strong>prosperari,</strong></span> <span class='ocrx_word' id='word_1_599' title='bbox 2207 3615 2350 3683; x_wconf 89' lang='lat' dir='ltr'><strong>quod</strong></span> <span class='ocrx_word' id='word_1_600' title='bbox 2398 3615 2514 3669; x_wconf 89' lang='lat' dir='ltr'><strong>dies</strong></span> <span class='ocrx_word' id='word_1_601' title='bbox 2551 3615 2890 3684; x_wconf 78' lang='lat' dir='ltr'><strong>signiﬁcant,</strong></span> <span class='ocrx_word' id='word_1_602' title='bbox 2943 3613 3137 3685; x_wconf 83' lang='lat' dir='ltr'><strong>coepit,</strong></span> <span class='ocrx_word' id='word_1_603' title='bbox 3186 3613 3412 3668; x_wconf 73' lang='lat' dir='ltr'><strong>allectus</strong></span> 
     </span>
    </p>
   </div>
   <div class='ocr_carea' id='block_1_81' title="bbox 1821 3705 3414 3776">
    <p class='ocr_par' dir='ltr' id='par_1_81' title="bbox 1821 3705 3414 3776">
     <span class='ocr_line' id='line_1_81' title="bbox 1821 3705 3414 3776; baseline -0.001 -13"><span class='ocrx_word' id='word_1_604' title='bbox 1821 3721 1939 3763; x_wconf 87' lang='lat' dir='ltr'><strong>sese</strong></span> <span class='ocrx_word' id='word_1_605' title='bbox 1974 3705 2226 3776; x_wconf 87' lang='lat' dir='ltr'><strong>pravitati</strong></span> <span class='ocrx_word' id='word_1_606' title='bbox 2260 3705 2528 3776; x_wconf 84' lang='lat' dir='ltr'><strong>subjugat.</strong></span> <span class='ocrx_word' id='word_1_607' title='bbox 2563 3705 2648 3759; x_wconf 87' lang='lat' dir='ltr'><strong>Ibi</strong></span> <span class='ocrx_word' id='word_1_608' title='bbox 2681 3715 2960 3769; x_wconf 80' lang='lat' dir='ltr'><strong>steterunt,</strong></span> <span class='ocrx_word' id='word_1_609' title='bbox 3001 3705 3052 3760; x_wconf 93' lang='lat' dir='ltr'><strong>id</strong></span> <span class='ocrx_word' id='word_1_610' title='bbox 3101 3715 3184 3762; x_wconf 89' lang='lat' dir='ltr'><strong>est</strong></span> <span class='ocrx_word' id='word_1_611' title='bbox 3227 3720 3414 3776; x_wconf 84' lang='lat' dir='ltr'><strong>perse-</strong></span> 
     </span>
    </p>
   </div>
   <div class='ocr_carea' id='block_1_82' title="bbox 1823 3799 3414 3870">
    <p class='ocr_par' dir='ltr' id='par_1_82' title="bbox 1823 3799 3414 3870">
     <span class='ocr_line' id='line_1_82' title="bbox 1823 3799 3414 3870; baseline -0.003 -13"><span class='ocrx_word' id='word_1_612' title='bbox 1823 3808 2166 3857; x_wconf 81' lang='lat' dir='ltr'><strong>veraverunt.</strong></span> <span class='ocrx_word' id='word_1_613' title='bbox 2199 3799 2353 3856; x_wconf 88' lang='lat' dir='ltr'><strong>Stare</strong></span> <span class='ocrx_word' id='word_1_614' title='bbox 2387 3799 2530 3854; x_wconf 89' lang='lat' dir='ltr'><strong>enim</strong></span> <span class='ocrx_word' id='word_1_615' title='bbox 2566 3815 2664 3870; x_wconf 89' lang='lat' dir='ltr'><strong>pro</strong></span> <span class='ocrx_word' id='word_1_616' title='bbox 2709 3815 3038 3870; x_wconf 81' lang='lat' dir='ltr'><strong>perseverare</strong></span> <span class='ocrx_word' id='word_1_617' title='bbox 3079 3800 3320 3870; x_wconf 88' lang='lat' dir='ltr'><strong>ponitur,</strong></span> <span class='ocrx_word' id='word_1_618' title='bbox 3352 3808 3414 3853; x_wconf 83' lang='lat' dir='ltr'><strong>ut.</strong></span> 
     </span>
    </p>
   </div>
   <div class='ocr_carea' id='block_1_83' title="bbox 1819 3893 3409 3963">
    <p class='ocr_par' dir='ltr' id='par_1_83' title="bbox 1819 3893 3409 3963">
     <span class='ocr_line' id='line_1_83' title="bbox 1819 3893 3409 3963; baseline -0.003 -13"><span class='ocrx_word' id='word_1_619' title='bbox 1819 3906 1905 3950; x_wconf 89' lang='lat' dir='ltr'><strong>est</strong></span> <span class='ocrx_word' id='word_1_620' title='bbox 1937 3913 1949 3948; x_wconf 89' lang='lat'><strong>:</strong></span> <span class='ocrx_word' id='word_1_621' title='bbox 1989 3913 2008 3945; x_wconf 70' lang='grc' dir='ltr'><strong><em>ι</em></strong></span> <span class='ocrx_word' id='word_1_622' title='bbox 2051 3894 2352 3949; x_wconf 87' lang='lat' dir='ltr'><strong>Adversum</strong></span> <span class='ocrx_word' id='word_1_623' title='bbox 2405 3907 2491 3948; x_wconf 90' lang='lat' dir='ltr'><strong>me</strong></span> <span class='ocrx_word' id='word_1_624' title='bbox 2535 3893 3108 3963; x_wconf 88' lang='lat' dir='ltr'><strong>appropinquavcrunt</strong></span> <span class='ocrx_word' id='word_1_625' title='bbox 3146 3901 3201 3946; x_wconf 90' lang='lat' dir='ltr'><strong>et</strong></span> <span class='ocrx_word' id='word_1_626' title='bbox 3239 3901 3409 3946; x_wconf 85' lang='lat' dir='ltr'><strong>stete-</strong></span> 
     </span>
    </p>
   </div>
   <div class='ocr_carea' id='block_1_84' title="bbox 1818 3984 3411 4062">
    <p class='ocr_par' dir='ltr' id='par_1_84' title="bbox 1818 3984 3411 4062">
     <span class='ocr_line' id='line_1_84' title="bbox 1818 3984 3411 4062; baseline -0.003 -18"><span class='ocrx_word' id='word_1_627' title='bbox 1818 3998 1947 4045; x_wconf 89' lang='lat' dir='ltr'><strong>runt</strong></span> <span class='ocrx_word' id='word_1_628' title='bbox 1999 3987 2173 4062; x_wconf 88' lang='lat' dir='ltr'><strong>(Psal.</strong></span> <span class='ocrx_word' id='word_1_629' title='bbox 2225 4003 2456 4055; x_wconf 76' lang='lat' dir='ltr'><strong>xxxv&quot;,</strong></span> <span class='ocrx_word' id='word_1_630' title='bbox 2515 3986 2628 4058; x_wconf 76' lang='lat'><strong>1‘2).</strong></span> <span class='ocrx_word' id='word_1_631' title='bbox 2685 4007 2703 4038; x_wconf 73' lang='grc' dir='ltr'><strong><em>ι</em></strong></span> <span class='ocrx_word' id='word_1_632' title='bbox 2755 3985 2892 4041; x_wconf 86' lang='lat' dir='ltr'><strong>Nota</strong></span> <span class='ocrx_word' id='word_1_633' title='bbox 2949 3986 3092 4057; x_wconf 83' lang='lat' dir='ltr'><strong>quod</strong></span> <span class='ocrx_word' id='word_1_634' title='bbox 3144 3984 3305 4040; x_wconf 89' lang='lat' dir='ltr'><strong>Israel</strong></span> <span class='ocrx_word' id='word_1_635' title='bbox 3354 3992 3411 4040; x_wconf 81' lang='lat' dir='ltr'><strong>et;</strong></span> 
     </span>
    </p>
   </div>
   <div class='ocr_carea' id='block_1_85' title="bbox 1817 4077 3410 4154">
    <p class='ocr_par' dir='ltr' id='par_1_85' title="bbox 1817 4077 3410 4154">
     <span class='ocr_line' id='line_1_85' title="bbox 1817 4077 3410 4154; baseline -0.004 -15"><span class='ocrx_word' id='word_1_636' title='bbox 1817 4083 2077 4154; x_wconf 88' lang='lat' dir='ltr'><strong>Ephraim</strong></span> <span class='ocrx_word' id='word_1_637' title='bbox 2106 4097 2227 4138; x_wconf 90' lang='lat' dir='ltr'><strong>cum</strong></span> <span class='ocrx_word' id='word_1_638' title='bbox 2255 4080 2603 4153; x_wconf 82' lang='lat' dir='ltr'><strong>singulariter</strong></span> <span class='ocrx_word' id='word_1_639' title='bbox 2625 4089 2918 4151; x_wconf 88' lang='lat' dir='ltr'><strong>ponuntur,</strong></span> <span class='ocrx_word' id='word_1_640' title='bbox 2949 4081 3080 4134; x_wconf 85' lang='lat' dir='ltr'><strong>duos</strong></span> <span class='ocrx_word' id='word_1_641' title='bbox 3112 4078 3228 4134; x_wconf 90' lang='lat' dir='ltr'><strong>illos</strong></span> <span class='ocrx_word' id='word_1_642' title='bbox 3255 4077 3410 4133; x_wconf 89' lang='lat' dir='ltr'><strong>habi-</strong></span> 
     </span>
    </p>
   </div>
   <div class='ocr_carea' id='block_1_86' title="bbox 1820 4170 3410 4245">
    <p class='ocr_par' dir='ltr' id='par_1_86' title="bbox 1820 4170 3410 4245">
     <span class='ocr_line' id='line_1_86' title="bbox 1820 4170 3410 4245; baseline -0.006 -13"><span class='ocrx_word' id='word_1_643' title='bbox 1820 4187 1904 4232; x_wconf 92' lang='lat' dir='ltr'><strong>tus</strong></span> <span class='ocrx_word' id='word_1_644' title='bbox 1951 4175 2169 4242; x_wconf 90' lang='lat' dir='ltr'><strong>mentis,</strong></span> <span class='ocrx_word' id='word_1_645' title='bbox 2207 4174 2300 4245; x_wconf 93' lang='lat' dir='ltr'><strong>qui</strong></span> <span class='ocrx_word' id='word_1_646' title='bbox 2349 4181 2474 4229; x_wconf 87' lang='lat' dir='ltr'><strong>sunt</strong></span> <span class='ocrx_word' id='word_1_647' title='bbox 2522 4170 2746 4228; x_wconf 74' lang='lat' dir='ltr'><strong>allectus</strong></span> <span class='ocrx_word' id='word_1_648' title='bbox 2796 4182 2852 4226; x_wconf 87' lang='lat' dir='ltr'><strong>et</strong></span> <span class='ocrx_word' id='word_1_649' title='bbox 2894 4170 3164 4237; x_wconf 86' lang='lat' dir='ltr'><strong>voluntas,</strong></span> <span class='ocrx_word' id='word_1_650' title='bbox 3209 4183 3306 4238; x_wconf 89' lang='lat' dir='ltr'><strong>per</strong></span> <span class='ocrx_word' id='word_1_651' title='bbox 3349 4183 3410 4223; x_wconf 84' lang='lat' dir='ltr'><strong>se</strong></span> 
     </span>
    </p>
   </div>
   <div class='ocr_carea' id='block_1_87' title="bbox 1818 4260 3405 4339">
    <p class='ocr_par' dir='ltr' id='par_1_87' title="bbox 1818 4260 3405 4339">
     <span class='ocr_line' id='line_1_87' title="bbox 1818 4260 3405 4339; baseline -0.007 -17"><span class='ocrx_word' id='word_1_652' title='bbox 1818 4267 2038 4339; x_wconf 76' lang='lat' dir='ltr'><strong>[igurari</strong></span> <span class='ocrx_word' id='word_1_653' title='bbox 2079 4266 2365 4330; x_wconf 88' lang='lat' dir='ltr'><strong>dicuntur;</strong></span> <span class='ocrx_word' id='word_1_654' title='bbox 2403 4281 2525 4321; x_wconf 89' lang='lat' dir='ltr'><strong>cum</strong></span> <span class='ocrx_word' id='word_1_655' title='bbox 2555 4274 2733 4318; x_wconf 90' lang='lat' dir='ltr'><strong>autem</strong></span> <span class='ocrx_word' id='word_1_656' title='bbox 2766 4263 3067 4334; x_wconf 87' lang='lat' dir='ltr'><strong>pluraliter,</strong></span> <span class='ocrx_word' id='word_1_657' title='bbox 3093 4260 3405 4315; x_wconf 87' lang='lat' dir='ltr'><strong>eorumdem</strong></span> 
     </span>
    </p>
   </div>
   <div class='ocr_carea' id='block_1_88' title="bbox 1819 4353 2736 4424">
    <p class='ocr_par' dir='ltr' id='par_1_88' title="bbox 1819 4353 2736 4424">
     <span class='ocr_line' id='line_1_88' title="bbox 1819 4353 2736 4424; baseline -0.005 -12"><span class='ocrx_word' id='word_1_658' title='bbox 1819 4357 2102 4412; x_wconf 88' lang='lat' dir='ltr'><strong>habituum</strong></span> <span class='ocrx_word' id='word_1_659' title='bbox 2131 4364 2310 4412; x_wconf 90' lang='lat' dir='ltr'><strong>motus</strong></span> <span class='ocrx_word' id='word_1_660' title='bbox 2341 4353 2736 4424; x_wconf 81' lang='lat' dir='ltr'><strong>intelliguntur.</strong></span> 
     </span>
    </p>
   </div>
   <div class='ocr_carea' id='block_1_89' title="bbox 1893 4439 3407 4518">
    <p class='ocr_par' dir='ltr' id='par_1_89' title="bbox 1893 4439 3407 4518">
     <span class='ocr_line' id='line_1_89' title="bbox 1893 4439 3407 4518; baseline -0.009 -8"><span class='ocrx_word' id='word_1_661' title='bbox 1893 4456 2054 4510; x_wconf 78' lang='lat' dir='ltr'><strong>Vens.</strong></span> <span class='ocrx_word' id='word_1_662' title='bbox 2091 4453 2175 4508; x_wconf 84' lang='grc'><strong>10.</strong></span> <span class='ocrx_word' id='word_1_663' title='bbox 2201 4483 2271 4494; x_wconf 88' lang='lat'><strong>-—</strong></span> <span class='ocrx_word' id='word_1_664' title='bbox 2305 4471 2323 4504; x_wconf 68' lang='grc' dir='ltr'><strong><em>ι</em></strong></span> <span class='ocrx_word' id='word_1_665' title='bbox 2361 4451 2476 4504; x_wconf 88' lang='lat' dir='ltr'><strong>Non</strong></span> <span class='ocrx_word' id='word_1_666' title='bbox 2522 4445 2942 4518; x_wconf 89' lang='lat' dir='ltr'><strong>comprehendet</strong></span> <span class='ocrx_word' id='word_1_667' title='bbox 2981 4457 3076 4499; x_wconf 93' lang='lat' dir='ltr'><strong>eos</strong></span> <span class='ocrx_word' id='word_1_668' title='bbox 3120 4443 3174 4497; x_wconf 90' lang='lat' dir='ltr'><strong>in</strong></span> <span class='ocrx_word' id='word_1_669' title='bbox 3221 4439 3407 4496; x_wconf 84' lang='lat' dir='ltr'><strong>Gabaa</strong></span> 
     </span>
    </p>
   </div>
   <div class='ocr_carea' id='block_1_90' title="bbox 139 4534 3404 4624">
    <p class='ocr_par' dir='ltr' id='par_1_90' title="bbox 139 4534 3404 4624">
     <span class='ocr_line' id='line_1_90' title="bbox 139 4534 3404 4624; baseline -0.004 -23"><span class='ocrx_word' id='word_1_670' title='bbox 139 4539 246 4596; x_wconf 59' lang='lat' dir='ltr'><strong>dem</strong></span> <span class='ocrx_word' id='word_1_671' title='bbox 273 4554 326 4600; x_wconf 87' lang='lat' dir='ltr'><strong>et</strong></span> <span class='ocrx_word' id='word_1_672' title='bbox 355 4547 474 4616; x_wconf 82' lang='lat' dir='ltr'><strong>ipse</strong></span> <span class='ocrx_word' id='word_1_673' title='bbox 501 4548 556 4604; x_wconf 91' lang='lat' dir='ltr'><strong>in</strong></span> <span class='ocrx_word' id='word_1_674' title='bbox 592 4548 785 4613; x_wconf 83' lang='lat' dir='ltr'><strong>Assur,</strong></span> <span class='ocrx_word' id='word_1_675' title='bbox 824 4550 967 4619; x_wconf 91' lang='lat' dir='ltr'><strong>quod</strong></span> <span class='ocrx_word' id='word_1_676' title='bbox 999 4558 1082 4603; x_wconf 89' lang='lat' dir='ltr'><strong>est</strong></span> <span class='ocrx_word' id='word_1_677' title='bbox 1116 4549 1170 4604; x_wconf 92' lang='lat' dir='ltr'><strong>in</strong></span> <span class='ocrx_word' id='word_1_678' title='bbox 1201 4550 1400 4616; x_wconf 88' lang='lat' dir='ltr'><strong>aulam,</strong></span> <span class='ocrx_word' id='word_1_679' title='bbox 1435 4552 1627 4616; x_wconf 78' lang='lat' dir='ltr'><strong>fertur,</strong></span> <span class='ocrx_word' id='word_1_680' title='bbox 1661 4553 1712 4608; x_wconf 91' lang='lat' dir='ltr'><strong>id</strong></span> <span class='ocrx_word' id='word_1_681' title='bbox 1743 4565 1792 4624; x_wconf 77' lang='grc' dir='ltr'><strong>ι)</strong></span> <span class='ocrx_word' id='word_1_682' title='bbox 1824 4565 1842 4599; x_wconf 77' lang='grc' dir='ltr'>ι</span> <span class='ocrx_word' id='word_1_683' title='bbox 1875 4547 2119 4619; x_wconf 83' lang='lat' dir='ltr'><strong>praelium</strong></span> <span class='ocrx_word' id='word_1_684' title='bbox 2153 4560 2314 4614; x_wconf 88' lang='lat' dir='ltr'><strong>super</strong></span> <span class='ocrx_word' id='word_1_685' title='bbox 2345 4543 2484 4596; x_wconf 88' lang='lat' dir='ltr'><strong>tilios</strong></span> <span class='ocrx_word' id='word_1_686' title='bbox 2527 4540 2848 4609; x_wconf 84' lang='lat' dir='ltr'><strong>iniquitatis.</strong></span> <span class='ocrx_word' id='word_1_687' title='bbox 2887 4535 3046 4591; x_wconf 76' lang='lat' dir='ltr'><strong>Juxta</strong></span> <span class='ocrx_word' id='word_1_688' title='bbox 3078 4534 3404 4590; x_wconf 88' lang='lat' dir='ltr'><strong>desiderium</strong></span> 
     </span>
    </p>
   </div>
   <div class='ocr_carea' id='block_1_91' title="bbox 139 4641 1713 4715">
    <p class='ocr_par' dir='ltr' id='par_1_91' title="bbox 139 4641 1713 4715">
     <span class='ocr_line' id='line_1_91' title="bbox 139 4641 1713 4715; baseline 0.01 -29"><span class='ocrx_word' id='word_1_689' title='bbox 139 4645 210 4690; x_wconf 89' lang='lat' dir='ltr'><strong>est</strong></span> <span class='ocrx_word' id='word_1_690' title='bbox 235 4641 532 4711; x_wconf 81' lang='lat' dir='ltr'><strong>gurgustiis</strong></span> <span class='ocrx_word' id='word_1_691' title='bbox 578 4641 830 4697; x_wconf 89' lang='lat' dir='ltr'><strong>vitiorum</strong></span> <span class='ocrx_word' id='word_1_692' title='bbox 869 4641 1102 4698; x_wconf 85' lang='lat' dir='ltr'><strong>latenter</strong></span> <span class='ocrx_word' id='word_1_693' title='bbox 1133 4643 1491 4715; x_wconf 81' lang='lat' dir='ltr'><strong>immergitur,</strong></span> <span class='ocrx_word' id='word_1_694' title='bbox 1523 4655 1579 4700; x_wconf 85' lang='lat' dir='ltr'><strong>et</strong></span> <span class='ocrx_word' id='word_1_695' title='bbox 1607 4662 1713 4702; x_wconf 83' lang='lat' dir='ltr'><strong>non</strong></span> 
     </span>
    </p>
   </div>
   <div class='ocr_carea' id='block_1_92' title="bbox 141 4727 1715 4808">
    <p class='ocr_par' dir='ltr' id='par_1_92' title="bbox 141 4727 1715 4808">
     <span class='ocr_line' id='line_1_92' title="bbox 141 4727 1715 4808; baseline 0.008 -26"><span class='ocrx_word' id='word_1_696' title='bbox 141 4727 518 4798; x_wconf 82' lang='lat' dir='ltr'><strong>perfunctorie,</strong></span> <span class='ocrx_word' id='word_1_697' title='bbox 573 4737 667 4789; x_wconf 87' lang='lat' dir='ltr'><strong>sed</strong></span> <span class='ocrx_word' id='word_1_698' title='bbox 715 4735 866 4805; x_wconf 89' lang='lat' dir='ltr'><strong>quasi</strong></span> <span class='ocrx_word' id='word_1_699' title='bbox 925 4737 1145 4806; x_wconf 89' lang='lat' dir='ltr'><strong>proprie</strong></span> <span class='ocrx_word' id='word_1_700' title='bbox 1196 4737 1473 4808; x_wconf 90' lang='lat' dir='ltr'><strong>proprium</strong></span> <span class='ocrx_word' id='word_1_701' title='bbox 1520 4754 1715 4794; x_wconf 88' lang='lat' dir='ltr'><strong>munus</strong></span> 
     </span>
    </p>
   </div>
   <div class='ocr_carea' id='block_1_93' title="bbox 141 4819 1716 4896">
    <p class='ocr_par' dir='ltr' id='par_1_93' title="bbox 141 4819 1716 4896">
     <span class='ocr_line' id='line_1_93' title="bbox 141 4819 1716 4896; baseline 0.01 -25"><span class='ocrx_word' id='word_1_702' title='bbox 141 4819 315 4879; x_wconf 88' lang='lat' dir='ltr'><strong>diaboli</strong></span> <span class='ocrx_word' id='word_1_703' title='bbox 349 4825 550 4890; x_wconf 77' lang='lat' dir='ltr'><strong>factus,</strong></span> <span class='ocrx_word' id='word_1_704' title='bbox 588 4826 678 4895; x_wconf 89' lang='lat' dir='ltr'><strong>qui</strong></span> <span class='ocrx_word' id='word_1_705' title='bbox 705 4827 935 4895; x_wconf 89' lang='lat' dir='ltr'><strong>idipsum</strong></span> <span class='ocrx_word' id='word_1_706' title='bbox 965 4829 1107 4896; x_wconf 89' lang='lat' dir='ltr'><strong>quod</strong></span> <span class='ocrx_word' id='word_1_707' title='bbox 1135 4839 1470 4895; x_wconf 86' lang='lat' dir='ltr'><strong>muneratur,</strong></span> <span class='ocrx_word' id='word_1_708' title='bbox 1503 4830 1716 4886; x_wconf 85' lang='lat' dir='ltr'><strong>ulcisci-</strong></span> 
     </span>
    </p>
   </div>
   <div class='ocr_carea' id='block_1_94' title="bbox 140 4915 1716 4995">
    <p class='ocr_par' dir='ltr' id='par_1_94' title="bbox 140 4915 1716 4995">
     <span class='ocr_line' id='line_1_94' title="bbox 140 4915 1716 4995; baseline 0.008 -32"><span class='ocrx_word' id='word_1_709' title='bbox 140 4915 235 4966; x_wconf 91' lang='lat' dir='ltr'><strong>tur.</strong></span> <span class='ocrx_word' id='word_1_710' title='bbox 287 4934 306 4966; x_wconf 73' lang='grc' dir='ltr'>ι</span> <span class='ocrx_word' id='word_1_711' title='bbox 371 4915 633 4971; x_wconf 81' lang='lat' dir='ltr'><strong>Confusio</strong></span> <span class='ocrx_word' id='word_1_712' title='bbox 687 4916 942 4984; x_wconf 72' lang='lat' dir='ltr'><strong>Ephraim</strong></span> <span class='ocrx_word' id='word_1_713' title='bbox 1001 4919 1204 4988; x_wconf 87' lang='lat' dir='ltr'><strong>capiet,</strong></span> <span class='ocrx_word' id='word_1_714' title='bbox 1259 4929 1312 4974; x_wconf 87' lang='lat' dir='ltr'><strong>et</strong></span> <span class='ocrx_word' id='word_1_715' title='bbox 1358 4920 1716 4995; x_wconf 76' lang='lat' dir='ltr'><strong>confundetpr</strong></span> 
     </span>
    </p>
   </div>
   <div class='ocr_carea' id='block_1_95' title="bbox 144 5005 1713 5083">
    <p class='ocr_par' dir='ltr' id='par_1_95' title="bbox 144 5005 1713 5083">
     <span class='ocr_line' id='line_1_95' title="bbox 144 5005 1713 5083; baseline 0.006 -25"><span class='ocrx_word' id='word_1_716' title='bbox 144 5019 160 5052; x_wconf 74' lang='grc' dir='ltr'>ι</span> <span class='ocrx_word' id='word_1_717' title='bbox 185 5005 341 5063; x_wconf 85' lang='lat' dir='ltr'><strong>lsrael</strong></span> <span class='ocrx_word' id='word_1_718' title='bbox 369 5009 422 5063; x_wconf 91' lang='lat' dir='ltr'><strong>in</strong></span> <span class='ocrx_word' id='word_1_719' title='bbox 453 5009 734 5066; x_wconf 85' lang='lat' dir='ltr'><strong>voluntate</strong></span> <span class='ocrx_word' id='word_1_720' title='bbox 763 5025 882 5065; x_wconf 87' lang='lat' dir='ltr'><strong>sua.</strong></span> <span class='ocrx_word' id='word_1_721' title='bbox 921 5030 939 5062; x_wconf 74' lang='grc' dir='ltr'><strong><em>ι</em></strong></span> <span class='ocrx_word' id='word_1_722' title='bbox 969 5010 1222 5082; x_wconf 78' lang='lat' dir='ltr'><strong>Confusio</strong></span> <span class='ocrx_word' id='word_1_723' title='bbox 1256 5013 1510 5083; x_wconf 77' lang='lat' dir='ltr'><strong>Ephraim</strong></span> <span class='ocrx_word' id='word_1_724' title='bbox 1548 5016 1713 5082; x_wconf 85' lang='lat' dir='ltr'><strong>capit,</strong></span> 
     </span>
    </p>
   </div>
   <div class='ocr_carea' id='block_1_96' title="bbox 142 5101 1716 5176">
    <p class='ocr_par' dir='ltr' id='par_1_96' title="bbox 142 5101 1716 5176">
     <span class='ocr_line' id='line_1_96' title="bbox 142 5101 1716 5176; baseline 0.009 -27"><span class='ocrx_word' id='word_1_725' title='bbox 142 5109 249 5152; x_wconf 89' lang='lat' dir='ltr'><strong>cum</strong></span> <span class='ocrx_word' id='word_1_726' title='bbox 277 5101 613 5158; x_wconf 86' lang='lat' dir='ltr'><strong>voluntatem</strong></span> <span class='ocrx_word' id='word_1_727' title='bbox 645 5113 910 5171; x_wconf 87' lang='lat' dir='ltr'><strong>nostram,</strong></span> <span class='ocrx_word' id='word_1_728' title='bbox 945 5122 1063 5176; x_wconf 70' lang='lat' dir='ltr'><strong>qua:</strong></span> <span class='ocrx_word' id='word_1_729' title='bbox 1103 5107 1285 5162; x_wconf 82' lang='lat' dir='ltr'><strong>innixa</strong></span> <span class='ocrx_word' id='word_1_730' title='bbox 1309 5123 1430 5164; x_wconf 88' lang='lat' dir='ltr'><strong>esse</strong></span> <span class='ocrx_word' id='word_1_731' title='bbox 1455 5108 1716 5164; x_wconf 67' lang='lat' dir='ltr'><strong>debui-rat</strong></span> 
     </span>
    </p>
   </div>
   <div class='ocr_carea' id='block_1_97' title="bbox 141 5191 1714 5270">
    <p class='ocr_par' dir='ltr' id='par_1_97' title="bbox 141 5191 1714 5270">
     <span class='ocr_line' id='line_1_97' title="bbox 141 5191 1714 5270; baseline 0.01 -30"><span class='ocrx_word' id='word_1_732' title='bbox 141 5191 324 5248; x_wconf 85' lang='lat' dir='ltr'><strong>rationi</strong></span> <span class='ocrx_word' id='word_1_733' title='bbox 376 5197 686 5252; x_wconf 88' lang='lat' dir='ltr'><strong>obscuritas</strong></span> <span class='ocrx_word' id='word_1_734' title='bbox 737 5198 1080 5254; x_wconf 89' lang='lat' dir='ltr'><strong>discretionis</strong></span> <span class='ocrx_word' id='word_1_735' title='bbox 1127 5200 1414 5270; x_wconf 90' lang='lat' dir='ltr'><strong>intercipit.</strong></span> <span class='ocrx_word' id='word_1_736' title='bbox 1453 5199 1623 5253; x_wconf 85' lang='lat' dir='ltr'><strong>Israel</strong></span> <span class='ocrx_word' id='word_1_737' title='bbox 1661 5202 1714 5256; x_wconf 84' lang='lat' dir='ltr'><strong>in</strong></span> 
     </span>
    </p>
   </div>
   <div class='ocr_carea' id='block_1_98' title="bbox 141 5283 1716 5359">
    <p class='ocr_par' dir='ltr' id='par_1_98' title="bbox 141 5283 1716 5359">
     <span class='ocr_line' id='line_1_98' title="bbox 141 5283 1716 5359; baseline 0.01 -24"><span class='ocrx_word' id='word_1_738' title='bbox 141 5283 398 5344; x_wconf 68' lang='lat' dir='ltr'><strong>voluntate</strong></span> <span class='ocrx_word' id='word_1_739' title='bbox 429 5308 529 5346; x_wconf 83' lang='lat' dir='ltr'><strong>sua</strong></span> <span class='ocrx_word' id='word_1_740' title='bbox 575 5292 950 5357; x_wconf 82' lang='lat' dir='ltr'><strong>confunditur,</strong></span> <span class='ocrx_word' id='word_1_741' title='bbox 983 5309 1127 5359; x_wconf 88' lang='lat' dir='ltr'><strong>cum,</strong></span> <span class='ocrx_word' id='word_1_742' title='bbox 1176 5302 1232 5346; x_wconf 90' lang='lat' dir='ltr'><strong>ut</strong></span> <span class='ocrx_word' id='word_1_743' title='bbox 1283 5293 1360 5347; x_wconf 87' lang='lat' dir='ltr'><strong>sic</strong></span> <span class='ocrx_word' id='word_1_744' title='bbox 1396 5293 1597 5358; x_wconf 85' lang='lat' dir='ltr'><strong>dicam,</strong></span> <span class='ocrx_word' id='word_1_745' title='bbox 1625 5309 1716 5350; x_wconf 84' lang='lat' dir='ltr'><strong>vo-</strong></span> 
     </span>
    </p>
   </div>
   <div class='ocr_carea' id='block_1_99' title="bbox 137 5371 1714 5455">
    <p class='ocr_par' dir='ltr' id='par_1_99' title="bbox 137 5371 1714 5455">
     <span class='ocr_line' id='line_1_99' title="bbox 137 5371 1714 5455; baseline 0.01 -29"><span class='ocrx_word' id='word_1_746' title='bbox 137 5371 268 5433; x_wconf 87' lang='lat' dir='ltr'><strong>lendi</strong></span> <span class='ocrx_word' id='word_1_747' title='bbox 315 5382 426 5437; x_wconf 88' lang='lat' dir='ltr'><strong>imo</strong></span> <span class='ocrx_word' id='word_1_748' title='bbox 471 5384 756 5455; x_wconf 82' lang='lat' dir='ltr'><strong>appetendi</strong></span> <span class='ocrx_word' id='word_1_749' title='bbox 802 5384 912 5455; x_wconf 89' lang='lat' dir='ltr'><strong>jam</strong></span> <span class='ocrx_word' id='word_1_750' title='bbox 968 5387 1175 5440; x_wconf 84' lang='lat' dir='ltr'><strong>ratione</strong></span> <span class='ocrx_word' id='word_1_751' title='bbox 1232 5394 1286 5441; x_wconf 86' lang='lat' dir='ltr'><strong>et</strong></span> <span class='ocrx_word' id='word_1_752' title='bbox 1328 5387 1604 5442; x_wconf 84' lang='lat' dir='ltr'><strong>voluntate</strong></span> <span class='ocrx_word' id='word_1_753' title='bbox 1648 5388 1714 5442; x_wconf 87' lang='lat' dir='ltr'><strong>ad</strong></span> 
     </span>
    </p>
   </div>
   <div class='ocr_carea' id='block_1_100' title="bbox 138 5467 1717 5542">
    <p class='ocr_par' dir='ltr' id='par_1_100' title="bbox 138 5467 1717 5542">
     <span class='ocr_line' id='line_1_100' title="bbox 138 5467 1717 5542; baseline 0.01 -24"><span class='ocrx_word' id='word_1_754' title='bbox 138 5467 268 5523; x_wconf 88' lang='lat' dir='ltr'><strong>mala</strong></span> <span class='ocrx_word' id='word_1_755' title='bbox 297 5473 615 5542; x_wconf 85' lang='lat' dir='ltr'><strong>declivibus,</strong></span> <span class='ocrx_word' id='word_1_756' title='bbox 660 5475 836 5532; x_wconf 91' lang='lat' dir='ltr'><strong>nullus</strong></span> <span class='ocrx_word' id='word_1_757' title='bbox 882 5479 1072 5533; x_wconf 89' lang='lat' dir='ltr'><strong>modus</strong></span> <span class='ocrx_word' id='word_1_758' title='bbox 1109 5486 1162 5532; x_wconf 89' lang='lat' dir='ltr'><strong>et</strong></span> <span class='ocrx_word' id='word_1_759' title='bbox 1194 5478 1328 5533; x_wconf 89' lang='lat' dir='ltr'><strong>ordo</strong></span> <span class='ocrx_word' id='word_1_760' title='bbox 1359 5478 1409 5533; x_wconf 91' lang='lat' dir='ltr'><strong>in</strong></span> <span class='ocrx_word' id='word_1_761' title='bbox 1436 5477 1717 5534; x_wconf 74' lang='lat' dir='ltr'><strong>allectione</strong></span> 
     </span>
    </p>
   </div>
   <div class='ocr_carea' id='block_1_101' title="bbox 138 5563 364 5618">
    <p class='ocr_par' dir='ltr' id='par_1_101' title="bbox 138 5563 364 5618">
     <span class='ocr_line' id='line_1_101' title="bbox 138 5563 364 5618; baseline 0.031 -7"><span class='ocrx_word' id='word_1_762' title='bbox 138 5563 364 5618; x_wconf 80' lang='lat' dir='ltr'><strong>tenetur.</strong></span> 
     </span>
    </p>
   </div>
   <div class='ocr_carea' id='block_1_102' title="bbox 201 5645 1716 5731">
    <p class='ocr_par' dir='ltr' id='par_1_102' title="bbox 201 5645 1716 5731">
     <span class='ocr_line' id='line_1_102' title="bbox 201 5645 1716 5731; baseline 0.006 -24"><span class='ocrx_word' id='word_1_763' title='bbox 201 5645 367 5711; x_wconf 67' lang='lat' dir='ltr'><strong>Vsus.</strong></span> <span class='ocrx_word' id='word_1_764' title='bbox 418 5657 469 5724; x_wconf 88' lang='lat'><strong>7,</strong></span> <span class='ocrx_word' id='word_1_765' title='bbox 521 5659 575 5715; x_wconf 90' lang='lat'><strong>8.</strong></span> <span class='ocrx_word' id='word_1_766' title='bbox 613 5689 682 5700; x_wconf 88' lang='lat'><strong>—</strong></span> <span class='ocrx_word' id='word_1_767' title='bbox 725 5678 742 5710; x_wconf 76' lang='grc' dir='ltr'>ι</span> <span class='ocrx_word' id='word_1_768' title='bbox 788 5659 1043 5716; x_wconf 86' lang='lat' dir='ltr'><strong>Transire</strong></span> <span class='ocrx_word' id='word_1_769' title='bbox 1091 5662 1214 5718; x_wconf 78' lang='lat' dir='ltr'><strong>terit</strong></span> <span class='ocrx_word' id='word_1_770' title='bbox 1255 5661 1496 5717; x_wconf 79' lang='lat' dir='ltr'><strong>Samaria</strong></span> <span class='ocrx_word' id='word_1_771' title='bbox 1536 5676 1716 5731; x_wconf 79' lang='lat' dir='ltr'><strong>regem</strong></span> 
     </span>
    </p>
   </div>
   <div class='ocr_carea' id='block_1_103' title="bbox 144 5753 1720 5828">
    <p class='ocr_par' dir='ltr' id='par_1_103' title="bbox 144 5753 1720 5828">
     <span class='ocr_line' id='line_1_103' title="bbox 144 5753 1720 5828; baseline 0.01 -34"><span class='ocrx_word' id='word_1_772' title='bbox 144 5758 163 5794; x_wconf 72' lang='grc' dir='ltr'>ι</span> <span class='ocrx_word' id='word_1_773' title='bbox 189 5758 342 5800; x_wconf 86' lang='lat' dir='ltr'><strong>suum</strong></span> <span class='ocrx_word' id='word_1_774' title='bbox 375 5753 526 5820; x_wconf 89' lang='lat' dir='ltr'><strong>quasi</strong></span> <span class='ocrx_word' id='word_1_775' title='bbox 557 5769 803 5821; x_wconf 87' lang='lat' dir='ltr'><strong>spumam</strong></span> <span class='ocrx_word' id='word_1_776' title='bbox 828 5771 989 5826; x_wconf 88' lang='lat' dir='ltr'><strong>super</strong></span> <span class='ocrx_word' id='word_1_777' title='bbox 1012 5755 1202 5811; x_wconf 81' lang='lat' dir='ltr'><strong>faciem</strong></span> <span class='ocrx_word' id='word_1_778' title='bbox 1225 5772 1395 5828; x_wconf 71' lang='lat' dir='ltr'><strong>aqum.</strong></span> <span class='ocrx_word' id='word_1_779' title='bbox 1423 5757 1486 5811; x_wconf 88' lang='lat' dir='ltr'><strong>Et</strong></span> <span class='ocrx_word' id='word_1_780' title='bbox 1519 5757 1720 5825; x_wconf 89' lang='lat' dir='ltr'><strong>disper-</strong></span> 
     </span>
    </p>
   </div>
   <div class='ocr_carea' id='block_1_104' title="bbox 145 5839 1718 5921">
    <p class='ocr_par' dir='ltr' id='par_1_104' title="bbox 145 5839 1718 5921">
     <span class='ocr_line' id='line_1_104' title="bbox 145 5839 1718 5921; baseline 0.011 -28"><span class='ocrx_word' id='word_1_781' title='bbox 145 5852 165 5892; x_wconf 68' lang='grc' dir='ltr'>ι</span> <span class='ocrx_word' id='word_1_782' title='bbox 193 5839 392 5901; x_wconf 84' lang='lat' dir='ltr'><strong>dentur</strong></span> <span class='ocrx_word' id='word_1_783' title='bbox 435 5847 648 5903; x_wconf 79' lang='lat' dir='ltr'><strong>excelsa</strong></span> <span class='ocrx_word' id='word_1_784' title='bbox 686 5848 837 5914; x_wconf 90' lang='lat' dir='ltr'><strong>idoli,</strong></span> <span class='ocrx_word' id='word_1_785' title='bbox 890 5860 1166 5921; x_wconf 89' lang='lat' dir='ltr'><strong>peccatum</strong></span> <span class='ocrx_word' id='word_1_786' title='bbox 1201 5843 1389 5907; x_wconf 77' lang='lat' dir='ltr'><strong>Israel.</strong></span> <span class='ocrx_word' id='word_1_787' title='bbox 1421 5870 1441 5905; x_wconf 72' lang='grc' dir='ltr'><strong><em>ι</em></strong></span> <span class='ocrx_word' id='word_1_788' title='bbox 1473 5850 1718 5910; x_wconf 84' lang='lat' dir='ltr'><strong>Samaria</strong></span> 
     </span>
    </p>
   </div>
   <div class='ocr_carea' id='block_1_105' title="bbox 377 5960 888 6042">
    <p class='ocr_par' dir='ltr' id='par_1_105' title="bbox 377 5960 888 6042">
     <span class='ocr_line' id='line_1_105' title="bbox 377 5960 888 6042; baseline 0.014 -20"><span class='ocrx_word' id='word_1_789' title='bbox 377 5960 649 6026; x_wconf 63' lang='lat' dir='ltr'><strong>suae...</strong></span> <span class='ocrx_word' id='word_1_790' title='bbox 685 5965 888 6042; x_wconf 79' lang='lat' dir='ltr'><strong>CLV].</strong></span> 
     </span>
    </p>
   </div>
   <div class='ocr_carea' id='block_1_106' title="bbox 1825 4631 3408 4703">
    <p class='ocr_par' dir='ltr' id='par_1_106' title="bbox 1825 4631 3408 4703">
     <span class='ocr_line' id='line_1_106' title="bbox 1825 4631 3408 4703; baseline -0.006 -13"><span class='ocrx_word' id='word_1_791' title='bbox 1825 4659 1844 4690; x_wconf 73' lang='grc' dir='ltr'><strong><em>ι</em></strong></span> <span class='ocrx_word' id='word_1_792' title='bbox 1881 4653 2059 4693; x_wconf 91' lang='lat' dir='ltr'><strong>meum</strong></span> <span class='ocrx_word' id='word_1_793' title='bbox 2090 4635 2382 4703; x_wconf 81' lang='lat' dir='ltr'><strong>corripiant</strong></span> <span class='ocrx_word' id='word_1_794' title='bbox 2408 4648 2520 4688; x_wconf 82' lang='lat' dir='ltr'><strong>eos.</strong></span> <span class='ocrx_word' id='word_1_795' title='bbox 2556 4652 2574 4685; x_wconf 75' lang='grc' dir='ltr'><strong>ι</strong></span> <span class='ocrx_word' id='word_1_796' title='bbox 2610 4631 2674 4686; x_wconf 84' lang='grc' dir='ltr'><strong>1η</strong></span> <span class='ocrx_word' id='word_1_797' title='bbox 2706 4631 2887 4684; x_wconf 81' lang='lat' dir='ltr'><strong>(.‘abaa</strong></span> <span class='ocrx_word' id='word_1_798' title='bbox 2911 4645 2995 4682; x_wconf 86' lang='lat' dir='ltr'><strong>eos</strong></span> <span class='ocrx_word' id='word_1_799' title='bbox 3025 4644 3126 4682; x_wconf 84' lang='lat' dir='ltr'><strong>non</strong></span> <span class='ocrx_word' id='word_1_800' title='bbox 3158 4641 3408 4694; x_wconf 79' lang='lat' dir='ltr'><strong>compre-</strong></span> 
     </span>
    </p>
   </div>
   <div class='ocr_carea' id='block_1_107' title="bbox 1819 4718 3406 4801">
    <p class='ocr_par' dir='ltr' id='par_1_107' title="bbox 1819 4718 3406 4801">
     <span class='ocr_line' id='line_1_107' title="bbox 1819 4718 3406 4801; baseline -0.01 -14"><span class='ocrx_word' id='word_1_801' title='bbox 1819 4729 2289 4801; x_wconf 78' lang='lat' dir='ltr'><strong>henditprwlium,</strong></span> <span class='ocrx_word' id='word_1_802' title='bbox 2331 4727 2456 4798; x_wconf 84' lang='lat' dir='ltr'><strong>quia</strong></span> <span class='ocrx_word' id='word_1_803' title='bbox 2499 4725 2587 4780; x_wconf 92' lang='lat' dir='ltr'><strong>ubi</strong></span> <span class='ocrx_word' id='word_1_804' title='bbox 2623 4723 2780 4790; x_wconf 70' lang='lat' dir='ltr'><strong>,nnlla</strong></span> <span class='ocrx_word' id='word_1_805' title='bbox 2830 4721 3055 4780; x_wconf 86' lang='lat' dir='ltr'><strong>tentatio</strong></span> <span class='ocrx_word' id='word_1_806' title='bbox 3103 4731 3206 4776; x_wconf 86' lang='lat' dir='ltr'><strong>est.</strong></span> <span class='ocrx_word' id='word_1_807' title='bbox 3261 4718 3406 4772; x_wconf 84' lang='lat' dir='ltr'><strong>nulla</strong></span> 
     </span>
    </p>
   </div>
   <div class='ocr_carea' id='block_1_108' title="bbox 1817 4812 3406 4889">
    <p class='ocr_par' dir='ltr' id='par_1_108' title="bbox 1817 4812 3406 4889">
     <span class='ocr_line' id='line_1_108' title="bbox 1817 4812 3406 4889; baseline -0.008 -10"><span class='ocrx_word' id='word_1_808' title='bbox 1817 4826 1981 4880; x_wconf 88' lang='lat' dir='ltr'><strong>etiam</strong></span> <span class='ocrx_word' id='word_1_809' title='bbox 2012 4820 2231 4876; x_wconf 87' lang='lat' dir='ltr'><strong>rebellio</strong></span> <span class='ocrx_word' id='word_1_810' title='bbox 2273 4830 2462 4873; x_wconf 77' lang='lat' dir='ltr'><strong>contra</strong></span> <span class='ocrx_word' id='word_1_811' title='bbox 2487 4817 2763 4889; x_wconf 86' lang='lat' dir='ltr'><strong>quodlibet</strong></span> <span class='ocrx_word' id='word_1_812' title='bbox 2793 4812 3002 4870; x_wconf 74' lang='lat' dir='ltr'><strong>\‘ititltlt.</strong></span> <span class='ocrx_word' id='word_1_813' title='bbox 3045 4814 3108 4866; x_wconf 66' lang='grc' dir='ltr'><strong>ιιι</strong></span> <span class='ocrx_word' id='word_1_814' title='bbox 3135 4813 3406 4882; x_wconf 67' lang='lat' dir='ltr'><strong>quomodo</strong></span> 
     </span>
    </p>
   </div>
   <div class='ocr_carea' id='block_1_109' title="bbox 1820 4903 3407 4988">
    <p class='ocr_par' dir='ltr' id='par_1_109' title="bbox 1820 4903 3407 4988">
     <span class='ocr_line' id='line_1_109' title="bbox 1820 4903 3407 4988; baseline -0.011 -17"><span class='ocrx_word' id='word_1_815' title='bbox 1820 4917 1941 4988; x_wconf 89' lang='lat' dir='ltr'><strong>quis</strong></span> <span class='ocrx_word' id='word_1_816' title='bbox 1975 4923 2150 4986; x_wconf 87' lang='lat' dir='ltr'><strong>potest</strong></span> <span class='ocrx_word' id='word_1_817' title='bbox 2186 4913 2288 4969; x_wconf 90' lang='lat' dir='ltr'><strong>dici</strong></span> <span class='ocrx_word' id='word_1_818' title='bbox 2326 4922 2580 4976; x_wconf 89' lang='lat' dir='ltr'><strong>tentatus,</strong></span> <span class='ocrx_word' id='word_1_819' title='bbox 2613 4910 2736 4981; x_wconf 89' lang='lat' dir='ltr'><strong>qui,</strong></span> <span class='ocrx_word' id='word_1_820' title='bbox 2771 4918 3057 4976; x_wconf 87' lang='lat' dir='ltr'><strong>antequam</strong></span> <span class='ocrx_word' id='word_1_821' title='bbox 3083 4905 3130 4960; x_wconf 92' lang='lat' dir='ltr'><strong>ei</strong></span> <span class='ocrx_word' id='word_1_822' title='bbox 3163 4903 3407 4958; x_wconf 79' lang='lat' dir='ltr'><strong>diabolus</strong></span> 
     </span>
    </p>
   </div>
   <div class='ocr_carea' id='block_1_110' title="bbox 1819 4997 3406 5082">
    <p class='ocr_par' dir='ltr' id='par_1_110' title="bbox 1819 4997 3406 5082">
     <span class='ocr_line' id='line_1_110' title="bbox 1819 4997 3406 5082; baseline -0.009 -16"><span class='ocrx_word' id='word_1_823' title='bbox 1819 5018 2092 5082; x_wconf 68' lang='lat' dir='ltr'><strong>suggerat,</strong></span> <span class='ocrx_word' id='word_1_824' title='bbox 2127 5010 2305 5064; x_wconf 87' lang='lat' dir='ltr'><strong>studio</strong></span> <span class='ocrx_word' id='word_1_825' title='bbox 2334 5016 2416 5063; x_wconf 88' lang='lat' dir='ltr'><strong>est</strong></span> <span class='ocrx_word' id='word_1_826' title='bbox 2448 5007 2610 5061; x_wconf 90' lang='lat' dir='ltr'><strong>totius</strong></span> <span class='ocrx_word' id='word_1_827' title='bbox 2640 5003 2990 5074; x_wconf 84' lang='lat' dir='ltr'><strong>malignitatis</strong></span> <span class='ocrx_word' id='word_1_828' title='bbox 3023 4999 3264 5054; x_wconf 85' lang='lat' dir='ltr'><strong>atllatus?</strong></span> <span class='ocrx_word' id='word_1_829' title='bbox 3295 4997 3406 5052; x_wconf 88' lang='lat' dir='ltr'><strong>Iloc</strong></span> 
     </span>
    </p>
   </div>
   <div class='ocr_carea' id='block_1_111' title="bbox 1817 5093 3406 5176">
    <p class='ocr_par' dir='ltr' id='par_1_111' title="bbox 1817 5093 3406 5176">
     <span class='ocr_line' id='line_1_111' title="bbox 1817 5093 3406 5176; baseline -0.008 -16"><span class='ocrx_word' id='word_1_830' title='bbox 1817 5106 2058 5176; x_wconf 69' lang='lat' dir='ltr'><strong>pra’lium</strong></span> <span class='ocrx_word' id='word_1_831' title='bbox 2081 5121 2234 5174; x_wconf 83' lang='lat' dir='ltr'><strong>super</strong></span> <span class='ocrx_word' id='word_1_832' title='bbox 2261 5104 2397 5172; x_wconf 67' lang='lat' dir='ltr'><strong>ﬁlios</strong></span> <span class='ocrx_word' id='word_1_833' title='bbox 2425 5102 2715 5174; x_wconf 82' lang='lat' dir='ltr'><strong>iniquitatis</strong></span> <span class='ocrx_word' id='word_1_834' title='bbox 2743 5108 2854 5163; x_wconf 74' lang='lat' dir='ltr'><strong>est,</strong></span> <span class='ocrx_word' id='word_1_835' title='bbox 2884 5113 3044 5166; x_wconf 82' lang='lat' dir='ltr'><strong>super</strong></span> <span class='ocrx_word' id='word_1_836' title='bbox 3070 5109 3232 5165; x_wconf 86' lang='lat' dir='ltr'><strong>opera</strong></span> <span class='ocrx_word' id='word_1_837' title='bbox 3258 5093 3406 5148; x_wconf 72' lang='lat' dir='ltr'><strong>vide-</strong></span> 
     </span>
    </p>
   </div>
   <div class='ocr_carea' id='block_1_112' title="bbox 1818 5188 3408 5270">
    <p class='ocr_par' dir='ltr' id='par_1_112' title="bbox 1818 5188 3408 5270">
     <span class='ocr_line' id='line_1_112' title="bbox 1818 5188 3408 5270; baseline -0.008 -16"><span class='ocrx_word' id='word_1_838' title='bbox 1818 5200 1945 5255; x_wconf 86' lang='lat' dir='ltr'><strong>licet</strong></span> <span class='ocrx_word' id='word_1_839' title='bbox 1969 5214 2198 5270; x_wconf 88' lang='lat' dir='ltr'><strong>quorum</strong></span> <span class='ocrx_word' id='word_1_840' title='bbox 2233 5207 2407 5252; x_wconf 84' lang='lat' dir='ltr'><strong>mater</strong></span> <span class='ocrx_word' id='word_1_841' title='bbox 2436 5197 2691 5267; x_wconf 89' lang='lat' dir='ltr'><strong>iniquitas</strong></span> <span class='ocrx_word' id='word_1_842' title='bbox 2713 5203 2814 5247; x_wconf 87' lang='lat' dir='ltr'><strong>est.</strong></span> <span class='ocrx_word' id='word_1_843' title='bbox 2843 5190 3010 5244; x_wconf 88' lang='lat' dir='ltr'><strong>Filios</strong></span> <span class='ocrx_word' id='word_1_844' title='bbox 3039 5204 3137 5260; x_wconf 91' lang='lat' dir='ltr'><strong>pro</strong></span> <span class='ocrx_word' id='word_1_845' title='bbox 3165 5188 3408 5256; x_wconf 74' lang='lat' dir='ltr'><strong>operibus</strong></span> 
     </span>
    </p>
   </div>
   <div class='ocr_carea' id='block_1_113' title="bbox 1816 5280 3409 5362">
    <p class='ocr_par' dir='ltr' id='par_1_113' title="bbox 1816 5280 3409 5362">
     <span class='ocr_line' id='line_1_113' title="bbox 1816 5280 3409 5362; baseline -0.006 -16"><span class='ocrx_word' id='word_1_846' title='bbox 1816 5291 1942 5362; x_wconf 87' lang='lat' dir='ltr'><strong>poni</strong></span> <span class='ocrx_word' id='word_1_847' title='bbox 1994 5290 2250 5362; x_wconf 81' lang='lat' dir='ltr'><strong>frequens</strong></span> <span class='ocrx_word' id='word_1_848' title='bbox 2299 5287 2594 5358; x_wconf 72' lang='lat' dir='ltr'><strong>Scriptura:</strong></span> <span class='ocrx_word' id='word_1_849' title='bbox 2643 5300 2774 5341; x_wconf 89' lang='lat' dir='ltr'><strong>usus</strong></span> <span class='ocrx_word' id='word_1_850' title='bbox 2816 5290 2917 5338; x_wconf 79' lang='lat' dir='ltr'><strong>est.</strong></span> <span class='ocrx_word' id='word_1_851' title='bbox 2973 5280 3126 5336; x_wconf 90' lang='lat' dir='ltr'><strong>Servi</strong></span> <span class='ocrx_word' id='word_1_852' title='bbox 3172 5295 3409 5350; x_wconf 85' lang='lat' dir='ltr'><strong>namque</strong></span> 
     </span>
    </p>
   </div>
   <div class='ocr_carea' id='block_1_114' title="bbox 1819 5373 3408 5443">
    <p class='ocr_par' dir='ltr' id='par_1_114' title="bbox 1819 5373 3408 5443">
     <span class='ocr_line' id='line_1_114' title="bbox 1819 5373 3408 5443; baseline -0.007 -4"><span class='ocrx_word' id='word_1_853' title='bbox 1819 5384 2085 5440; x_wconf 84' lang='lat' dir='ltr'><strong>debitoris</strong></span> <span class='ocrx_word' id='word_1_854' title='bbox 2140 5399 2362 5438; x_wconf 79' lang='lat' dir='ltr'><strong>uxorem</strong></span> <span class='ocrx_word' id='word_1_855' title='bbox 2428 5391 2483 5437; x_wconf 90' lang='lat' dir='ltr'><strong>et</strong></span> <span class='ocrx_word' id='word_1_856' title='bbox 2536 5381 2672 5435; x_wconf 83' lang='lat' dir='ltr'><strong>ﬁlios</strong></span> <span class='ocrx_word' id='word_1_857' title='bbox 2734 5377 2992 5433; x_wconf 90' lang='lat' dir='ltr'><strong>Dominus</strong></span> <span class='ocrx_word' id='word_1_858' title='bbox 3038 5373 3193 5443; x_wconf 86' lang='lat' dir='ltr'><strong>jubet</strong></span> <span class='ocrx_word' id='word_1_859' title='bbox 3246 5374 3408 5430; x_wconf 83' lang='lat' dir='ltr'><strong>veudi</strong></span> 
     </span>
    </p>
   </div>
   <div class='ocr_carea' id='block_1_115' title="bbox 1819 5471 3408 5549">
    <p class='ocr_par' dir='ltr' id='par_1_115' title="bbox 1819 5471 3408 5549">
     <span class='ocr_line' id='line_1_115' title="bbox 1819 5471 3408 5549; baseline -0.006 -18"><span class='ocrx_word' id='word_1_860' title='bbox 1819 5477 2038 5549; x_wconf 84' lang='lat' dir='ltr'><strong>(Matth.</strong></span> <span class='ocrx_word' id='word_1_861' title='bbox 2089 5493 2245 5541; x_wconf 84' lang='lat' dir='ltr'><strong>xvm,</strong></span> <span class='ocrx_word' id='word_1_862' title='bbox 2289 5475 2415 5546; x_wconf 67' lang='lat'><strong>25),</strong></span> <span class='ocrx_word' id='word_1_863' title='bbox 2454 5474 2506 5528; x_wconf 94' lang='lat' dir='ltr'><strong>id</strong></span> <span class='ocrx_word' id='word_1_864' title='bbox 2545 5471 3022 5538; x_wconf 6' lang='lat' dir='ltr'><strong>estqvoluntatem,</strong></span> <span class='ocrx_word' id='word_1_865' title='bbox 3061 5477 3116 5524; x_wconf 91' lang='lat' dir='ltr'><strong>et</strong></span> <span class='ocrx_word' id='word_1_866' title='bbox 3161 5482 3327 5539; x_wconf 84' lang='lat' dir='ltr'><strong>opera</strong></span> <span class='ocrx_word' id='word_1_867' title='bbox 3375 5481 3408 5522; x_wconf 81' lang='lat' dir='ltr'><strong>a</strong></span> 
     </span>
    </p>
   </div>
   <div class='ocr_carea' id='block_1_116' title="bbox 1821 5558 3408 5632">
    <p class='ocr_par' dir='ltr' id='par_1_116' title="bbox 1821 5558 3408 5632">
     <span class='ocr_line' id='line_1_116' title="bbox 1821 5558 3408 5632; baseline -0.006 -12"><span class='ocrx_word' id='word_1_868' title='bbox 1821 5568 2068 5623; x_wconf 81' lang='lat' dir='ltr'><strong>libertate</strong></span> <span class='ocrx_word' id='word_1_869' title='bbox 2105 5567 2316 5621; x_wconf 90' lang='lat' dir='ltr'><strong>arbitrii</strong></span> <span class='ocrx_word' id='word_1_870' title='bbox 2365 5581 2544 5619; x_wconf 73' lang='lat' dir='ltr'><strong>sensu:</strong></span> <span class='ocrx_word' id='word_1_871' title='bbox 2593 5562 2937 5632; x_wconf 88' lang='lat' dir='ltr'><strong>improbitate</strong></span> <span class='ocrx_word' id='word_1_872' title='bbox 2978 5558 3225 5614; x_wconf 89' lang='lat' dir='ltr'><strong>subduci.</strong></span> <span class='ocrx_word' id='word_1_873' title='bbox 3267 5558 3408 5612; x_wconf 87' lang='lat' dir='ltr'><strong>Deus</strong></span> 
     </span>
    </p>
   </div>
   <div class='ocr_carea' id='block_1_117' title="bbox 1821 5650 3406 5730">
    <p class='ocr_par' dir='ltr' id='par_1_117' title="bbox 1821 5650 3406 5730">
     <span class='ocr_line' id='line_1_117' title="bbox 1821 5650 3406 5730; baseline -0.009 -11"><span class='ocrx_word' id='word_1_874' title='bbox 1821 5679 1913 5719; x_wconf 86' lang='lat' dir='ltr'><strong>eos</strong></span> <span class='ocrx_word' id='word_1_875' title='bbox 1934 5660 2087 5730; x_wconf 66' lang='lat' dir='ltr'><strong>juxta</strong></span> <span class='ocrx_word' id='word_1_876' title='bbox 2117 5660 2444 5716; x_wconf 87' lang='lat' dir='ltr'><strong>desiderium</strong></span> <span class='ocrx_word' id='word_1_877' title='bbox 2474 5675 2628 5714; x_wconf 89' lang='lat' dir='ltr'><strong>suum</strong></span> <span class='ocrx_word' id='word_1_878' title='bbox 2662 5657 2904 5727; x_wconf 88' lang='lat' dir='ltr'><strong>corripit,</strong></span> <span class='ocrx_word' id='word_1_879' title='bbox 2939 5656 3232 5726; x_wconf 80' lang='lat' dir='ltr'><strong>quiajuxta</strong></span> <span class='ocrx_word' id='word_1_880' title='bbox 3262 5650 3406 5726; x_wconf 87' lang='lat' dir='ltr'><strong>quod</strong></span> 
     </span>
    </p>
   </div>
   <div class='ocr_carea' id='block_1_118' title="bbox 1821 5741 3406 5816">
    <p class='ocr_par' dir='ltr' id='par_1_118' title="bbox 1821 5741 3406 5816">
     <span class='ocr_line' id='line_1_118' title="bbox 1821 5741 3406 5816; baseline -0.011 -6"><span class='ocrx_word' id='word_1_881' title='bbox 1821 5770 2009 5810; x_wconf 88' lang='lat' dir='ltr'><strong>omnes</strong></span> <span class='ocrx_word' id='word_1_882' title='bbox 2037 5753 2284 5808; x_wconf 90' lang='lat' dir='ltr'><strong>homines</strong></span> <span class='ocrx_word' id='word_1_883' title='bbox 2319 5752 2433 5806; x_wconf 85' lang='lat' dir='ltr'><strong>vult</strong></span> <span class='ocrx_word' id='word_1_884' title='bbox 2463 5751 2642 5807; x_wconf 86' lang='lat' dir='ltr'><strong>salvos</strong></span> <span class='ocrx_word' id='word_1_885' title='bbox 2689 5750 2825 5816; x_wconf 83' lang='lat' dir='ltr'><strong>ﬁeri,</strong></span> <span class='ocrx_word' id='word_1_886' title='bbox 2856 5758 2910 5804; x_wconf 90' lang='lat' dir='ltr'><strong>et</strong></span> <span class='ocrx_word' id='word_1_887' title='bbox 2944 5748 3008 5802; x_wconf 89' lang='lat' dir='ltr'><strong>ad</strong></span> <span class='ocrx_word' id='word_1_888' title='bbox 3059 5745 3140 5800; x_wconf 88' lang='lat' dir='ltr'><strong>sui</strong></span> <span class='ocrx_word' id='word_1_889' title='bbox 3183 5741 3406 5814; x_wconf 85' lang='lat' dir='ltr'><strong>agnitio-</strong></span> 
     </span>
    </p>
   </div>
   <div class='ocr_carea' id='block_1_119' title="bbox 1822 5830 3396 5918">
    <p class='ocr_par' dir='ltr' id='par_1_119' title="bbox 1822 5830 3396 5918">
     <span class='ocr_line' id='line_1_119' title="bbox 1822 5830 3396 5918; baseline -0.015 -13"><span class='ocrx_word' id='word_1_890' title='bbox 1822 5863 1946 5905; x_wconf 87' lang='lat' dir='ltr'><strong>nem</strong></span> <span class='ocrx_word' id='word_1_891' title='bbox 1975 5847 2154 5904; x_wconf 88' lang='lat' dir='ltr'><strong>redire</strong></span> <span class='ocrx_word' id='word_1_892' title='bbox 2180 5843 2309 5918; x_wconf 84' lang='lat' dir='ltr'><strong>(Tit.</strong></span> <span class='ocrx_word' id='word_1_893' title='bbox 2340 5859 2380 5914; x_wconf 88' lang='grc' dir='ltr'><strong>ι,</strong></span> <span class='ocrx_word' id='word_1_894' title='bbox 2407 5842 2484 5916; x_wconf 80' lang='grc'><strong>1),</strong></span> <span class='ocrx_word' id='word_1_895' title='bbox 2517 5844 2569 5899; x_wconf 94' lang='lat' dir='ltr'><strong>in</strong></span> <span class='ocrx_word' id='word_1_896' title='bbox 2600 5841 2854 5915; x_wconf 79' lang='lat' dir='ltr'><strong>praesenti</strong></span> <span class='ocrx_word' id='word_1_897' title='bbox 2893 5852 3008 5906; x_wconf 88' lang='lat' dir='ltr'><strong>eos,</strong></span> <span class='ocrx_word' id='word_1_898' title='bbox 3047 5843 3108 5891; x_wconf 90' lang='lat' dir='ltr'><strong>ut</strong></span> <span class='ocrx_word' id='word_1_899' title='bbox 3141 5830 3396 5908; x_wconf 71' lang='lat' dir='ltr'><strong>corrigat,</strong></span> 
     </span>
    </p>
   </div>
   <div class='ocr_carea' id='block_1_120' title="bbox 2758 5955 2832 6024">
    <p class='ocr_par' dir='ltr' id='par_1_120' title="bbox 2758 5955 2832 6024">
     <span class='ocr_line' id='line_1_120' title="bbox 2758 5955 2832 6024; baseline -0.054 0"><span class='ocrx_word' id='word_1_900' title='bbox 2758 5955 2832 6024; x_wconf 80' lang='grc'><strong>13</strong></span> 
     </span>
    </p>
   </div>
  </div>
