3998 6326
950 326 1000 358 ἢ

593 343 701 408 395

593 479 767 540 potnt.
800 467 852 524 ld
891 478 1033 522 enim
1062 461 1396 532 potissimum
1439 459 1734 522 desiderat,
1767 469 1825 513 ut
1856 457 2180 528 resipiscam
2207 459 2254 516 Α

595 581 734 634 quos
759 566 1003 629 castigat.
1043 573 1061 607 ι
1093 551 1578 624 Cougregabuntur
1626 565 1788 620 super
1833 565 1926 607 eos
1972 550 2176 620 populi,

599 667 622 710 δ
661 674 782 712 eum
811 651 1170 720 corripientur
1204 656 1424 718 propter
1463 647 1596 700 (luas
1626 646 1938 715 iniquitates
1967 659 2116 698 suas.
2157 661 2178 694 ι

594 751 726 804 Duce
759 747 1068 813 iniquitates
1097 751 1242 807 sunt,
1275 758 1378 795 una
1418 741 1695 811 peccandi,
1736 740 1902 793 altera
1933 737 2184 808 impteni-

594 850 712 894 tens
741 853 832 892 cor
857 835 1107 891 habendi.
1142 833 1361 904 Propter
1392 836 1490 889 bas
1519 836 1653 888 duas
1683 833 1984 903 iniquitates
2012 829 2183 886 corri-

588 932 828 1000 piuutur,
855 944 976 982 eum
1017 944 1046 982 a
1073 944 1169 983 sua
1207 927 1573 982 obstinatione
1616 935 1670 979 et
1698 942 1726 978 a
1757 924 1912 979 solita
1941 920 2183 992 nequitia

590 1023 847 1076 divinitus
884 1031 1337 1093 compunguntur.
1369 1020 1520 1075 Tune
1547 1035 1706 1090 super
1733 1035 1820 1073 eos
1850 1017 2027 1086 populi
2051 1031 2184 1070 cou-

586 1123 904 1185 gregautur,
939 1131 1062 1169 cum
1095 1114 1278 1168 iuolita
1322 1113 1520 1167 dudum
1565 1112 1695 1165 vitia
1743 1110 2066 1166 insolentius
2091 1121 2181 1162 so-

589 1207 686 1262 lito
733 1211 973 1263 animum
1043 1210 1421 1280 insequuntur.
1478 1208 1543 1262 Hi
1598 1215 1722 1261 sunt
1782 1204 2024 1277 Atgyptii
2087 1201 2182 1272 qui

589 1317 842 1370 egressos
869 1320 897 1356 a
927 1318 985 1358 se
1018 1301 1288 1356 lsraclitas
1318 1317 1486 1370 usque
1514 1303 1578 1355 ad
1614 1301 1780 1355 maris
1805 1299 1972 1354 Rubri
2004 1308 2185 1352 trans-

589 1395 726 1447 itum
769 1407 958 1463 urgere
991 1393 1260 1446 videntur.

661 1487 824 1540 Vsus.
863 1488 946 1539 ll.
975 1516 1046 1527 —
1083 1505 1100 1536 ‹
1141 1485 1396 1556 Ephraim
1433 1485 1596 1538 vitula
1643 1485 1800 1538 docta
1834 1483 2056 1553 diligere
2087 1482 2187 1535 tri-

596 1593 615 1629 t
652 1587 846 1644 tm'ant,
876 1587 928 1632 et
959 1593 1059 1649 ego
1089 1578 1314 1632 transivi
1365 1591 1527 1646 super
1568 1575 2023 1646 puli-luitndinen'i
2055 1573 2182 1629 colli

597 1690 616 1724 ε
649 1670 784 1739 ejus.
826 1690 844 1723 ι
880 1670 1069 1725 Vitulte
1099 1672 1404 1725 triturantis
1432 1681 1622 1724 natura
1663 1679 1744 1723 est
1771 1669 2001 1723 libenter
2031 1668 2097 1721 ad
2129 1667 2186 1720 id

590 1761 751 1816 officii
801 1776 1082 1816 recurrere
1113 1763 1298 1830 inquo
1338 1762 1531 1831 raptim
1573 1760 1859 1829 aliquoties
1897 1756 2182 1812 consuevit

595 1857 842 1910 triturata
892 1866 1240 1926 prtegustare.
1289 1854 1522 1909 Vitulam
1573 1855 1660 1909 hic
1712 1871 1814 1909 non
1864 1852 2038 1907 solum
2085 1826 2258 1920 prol3

595 1949 836 2014 lascivia,
889 1950 980 2002 sed
1026 1959 1078 2002 et
1127 1965 1222 2018 pro
1256 1950 1590 2003 fecunditate
1633 1949 1861 2017 positam
1909 1955 2183 2016 putamus.

595 2040 850 2108 h'pitraim
879 2055 1008 2109 ergo
1033 2039 1195 2093 vitula
1225 2041 1380 2092 docta
1410 2040 1628 2109 diligere
1653 2039 1897 2090 trituram
1923 2045 2028 2100 est,
2059 2050 2182 2088 cum

593 2135 841 2189 voluntas
871 2145 1051 2188 nostra
1094 2149 1188 2203 per
1233 2133 1469 2187 divinam
1506 2132 1898 2186 correctionem
1929 2129 2180 2196 fecunda,

588 2228 728 2281 bona
758 2243 787 2280 a
819 2226 976 2282 malis
1005 2235 1262 2294 tauquam
1308 2241 1478 2295 grana
1500 2241 1526 2278 a
1559 2225 1728 2293 paleis
1770 2225 2052 2292 disparare
2069 2220 2184 2289 jam

589 2335 758 2390 prona
805 2330 908 2374 est.
963 2320 1264 2373 l’rimordia
1319 2320 1462 2372 enim
1517 2328 1724 2382 nostra,
1766 2315 1920 2384 juxta
1965 2317 2184 2369 beatum

588 2412 933 2483 Gregorium,
967 2411 1122 2465 mista
1156 2420 1280 2465 sunt
1321 2410 1498 2463 malis.
1530 2407 1699 2478 Super
1737 2409 2182 2477 pulchritudinem

588 2505 710 2558 colli
743 2505 855 2574 ejus
895 2507 1036 2559 Deus
1079 2504 1273 2558 transit
1323 2517 1444 2556 cum
1489 2503 1784 2555 novitatem
1829 2499 2018 2554 consili
2041 2498 2179 2567 ejus,

592 2611 731 2667 quat,
763 2606 818 2650 ut
850 2598 922 2651 ita
957 2597 1156 2663 dicam,
1183 2595 1294 2662 jam
1329 2609 1392 2648 ex
1437 2593 1790 2648 conversione
1821 2607 2008 2647 recens
2038 2591 2182 2646 facta

589 2690 959 2761 pulelirescit,
1031 2689 1140 2744 alta
1199 2687 1634 2742 consideratione
1691 2700 1789 2754 per
1857 2683 2184 2738 tentationes

592 2783 800 2852 aliquas
827 2781 1130 2837 conculcari
1161 2782 1306 2836 sinit.
1350 2779 1646 2850 Scriptura:
1673 2794 1800 2833 usus
1821 2788 1924 2844 est,
1954 2787 2012 2832 ut
2034 2777 2182 2830 dica-

593 2887 682 2931 tur
725 2877 862 2931 lieus
909 2876 1086 2931 facere
1135 2865 1276 2945 quod
1324 2874 1440 2929 fieri
1493 2874 1774 2944 permittit.
1809 2871 1969 2942 213
2001 2873 2182 2926 Potest

590 2983 806 3039 quoque
844 2978 897 3024 et
937 2985 1033 3038 per
1073 2967 1263 3022 collum
1315 2983 1422 3022 non
1469 2967 1641 3022 solum
1686 2959 1990 3032 consilium,
2025 2967 2180 3036 cujus

591 3063 770 3118 fistula
810 3072 920 3129 est,
968 3062 1251 3118 consilium
1303 3077 1432 3115 vero
1483 3059 1751 3131 juslortttn
1805 3061 1941 3114 bene
1985 3058 2178 3129 agendi

589 3141 924 3227 propositum
953 3166 1054 3223 est,
1081 3155 1173 3210 sed
1205 3154 1368 3209 etiam
1413 3156 1594 3208 cervix
1645 3153 1897 3207 elationis
1938 3167 2056 3221 qua:
2085 3166 2180 3206 no-
2205 3188 2256 3252 ε

589 3250 731 3304 viter
777 3250 1055 3304 conversis
1102 3249 1392 3318 aliquoties
1449 3248 1742 3316 subrepere
1795 3247 1948 3301 solet.
2005 3247 2182 3315 Super

589 3345 732 3398 hanc
797 3343 1064 3399 cervicem
1124 3343 1266 3396 Dens
1331 3349 1385 3396 et
1450 3340 1662 3396 consilii
1725 3338 2178 3410 pulchritudinem

591 3437 808 3499 transit,
836 3451 958 3489 cum
1009 3443 1302 3503 utrumque
1343 3432 1536 3487 tentari
1584 3432 1810 3486 sinendo
1860 3431 2177 3501 prosternit.

596 3543 615 3578 ε
653 3527 956 3582 Aseendam
979 3542 1140 3595 super
1173 3525 1450 3596 prraim.
1495 3543 1516 3576 ι
1553 3523 1727 3593 Super
1754 3523 2008 3593 prraim
2041 3522 2182 3576 Deus

590 3620 854 3686 ascendit,
882 3635 1003 3673 cum
1030 3619 1316 3685 rationem,
1348 3633 1468 3688 qua:
1511 3617 1601 3674 Dei
1646 3620 1860 3690 propria
1890 3617 2045 3672 sedes
2073 3623 2178 3681 est,

591 3712 1004 3783 superequitare
1047 3709 1244 3779 efﬁcit,
1289 3710 1398 3780 jam
1452 3713 1666 3767 tandem
1725 3728 1851 3767 vere
1910 3709 2182 3781 frugifera:

590 3805 876 3859 voluntati.
914 3825 933 3857 ι
970 3805 1158 3860 Arabil
1191 3803 1292 3860 Jud
1316 3824 1376 3873 ..-.',
1429 3814 1484 3859 et
1526 3804 1825 3875 confringet
1865 3805 1965 3859 sibi
2004 3803 2181 3857 sulcos

595 3908 618 3952 t‘
653 3899 840 3954 Jacob.
876 3918 894 3950 ι
923 3899 1093 3953 ludas
1123 3910 1262 3963 arat,
1294 3916 1414 3953 cum
1448 3899 1676 3953 sincera:
1703 3898 1973 3953 confessio
2008 3896 2182 3966 potui-

592 3992 798 4046 tudiuis
845 3991 1187 4060 superficiem
1225 3991 1468 4062 corporis
1509 4001 1562 4044 et
1603 3991 1766 4044 animi
1815 3992 2084 4043 convertit
2125 3994 2182 4042 et

593 4085 801 4154 fatigat.
851 4083 1018 4137 Jacob
1067 4083 1165 4137 sibi
1207 4083 1384 4137 sulcos
1430 4082 1742 4153 confringit,
1791 4096 1912 4135 cum
1959 4092 2179 4150 peccata

589 4177 985 4249 Strpplantando
1034 4192 1339 4247 :equorcam
1405 4177 1690 4247 quamdam
1745 4175 1895 4244 pacis
1952 4175 2180 4228 internae

586 4271 868 4341 planitiem
897 4285 1116 4341 aequare
1155 4285 1260 4323 non
1307 4269 1524 4323 desiuit.
1575 4267 1688 4322 Sibi
1720 4276 1900 4321 autem
1941 4265 2178 4320 coalriu—

585 4379 714 4433 gere
741 4363 960 4431 dicitur,
987 4363 1111 4433 quia
1143 4362 1403 4433 quidquid
1435 4363 1608 4430 pietas
1650 4361 1982 4431 paenitentia?
2005 4359 2177 4414 sancti

585 4457 791 4512 laboris
843 4465 1082 4522 exercet,
1130 4469 1228 4508 suo
1280 4453 1522 4508 interiori
1567 4454 1850 4508 commodo
1887 4470 1992 4508 non
2033 4449 2179 4520 vulgi

538 4579 544 4584 -
584 4549 860 4605 favoribus
900 4556 1178 4618 operatur.
1220 4544 1387 4600 Jacob
1428 4556 1609 4600 autem
1646 4545 2007 4615 supplontator
2045 4544 2180 4597 dici-
2210 4570 2256 4625 η

585 4645 693 4696 titr.
749 4640 892 4695 Nihil
933 4642 1078 4695 enim
1119 4637 1285 4694 Judas
1336 4649 1454 4692 arat
1495 4639 1540 4693 si
1593 4637 1760 4692 Jarob
1803 4639 2082 4692 remissius
2119 4637 2174 4690 in

584 4733 764 4789 sulcos
805 4732 1214 4802 confringendis,
1247 4740 1298 4786 et
1337 4731 1636 4800 praesertim
1682 4731 1736 4784 in
1781 4729 2176 4800 supplantando

585 4825 833 4880 desudat.

655 4918 821 4973 Vens.
858 4915 944 4970 l2.
977 4945 1047 4956 ο-
1079 4933 1098 4967 t
1143 4915 1420 4971 Sentinate
1457 4915 1612 4970 vobis
1655 4917 1707 4970 in
1738 4917 1972 4970 veritate
2013 4914 2176 4984 justi-

589 5031 608 5064 ι
659 5012 810 5076 tiam,
837 5009 1024 5064 metite
1058 5009 1108 5061 iu
1139 5024 1234 5062 ore
1256 5007 1710 5072 misericordiam,
1743 5008 1994 5062 innovate
2019 5008 2175 5062 vobis

590 5121 608 5156 ι
656 5101 868 5156 novalc.
905 5119 924 5152 ι
959 5099 1024 5152 In
1056 5101 1271 5153 veritate
1301 5099 1399 5152 sibi
1428 5099 1696 5169 justitiam
1744 5103 1993 5168 seminat,
2027 5101 2174 5171 quis-

583 5197 711 5265 quis
742 5194 850 5249 Deo
878 5201 932 5248 et
961 5192 1209 5261 proximo
1238 5193 1536 5246 secundum
1567 5194 1707 5261 quod
1739 5196 1932 5265 cuique
1955 5210 2174 5265 compe-

584 5287 688 5352 tit,
725 5291 939 5341 servata
992 5283 1248 5352 {equitate
1301 5286 1572 5338 communi
1626 5286 1850 5340 reddere
1897 5289 2039 5356 quod
2095 5289 2174 5343 di-

584 5393 748 5450 gnum
793 5385 897 5439 cst,
929 5377 1184 5430 destinat.
1221 5376 1497 5431 Semiuare
1537 5386 1712 5432 autem
1744 5395 2033 5448 proponere
2060 5391 2166 5436 est.

582 5475 652 5529 At
673 5488 807 5527 vero
829 5474 882 5525 in
909 5473 1124 5526 veritate
1149 5483 1203 5527 et
1227 5473 1327 5528 sibi
1369 5475 1620 5535 seminat,
1648 5476 1896 5544 quisquis
1918 5489 2034 5529 sine
2058 5493 2172 5531 avt-

582 5567 753 5622 ditate
805 5564 1047 5620 favorum
1099 5568 1199 5621 sibi
1253 5567 1352 5621 soli
1387 5568 1437 5621 iu
1485 5583 1584 5622 suo
1638 5569 1780 5624 bono
1819 5573 2070 5628 conscius
2117 5573 2172 5628 id

581 5663 812 5716 actitare
852 5659 1132 5717 deliberat.
1173 5661 1238 5714 In
1267 5677 1356 5714 ore
1384 5662 1796 5718 misericordiam
1836 5667 2010 5730 metit,
2046 5683 2168 5721 cum

581 5751 724 5824 quod
750 5754 908 5808 corde
932 5754 1204 5825 preponit,
1233 5769 1326 5822 spe
1350 5757 1611 5810 metenda:
1639 5759 2026 5814 misericordia:
2050 5760 2170 5816 aliis

579 5842 935 5918 pronuntiare
976 5861 1081 5922 [ιω
1119 5845 1340 5903 desinit.
1397 5843 1460 5899 In
1521 5863 1608 5903 ore
1656 5850 1822 5904 etiam
1877 5849 2172 5904 misericor-

1481 333 1538 397 ν.
1581 339 1904 398 GUlBERTl
1933 327 2223 395 ABBATlS
2253 337 2310 393 S.
2351 337 2592 394 ΜΑΜᾸΞ
2631 337 2717 394 ΒΕ
2755 335 3150 396 NOVlGENTO

3723 347 3797 406 396

2281 458 2423 512 diam
2459 458 2732 521 metimus,
2769 473 2889 512 cum
2929 466 3271 528 pe‘ccatorcm
3302 455 3368 511 ab
3408 471 3588 528 errore
3612 461 3796 523 vitesute

2285 552 2524 606 converti
2571 551 2892 616 fecerimus,
2928 552 3164 606 animam
3198 551 3414 620 quidem
3441 527 3570 620 'cjus
3610 569 3637 608 a
3677 571 3802 617 morte

2285 646 2596 712 liberamus,
2627 661 2656 700 e
2684 654 3028 716 peccatorum
3067 643 3209 698 haud
3244 642 3463 696 dubium
3495 645 3617 713 quin
3645 661 3805 707 nostro-

2285 755 2406 794 rum
2462 740 2860 794 multitudinem
2911 741 3206 808 operimus.
3259 738 3484 792 lunovat
3532 739 3626 793 sibi
3676 747 3808 802 navale

2285 833 2530 903 quisquis
2553 835 2718 886 vitam
2747 833 3020 903 religionis
3038 831 3356 903 aggrediens
3372 832 3513 887 sacri
3543 832 3722 903 eloquii
3749 837 3807 893 in-

2285 927 2416 996 cipit
2446 935 2656 982 secreta
2686 926 2981 980 discutere.
3012 925 3066 978 lu
3099 924 3185 979 bis
3218 922 3682 989 novalibus,justa
3704 927 3808 996 quod

2286 1021 2412 1075 alibi
2443 1022 2662 1085 dicitur,
2699 1019 2854 1074 multi
2897 1019 3000 1074 cibi
3037 1027 3188 1083 sunt,
3214 1017 3279 1072 ad
3309 1032 3497 1072 omnes
3525 1015 3692 1087 (Prov.
3721 1037 3804 1088 xm,

2283 1117 2376 1189 25)
2403 1117 2658 1172 videlicet
2711 1116 3016 1168 animorum
3050 1113 3630 1181 convcrsationumqne
3668 1115 3808 1171 modo;

2285 1213 2610 1266 documenta
2657 1209 2789 1263 inibi
2839 1222 3078 1276 congrua
3113 1221 3174 1260 ac
3217 1206 3259 1260 si
3295 1204 3496 1259 fercula
3535 1210 3672 1258 Sunt.
3705 1207 3807 1274 Quo-

2286 1319 2500 1375 cunque
2529 1303 2672 1357 enim
2704 1303 2744 1356 it
2772 1302 3009 1371 spiritus,
3037 1309 3162 1355 eunt
3189 1299 3392 1368 pariter
3411 1307 3463 1352 et
3491 1307 3631 1350 rotae.
3659 1296 3810 1353 «Τριη-

2291 1416 2310 1449 ‹
2355 1415 2454 1468 pus
2483 1405 2664 1450 autem
2695 1394 3006 1465 requirendi
3053 1391 3357 1455 Dominum,
3395 1407 3517 1444 cmn
3547 1392 3808 1463 verteritqui

2291 1511 2308 1543 ι
2355 1491 2570 1545 docebit
2603 1504 2696 1542 vos
2721 1487 3013 1555 justitiam.
3054 1505 3072 1536 ι
3115 1484 3171 1538 lu
3205 1484 3312 1548 his,
3346 1484 3541 1554 inquit,
3575 1499 3682 1553 quae
3707 1485 3808 1538 dicta

2287 1568 2413 1639 sunt
2443 1583 2686 1637 exerceri
2719 1580 2958 1644 debetis,
3007 1578 3134 1648 quia
3180 1577 3439 1646 temporis
3495 1577 3809 1645 opportunitas

2287 1677 2510 1738 arridet,
2551 1675 2678 1728 dum
2719 1672 2993 1735 advivitis,
3040 1669 3350 1738 requirendi
3393 1667 3688 1733 Dominum,
3714 1684 3811 1734 prm-

2287 1771 2476 1826 sertim
2504 1785 2624 1823 cmn
2651 1766 2876 1835 spiritus
2899 1763 3051 1818 vobis
3079 1763 3274 1816 divinae
3302 1760 3414 1830 jam
3440 1761 3813 1829 compunctianis

2289 1862 2592 1926 advenerit,
2627 1861 2716 1930 qtti
2749 1873 2845 1913 vos
2871 1857 2990 1910 sine
3019 1856 3303 1922 magistro,
3329 1853 3446 1907 sine
3480 1852 3728 1905 volumine
3749 1867 3814 1906 vos

2290 1958 2507 2013 inducat
2543 1956 2592 2007 in
2625 1967 2840 2007 omnem
2874 1949 3180 2011 veritatem,
3214 1956 3268 2000 ut
3305 1946 3440 1998 alias
3477 1945 3718 2014 scripturn
3759 1950 3816 1996 est

2290 2048 2450 2120 (loco
2481 2061 2593 2108 ιη,
2627 2043 2734 2109 15),
2759 2040 2901 2112 quod
2936 2039 3023 2093 hic
3045 2037 3280 2108 appellat
3314 2036 3598 2105 justiti-am.
3631 2031 3760 2087 Unde
3779 2041 3818 2086 et

2287 2149 2370 2196 est
2398 2158 2408 2194 :
2443 2157 2460 2189 ι
2498 2137 2692 2192 Unctio
2725 2134 2841 2204 ejus
2865 2137 3023 2188 docet
3054 2147 3149 2185 vos
3173 2131 3237 2185 de
3261 2130 3516 2184 onmibus
3542 2127 3592 2197 (1
3618 2127 3754 2180 Joau.
3773 2141 3815 2191 ll,

2285 2235 2401 2300 2'7).
2437 2253 2456 2285 ι
2486 2232 2549 2284 Et
2577 2231 2644 2284 ab
2675 2226 2931 2298 Apostolo
2954 2240 3169 2297 quoque
3195 2226 3335 2279 banc
3367 2238 3609 2293 superate
3642 2220 3818 2275 inlusio-

2286 2327 2371 2382 nis
2423 2325 2654 2396 gratiam
2709 2339 2813 2376 non
2879 2323 2931 2374 in
2984 2335 3215 2373 vacmnn
3266 2318 3536 2387 recepisse
3586 2328 3821 2369 monemur

2287 2419 2371 2486 (Il
2399 2417 2522 2473 Cor.
2552 2433 2628 2481 vr,
2652 2415 2726 2486 l).
2756 2414 2910 2481 Quod
2939 2422 3110 2465 totum
3139 2420 3221 2465 est
3245 2420 3446 2479 tempus
3480 2408 3739 2462 Dominum
3761 2423 3821 2462 re-

2287 2525 2526 2583 quirere,
2558 2525 2682 2563 cum
2711 2509 2823 2576 ipse
2851 2515 3050 2576 praesto
3078 2513 3160 2558 est
3192 2505 3455 2572 aspirare.

2357 2604 2518 2658 Vsus.
2569 2601 2655 2657 15.
2697 2629 2770 2640 --
2803 2617 2820 2649 ι
2865 2599 3078 2652 Arastis
3111 2596 3475 2666 impietatem,
3523 2593 3822 2663 iniquitatem

2292 2719 2310 2753 ι
2357 2697 2692 2761 messuistis;
2756 2693 3078 2749 comedistis
3119 2692 3328 2762 frugem
3378 2691 3642 2744 mendacii
3671 2733 3684 2757 ,
3727 2685 3823 2757 quia

2291 2813 2310 2846 ε
2354 2791 2590 2847 confisus
2640 2803 2698 2844 es
2756 2789 2807 2841 in
2856 2788 2957 2841 viis
3002 2786 3128 2849 tuis,
3168 2785 3220 2838 iu
3273 2783 3613 2838 multitudine
3644 2781 3824 2834 fortium

2291 2909 2308 2942 ο
2359 2897 2595 2944 tuorum.
2630 2906 2648 2939 υ
2701 2885 3030 2955 Impielatem
3082 2884 3260 2936 aravit
3319 2897 3410 2952 qm
3464 2879 3719 2949 quondam
3757 2891 3827 2944 per

2284 2979 2634 3052 hypocrisim,
2655 2995 2660 3004 '
2682 2976 2822 3046 quod
2863 2991 2959 3045 pro
3007 2974 3122 3028 solo
3154 2974 3262 3026 Deo
3293 2971 3408 3025 ﬁeri
3440 2972 3704 3032 debuerat,
3733 2983 3827 3021 coro

2285 3091 2383 3145 pus
2415 3089 2569 3128 suum
2599 3068 3064 3126 excarnificationi
3089 3066 3317 3121 addixit.
3355 3064 3424 3118 Et
3463 3063 3590 3133 quid
3626 3072 3722 3116 tant
3754 3063 3829 3115 iat-

2284 3167 2453 3237 pium,
2497 3164 2626 3234 quid
2681 3172 2788 3216 tam
2837 3161 2953 3215 sine
2999 3161 3126 3224 Deo,
3173 3173 3336 3228 quam
3390 3158 3633 3226 proprias
3672 3168 3829 3209 carnes

2285 3267 2524 3312 mactare
2555 3272 2660 3309 non
2690 3254 2843 3309 Deo?
2878 3262 2928 3306 et
2958 3253 3080 3322 quis
3109 3251 3280 3320 magis
3308 3265 3466 3304 nemo
3499 3248 3738 3317 appellari
3759 3251 3830 3300 de-

2281 3349 2392 3414 bet,
2425 3363 2586 3418 quam
2619 3347 2712 3416 qui
2758 3359 2975 3398 carnem
3019 3359 3172 3397 suam
3212 3345 3314 3397 sub
3349 3342 3438 3394 tali
3486 3344 3702 3396 obtentu
3729 3339 3828 3392 odio

2282 3442 2483 3496 habet?
2524 3439 2864 3510 Iniquitatem
2895 3437 3137 3498 messuit,
3171 3437 3262 3506 qui
3298 3436 3488 3489 laudes
3521 3434 3626 3487 Deo
3657 3430 3830 3486 dandas

2281 3537 2478 3592 exinde
2503 3536 2600 3590 sibi
2627 3535 2890 3603 sacrilege
2921 3533 3188 3586 adhibuit.
3233 3531 3374 3585 Nihil
3401 3531 3548 3585 enim
3583 3537 3661 3584 est
3685 3528 3832 3581 minus

2281 3645 2516 3700 aequum,
2545 3644 2705 3698 quam
2743 3643 2840 3681 suo
2886 3628 3075 3680 honori
3103 3636 3426 3696 postponere
3464 3625 3646 3678 Deum.
3675 3623 3830 3691 inique

2281 3736 2411 3794 ergo
2440 3723 2685 3784 mcssuit,
2717 3723 2806 3790 qui
2839 3723 3072 3791 primum
3103 3719 3204 3774 sibi
3233 3729 3340 3773 tam
3379 3720 3616 3788 profante
3658 3731 3832 3771 mercc-

2283 3815 2364 3869 dis
2397 3815 2664 3868 attribuit.
2698 3812 2928 3883 Frugem
2965 3813 3223 3866 mendacii
3270 3812 3526 3875 comedit,
3572 3811 3658 3881 qui
3700 3824 3833 3863 accu-

2283 3914 2437 3959 sante
2484 3919 2542 3958 se
2582 3905 2916 3957 conscientia
2980 3903 3158 3957 fallaci
3207 3902 3520 3956 adulatione
3566 3901 3830 3970 vulgarium

2282 3999 2430 4070 pasci
2462 3999 2740 4052 addidirit.
2774 3997 2914 4062 Quia
2950 3997 3178 4065 conﬁsus
3199 4013 3274 4060 es,
3303 3998 3497 4066 inquit,
3528 3997 3580 4050 in
3608 3997 3696 4049 riis
3729 3994 3828 4058 tuis,

2283 4089 2490 4145 scilicet
2557 4105 2661 4143 non
2722 4088 3016 4156 respiciens
3077 4089 3146 4141 ad
3206 4089 3475 4142 iutcrnam
3539 4088 3830 4143 vacuitatem

2283 4193 2451 4243 tuam,
2482 4179 2547 4234 ad
2577 4196 2638 4234 ca
2691 4189 2897 4232 tantum
2936 4179 3150 4233 oculum
3205 4181 3500 4249 dirigebas,
3535 4197 3648 4251 qua:
3669 4182 3730 4234 de
3760 4187 3834 4230 tuo

2282 4271 2658 4342 superstitioso
2685 4286 2850 4340 opere
2873 4270 3108 4325 inaniter
3134 4271 3573 4342 prmtlit-aliatitur-
3599 4271 3738 4326 foris.
3764 4267 3832 4322 Si-

2281 4373 2372 4417 cut
2409 4363 2554 4416 enim
2578 4373 2732 4417 extra
2775 4363 3048 4417 hominem
3081 4364 3190 4428 via,
3235 4365 3314 4419 sic
3349 4375 3502 4419 extra
3531 4365 3833 4437 hypocritam

2281 4471 2377 4510 sua
2410 4456 2462 4509 iu
2493 4456 2692 4525 quibus
2723 4457 2944 4511 conlidit
2965 4471 3150 4526 opera.
3186 4457 3253 4510 In
3290 4457 3627 4512 multitudine
3650 4465 3836 4527 quoque

2282 4547 2499 4613 fortium
2533 4563 2750 4601 suorum
2783 4550 3042 4616 confidit;
3088 4565 3209 4604 cum
3257 4549 3308 4603 in
3342 4554 3525 4606 ardua:
3578 4565 3833 4605 conversa-

2284 4641 2446 4694 tionis
2472 4654 2591 4709 qute
2619 4642 2705 4694 vix
2735 4642 2936 4696 sanctis
2960 4643 3092 4696 viris
3119 4644 3420 4699 tolerabilis
3456 4654 3618 4700 esset.
3663 4653 3832 4712 propo-

2279 4731 2384 4785 sito
2412 4745 2562 4800 spem
2599 4732 2832 4800 reponit,
2873 4749 2979 4787 non
3015 4734 3283 4802 aspiciens
3319 4750 3430 4805 quo
3466 4731 3724 4796 inteu'dat,
3758 4726 3834 4784 sed

2277 4841 2399 4894 quae
2429 4825 2622 4878 stolide
2644 4827 2872 4893 peragit.

2348 4918 2512 4973 Vsus.
2547 4923 2630 4974 Μ.
2663 4950 2730 4960 -
2763 4939 2780 4973 ι
2819 4921 3119 4994 Consurgct
3141 4925 3405 4980 tuinultus
3439 4926 3490 4980 in
3525 4927 3711 4998 populo
3740 4934 3832 4984 tuo,

2283 5027 2300 5059 ι
2347 5021 2400 5063 et
2423 5025 2612 5064 outnes
2641 5011 2965 5068 munitiones
2998 5023 3102 5069 tuae
3125 5017 3500 5084 vastabantur,
3521 5019 3652 5072 sicut
3682 5023 3837 5068 vasta-

2283 5120 2302 5154 t
2350 5112 2434 5156 tus
2461 5113 2544 5157 est
2580 5104 2797 5159 Salmau
2828 5123 2856 5160 a
2893 5108 3050 5162 domo
3081 5109 3217 5178 ejus,
3246 5109 3336 5180 qui
3361 5109 3622 5178 judicavit
3649 5109 3768 5164 Baal
3793 5108 3834 5161 in

2281 5213 2302 5248 t
2349 5197 2436 5251 die
2464 5198 2654 5267 praelii,
2693 5208 2866 5254 matre
2895 5217 3058 5272 super
3073 5201 3216 5256 filios
3238 5203 3409 5258 allisa.
3445 5224 3464 5258 ι
3506 5203 3766 5258 Tumultus
3793 5201 3836 5251 in

2273 5293 2464 5362 populo
2492 5297 2788 5365 consurgit,
2832 5311 2953 5350 cum
2989 5297 3040 5351 in
3085 5298 3338 5354 cordibus
3373 5314 3546 5370 nuper
3579 5309 3835 5354 converso-

2277 5401 2396 5440 rum
2443 5389 2642 5442 veteris
2707 5389 2936 5446 licentia:
2999 5390 3289 5445 insolentia
3355 5393 3703 5448 recrudescit.
3759 5383 3836 5442 l’ci

2274 5481 2439 5534 etiam
2469 5480 2724 5535 tumultus
2753 5485 3046 5554 consurgit,
3091 5499 3212 5538 cum
3267 5489 3447 5557 gravis
3487 5489 3535 5540 in
3576 5481 3834 5552 cogitatio-

2275 5575 2433 5630 nibus
2459 5577 2790 5645 pt'enitentiae
2822 5587 2998 5632 motus
3027 5581 3274 5652 emergit.
3310 5580 3503 5635 Omnes
3548 5578 3834 5632 ninnium“

2273 5671 2389 5740 eius
2420 5680 2702 5726 Vastaatur
2742 5690 2860 5726 cum
2913 5683 3106 5730 mentis
3139 5677 3384 5730 universa
3419 5676 3685 5745 repagula,
3729 5677 3832 5735 tiliae

2274 5766 2372 5819 sub
2402 5764 2513 5819 suis
2551 5765 2784 5820 latibulis
2813 5765 3134 5838 flagitiorum
3181 5769 3390 5838 pridem
3428 5768 3707 5821 occuluere
3746 5759 3831 5814 tri-

2274 5863 2447 5928 stega,
2474 5871 2575 5928 ptte
2605 5857 2960 5916 confessionis
3002 5869 3266 5916 eruuntur
3294 5859 3360 5915 ad
3399 5859 3590 5915 lucem.
3631 5854 3829 5912 Salman
