3952 6360
145 388 261 450 397

807 362 1369 447 rnorotocmiu
1410 382 1612 455 esse,
1650 384 1839 444 AMOS
1856 384 1948 442 nr
1974 383 2118 442 JER.
2150 412 2225 431 -
2262 374 2391 441 Lm.
2431 380 2519 441 ut.
2566 382 2635 439 IN
2665 381 2865 441 osus.

3328 381 3434 441 398

144 512 550 579 interpretatur
594 505 780 561 umbra
834 505 1171 576 prohibendi,
1220 504 1307 561 vel
1358 504 1744 559 commotionis.
1776 507 2182 574 Aperpetrant.
2239 502 2555 558 Siumlucris
2604 501 2944 569 sacriﬁcant,
3018 516 3137 556 eum
3193 502 3436 559 interiori
3506 529 3517 546 -

150 601 305 657 δῆσαι
333 609 571 655 vastatus
601 607 677 653 est
707 596 927 651 Salman
965 615 996 650 η
1030 598 1183 651 domo
1217 597 1352 667 ejus,
1378 598 1463 668 qui
1488 596 1744 667 judicavit

147 692 296 747 Baal
321 692 377 745 in
402 691 489 744 die
512 689 705 760 praelii,
731 688 782 744 id
807 697 910 755 est,
935 689 1074 744 sicut
1102 690 1347 745 consumi
1371 689 1528 744 debet
1555 688 1746 744 obscu—

98 828 101 829 ν
146 786 296 841 ritas
325 784 413 840 illa
445 798 699 854 nequam,
729 799 847 853 ane
875 783 1038 839 divini
1067 783 1283 838 luminis
1306 784 1372 837 ab
1412 784 1595 837 animo
1623 798 1747 854 pro-

147 881 385 937 hibebat
435 895 714 935 accessum
756 893 771 933 :
821 890 875 933 et
919 894 988 933 ne
1036 879 1090 933 in
1137 878 1369 933 miseriis
1407 878 1745 943 subsisteret,

147 974 370 1030 crebris
401 972 851 1030 commotionibus
881 973 1236 1043 perurgebat;
1272 990 1303 1026 (ι
1332 973 1502 1033 domo,
1532 972 1587 1025 id
1607 981 1691 1025 est
1718 987 1747 1025 a

142 1067 491 1123 mscientia
550 1067 659 1131 illa,
706 1082 825 1136 qua?
855 1068 907 1120 in
954 1066 1035 1120 sui
1070 1066 1463 1121 illuminatione
1494 1080 1557 1120 ac
1584 1066 1627 1119 si
1665 1065 1750 1120 die

172 1185 217 1223 ιι
257 1183 362 1236 qua
390 1181 518 1222 caro
548 1166 877 1236 spiritusque
912 1164 1227 1231 conﬂigunt,
1275 1162 1411 1216 Bne!
1440 1161 1666 1232 judicat,
1698 1161 1751 1216 id

150 1269 244 1315 est
270 1261 446 1314 virum
487 1259 726 1314 damnat.
764 1260 837 1313 De
863 1274 969 1329 quo
996 1258 1193 1313 dicitur
1226 1276 1238 1312 :
1278 1276 1295 1308 ι
1328 1255 1426 1310 llic
1452 1271 1612 1325 quem
1652 1256 1751 1309 ha—

152 1354 278 1419 bes,
309 1368 412 1408 non
443 1363 525 1409 est
576 1364 698 1409 tuus
727 1353 811 1407 vir
839 1352 1019 1424 (Joan.
1063 1368 1141 1417 tv,
1176 1351 1280 1422 l8).
1317 1370 1335 1402 ι
1381 1349 1551 1404 Matre
1593 1364 1753 1420 super

110 1476 113 1477 ν
156 1447 305 1501 ﬁlios
333 1448 508 1513 allisa,
538 1464 660 1503 cum
701 1449 813 1504 suis
842 1446 1093 1501 videlicet
1120 1446 1374 1515 operibus
1405 1444 1598 1499 obruta
1627 1458 1755 1498 con-

156 1543 515 1616 cupiseentia.
564 1540 688 1594 Baal
726 1548 908 1595 autem
958 1540 1346 1609 interpretatur
1375 1537 1473 1601 vir,
1526 1534 1611 1590 vel
1660 1536 1755 1588 ha-

158 1636 311 1704 bens,
358 1637 415 1692 id
448 1643 531 1691 est
585 1633 866 1704 possidens
905 1632 1238 1698 dominium,
1294 1629 1504 1686 scilicet
1553 1627 1756 1684 erroris

154 1728 402 1801 signans.

240 1819 403 1875 Vens.
447 1818 535 1874 Ni.
578 1848 644 1859 —
699 1838 717 1870 ι
764 1816 856 1873 Sic
902 1816 1029 1873 fecit
1088 1817 1241 1873 vobis
1278 1816 1489 1881 Bethel,
1539 1831 1568 1871 a
1618 1814 1756 1871 facie

1846 596 2188 667 periclitante
2216 604 2355 650 statu
2380 596 2536 666 longe
2559 596 2717 651 aliter
2739 612 2797 651 se
2828 596 3105 651 hominum
3133 599 3439 667 conspecti-
3494 582 3507 607 ’Δ

1846 691 1970 759 bus,
2003 707 2164 762 quam
2209 705 2297 745 res
2340 691 2486 744 intro
2532 700 2769 761 geratur,
2812 698 3109 745 ostentant.
3143 690 3246 745 Sed
3298 692 3439 744 inter
3490 670 3499 691 ³

1852 784 1975 839 ista.
2025 783 2222 853 inquit,
2266 782 2522 851 Epln'aim
2569 784 2815 837 mttrititts
2868 799 3009 847 sum,
3042 783 3169 837 dum
3200 791 3437 839 mentem
3492 844 3507 855 ν

1850 892 2066 947 semper
2095 875 2315 931 intendo
2352 877 2417 929 de
2475 886 2872 929 resurrectione
2918 891 3267 931 commonere
3318 887 3441 947 post

1850 970 2081 1040 lapsum,
2116 979 2171 1025 et
2206 970 2279 1025 ita
2327 969 2578 1025 voluntas
2626 979 2811 1025 nostra
2842 986 2949 1026 non
2997 972 3289 1039 colliditur,
3335 972 3441 1027 Do-

1851 1065 2000 1119 mino
2044 1070 2380 1134 supponente
2422 1077 2659 1116 manum.
2691 1061 2781 1116 Sic
2814 1078 2909 1117 nos
2942 1066 3134 1132 nutrit,
3184 1066 3309 1119 dum
3344 1080 3443 1135 per

1853 1155 2040 1211 ruinas
2070 1164 2124 1210 et
2161 1165 2335 1209 status
2366 1170 2466 1209 nos
2493 1155 2693 1209 erudit.
2727 1173 2747 1205 ‹
2793 1154 3084 1209 Portabant
3116 1173 3208 1212 eos
3234 1159 3285 1212 in
3314 1160 3441 1213 bra-

1859 1264 1877 1295 ε
1924 1245 2063 1300 chiis
2089 1248 2223 1301 meis
2254 1264 2265 1300 :
2293 1256 2347 1301 et
2375 1246 2692 1301 nescierunt
2716 1246 2858 1315 quod
2886 1261 3133 1300 curarem
3171 1264 3283 1302 eos.
3320 1268 3339 1300 ›
3386 1249 3444 1304 In

1855 1337 2093 1394 brachiis
2139 1354 2232 1395 eos
2264 1347 2464 1409 portat,
2505 1355 2626 1394 cum
2676 1340 2743 1392 ad
2780 1338 3016 1393 divinam
3072 1338 3446 1395 fortitudinem

1862 1432 2129 1487 sublevat.
2164 1433 2450 1488 Brachium
2479 1433 2622 1487 enim
2654 1448 2751 1501 pro
2782 1431 3099 1487 fortitudine
3134 1433 3260 1502 poni
3290 1432 3445 1488 solet.

1855 1525 1923 1581 Et
1965 1527 2214 1582 nesciunt
2241 1525 2383 1597 quod
2410 1537 2559 1581 curet
2587 1541 2702 1595 eos,
2732 1526 2857 1596 quia
2894 1541 2959 1580 ex
2994 1527 3232 1597 pondere
3270 1535 3448 1581 tenta-

1859 1621 2023 1676 tionis
2056 1637 2197 1692 pene
2226 1623 2577 1691 desperantes
2636 1622 2886 1689 ignorant
2916 1620 3057 1689 quod
3095 1619 3315 1689 provide
3354 1632 3452 1689 per

1857 1713 2066 1769 occulta
2098 1714 2400 1785 naufragia,
2436 1728 2501 1769 ne
2531 1715 2597 1769 de
2624 1712 2840 1768 virtutis
2864 1713 3228 1784 prosperitate
3256 1728 3449 1785 super-

1858 1808 2027 1877 biant,
2063 1818 2274 1880 premat
2307 1809 2470 1879 ipsos.

160 1933 181 1965 ‹
214 1912 816 1981 malitizenequitiarum
843 1911 1008 1983 214
1028 1920 1387 1966 vestrarum.»
1416 1909 1757 1975 Bethcl,licet

1934 1899 2099 1956 Vens.
2147 1900 2200 1955 4.
2234 1931 2301 1941 -
2335 1917 2356 1952 ι
2402 1898 2458 1953 in
2492 1898 2743 1956 funiculis
2772 1898 2941 1954 Adam
2996 1901 3206 1955 traham
3236 1916 3350 1968 eos,
3398 1902 3454 1957 in

118 2002 121 2005 ’
155 2007 350 2061 domus
386 2005 482 2059 Dei
522 2008 930 2075 interpretetur,
964 2014 1140 2060 tamen
1172 2021 1235 2061 ex
1276 2005 1419 2060 idolo
1470 2004 1613 2074 quod
1665 2002 1758 2058 Je-

163 2098 394 2150 ro‘boam
427 2095 498 2150 ibi
537 2104 833 2160 statuerat,
863 2094 1198 2165 profanatur.
1246 2095 1339 2151 Est
1370 2111 1500 2167 ergo
1531 2095 1711 2149 dicere
1741 2108 1755 2147 :

163 2185 278 2242 Has
348 2188 653 2243 contrarias
709 2186 1087 2255 fortitudines,
1151 2204 1270 2258 qua:
1332 2197 1511 2242 vestra
1569 2195 1759 2241 contra

163 2278 339 2334 Deum
361 2279 525 2333 corda
553 2278 884 2343 munierant,
904 2277 1033 2333 fecit
1060 2279 1210 2333 vobis
1242 2278 1451 2342 Bethel,
1481 2278 1760 2335 conscien-

166 2373 238 2428 tia
276 2372 553 2436 videlicet,
594 2388 754 2442 quam
793 2374 931 2427 Deus
978 2372 1283 2427 inhabitare
1330 2372 1625 2437 debuerat,
1666 2371 1758 2426 sed

158 2463 365 2519 diaboli
395 2462 627 2517 fantasia
683 2464 990 2528 imbuerat;
1038 2472 1091 2517 et
1142 2463 1243 2519 hoc
1289 2479 1316 2517 a
1349 2463 1503 2527 facie,
1540 2463 1590 2517 id
1618 2472 1702 2518 est
1730 2478 1760 2517 a

157 2555 602 2611 consideratione
672 2555 1026 2609 immanitatis
1084 2554 1371 2610 criminum
1427 2563 1757 2623 vestrorum,

157 2647 371 2704 Malitia
423 2649 564 2705 enim
612 2648 701 2705 hic
743 2664 840 2723 pro
878 2650 1087 2706 enormi
1140 2666 1236 2705 usu
1286 2649 1591 2721 appellatur
1646 2665 1762 2706 sce-

157 2741 365 2803 lerum.

777 2813 1004 2871 CAPUT
1045 2814 1134 2873 ΧΙ.

239 2905 405 2961 Vsus.
438 2906 489 2960 Ι.
530 2936 599 2949 -
645 2925 665 2959 ι
705 2906 859 2963 Sicut
888 2924 1046 2963 mane
1077 2908 1416 2977 pertransiit,
1445 2908 1762 2979 pertransiit

167 3018 189 3055 ι
232 3018 328 3059 rex
384 3004 567 3059 Israel.
607 3024 627 3057 ι
664 3004 776 3059 Rex
812 3004 982 3059 Israel
1031 3005 1255 3075 spiritus
1290 3014 1477 3060 noster
1527 3014 1634 3069 est,
1674 3003 1760 3058 cui

160 3111 357 3167 regere
390 3099 627 3167 pertinet
649 3098 912 3168 quidquid
944 3100 1046 3153 sub
1078 3097 1274 3153 allecti:
1309 3106 1412 3153 est.
1447 3098 1566 3168 Ipse
1593 3097 1757 3160 enim,

164 3190 463 3245 secundum
509 3191 910 3263 etymologiam,
942 3192 1137 3263 saepius
1163 3192 1359 3247 dictam
1391 3206 1512 3245 cum
1553 3190 1765 3243 ratione

1866 2014 1886 2049 ι
1932 1995 2164 2050 vinculis
2197 1994 2497 2050 charitatis.
2542 2013 2559 2045 ι
2598 1993 2655 2048 ln
2690 1994 2795 2048 alia
2830 1993 3185 2050 translatione
3231 1996 3317 2051 ubi
3362 1997 3452 2053 hic

1864 2089 2035 2143 Adam
2082 2088 2294 2158 legitur,
2326 2088 2437 2143 illic
2471 2088 2709 2142 homines
2756 2084 3047 2155 invenitur,
3088 2089 3168 2145 sic
3197 2091 3338 2144 cnim
3371 2092 3452 2145 in-

1864 2188 2213 2249 terpretatur.
2266 2177 2419 2233 Unde
2453 2187 2508 2233 et
2543 2178 2596 2233 in
2642 2177 2838 2233 Genesi
2890 2180 2978 2233 ubi
3003 2180 3203 2233 dicitur
3233 2194 3311 2233 ε’(
3345 2180 3451 2234 Vo-

1870 2290 1888 2321 ¢
1934 2272 2077 2325 cavit
2104 2284 2298 2324 nomen
2327 2284 2515 2323 eorum
2552 2269 2725 2322 Adam
2758 2268 2909 2337 (Gen.
2942 2285 2994 2336 v,
3027 2270 3104 2339 2),
3141 2289 3157 2321 ι
3190 2271 3371 2325 itidem
3402 2271 3455 2325 in

1864 2364 2110 2419 homines
2144 2360 2489 2417 transfertur.
2522 2360 2589 2414 In
2614 2361 2865 2429 funiculis
2896 2378 3028 2433 ergo
3060 2364 3328 2417 hominum
3369 2381 3454 2419 eos

1827 2464 1833 2473 '
1866 2457 2055 2525 trahit,
2089 2471 2210 2511 eum
2251 2471 2313 2510 ex
2361 2453 2755 2525 passibilitatis,
2786 2465 2839 2510 et
2872 2456 3229 2509 humanarum
3259 2473 3457 2511 terum-

1864 2566 2055 2605 narmn
2081 2550 2274 2604 timore
2300 2562 2393 2602 eos
2418 2546 2482 2601 ad
2507 2563 2566 2601 se
2591 2547 2835 2617 corripit.
2872 2548 3023 2603 Unde
3051 2559 3131 2603 est
3168 2566 3179 2603 :
3218 2568 3236 2599 ι
3275 2549 3456 2605 Multi-

1864 2645 2075 2715 plicatze
2107 2652 2251 2711 sunt,
2286 2642 2481 2711 inquit,
2512 2642 2855 2697 infirmitates
2885 2658 3099 2697 eorum:
3124 2652 3365 2715 postea,»
3397 2660 3461 2699 ac

1866 2740 1907 2793 si
1942 2738 2185 2793 diceret:
2215 2737 2296 2791 Ad
2331 2736 2596 2791 medicum
2622 2757 2639 2789 ›
2676 2736 3116 2792 acceleraverunt
3156 2737 3327 2810 (Psaf.
3366 2756 3457 2806 xv,

1865 2831 1940 2899 4).
1981 2849 1998 2881 ι
2044 2831 2148 2885 Sed
2195 2831 2536 2900 postmodum
2573 2829 2718 2897 quod
2757 2830 2906 2900 prius
2942 2831 3135 2886 timore
3172 2832 3461 2900 gerebatur

1866 2925 1919 2979 in
1978 2940 2217 2978 :nnorem
2266 2922 2516 2987 vertitur,
2549 2922 2689 2976 unde
2720 2933 2774 2976 et
2802 2924 3088 2992 sequitur:
3129 2923 3194 2977 In
3242 2924 3461 2978 vinculis

1867 3017 2161 3083 charitatis,
2196 3033 2315 3087 qua:
2345 3015 2554 3070 scilicet
2584 3014 2727 3069 foras
2753 3016 2917 3069 mittit
2947 3016 3265 3085 timorch
3294 3017 3457 3071 Joan.

1869 3128 1942 3179 tv,
1981 3112 2088 3183 18).
2132 3111 2377 3165 Funicnli
2423 3121 2603 3164 autem
2648 3111 2777 3179 ipsa:
2806 3109 3122 3165 affectiones
3156 3121 3302 3177 sunt,
3336 3113 3459 3181 qui-

1868 3206 1970 3259 bus
2004 3205 2069 3257 ad
2106 3203 2308 3274 aliquid
2348 3203 2707 3272 appetendum
2744 3203 2892 3257 nullo
2932 3214 3161 3275 cogente
3189 3205 3459 3259 ducimur.

124 3308 129 3313 α
166 3296 235 3337 ac
262 3283 307 3337 si
334 3299 455 3338 cum
493 3262 601 3338 Deo
631 3284 968 3353 principatur
1002 3262 1027 3339 :7
1056 3284 1140 3338 sin
1172 3283 1306 3337 alias
1334 3283 1520 3337 servit.
1551 3282 1600 3336 Is
1637 3296 1761 3351 ergo

1871 3296 2058 3353 Timor
2084 3312 2213 3351 vero
2250 3297 2593 3366 supradictus
2623 3312 2808 3350 amore
2839 3312 2944 3349 non
2993 3306 3172 3363 caret,
3221 3297 3461 3366 alioquin

138 3390 268 3428 mea:
285 3375 416 3428 sicut
436 3392 591 3430 mane
617 3378 932 3447 pertransit,
964 3392 1086 3431 cum
1118 3375 1331 3445 repulsa
1370 3376 1688 3447 ignorantia:
1713 3384 1768 3430 et

142 3488 145 3491 ν
171 3469 563 3539 cogitationum
589 3472 783 3526 nebula
816 3481 1070 3541 tanquam
1090 3470 1297 3542 pallore
1314 3469 1764 3539 crepusculi,ple—

138 3552 143 3555 ’
172 3559 350 3616 nioris
372 3561 1007 3634 intelligentizeetquietis
1022 3572 1252 3635 gratiam
1283 3564 1444 3617 veluti
1474 3562 1652 3619 solare
1674 3563 1764 3632 ju—

128 3676 135 3685 τ
170 3655 277 3711 bar
307 3657 542 3728 attingit.
578 3676 597 3709 ι
635 3657 771 3726 Quia
800 3674 935 3728 puer
964 3658 1147 3722 Israel,
1178 3667 1230 3713 et
1261 3658 1424 3712 dilexi
1452 3672 1595 3723 eum,
1623 3667 1677 3712 et
1701 3673 1766 3712 ex

176 3763 198 3799 ι
245 3745 481 3818 Ᾱῑςγριο
525 3750 714 3804 vocavi
745 3748 939 3803 Filium
982 3764 1184 3803 meum.
1224 3768 1242 3800 ι
1296 3746 1468 3801 Israel
1504 3763 1635 3816 puer
1661 3742 1762 3813 est,

136 3868 137 3873 η
171 3847 229 3894 et
255 3840 375 3893 ideo
402 3857 429 3892 a
449 3840 559 3897 Deo
581 3842 844 3911 diligitur,
866 3842 1014 3911 quia,
1041 3850 1326 3911 postquam
1359 3841 1425 3893 ad
1455 3840 1581 3894 vilic
1610 3840 1764 3893 novi-

124 3952 129 3955 τ
173 3940 339 3986 tatem
373 3932 614 3997 redierit,
642 3934 752 3988 Deo
771 3948 876 3986 non
902 3934 1115 4003 placere
1143 3950 1245 3987 non
1272 3939 1469 4001 potest.
1497 3929 1582 3983 Ea:
1604 3927 1768 3999 digg-

132 4032 137 4037 '
171 4034 260 4095 pta
289 4040 503 4095 quoque
530 4026 703 4094 ﬁlium
735 4034 911 4093 vocat,
959 4041 1080 4080 cmn
1129 4041 1192 4080 ex
1238 4023 1566 4094 quotidianis
1588 4063 1603 4088 ,
1645 4038 1766 4092 qum

172 4116 471 4172 immissive
499 4119 583 4173 vel
619 4118 938 4173 naturaliter
965 4118 1193 4173 inﬂuunt
1226 4117 1481 4181 tenebris,
1515 4116 1764 4186 spiritum

171 4217 442 4276 nostrum,
478 4210 569 4279 qui
606 4224 674 4265 ex
706 4225 832 4265 vera
866 4211 986 4265 luce
1012 4210 1167 4280 quasi
1192 4210 1281 4264 lux
1309 4209 1363 4264 in
1399 4210 1555 4265 nobis
1589 4209 1763 4279 gigni-

176 4310 286 4368 tur,
326 4304 466 4356 Deus
492 4303 698 4357 reducit
724 4312 778 4359 et
806 4305 1052 4358 suscitat.

144 4388 151 4393 ’
248 4392 409 4447 Vsus.
434 4394 488 4447 2.
514 4422 585 4435 α·-
616 4414 634 4444 σ
666 4392 1005 4449 Vocaverunt
1035 4411 1150 4463 eos,
1182 4397 1261 4451 sic
1292 4396 1544 4451 abierunt
1568 4410 1598 4449 a
1630 4394 1765 4450 facie

166 4500 201 4534 η
244 4494 455 4537 eorum.
496 4502 514 4535 ι
560 4482 714 4545 Quod
758 4485 1104 4556 singulariter
1142 4485 1394 4555 superius
1441 4500 1537 4555 per
1582 4499 1763 4556 regem

176 4574 448 4641 innuerat,
489 4577 591 4631 hoc
621 4577 781 4631 modo
810 4587 1031 4647 propter
1059 4578 1306 4633 diversos
1338 4578 1764 4632 rationalitatum

180 4675 357 4722 motus
395 4668 677 4738 pluraliter
707 4670 957 4740 applicat.
1008 4670 1120 4725 Etsi
1153 4671 1297 4725 enim
1331 4686 1437 4725 una
1486 4681 1568 4725 est
1604 4672 1765 4737 ratio,

179 4771 398 4832 propter
425 4762 607 4833 plures
646 4773 824 4819 tamen
855 4778 1049 4819 causas
1076 4765 1325 4835 plurimae
1352 4771 1477 4818 sunt
1505 4764 1763 4818 rationes.

180 4851 255 4906 Ac
277 4853 323 4906 si
350 4852 555 4907 diceret
588 4872 601 4907 :
636 4854 752 4910 Etsi
790 4856 931 4911 Deus
961 4874 990 4909 a
1021 4867 1205 4911 nostra
1256 4872 1355 4911 nos
1392 4872 1489 4926 per
1518 4872 1575 4910 se
1606 4856 1765 4911 caeci-

178 4950 288 4996 tate
334 4943 557 5011 revelat,
593 4944 692 5013 ipsi
725 4955 903 5000 tamen
948 4947 1240 5001 rationales
1287 4957 1465 5002 motus
1506 4964 1534 5002 a
1582 4957 1768 5002 nostro

179 5052 281 5091 nos
332 5052 560 5107 corpore
609 5039 898 5110 aliquoties
954 5042 1194 5096 excitare
1243 5043 1617 5107 contendunt;
1673 5043 1767 5097 sed

179 5130 303 5199 quia
338 5146 442 5184 non
481 5140 566 5186 est
607 5132 660 5186 in
694 5132 912 5188 homine
947 5134 1027 5186 via
1056 5134 1193 5200 ejus,
1229 5149 1329 5188 nec
1377 5135 1503 5199 viri,
1537 5145 1595 5188 ut
1635 5135 1767 5188 diri-

158 5231 269 5292 .gat
304 5239 521 5294 gressus
553 5241 680 5282 suos
719 5222 901 5297 (Prov.
933 5242 1046 5293 xvr,
1074 5226 1152 5297 9),
1188 5227 1260 5280 illi
1295 5226 1404 5280 Deo
1430 5243 1526 5280 nos
1555 5238 1765 5296 dispen-

182 5317 350 5373 sative
407 5324 722 5377 retardante
772 5323 1049 5389 recedunt,
1084 5322 1271 5390 sicque
1304 5336 1400 5375 nos
1439 5322 1567 5390 quid
1602 5322 1770 5376 simus

179 5424 246 5465 ex
276 5414 429 5469 nobis
481 5416 715 5486 experiri
772 5416 999 5472 faciunt.
1046 5418 1083 5466 Α
1129 5416 1266 5485 facte
1316 5431 1492 5469 eorum
1544 5415 1767 5480 abetmt,

180 5518 302 5560 cum
324 5521 381 5560 se
408 5523 436 5563 a
466 5511 738 5563 rationum
767 5511 1068 5565 redditione
1102 5511 1490 5581 cogitationum
1522 5508 1769 5579 pervica-

179 5597 374 5654 ciltIte-s
404 5601 717 5657 excludunt.
755 5620 773 5653 ι
810 5602 1014 5659 Baalim
1048 5603 1421 5668 inunolabant,
1454 5613 1509 5658 et
1552 5601 1772 5657 simula-

156 5716 159 5719 -
187 5705 208 5742 ι
250 5692 359 5747 eris
384 5696 783 5752 sacrificabant.
839 5698 1027 5769 (Vens.
1061 5698 1140 5770 5.)
1172 5699 1236 5752 Ει
1267 5713 1367 5769 ego
1400 5698 1554 5767 quasi
1594 5704 1769 5750 llllll'l-

174 5780 208 5836 ’c
253 5782 359 5840 tius
407 5786 685 5859 Ephraim.
733 5811 751 5844 ι
798 5792 1007 5847 Baalim
1064 5793 1365 5860 immolant,
1422 5808 1541 5846 eum
1604 5791 1771 5847 multa

138 5904 145 5909 -
172 5874 303 5947 Diti,
330 5880 426 5936 sed
464 5896 571 5939 non
604 5896 704 5954 pro
724 5883 853 5941 Deo
878 5885 1166 5951 tentatioui
1197 5900 1340 5953 same
1371 5885 1773 5952 succumbendo

1873 3391 1970 3445 bos
2003 3388 2269 3443 funiculos
2299 3406 2404 3444 non
2435 3388 2677 3443 haberet.
2710 3389 2836 3443 inde
2870 3396 2953 3442 est
2981 3388 3106 3443 illud
3140 3389 3411 3461 poeticum
3446 3409 3459 3446 :

1878 3500 1896 3533 ‹
1944 3480 2154 3548 Trahit,
2190 3481 2382 3551 inquit,
2432 3486 2524 3535 sita
2572 3497 2841 3552 quemque
2896 3482 3141 3552 voluptas
3197 3481 3458 3553 (thtGlL.,

1872 3594 1909 3633 tt
1951 3574 2200 3647 Egiog.)
2244 3595 2261 3627 ι
2309 3595 2327 3626 ‹
2376 3575 2441 3629 Et
2486 3591 2581 3630 ero
2628 3577 2707 3631 eis
2759 3576 2911 3644 quasi
2964 3576 3208 3632 exultans
3271 3577 3462 3648 jugum

1878 3691 1896 3723 (
1942 3684 2105 3739 super
2152 3668 2401 3723 maxillas
2456 3684 2663 3736 eorum,
2721 3678 2773 3723 et
2815 3669 3077 3724 declinavi
3133 3671 3199 3725 ad
3244 3686 3364 3725 eum
3404 3681 3464 3726 ut

1878 3783 1896 3816 ‹
1943 3771 2276 3820 vesceretur.
2317 3782 2335 3815 ι
2384 3762 2477 3818 Est
2517 3763 2589 3817 eis
2622 3764 2774 3833 quasi
2816 3764 3047 3818 exultans
3076 3765 3265 3835 jugum
3310 3782 3466 3835 super

1871 3856 2116 3911 maxillas
2154 3874 2358 3923 eorum,
2410 3873 2532 3912 cum
2566 3874 2693 3912 vera
2735 3852 2932 3914 men-tis
2970 3859 3207 3914 essentia
3248 3876 3465 3930 prunm'

1870 3959 1960 4005 vet
1988 3951 2068 4005 sui
2099 3950 2308 4005 timoris
2336 3950 2688 4005 eminentiam
2726 3968 2888 4023 super
2918 3952 3310 4010 intellectualcs
3337 3970 3461 4010 sen-

1872 4060 1962 4099 sus
1999 4059 2206 4098 eorum.
2258 4043 2431 4113 Super
2456 4044 2572 4113 ejus
2602 4044 2849 4097 uteri/lus
2887 4046 3077 4116 jugum
3130 4047 3222 4100 Dei
3254 4047 3459 4101 exalta-

1870 4146 2050 4207 verat,
2084 4137 2173 4206 qui
2216 4135 2355 4191 sicut
2399 4146 2669 4191 tumentes
2710 4151 2872 4207 super
2918 4152 2974 4190 se
3014 4136 3206 4193 ﬂuctus
3250 4154 3464 4210 semper

1871 4248 1993 4287 eum
2022 4232 2296 4285 timuerat.
2329 4227 2504 4285 Tanto
2540 4240 2717 4285 autem
2746 4231 2918 4302 magis
2945 4232 3234 4299 exaltatur,
3262 4246 3465 4303 quanto

1869 4325 2044 4396 magis
2076 4327 2127 4377 in
2156 4325 2366 4379 interna
2396 4324 2597 4380 virtute
2630 4324 2930 4394 proficitur,
2965 4325 3090 4381 dum
3139 4324 3228 4378 illa
3260 4335 3461 4380 aeterna

1870 4417 2158 4474 cbaritatis
2185 4418 2351 4474 semel
2392 4428 2717 4488 prmgustata
2769 4434 2984 4487 semper
3014 4418 3188 4472 amitti
3220 4418 3459 4473 timetur.

1868 4514 1974 4569 Pro
2021 4514 2293 4569 intellectu
2345 4515 2590 4567 maxillas
2631 4514 2944 4583 accipimus,
2996 4513 3119 4581 quia
3174 4513 3258 4567 his
3310 4528 3373 4566 ac
3417 4514 3464 4569 si

1802 4607 2124 4677 Ddentibus
2180 4608 2309 4661 dura
2361 4623 2589 4676 (ιιιιιιιιιιο
2641 4605 3038 4660 commolimus.
3086 4605 3329 4661 Declinat
3395 4608 3464 4659 ad

1873 4718 2015 4767 cum,
2051 4710 2110 4755 ιιι
2137 4708 2539 4765 vescatur,cum
2572 4715 2665 4769 per
2697 4699 2943 4753 timorem
2974 4698 3144 4765 illum,
3175 4715 3281 4769 quo
3308 4716 3461 4755 meus

1874 4793 2163 4850 salubriter
2191 4791 2525 4859 humiliatur,
2548 4792 2710 4846 etiam
2742 4808 2800 4849 se
2824 4793 2887 4846 ad
2920 4809 3017 4848 nos
3049 4794 3188 4848 Deus
3217 4794 3460 4861 inclinat,

1873 4898 1933 4944 ut
1980 4889 2047 4944 de
2094 4888 2211 4958 ejus
2258 4887 2589 4957 aspiratione
2625 4904 2933 4957 pascantur.
2986 4908 3002 4939 ι
3049 4889 3311 4954 (thtuho,
3364 4890 3459 4953 ait,

1873 4999 1995 5039 cum
2028 4982 2116 5038 illo
2146 4991 2200 5036 ct
2240 4982 2351 5052 ipse
2379 4997 2585 5035 mecum
2620 4980 2800 5052 (Apoc.
2840 4998 2921 5047 HI,
2946 4981 3058 5050 c2.0).
3098 5001 3115 5032 ι
3164 4982 3317 5047 Quod
3369 5000 3460 5035 su-

1872 5074 2057 5146 perius
2086 5072 2432 5144 singulariter
2463 5073 2592 5126 dicit
2624 5073 2689 5127 ad
2722 5089 2866 5137 eum,
2906 5089 3026 5129 cum
3058 5072 3337 5141 pluraliter
3360 5073 3460 5126 ali-

1874 5185 1975 5238 qua
2006 5184 2103 5239 pro
2126 5168 2363 5223 motibus
2388 5165 2549 5220 variis
2572 5166 2946 5235 praemisisset,
2973 5165 3191 5220 unimod
3216 5183 3283 5219 Διιι
3312 5184 3462 5221 men-
3542 5204 3546 5209 -

1876 5263 1941 5315 tis
1976 5262 2216 5316 habitum
2247 5260 2506 5330 intelligo,
2529 5260 2656 5329 quia
2692 5260 2743 5313 in
2770 5259 3038 5314 seissuras
3068 5260 3325 5313 mentium
3357 5261 3463 5316 scid-
3545 5269 3559 5315 τι

1833 5370 1993 5411 'mus
2048 5353 2213 5409 Deum
2281 5368 2624 5424 nequaquam
2688 5362 2743 5407 ut
2807 5352 3120 5408 convivetur
3188 5339 3462 5410 declinare

1875 5444 2068 5501 Solere.

1951 5537 2110 5593 Vens.
2153 5538 2204 5592 5.
2234 5570 2301 5578 -—-
2338 5558 2354 5590 α
2404 5538 2519 5595 Non
2555 5547 2852 5595 revertetur
2886 5540 2937 5594 in
2988 5550 3186 5596 tert‘azn
3219 5540 3457 5613 .Iifgypti,

1882 5651 1899 5683 ι
1949 5640 2001 5685 et
2036 5631 2204 5685 Assur
2241 5633 2351 5701 ipse
2381 5648 2471 5685 rex
2514 5630 2649 5699 ejus.
2686 5652 2703 5682 ›
2753 5632 2818 5686 In
2851 5642 3043 5687 terram
3087 5634 3303 5704 .L'gypli
3360 5649 3463 5687 non

1878 5724 2193 5791 revertitur,
2224 5740 2345 5781 cum
2390 5724 2455 5779 ad
2491 5734 2708 5779 veterna
2740 5728 2967 5781 crimina
3011 5728 3205 5782 reverti
3235 5741 3291 5782 se
3322 5727 3460 5782 ulte-

1878 5816 1993 5871 rius
2020 5832 2123 5870 non
2156 5818 2375 5888 patitur.
2423 5817 2488 5881 Et
2524 5827 2702 5875 tamen
2738 5821 2923 5885 Assur,
2967 5822 3017 5875 id
3051 5829 3133 5875 est
3162 5821 3460 5878 aulicorum

1807 5976 1811 5980 λ
1880 5909 2224 5969 familiaritas
2254 5920 2303 5970 et
2333 5913 2575 5972 acccntio
2617 5911 2905 5969 admodum
2933 5913 3034 5972 sibi
3057 5916 3356 5985 expetenda
3381 5917 3461 5971 vis
