3998 6326
565 333 668 434 399

1425 361 1490 420 ν.
1528 361 1854 420 GUIBERTI
1876 359 2170 417 ABBATIS
2201 357 2260 416 S.
2301 354 2541 414 MANE
2583 355 2671 413 DE
2695 352 3091 413 NOVIGENTO

3499 343 3575 350 -—~.

3717 365 3812 424 ιω

557 493 734 544 detur.
766 484 919 552 Quod
944 483 996 538 in
1029 481 1351 554 quibusdam
1375 478 1581 533 ordinis
1608 477 1777 532 nostri
1803 475 1936 530 viris
1960 475 2149 530 hodie-
2179 482 2228 538 Α
2263 490 2280 523 ι
2315 487 2402 527 me
2432 486 2526 526 cor
2560 486 2775 536 meum,
2823 470 3027 540 pariter
3072 468 3390 526 conturbata
3430 481 3515 529 est
3554 476 3812 546 ptenitudo

521 597 665 650 .que
712 585 956 648 apparet,
986 575 1077 644 qui
1120 574 1245 628 dum
1295 589 1325 624 a
1359 569 1697 624 foeditatibus
1743 567 2035 622 mundanis
2086 581 2147 621 sc
2219 625 2222 629 ,

519 705 538 734 -_
558 671 854 734 continent,
877 665 1039 736 215
1075 663 1350 719 curiarum
1380 670 1559 716 tamen
1595 659 2027 716 solemnitatibus
2065 658 2147 712 in-

557 776 747 834 gerere
770 776 829 814 se
858 755 1346 832 irremediabiliter,
1368 755 1580 809 ardent.
1612 753 1783 808 Assur
1811 753 1976 816 enim,
2002 749 2144 820 quod

521 862 806 924 _repctere
853 867 957 907 non
987 849 1156 919 piget,
1187 847 1313 901 aula
1357 856 1511 912 est._¢
1556 845 1821 913 Quoniam
1855 845 2146 900 noluerunt
2215 907 2222 914 _

517 965 578 1002 .‹
605 943 901 1013 converti,
947 942 1132 1013 (Vens.
1162 938 1216 1009 6)
1267 940 1428 1008 cmpit
1472 938 1680 1005 gladius
1725 937 1779 992 in
1833 935 2144 990 civitatibus

517 1077 524 1085 .
560 1060 578 1092 ι
624 1021 762 1110 ejus,
801 1045 856 1094 et
892 1043 1170 1091 consumet
1203 1032 1406 1088 electos
1437 1031 1572 1101 ejus,
1606 1037 1662 1086 et
1689 1029 1931 1083 comedet
1966 1026 2142 1095 capita

521 1149 575 1190 ,ι
601 1119 830 1184 eorum.
870 1145 888 1177 ι
941 1124 1095 1192 Quod
1139 1131 1225 1177 est
1271 1121 1493 1196 dicere:
1527 1120 1794 1188 Quoniam
1843 1120 1911 1173 ab
1947 1120 2141 1180 Assur,

519 1223 740 1290 ,idest
789 1220 856 1275 ab
901 1217 1181 1272 oculorum
1239 1230 1460 1270 sum-um
1516 1213 1804 1269 noluerunt
1848 1211 2142 1266 vanissima

551 1315 823 1387 pastione
851 1312 1084 1382 reverti,-
1130 1309 1338 1379 gladius
1377 1311 1431 1362 in
1459 1308 1753 1362 civitatibus
1800 1306 1937 1376 ejus,
1983 1305 2034 1359 id
2060 1313 2144 1360 est

519 1424 743 1477 ,eorum
777 1406 975 1462 mentis
1004 1403 1189 1473 carpit,
1228 1403 1353 1470 quia
1385 1401 1600 1456 insolita
1653 1400 1834 1455 carnis
1883 1399 2143 1455 adversus

517 1502 802 1573 .spiritttm
833 1496 1110 1554 contentio
1161 1495 1213 1548 in
1261 1495 1407 1548 onmi
1439 1495 1556 1564 ejus
1586 1493 1959 1555 sensualitate,
1999 1508 2138 1562 qum,

543 1594 698 1663 juxta
736 1589 1110 1658 Evangelium,
1144 1596 1264 1641 sunt
1317 1586 1587 1652 civitates,
1627 1586 1868 1641 emersit.
1919 1583 2141 1640 Gladius

515 1687 690 1746 ,enint
715 1700 814 1754 pro
853 1682 1115 1738 divisione
1141 1681 1381 1750 ponitur,
1429 1688 1488 1734 ιιι
1513 1688 1633 1735 est:
1671 1699 1689 1730 ι
1727 1678 1841 1732 Non
1882 1678 1998 1732 veni
2048 1691 2140 1748 pa-

483 1763 488 1766 .
546 1794 664 1833 cem
689 1777 925 1841 mittere,
955 1774 1048 1829 sed
1077 1773 1312 1844 gladium
1342 1773 1560 1844 (illan/1.
1596 1789 1650 1836 κ,
1682 1772 1795 1838 54).
1831 1791 1846 1823 ι
1879 1773 1942 1826 Et
1969 1785 2138 1841 expo-

2260 582 2278 616 ι
2317 577 2455 618 mea.
2490 583 2508 614 ι
2540 562 2645 618 Cor
2675 563 2769 619 Dei
2807 563 2860 618 in
2889 578 3013 618 eum
3045 563 3414 630 convertitur,
3451 579 3570 620 cum
3604 583 3705 624 non
3729 587 3814 628 ex-

2251 664 2408 709 terno
2447 653 2748 725 cnjttspiam
2771 653 3040 725 exemplo,
3078 654 3174 709 sed
3211 656 3294 710 sui
3333 656 3500 726 ipsius
3527 659 3590 712 ad
3619 660 3812 719 viscera

2249 750 2468 820 pietatis
2513 749 2952 804 consideratione
2995 747 3310 803 reﬂectitur.
3345 747 3643 805 Humanum
3685 755 3813 811 enim

2253 851 2370 905 εει,
2399 841 2625 896 alterius
2655 849 2904 912 respectu
2939 849 2996 895 et
3027 842 3236 896 ratione
3273 840 3469 912 frangi.
3501 839 3704 898 Pariter
3722 861 3815 914 ρω-

2249 935 2433 990 niludo
2457 935 2573 1004 ejus
2600 937 2976 1000 conturbatur,
3004 935 3154 1005 quia,
3187 934 3314 990 dum
3338 951 3461 991 eum
3491 947 3682 993 exertae
3705 953 3815 995 sen-

2249 1028 2429 1084 tentiae
2455 1029 2706 1098 paenitet,
2744 1027 2948 1097 pariter
2977 1042 3192 1096 quoque
3219 1028 3285 1082 de
3329 1027 3450 1082 aliis
3476 1043 3610 1098 quas
3638 1030 3814 1086 buma-

2249 1123 2396 1176 nitus
2433 1122 2671 1193 patimur
2697 1122 2957 1177 aerumnis
2987 1122 3287 1177 clementer
3316 1122 3564 1178 afficitur.
3589 1124 3815 1184 Humano

2247 1230 2400 1268 more
2453 1216 2693 1285 loquitur
2726 1215 2900 1280 Deus,
2942 1230 3067 1270 cum
3097 1215 3171 1270 nil
3214 1215 3321 1272 tale
3357 1217 3411 1271 in
3461 1231 3582 1272 eum
3612 1219 3813 1288 incidat,

2247 1309 2377 1362 nulli
2408 1317 2584 1363 tamen
2629 1309 2853 1364 dubium
2881 1309 3008 1379 quin
3044 1310 3343 1365 electorum
3371 1325 3591 1366 suorum
3616 1312 3816 1368 calami-

2209 1460 2214 1465 _
2247 1402 2339 1456 tati
2373 1403 2685 1458 condoleat.
2721 1401 2816 1456 Vel
2864 1401 3043 1457 aliter.
3073 1403 3182 1458 Cor
3226 1404 3321 1459 Dei
3371 1403 3473 1475 ipsi
3510 1404 3661 1460 electi
3685 1413 3814 1474 sunt,

2249 1494 2317 1549 de
2349 1496 2544 1564 quibus
2575 1495 2773 1550 dicitur
2801 1515 2814 1550 :
2843 1497 3313 1568 Appropinqnavit
3355 1513 3452 1553 cor
3498 1497 3638 1553 illius
3687 1508 3816 1568 post-

2245 1601 2407 1654 quam
2437 1585 2587 1656 impii
2615 1586 2928 1641 dividuntur
2950 1589 3018 1643 ab
3049 1589 3129 1643 ira
3161 1588 3343 1644 vultus
3366 1589 3485 1659 ejus
3514 1588 3681 1660 (Psal.
3718 1606 3810 1656 Liv,

2245 1674 2358 1744 2‘2).
2411 1674 2516 1730 Cor
2561 1691 2690 1746 ergo
2732 1675 2850 1746 ejus
2907 1678 2958 1730 in
3015 1693 3138 1733 eum
3187 1681 3549 1745 convertitur,
3596 1696 3710 1735 cum
3747 1681 3812 1749 hi,

2245 1767 2444 1836 quibus
2469 1776 2666 1824 cuncta
2698 1783 2818 1837 quae
2852 1784 2884 1824 a
2929 1768 3091 1825 Patre
3119 1771 3354 1837 audivit,
3390 1771 3626 1828 innotuit
3651 1772 3812 1845 (lous.

548 1883 713 1926 nens:
742 1867 931 1931 «Veni,
950 1867 1148 1936 inquit,
1168 1863 1788 1934 separare(lbid.,25),i
1809 1872 1912 1916 etc.
1937 1859 2000 1913 Et
2023 1878 2146 1914 con-
2179 1849 2225 1908 Β
2255 1880 2341 1928 xv,
2377 1864 2498 1934 t5),
2542 1879 2654 1920 suae
2685 1865 3019 1922 terrenitatis
3043 1867 3266 1923 obtentu
3288 1909 3303 1932 ,
3331 1868 3478 1938 quod
3507 1875 3590 1922 est
3612 1867 3815 1934 Adams,

547 1971 714 2018 suntet
745 1961 931 2016 electos
957 1960 1094 2030 ejus,
1125 1958 1178 2013 id
1205 1967 1288 2012 est
1311 1956 1611 2011 annullabit
1637 1970 1968 2026 quarcunque
1995 1953 2146 2023 prin--

548 2054 806 2125 cipaliora
848 2060 976 2107 sunt
1017 2052 1070 2105 in
1114 2049 1305 2104 intimo
1360 2058 1502 2104 statu
1545 2047 1682 2116 ejus.
1728 2047 1916 2117 Capita
1961 2062 2144 2100 eorum

517 2207 520 2210 _
551 2148 804 2211 comedet,
834 2127 961 2200 dum
996 2152 1053 2200 et
1073 2143 1352 2198 civitatum
1380 2151 1435 2196 et
1454 2141 1752 2196 electorum
1780 2140 2142 2195 intentionum

547 2239 891 2296 summitates
927 2234 1190 2305 aerugine
1235 2233 1548 2290 tentationis
1583 2235 1830 2289 absumet
1878 2231 1969 2304 [[.,
1999 2231 2144 2287 auri-

544 2333 711 2405 gine].
1083 2338 1092 2348 '
1483 2395 1487 2398 _

513 2483 526 2490 ,
621 2423 782 2478 Vens.
816 2422 868 2478 7.
891 2452 961 2463 —
1001 2440 1020 2474 (
1052 2421 1118 2477 Et
1147 2420 1377 2492 populus
1431 2436 1587 2477 meus
1619 2419 1876 2490 pendebit
1913 2419 1980 2474 ad
2019 2435 2142 2475 reo-

551 2535 570 2568 s
608 2497 739 2570 itum
774 2529 974 2570 meum.
1010 2533 1028 2566 ι
1067 2512 1220 2568 Licet
1251 2528 1439 2568 eorum
1469 2512 1647 2583 capita
1677 2511 2053 2576 comedantur,
2086 2519 2144 2565 et

512 2607 794 2668 _titillatio
843 2622 902 2660 se
952 2605 1121 2660 menti
1173 2605 1354 2675 gravis
1411 2605 1732 2674 immergat,
1769 2602 1908 2658 solet
1958 2611 2138 2658 tamen

545 2700 834 2771 aliquoties
884 2697 1112 2754 rationis
1149 2697 1379 2752 scintilla
1436 2696 1735 2759 viviscere,
1785 2703 1840 2748 et
1901 2695 2005 2749 hoc
2057 2702 2141 2749 est

545 2793 692 2864 quod
723 2790 953 2862 populus
987 2790 1079 2846 Dei
1121 2791 1186 2844 ad
1237 2791 1467 2845 reditum
1500 2789 1616 2858 ejus
1645 2789 1846 2843 dicitur
1879 2788 2137 2859 pendere,

539 2887 667 2957 quia
694 2886 795 2954 pia:
825 2884 1186 2954 cogitationes
1213 2892 1334 2952 post
1364 2892 1441 2937 tot
1479 2898 1600 2952 quae
1631 2881 1936 2952 ingruerint
1973 2880 2136 2946 mala,

543 2979 611 3032 ad
661 2977 753 3031 Dei
809 2975 1064 3030 salutaris
1117 2973 1486 3027 visitationem
1542 2971 1659 3025 fieri
1707 2971 1883 3025 solent
1931 2985 2135 3041 pronzc.

511 3055 811 3142 :Pendere,
846 3069 987 3123 sicut
1020 3066 1153 3120 alias
1182 3066 1418 3120 diximus
1440 3104 1453 3131 ,
1485 3065 1550 3118 ab
1579 3063 1856 3119 alterutris
1885 3064 2139 3117 dicuntur

543 3171 812 3226 amantes,
845 3169 899 3216 et
924 3159 1043 3214 ideo
1075 3175 1171 3226 pro
1197 3175 1374 3212 artiore
1401 3158 1639 3228 ponitur.
1678 3177 1696 3208 ι
1728 3155 1926 3228 Jugum
1952 3166 2135 3210 autem

515 3239 565 3304 ἰ
603 3254 911 3323 imponetur
939 3251 988 3305 ei
1029 3249 1188 3304 simul
1220 3249 1362 3318 quod
1409 3265 1513 3305 non
1551 3249 1848 3304 auferetur.
1892 3267 1910 3300 ι
1937 3247 2133 3318 Jugum

541 3345 590 3398 ci
642 3342 958 3414 imponitur,
991 3356 1112 3395 cum
1165 3351 1404 3409 experta:
1452 3340 1765 3394 tentationis
1818 3339 2034 3396 animus
2071 3340 2138 3395 ti-

543 3452 697 3492 more
745 3435 1090 3506 deprimitur.
1141 3432 1256 3487 lloc
1281 3433 1472 3504 jugunt
1525 3449 1627 3487 non
1683 3431 1961 3500 aufertur,
2011 3433 2137 3504 quia

542 3529 692 3584 nulla
739 3529 1008 3584 securitas
1055 3525 1282 3582 audacia
1335 3515 1680 3596 unquam-ab
1720 3527 1888 3582 animi
1925 3526 2138 3584 cervice

542 3619 828 3676 recutitur.

511 3779 514 3782 ι
618 3715 782 3769 Vens.
805 3714 858 3770 8.
891 3705 961 3755 ὲ-
995 3733 1012 3764 4
1046 3713 1328 3780 Quomodo
1363 3712 1502 3768 dabo
1531 3721 1604 3777 te,
1636 3712 1916 3783 Ephraim,
1957 3721 2137 3784 prote-

547 3825 566 3858 ι
603 3821 726 3876 gam
759 3814 832 3869 te,
865 3804 1064 3860 Israel?
1097 3802 1380 3872 Quomodo
1426 3802 1568 3858 dabo
1617 3813 1668 3858 te
1717 3803 1861 3858 sicut
1901 3803 2134 3868 Adama,

548 3916 566 3948 ι
604 3911 801 3965 ponam
836 3904 921 3960 te,
963 3905 1023 3948 ut
1051 3894 1304 3949 Seboim?
1340 3914 1358 3946 ›
1386 3895 1466 3950 Ac
1503 3895 1550 3950 si
1596 3895 1801 3949 diceret
1831 3911 1846 3952 :
1878 3895 1935 3950 ln
1973 3911 2134 3964 quem

543 3995 744 4041 statuat
779 3984 1102 4040 transferam
1138 3985 1467 4040 voluntatem
1517 3986 1808 4041 humanam
1830 4030 1844 4054 ,
1881 4002 1988 4057 qua
2018 3996 2136 4042 arte

515 4089 825 4156 protegam
854 4080 1227 4152 vagabundum
1256 4093 1354 4148 per
1383 4087 1459 4133 tot
1494 4093 1756 4134 excursus
1783 4089 1836 4134 et
1881 4094 2135 4135 recursus

543 4168 831 4226 affectum?
863 4170 956 4226 His
994 4169 1350 4240 querimoniis
1398 4169 1575 4224 innuit
1619 4179 1820 4240 quanta
1849 4169 2135 4226 difficultas

542 4266 613 4321 sit
647 4265 697 4319 in
724 4265 957 4336 regendo
987 4273 1129 4317 statu
1160 4273 1358 4319 nostra:
1389 4263 1789 4328 iuterioritatis,
1819 4279 1959 4333 quae,
1990 4263 2035 4318 si
2066 4263 2133 4317 ad

539 4357 770 4410 virtutes
816 4352 1084 4418 evehitur,
1115 4355 1450 4420 intumescit,
1484 4355 1534 4408 in
1573 4371 1766 4410 sensus
1789 4396 1803 4418 ,
1836 4355 2134 4425 vapiditate

539 4447 842 4519 perdeflcit,
873 4446 926 4502 in
955 4443 1220 4518 flagitium
1249 4447 1499 4502 devoluta
1523 4488 1536 4512 ,
1571 4449 1824 4519 putescit.
1866 4448 2014 4515 Scio,
2048 4449 2133 4504 in-

2251 1958 2317 2012 ad
2363 1956 2701 2013 altitudinem
2735 1958 3240 2029 contemplationis,
3273 1959 3418 2028 quod
3463 1968 3548 2014 est
3589 1973 3742 2030 capra
3773 1969 3820 2014 et

2250 2051 2464 2106 damula
2485 2092 2500 2117 ,
2540 2065 2598 2106 se
2637 2050 2886 2106 conferre
2930 2061 3224 2106 conantur.
3252 2050 3405 2106 Tunc
3432 2050 3711 2122 ptenitudo
3739 2050 3818 2108 Dei

2249 2144 2454 2214 pariter
2483 2144 2861 2209 conturbatur,
2893 2160 3016 2200 cttm
3050 2144 3125 2199 illi
3159 2145 3515 2216 paenitentia.
3547 2160 3708 2214 quam
3729 2145 3817 2202 illis

2209 2295 2216 2300 _
2247 2235 2391 2290 Deus
2422 2235 2598 2303 primo
2644 2235 2890 2299 immisit,
2923 2235 2989 2290 de
3040 2234 3323 2304 pra‘seutis
3368 2233 3549 2290 saculi
3583 2235 3820 2291 diuturno

2247 2308 2466 2382 fastidii)
2498 2327 2653 2383 dolor
2674 2337 2730 2382 et
2756 2327 3042 2382 dillicultas
3063 2327 3229 2382 etiam
3257 2326 3577 2396 adaugetur.

2320 2423 2483 2476 \‘sns.
2513 2422 2565 2478 9.
2595 2409 2658 2462 '—
2691 2441 2710 2475 ι
2748 2421 2862 2476 Νοιι
2903 2421 3095 2475 faciant
3137 2421 3376 2476 furorem
3409 2421 3503 2474 ira:
3545 2433 3701 2486 meat,
3731 2434 3820 2475 non

2251 2534 2270 2567 ι
2305 2524 2592 2570 convertar
2639 2523 2697 2568 ut
2739 2513 3050 2582 disperdam
3104 2511 3397 2582 Ephraim,
3445 2510 3704 2582 quoniam
3739 2526 3823 2584 ego

2211 2589 2220 2674 ξ
2251 2626 2270 2658 ι
2307 2606 2470 2670 Dens,
2507 2614 2562 2660 et
2593 2621 2696 2660 non
2741 2606 2931 2670 homo;
2965 2605 3016 2659 in
3049 2604 3227 2659 medio
3260 2605 3335 2658 tui
3368 2613 3613 2669 sanctus,
3647 2611 3702 2658 et
3733 2617 3823 2657 non

2251 2719 2268 2750 ι
2305 2698 2581 2770 ingrediar
2629 2699 2928 2752 civitatem.
2981 2716 2999 2749 ι
3050 2695 3132 2750 lra
3190 2695 3286 2750 Dei
3333 2705 3416 2751 est
3465 2706 3662 2752 contra
3711 2695 3822 2749 vitia

2245 2803 2430 2847 nostra
2479 2792 2637 2862 digna
2695 2789 3166 2846 animadversione
3231 2789 3468 2855 moveri;
3521 2789 3678 2844 furor
3716 2802 3825 2844 vero

2244 2895 2327 2941 est
2381 2897 2571 2941 contra
2631 2885 2921 2939 humanam
2971 2881 3328 2954 pertinaciam
3387 2883 3600 2952 reprobi
3656 2896 3826 2937 sensus

2245 2975 2484 3030 illatione
2538 2977 2772 3046 accingi.
2809 2974 3064 3027 l"'urorem
3091 2987 3220 3042 ergo
3263 2973 3358 3026 ira:
3392 2987 3504 3027 sua:
3539 2989 3646 3027 non
3692 2971 3823 3037 facit,

2243 3084 2369 3124 cum
2401 3068 2556 3124 nobis
2586 3068 2843 3139 reliquias
2865 3067 3213 3138 cogitationis
3241 3067 3394 3121 bonae
3417 3081 3525 3121 non
3549 3065 3822 3130 subtrsnit,

2244 3163 2327 3215 hat
2354 3161 2498 3214 enim
2544 3161 2687 3215 diem
2719 3160 2915 3214 festum
2950 3167 3117 3230 agunt
3147 3157 3271 3213 sibi.
3299 3156 3658 3213 Convertitur
3703 3155 3822 3210 Deus

2242 3262 2296 3306 ut
2337 3252 2592 3322 Epliraim
2624 3252 2923 3323 disperdat,
2973 3267 3097 3306 cum
3144 3250 3346 3306 imitari
3380 3250 3595 3304 videtur
3643 3249 3698 3304 in
3724 3247 3822 3316 ejus

2240 3346 2422 3400 animo
2452 3346 2542 3412 qui
2577 3353 2834 3411 tentatur,
2865 3345 3010 3414 quod
3048 3343 3201 3412 quasi
3235 3342 3405 3414 ipsius
3448 3343 3604 3397 bonae
3647 3341 3818 3396 volun-

2245 3437 2373 3492 tatis
2403 3436 2642 3490 studium
2682 3436 2942 3491 radicitus
2975 3435 3198 3489 omnino
3233 3445 3541 3490 consumat.
3573 3431 3712 3506 Ego,
3746 3433 3818 3487 in-

2239 3532 2379 3601 quit.
2410 3530 2550 3584 Deus
2574 3539 2742 3584 etnon
2765 3533 2938 3584 homo.
2965 3527 3120 3596 Quod
3149 3535 3234 3583 eet
3258 3527 3472 3608 dicere:
3504 3525 3680 3582 Homo
3700 3524 3822 3598 quod

2239 3623 2465 3693 coeperit
2493 3622 2851 3693 pervicaciter
2883 3622 3120 3692 peragit,
3154 3635 3255 3692 ego
3291 3637 3422 3677 vero
3459 3620 3605 3676 Deus
3635 3621 3822 3692 impen-

2238 3716 2454 3770 dentem
2489 3713 2654 3768 etiam
2698 3713 3024 3768 sententiam
3066 3727 3165 3783 per
3206 3714 3472 3785 meipsnm
3504 3716 3818 3786 suspendere

2238 3806 2384 3862 novi.
2413 3805 2480 3860 In
2509 3806 2679 3859 medio
2721 3805 2980 3875 Ephraitn
3010 3815 3095 3861 est
3138 3817 3376 3871 sanctus,
3405 3821 3530 3862 cum
3578 3809 3634 3862 in
3669 3807 3818 3877 ipsius

2240 3897 2506 3951 rationem
2536 3895 2836 3952 meditullio
2865 3896 3162 3952 voluntatis
3197 3898 3354 3967 quasi
3391 3912 3574 3969 regem
3604 3899 3822 3954 circum-

2237 3994 2414 4040 stante
2443 3986 2684 4040 excrcitu
2731 3986 2923 4042 inserit
2953 3986 3114 4042 Deus.
3171 3985 3297 4041 Non
3339 3987 3484 4042 enim
3535 3989 3820 4060 ingreditur

2243 4079 2526 4146 civitaJem,
2561 4080 2683 4150 quia
2720 4095 2826 4134 non
2885 4080 3169 4147 inhabitat,
3228 4081 3337 4135 into
3386 4082 3476 4135 vix
3524 4082 3817 4137 summatim

2238 4174 2445 4243 aspir-at
2494 4174 2886 4230 conscientiam
2943 4176 3199 4230 vitiorum
3253 4176 3576 4234 tumultibus
3628 4177 3818 4234 obstre-

2236 4279 2477 4340 pentem.
2927 4327 2933 4334 ,

2311 4362 2476 4417 Vens.
2507 4362 2595 4417 10.
2617 4392 2688 4403 -
2717 4382 2735 4412 ι
2770 4362 2898 4417 Post
2939 4363 3229 4418 Dominum
3271 4363 3648 4431 ambulabunt,
3677 4360 3813 4434 quasi

2217 4472 2262 4518 ,ι
2302 4454 2387 4508 leo
2418 4455 2615 4524 rugiet,
2647 4456 2771 4524 quia
2807 4456 2922 4526 ipse
2974 4457 3183 4524 rugiet,
3232 4463 3284 4511 et
3325 4454 3696 4512 forntidabunt
3730 4451 3815 4508 filii

538 4540 676 4609 quit,
707 4537 1076 4640 quid-faciam
1099 4581 1112 4602 ,
1160 4540 1284 4609 quia
1331 4541 1463 4594 sicut
1511 4541 1715 4594 Adamn
1747 4556 1940 4609 ponam
1975 4551 2045 4607 te,
2082 4550 2130 4594 et
2157 4579 2210 4640 Β
2241 4569 2261 4602 ε
2301 4551 2486 4605 muris,
2527 4571 2544 4601 ι
2577 4549 2858 4613 Rationes,
2889 4549 3153 4604 voluntati
3185 4549 3381 4616 ίηείιω,
3409 4559 3524 4618 pou
3549 4547 3812 4602 Dominum

537 4631 672 4684 sicut
707 4628 1171 4685 Seboim.‘Adam.i
1211 4632 1600 4702 interpretatur
1645 4643 1875 4687 terrena.
1911 4631 2130 4688 Seboim

539 4723 695 4776 statio
720 4722 857 4791 ejus,
887 4739 1051 4788 mare,
1078 4721 1159 4776 vel
1196 4739 1355 4792 capra
1393 4739 1596 4788 eorum,
1630 4723 1715 4778 vel
1744 4724 1982 4780 damula.
2012 4724 2133 4781 Pri-

539 4827 686 4867 mum
721 4812 884 4883 igitur
929 4829 1081 4868 meus
1123 4814 1361 4868 hominis
1401 4814 1466 4867 ad
1508 4815 1590 4868 sui
1625 4817 2038 4885 protectionem,
2073 4826 2133 4872 ut

538 4905 776 4972 Atlanta,
814 4906 1054 4976 ponitur,
1086 4919 1144 4962 ut
1184 4907 1552 4962 indesinenter
1578 4923 1904 4978 quacunque
1934 4910 2131 4964 virtute

534 5001 916 5072 prteemiuent,
940 5001 1529 5074 proprimterrenitatis
1569 5003 1669 5055 sub
1695 5018 1798 5072 qua
1837 5003 1982 5074 degit
2019 5019 2130 5060 me-

538 5102 803 5148 moretur.
834 5092 940 5148 Sed
991 5108 1097 5148 non
1143 5094 1196 5148 in
1234 5094 1338 5147 hac
1385 5089 1544 5159 hujus
1581 5093 1912 5164 infirmitatis
1954 5096 2130 5152 consi-

519 5190 816 5247 'deratione
861 5191 1151 5260 pigrescat,
1185 5189 1280 5244 sed
1315 5189 1603 5244 stationem
1651 5189 1705 5244 in
1751 5189 1884 5244 mari
1923 5193 2126 5248 consti-

519 5284 677 5354 tuat,
711 5295 769 5341 ut
792 5285 1018 5345 scilicet,
1063 5282 1202 5334 inter
1235 5281 1552 5336 teutationis
1581 5282 1818 5339 assultus
1846 5295 1992 5340 stare
2019 5301 2125 5341 non

521 5375 734 5432 't'adere
766 5381 1065 5436 :1s1511135t'1ﬁl,
1102 5390 1197 5426 ttt't;
1224 5374 1467 5441 pulsatus"
1497 5385 1740 5429 versetur
1766 5386 1858 5430 aut
1881 5387 2124 5447 proruat,

537 5471 631 5526 sed
665 5468 888 5538 caprino
920 5480 1072 5519 more
1109 5466 1348 5520 animum
1393 5467 1459 5521 ad
1497 5466 1624 5522 boni
1653 5470 1818 5524 ardua
1863 5472 2124 5541 propositi

533 5577 751 5632 semper
781 5558 1112 5628 exporrigat,
1140 5559 1192 5614 in
1217 5575 1322 5630 quo
1351 5569 1530 5615 tamen
1558 5577 1784 5618 acumen
1815 5564 2124 5619 nullomodo

536 5658 784 5712 discretae
813 5655 1127 5712 subtilitatis
1156 5642 1389 5712 amittat.
1423 5658 1598 5729 Capra
1646 5657 1790 5712 enim
1829 5658 2122 5713 arduorum

533 5761 618 5806 est
648 5758 928 5820 appetens,
969 5749 1181 5805 damula
1220 5767 1347 5807 vero
1376 5752 1518 5808 unde
1550 5752 1784 5808 sortitur
1823 5762 1876 5807 et
1901 5767 2118 5819 nomen,

531 5844 696 5901 multa
751 5843 1009 5899 luminttm
1067 5847 1182 5903 acie
1229 5846 1451 5916 pollens.
1493 5863 1512 5897 ι
1549 5846 1882 5904 Conversum
1938 5855 2024 5902 est
2067 5845 2120 5906 in

2236 4644 2540 4708 ambulant,
2594 4643 2719 4697 dum
2770 4643 3003 4711 primum
3055 4642 3193 4696 ratio
3242 4643 3352 4696 Deo
3405 4640 3721 4711 subjicitur,
3766 4644 3815 4693 et

2236 4745 2630 4807 consequenter
2679 4734 2934 4805 deinceps
2999 4736 3192 4789 rationi
3255 4735 3552 4789 voluntatis
3619 4731 3812 4789 habitus

2234 4829 2627 4884 obsecundant.
2661 4827 2782 4897 Ipsa
2813 4829 2973 4890 ratio,
3004 4845 3124 4899 quae
3154 4842 3317 4898 supra
3360 4829 3430 4883 ob
3472 4830 3559 4883 sui
3607 4825 3814 4882 firmita-

2233 4927 2343 4974 tem
2370 4918 2567 4974 dicitur
2598 4930 2840 4985 sanctus,
2865 4921 3017 4987 quasi
3043 4921 3122 4974 lco
3151 4921 3314 4990 rugit,
3345 4920 3477 4975 dum
3503 4935 3570 4976 ex
3597 4919 3812 4975 clamore

2233 5011 2370 5082 ejus,
2402 5014 2488 5067 cui
2533 5013 2699 5085 216
2727 5013 2998 5077 innititur,
3027 5013 3194 5068 divini
3226 5013 3438 5068 scilicet
3473 5012 3699 5083 eloquii,
3729 5010 3812 5066 bc-

2233 5105 2420 5162 stialcs
2451 5107 2809 5175 undecunque
2841 5115 3039 5169 motus,
3087 5107 3240 5175 quasi
3274 5105 3422 5176 regia
3470 5105 3695 5176 quadam
3726 5115 3811 5157 au-

2231 5198 2502 5263 ctoritate,
2521 5209 2793 5268 perterret
2819 5207 2873 5254 et
2897 5198 3160 5254 concutit.
3199 5198 3338 5268 Ipsa,
3361 5199 3604 5268 inquam,
3634 5193 3806 5266 rugiel,

2230 5299 2276 5343 et
2307 5290 2407 5357 ﬁlii
2437 5293 2596 5346 muris
2646 5291 3029 5359 formidabant,
3061 5307 3182 5346 cum
3215 5301 3306 5346 aut
3347 5306 3416 5346 ex
3453 5289 3648 5346 interni
3671 5299 3808 5343 seve-

2231 5382 2392 5436 ritate
2432 5383 2642 5453 judicii,
2676 5393 2771 5438 attt
2799 5393 2948 5438 certe
2995 5383 3372 5439 recordatione
3404 5383 3610 5453 peccati
3650 5380 3711 5436 ad
3755 5391 3808 5432 se

2229 5491 2442 5531 versum
2469 5485 2675 5540 erecta,
2707 5476 2844 5530 ﬁlios
2877 5476 3065 5536 maris.
3113 5475 3163 5530 id
3205 5485 3289 5530 est
3329 5484 3512 5532 motus
3537 5472 3806 5531 saeculares

2226 5568 2520 5624 formidare
2552 5569 2699 5633 facit,
2729 5579 2782 5624 et
2803 5578 3008 5638 quanto
3040 5567 3218 5639 magis
3244 5567 3513 5624 alterutro
3543 5565 3804 5628 imbuitur,

2229 5671 2379 5716 tanto
2410 5663 2582 5733 magis
2613 5663 2873 5732 quidquid
2905 5663 3070 5716 menti
3125 5661 3422 5732 temporale
3465 5672 3521 5717 et
3570 5658 3804 5716 transito-

2227 5755 2365 5809 rium
2404 5754 2642 5820 insonat,
2673 5764 3030 5824 portet-retur.

2299 5846 2462 5902 Vens.
2498 5847 2586 5902 ll.
2603 5877 2670 5889 —-
2689 5867 2707 5900 ι
2734 5847 2798 5903 Et
2828 5847 3118 5905 avolabuot
3144 5847 3300 5918 quasi
3324 5847 3444 5906 avis
3467 5862 3535 5906 ex
3559 5845 3797 5920 Εκγνωι
