3952 6360
27 361 173 422 «£01

805 362 1270 421 TROPOLOGIXE
1306 363 1373 420 IN
1412 363 1608 434 OSEE,
1642 365 1830 424 ΑΜοὲ
1874 366 1962 424 ΕΤ
1989 367 2135 425 JER.
2174 398 2246 410 —-
2285 367 2415 425 LIB.
2444 367 2528 427 ill.
2561 366 2628 425 IN
2669 367 2867 426 OSEE.

3305 367 3413 428 402

48 506 76 538 ι
126 496 200 542 et
233 485 424 557 quasi
452 484 701 542 columba
744 483 813 540 de
849 496 996 540 terra
1025 475 1506 556 Assyrioruni,‘et
1551 484 1718 540 colio-
1746 490 1795 548 Α
1823 482 2154 539 saeculariter
2201 483 2418 554 placere
2462 471 2736 541 desiderat
2779 483 2848 540 de
2905 493 3258 543 excremento
3305 488 3417 544 vir-

54 595 80 627 ι
132 578 310 634 calio
344 593 447 633 eos
473 577 527 632 in
557 578 806 633 domibus
833 578 963 632 suis.
999 596 1018 629 ι
1047 575 1178 631 Filii
1209 580 1372 631 maris
1393 594 1457 632 ex
1486 577 1718 648 .ﬂgypto

46 673 253 742 quasi
293 673 420 728 avis
443 671 684 736 avolant,
715 671 842 726 dum
872 671 1161 726 instinctus
1189 671 1472 742 superbiai,
1500 672 1590 740 qui
1625 686 1720 741 per

51 778 254 818 avem
299 762 599 836 figuratur,
639 778 703 818 ex
752 762 954 819 inlimis
985 778 1044 818 se
1087 763 1370 819 desideriis
1405 762 1640 827 allevat,
1667 770 1723 818 et

55 862 453 924 praesentem
497 867 788 909 maerorem
836 852 1033 922 gaudio
1091 852 1355 922 spirituali
1393 859 1718 924 ,commntat.

55 944 400 1018 Egyptus
444 946 587 1001 enim
614 961 885 1000 maerorem
938 945 1135 1016 signat.
1181 943 1348 1010 Quasi
1391 943 1632 998 columba
1666 943 1722 998 in

57 1035 180 1090 illa
219 1036 363 1092 sine
395 1035 540 1101 felle,
571 1037 664 1092 sed
689 1035 912 1090 seducta
945 1035 1062 1090 sine
1087 1034 1268 1102 corde,
1305 1035 1369 1088 de
1394 1046 1532 1088 terra
1563 1035 1722 1104 Assy-

61 1128 322 1182 viorum
379 1128 578 1192 avolat,
607 1144 730 1183 cum
773 1142 935 1182 omne
976 1127 1106 1182 illud
1135 1141 1164 1180 a
1213 1139 1272 1181 se
1309 1135 1551 1182 removet
1579 1126 1724 1196 quod

74 1221 450 1292 pomposius
492 1222 545 1276 in
589 1222 690 1277 hoc
721 1221 921 1276 mundo
972 1237 1036 1275 ac
1083 1221 1340 1277 cnrialius
1382 1230 1560 1292 putat.
1610 1221 1725 1277 Hoc

76 1311 262 1365 enim
311 1311 556 1366 aulicum
587 1322 764 1368 sonat.
803 1311 871 1365 In
915 1311 1153 1367 domibus
1191 1297 1302 1367 suis
1342 1328 1428 1368 eos
1463 1311 1722 1380 collocat,

78 1416 236 1456 cum
295 1403 371 1458 ad
419 1403 807 1460 conscientiam
851 1412 1133 1459 revocatos
1174 1419 1204 1458 a
1250 1418 1347 1459 sua
1390 1402 1724 1474 dispersione

84 1492 428 1546 coadunaL

180 1583 364 1641 Vens.
415 1586 502 1642 12.
541 1617 614 1628 -
644 1608 662 1640 ι
708 1587 1078 1644 Circnmdedit
1121 1605 1207 1646 me
1252 1589 1304 1644 in
1356 1589 1727 1661 negotiatione

94 1695 118 1728 ι
178 1676 498 1749 Ephraim,
548 1691 602 1738 ct
652 1685 705 1738 in
749 1684 873 1740 dolo
916 1685 1108 1740 domus
1158 1683 1346 1740 Israel.
1401 1703 1420 1738 ι
1470 1681 1727 1755 Epitraim

87 1765 289 1825 Deum
337 1771 400 1827 in
427 1776 776 1845 negotiatione
809 1778 1145 1844 circumdat,
1175 1794 1301 1835 cum
1345 1778 1725 1852 priesidentem

1825 583 2020 630 tutum.

1807 671 1812 676 '
1896 667 2059 722 Vsus.
2095 667 2149 720 2.
2178 697 2248 706 -
2278 685 2297 719 ι
2348 665 2618 723 Iudicium
2672 683 2803 741 ergo
2839 669 3053 726 Domini
3098 686 3221 727 cum
3251 670 3415 740 Juda,

1829 775 1847 808 ‹
1881 767 1936 812 et
1980 756 2218 812 visitatio
2276 772 2433 825 super
2479 755 2667 814 Jacob.
2729 779 2748 811 ι
2794 760 2924 816 Cum
2966 762 3111 817 Juda
3151 762 3419 832 judicium

1823 847 2038 902 Domini
2065 857 2167 913 est,
2197 849 2324 918 quia
2351 848 2402 902 in
2433 850 2633 905 virtute
2663 853 3043 922 confessionis,
3073 856 3418 914 discretionis

1825 939 2112 1009 spirituum
2133 939 2406 996 subtilitas
2426 941 2764 1010 permaxime
2788 949 3106 1022 necessaria
3120 957 3223 1004 est.
3247 947 3420 1020 Super

1825 1029 1991 1085 Jacob
2021 1031 2250 1085 visitatio
2279 1033 2360 1097 ﬁt,
2385 1046 2507 1087 cum
2533 1031 2586 1084 in
2616 1033 3027 1103 supplantandis
3053 1040 3201 1096 vitiis
3218 1041 3418 1096 rationi

1826 1131 2028 1179 nostrae
2055 1131 2234 1179 metus
2262 1123 2458 1178 divinte
2495 1123 2714 1180 ultionis
2759 1141 2977 1198 semper
3012 1131 3234 1186 assistit.
3278 1131 3420 1187 Visi-

1827 1216 1959 1271 tatio
1994 1217 2138 1272 enim
2181 1216 2468 1288 aliquoties
2499 1232 2597 1287 pro
2635 1219 2905 1288 punitione
2931 1201 3165 1290 ponitur.
3196 1205 3219 1273 ἰ
3254 1222 3420 1281 Juxta

1833 1328 1851 1361 ‹
1884 1310 2002 1366 vias
2031 1311 2148 1380 ejus
2175 1320 2230 1366 et
2269 1308 2425 1377 juxta
2457 1310 2870 1366 adinventiones
2913 1311 3030 1380 ejus
3059 1314 3247 1369 reddet
3271 1296 3353 1384 ei.
3393 1336 3412 1368 ι

1826 1401 1993 1456 Juxta
2022 1403 2137 1457 vias
2178 1402 2293 1473 ejus
2340 1401 2388 1455 ei
2435 1399 2699 1466 redditur,
2727 1416 2849 1456 cum
2888 1402 3194 1460 intellectus
3221 1395 3423 1460 noster

1827 1507 1928 1564 pro
1989 1491 2256 1566 cujusque
2304 1492 2512 1549 erroris
2561 1494 2867 1562 quantitate
2913 1495 3334 1566 compnngitur,
3367 1505 3426 1551 et

1829 1587 1986 1656 quasi
2039 1602 2138 1657 pro
2185 1587 2479 1643 commisso
2526 1586 2764 1656 vapulat,
2817 1586 2943 1642 dum
2993 1586 3194 1642 doloris
3244 1587 3422 1643 intimi

1831 1679 2086 1734 talionem
2139 1679 2403 1750 petulanti
2472 1679 2742 1748 quondam
2810 1663 3010 1734 animo
3043 1688 3420 1751 repraesentat.

1814 1771 2235 1826 -Adinventioues
2284 1780 2465 1826 autem
2521 1779 2647 1826 sunt
2695 1786 3031 1842 qua-cunque
3071 1771 3423 1827 inhumanis

89 1859 211 1917 sibi
278 1861 340 1917 in
408 1865 518 1922 Deo
571 1869 834 1926 rationem
882 1869 1067 1942 gloriae
1130 1871 1306 1927 inanis
1372 1871 1727 1927 mercimonio

1835 1862 2022 1917 usibus
2051 1861 2234 1918 debito
2281 1871 2489 1917 natura:
2519 1873 2835 1932 supersunt.
2859 1862 2967 1918 Has
2992 1881 3040 1918 et
3069 1863 3267 1930 reddit,
3296 1879 3421 1919 cum

93 1965 478 2026 coangustat.
517 1958 659 2026 Quid
687 1961 832 2016 enim
869 1973 953 2018 est
998 1963 1106 2018 nisi
1136 1964 1420 2034 negotiari,
1458 1979 1557 2034 pro
1585 1962 1731 2034 vulgi

94 2040 418 2102 favoribus
455 2048 593 2104 bene
631 2053 887 2122 operari?
912 2053 1172 2124 Epllroim
1207 2071 1336 2125 ergo
1365 2055 1537 2110 Deum
1578 2070 1734 2124 nego-

101 2135 351 2190 tiatione
397 2137 738 2206 circumdat,
765 2157 887 2198 cum
937 2145 1004 2198 ad
1038 2144 1379 2213 recipiendas
1423 2160 1525 2214 pro
1570 2145 1732 2198 bene-

103 2221 290 2281 factis
320 2225 536 2298 laudes,
582 2233 907 2289 sentientem
938 2249 1065 2290 cum
1095 2234 1206 2290 Deo
1252 2235 1500 2306 spiritum
1540 2235 1732 2291 volun-

108 2315 253 2370 tatis
291 2319 516 2373 vanitas
542 2324 834 2390 persuadet
877 2333 932 2380 et
978 2325 1188 2381 incitat.
1224 2326 1427 2381 Domus
1466 2325 1638 2381 Israel
1675 2326 1733 2379 in

102 2404 242 2461 dolo
288 2409 620 2479 circumdat,
649 2430 771 2470 cum
810 2417 1144 2473 conscientia
1189 2420 1395 2473 carnali
1445 2415 1728 2486 appetitui,

24 2567 26 2570 ι
107 2502 269 2570 quod
301 2513 392 2559 est
416 2505 603 2574 Israel,
633 2523 802 2578 prona
830 2511 882 2564 in
915 2509 1204 2580 superficie
1226 2511 1599 2583 cogitationis,
1630 2511 1731 2566 ilii-

109 2594 279 2663 perio
308 2598 538 2654 rationis
563 2601 939 2672 obtemperare
983 2617 1041 2657 se
1075 2603 1332 2668 simulat;
1379 2619 1500 2673 quae
1548 2611 1728 2656 tamen

112 2690 597 2755 opportunitatem
623 2695 884 2764 peccandi
909 2705 1232 2766 aucupatur,
1257 2696 1299 2749 si
1327 2694 1505 2750 liceat.
1527 2714 1544 2745 ι
1563 2693 1730 2748 Jollas

121 2791 145 2826 ι
182 2788 375 2833 autem
425 2782 578 2838 testis
621 2785 898 2840 descendit
927 2801 1050 2840 cum
1101 2786 1235 2851 Deo,
1267 2795 1324 2840 et
1371 2799 1493 2839 cum
1525 2781 1730 2838 sanctis

123 2885 146 2920 ι
185 2870 388 2927 fidelis.
425 2893 444 2926 ι
473 2873 626 2943 Quod
657 2889 740 2933 est
762 2878 944 2934 dicere
973 2897 987 2934 :
1016 2877 1420 2934 Poenitentialis
1458 2875 1731 2933 confessio

121 2975 252 3031 quae
293 2968 438 3035 quod
467 2969 520 3024 in
557 2971 716 3027 nobis
739 2972 882 3028 Deus
909 2972 1141 3041 judicat,
1173 2972 1289 3042 ipsa
1329 2971 1493 3026 etiam
1526 2970 1733 3041 pariter

124 3058 483 3126 condemnat,
518 3080 536 3114 ι
571 3064 616 3118 si
649 3065 792 3119 enim
822 3066 1188 3136 nosmetipsos
1207 3065 1596 3136 jlldicaremus,
1623 3077 1732 3118 non

123 3147 322 3218 utique
373 3148 748 3219 iudicaremur
785 3155 831 3227 (l
883 3155 1005 3210 Cor.
1040 3173 1078 3212 il
1103 3197 1118 3224 ,
1158 3157 1270 3227 5i).
1310 3175 1328 3208 ι
1368 3154 1426 3209 In
1475 3155 1576 3209 hoc
1612 3153 1730 3224 ipso

133 3257 257 3295 cum
282 3242 392 3298 Deo
426 3248 571 3301 testis
600 3248 888 3315 descendit,
915 3249 970 3302 id
1007 3257 1092 3304 est
1134 3248 1474 3313 humiliatur,
1501 3245 1632 3316 quia
1663 3245 1731 3301 ab

136 3329 398 3401 Ephraim
423 3347 478 3391 et
506 3338 690 3402 Israel,
728 3348 840 3393 tam
883 3341 1133 3409 superbis
1163 3356 1326 3410 quam
1373 3337 1636 3405 subdolis,
1666 3338 1734 3393 ad

140 3424 286 3483 hanc
314 3429 550 3500 simplici
583 3431 890 3501 dejectione
935 3435 1256 3488 recurritur.
1289 3433 1356 3487 Et
1391 3448 1510 3486 cum
1539 3432 1733 3485 sanctis

142 3515 317 3587 ﬁdelis
347 3531 452 3586 est,
482 3523 610 3578 dum
659 3524 1049 3590 humilitatem,
1077 3540 1239 3595 quam
1270 3525 1350 3580 eis
1394 3525 1448 3578 in
1484 3523 1734 3594 praesenti

146 3607 408 3681 imperat,
443 3614 498 3669 in
529 3617 809 3686 sequentis
848 3616 1031 3673 smculi
1072 3615 1400 3672 exultatione
1443 3614 1731 3686 glorilieat.

147 3699 348 3761 Fidelis
397 3723 527 3780 ergo
575 3709 809 3777 dicitur,
839 3711 966 3780 quia
993 3711 1139 3782 quod
1169 3711 1328 3767 modo
1358 3708 1587 3780 spondet
1627 3707 1734 3765 fide

148 3799 475 3871 sempiterna
497 3803 702 3859 sanctis
729 3805 1067 3874 exsequitur.
1697 3819 1703 3822 '

746 3897 976 3956 CAPUT
1013 3897 1126 3953 XII.

225 3985 379 4042 Vsus.
409 3989 462 4044 1.
488 4021 560 4031 -
587 4009 606 4042 σ
640 3991 897 4062 Ephraim
930 3993 1104 4063 pascit
1144 3998 1366 4046 ventum
1407 3997 1461 4044 et
1489 3987 1734 4057 sequitur

164 4093 184 4128 ί
218 4089 416 4137 iustum.
453 4103 472 4134 ι
506 4083 762 4155 Ephraim
815 4094 1020 4141 rentum
1060 4084 1267 4156 pascit,
1294 4083 1422 4136 dum
1469 4082 1731 4146 ventosis,

162 4171 214 4226 id
255 4184 328 4229 est
372 4165 710 4247 loquacilius,
744 4195 1006 4234 novarum
1057 4179 1262 4233 scilicet
1309 4191 1489 4231 rerum
1521 4174 1734 4243 cupidis

163 4264 403 4321 efferendi
450 4285 576 4324 suas
623 4270 810 4326 laudes
848 4285 1042 4325 causas
1086 4268 1353 4324 attribuit.
1400 4267 1510 4320 lloc
1541 4266 1736 4320 dicitur

167 4353 402 4424 Ephraim
432 4357 634 4423 facere,
656 4361 780 4430 quia
811 4362 1022 4432 adjacet
1047 4359 1311 4414 voluntati
1341 4357 1549 4412 laudari
1577 4355 1729 4410 veIIe.

169 4443 398 4516 Sequitur
421 4462 637 4514 restant,
672 4453 796 4521 quia
843 4468 950 4523 quo
998 4453 1170 4524 magis
1223 4449 1463 4506 exterius
1510 4448 1734 4502 restrin-

1833 1953 1935 2009 sibi
1989 1953 2092 2024 ipsi
2139 1953 2520 2010 intellectualis
2571 1953 2659 2010 ille
2701 1953 2869 2024 judex
2917 1954 3018 2011 sub
3068 1943 3423 2027 paenitudinis

1834 2044 2133 2101 acerbitate
2163 2045 2425 2102 restituit.
2573 2071 2578 2076 -
2887 2071 2890 2076 -
3081 2071 3088 2076 α
3166 2073 3174 2078 -
3301 2065 3308 2074 ι

1821 2161 1826 2168 ·
1907 2139 2074 2196 Vens.
2117 2139 2172 2194 5.
2219 2139 2275 2194 4.
2308 2167 2381 2180 -
2421 2157 2438 2192 ι
2482 2139 2538 2194 1η
2585 2147 2742 2195 utero
2785 2141 3150 2209 supplantavit
3196 2139 3424 2196 fratrem

1842 2248 1862 2282 ι
1904 2245 2095 2298 suum;
2128 2241 2184 2287 et
2209 2232 2264 2286 in
2295 2221 2612 2288 fortitudine
2645 2247 2744 2288 sua
2775 2231 3015 2287 directus
3050 2243 3132 2288 est
3174 2249 3298 2288 cum
3326 2249 3426 2288 an-

1841 2343 1859 2375 ι
1901 2324 2043 2395 gelo.
2075 2324 2142 2379 Et
2172 2324 2403 2379 invaluit
2429 2326 2495 2380 ad
2523 2325 2798 2398 angelum,
2820 2335 2875 2382 et
2901 2325 3240 2384 confortatus
3261 2337 3363 2384 est.
3398 2346 3420 2382 ι

1835 2413 1903 2469 In
1930 2425 2078 2470 utero
2104 2415 2322 2485 fratrem
2350 2416 2674 2487 supplantat,
2701 2432 2822 2472 cum
2857 2419 2998 2473 intra
3028 2403 3422 2475 conscientiam

1835 2507 2068 2562 carnalis
2098 2507 2428 2576 rigiditatem
2455 2510 2725 2580 appetitus
2749 2511 3070 2581 pl'iccipitat.
3106 2511 3173 2566 In
3207 2512 3423 2583 fortitu-

1817 2601 1954 2654 dine
1972 2617 2070 2656 sua
2098 2618 2216 2656 cum
2241 2601 2442 2674 Angela
2480 2603 2752 2674 dirigitur,
2782 2620 2904 2660 cum
2933 2604 3156 2662 libertas
3187 2607 3424 2674 arbitrii,

1817 2693 1938 2765 'qua
1969 2694 2165 2750 fortius
2193 2695 2327 2750 nihil
2353 2706 2458 2762 est,
2492 2700 2727 2755 sermoni
2753 2698 2957 2764 divino,
2989 2701 3078 2770 qui
3111 2701 3204 2757 Dei
3233 2701 3301 2755 ad
3327 2719 3426 2758 nos

1833 2786 2199 2844 internuntius
2250 2799 2355 2856 est,
2407 2790 2682 2848 irremisse
2719 2793 2987 2848 innititur.
3031 2795 3115 2848 Ad
3167 2797 3426 2868 Angelum

1834 2871 2158 2946 invalescit,
2210 2897 2332 2938 cum
2385 2899 2454 2939 ex
2511 2884 2709 2956 eloquii
2770 2886 3204 2956 frequentatione
3258 2890 3427 2945 divini

1835 2982 2024 3030 contra
2069 2977 2376 3033 contrarias
2406 2977 2754 3034 fortitudines
2791 2981 3075 3050 spirituale
3105 2983 3156 3036 in
3191 2983 3307 3038 dies
3339 3000 3428 3039 ro-

1834 3065 1938 3121 bur
1968 3069 2252 3123 accrescit.
2299 3069 2670 3136 Confortatur,
2699 3073 2824 3126 dmn
2874 3071 3016 3126 inter
3066 3075 3426 3130 tentationum

1837 3159 2134 3226 molimina,
2160 3176 2428 3232 nusquam
2455 3162 2653 3218 mentis
2676 3164 2824 3233 rigor
2849 3171 3046 3218 nutare
3068 3166 3424 3234 permittitur.

1843 3270 1861 3303 (
1899 3251 2076 3309 Flevit
2114 3263 2169 3308 et
2212 3254 2423 3325 rogavit
2449 3269 2594 3310 eum.
2639 3273 2658 3307 ι
2693 3255 2750 3308 Ill
2789 3253 2914 3310 fletu
2967 3256 3165 3312 humor
3199 3258 3431 3314 interior

1835 3349 1902 3403 ad
1937 3348 2206 3404 exteriora
2243 3349 2475 3405 elicitur.
2501 3339 2658 3404 Flere
2685 3363 2817 3418 ergo
2843 3347 3063 3416 dicitur,
3095 3351 3188 3420 qui
3209 3367 3425 3407 omnem

1836 3438 2152 3496 interiorem
2184 3440 2464 3496 mollitiem
2496 3455 2794 3496 exsuccare
2829 3449 3076 3496 conatur.
3119 3441 3295 3513 Rogat
3325 3459 3427 3498 an-

1835 3532 2041 3602 gelum,
2093 3531 2185 3602 qui
2232 3532 2283 3586 ili
2316 3547 2526 3588 summa
2570 3533 2731 3588 habet
2777 3533 3128 3606 veneratione
3169 3543 3227 3590 et
3274 3551 3430 3591 reve-

1836 3627 2006 3681 rentia
2039 3626 2133 3682 Dei
2169 3627 2416 3681 verbum.
2453 3646 2471 3679 ‹
2513 3621 2570 3682 In
2612 3627 2800 3684 Bethel
2839 3628 3221 3694 inveniteum,
3251 3640 3307 3684 et
3353 3631 3425 3686 ibi

1843 3738 1861 3772 ι
1891 3720 2103 3776 locutus
2126 3730 2205 3775 est
2231 3721 2392 3792 217
2420 3721 2721 3778 nobiscum.
2750 3722 2939 3794 (Vsus.
2969 3723 3050 3795 5.)
3080 3723 3144 3779 Et
3169 3723 3430 3781 Dominus

1823 3833 1826 3838 ι
1896 3813 2042 3870 Deus
2068 3816 2427 3883 exercituum,
2459 3815 2719 3871 Dominus
2757 3817 3072 3873 memoriale
3099 3818 3238 3887 ejus.
3277 3836 3296 3870 ι
3323 3816 3426 3874 Bc.-

1837 3903 1947 3960 thel
1997 3905 2388 3977 interpretatur
2437 3906 2625 3960 domus
2679 3905 2790 3961 Dei.
2835 3907 2889 3962 In
2941 3907 3128 3964 Bctliel
3174 3909 3426 3979 angelum

1834 3994 2052 4063 invenit,
2092 4014 2216 4053 cum
2268 3999 2434 4053 Deum
2485 3998 2908 4054 inhabitatorem
2953 4013 3148 4070 gerens
3182 4015 3279 4072 per
3314 4000 3431 4070 ejus

1821 4091 2223 4158 "aspirationem
2258 4090 2425 4146 divini
2453 4091 2652 4160 eloquii
2694 4106 2892 4146 arcana
2941 4092 3190 4158 discutit,
3239 4108 3346 4162 quo
3377 4104 3432 4148 ct

1834 4181 2044 4251 prolata
2092 4193 2312 4237 auctore
2359 4187 2630 4254 cognovit.
2675 4184 2932 4252 Quisquis
2977 4186 3119 4240 enim
3168 4186 3427 4256 mysteria

1837 4274 2239 4346 Scripturarum
2260 4276 2376 4331 sine
2396 4276 2486 4331 Dei
2514 4277 2718 4343 Spiritu
2751 4293 2994 4334 reserare
3017 4293 3175 4346 posse
3205 4294 3264 4333 se
3281 4281 3426 4334 aesti-

1840 4376 1979 4434 mat,
2015 4369 2172 4437 plane
2224 4368 2386 4423 veluti
2434 4369 2550 4424 sine
2600 4369 2892 4423 luminibus
2939 4369 3146 4424 alienos
3196 4371 3430 4439 parietes

1836 4473 2102 4515 erroneus
2132 4459 2329 4530 palpat.
2366 4459 2441 4512 lbi
2474 4459 2742 4512 nobiscum
2789 4459 3047 4528 loquitur,
3073 4459 3200 4528 quia
3229 4475 3426 4516 secun-

171 4541 322 4643 βίων,
365 4558 429 4598 eo
477 4545 704 4600 interius
751 4547 920 4616 magis
961 4548 1156 4616 flagrat
1203 4543 1506 4600 fervoribus
1535 4556 1732 4596 carna-
1761 4550 1966 4643 Ddum
2015 4553 2156 4621 quod
2214 4565 2244 4603 a
2293 4549 2403 4603 Deo
2444 4559 2632 4618 pectus
2683 4549 2909 4618 legentis
2952 4548 3247 4616 imbuitur,
3302 4565 3426 4605 mox

171 4628 290 4685 lium
337 4633 745 4692 inccntivorum.
795 4637 872 4692 Ac
922 4640 965 4692 si
1013 4638 1218 4692 diceret
1260 4653 1274 4690 :
1319 4634 1558 4688 Favores
1601 4633 1733 4687 foris
1763 4628 1810 4702 7'
1839 4655 2009 4694 sacrae
2061 4639 2270 4710 paginas
2307 4640 2680 4693 consentiente
2711 4638 2999 4705 sententia,
3039 4638 3300 4710 quidquid
3331 4642 3429 4697 ob-

172 4725 372 4793 expetit,
404 4728 496 4782 sed
527 4738 677 4784 tanto
703 4745 827 4785 eum
853 4729 1150 4800 petulantia
1179 4727 1367 4783 durius
1390 4725 1517 4780 urit.
1553 4744 1569 4776 I
1599 4724 1730 4779 'l'ota

179 4833 197 4867 ι
232 4816 305 4871 die
330 4821 660 4877 mendacium
693 4833 747 4878 et
772 4825 1081 4879 vastitatem
1113 4821 1454 4894 multiplicat,
1481 4829 1534 4874 et
1557 4807 1734 4875 imitus

179 4930 199 4963 ι
232 4927 335 4967 cum
355 4915 592 4987 Assyriis
618 4917 761 4979 iniit,
787 4918 1035 4972 etoleum
1064 4919 1114 4972 in
1138 4916 1431 4989 {Egyptum
1458 4915 1683 4971 fel'cbat.
1707 4934 1725 4967 ι

182 5002 294 5059 Tuta
317 5006 392 5061 die
419 5008 749 5063 mendacium
794 5009 1128 5078 multiplicat,
1169 5012 1258 5081 qui
1297 5010 1498 5082 jugitcr
1541 5010 1733 5066 alienis

178 5093 314 5151 labiis
357 5112 451 5168 per
496 5115 650 5154 suam
697 5101 1026 5171 hypocrisim
1081 5103 1394 5158 occasiones
1441 5103 1732 5158 mentiendi

182 5193 541 5254 subministrat.
593 5197 699 5251 Sed
745 5191 1050 5250 vastitatem
1085 5196 1432 5264 muttlplicat,
1467 5197 1592 5264 quia
1628 5211 1734 5266 quo

184 5290 328 5360 magis
347 5291 526 5347 extolli
563 5306 623 5348 se
659 5292 833 5358 audit,
867 5304 932 5344 eo
975 5288 1328 5345 desolationis
1376 5289 1603 5344 internae
1640 5291 1734 5345 de-

186 5389 308 5434 serta
329 5380 530 5448 dilatat,
555 5385 682 5438 dum
707 5383 994 5436 verborqu
1021 5379 1248 5436 florente
1275 5379 1449 5451 copia,
1482 5395 1600 5450 quae
1625 5397 1733 5436 non

186 5469 396 5526 videnlur
448 5471 670 5528 incuriae
721 5473 1010 5545 mancipat.
1065 5471 1261 5528 Foedus
1326 5487 1446 5526 cum
1506 5471 1734 5544 Assyriis

188 5562 288 5630 init,
317 5566 428 5620 dum
459 5582 583 5622 cum
619 5567 704 5623 his
731 5570 823 5637 qui
869 5567 1237 5638 temporaliter
1275 5566 1574 5636 gloriantur
1603 5584 1736 5622 una-

191 5655 322 5712 nimis
345 5657 417 5711 ﬁt.
467 5659 653 5714 Oleum
702 5663 756 5714 in
790 5661 1080 5734 zEgyptum
1125 5668 1326 5731 portat,
1369 5659 1459 5729 qni
1506 5660 1732 5730 gratiam

191 5747 270 5803 Dei
312 5748 354 5803 in
390 5765 614 5806 vacuum
645 5767 702 5807 se
743 5755 1014 5825 recepisse
1059 5767 1164 5808 non
1216 5752 1448 5822 trepidat
1493 5751 1579 5823 (ll
1607 5751 1728 5808 Cor.

193 5851 260 5910 νι,
283 5839 344 5914 I).
373 5842 438 5900 Et
471 5844 526 5900 in
553 5843 842 5921 Egyptum
890 5845 994 5904 fert
1024 5846 1192 5906 oleum
1212 5888 1225 5905 .
1261 5845 1353 5920 qui
1384 5845 1732 5904 saecularibus

1837 4742 2078 4788 strusum
2109 4731 2319 4803 pridem
2351 4731 2636 4786 obstiterat
2673 4731 2879 4801 liquido
2911 4733 3169 4803 aperitur.

1831 4861 1836 4866 -
1909 4821 2217 4878 Notandum
2261 4824 2405 4894 quod
2451 4823 2803 4892 singulariter
2844 4823 2911 4878 de
2949 4839 3008 4879 se
3043 4824 3271 4896 loquens
3298 4826 3426 4880 sub-

1832 4915 2014 4987 junxit
2052 4925 2321 4983 extremo,
2368 4917 2660 4972 noniscum.
2698 4915 2954 4972 Inventus
2982 4917 3128 4971 enim
3159 4919 3215 4970 in
3242 4915 3427 4972 Bel/rel

1839 5009 2103 5064 nobiscum
2139 5007 2400 5079 loquitur,
2433 5009 2560 5078 quia
2589 5017 2790 5064 sanctae
2815 4997 3116 5079 cujusmam
3145 5009 3428 5063 conscien-

1841 5101 1948 5166 tite,
1985 5116 2106 5172 quae
2135 5101 2244 5157 Deo
2281 5101 2497 5172 hospite
2529 5099 2754 5171 gaudet,
2787 5113 2980 5155 sensus
3009 5100 3062 5152 in
3095 5113 3251 5155 sacra
3277 5098 3427 5155 Scri-

1837 5204 1993 5264 ptura
2034 5196 2395 5266 perscrutanti
2445 5195 2675 5258 divinos,
2729 5209 2852 5248 cum
2891 5192 3095 5262 aliquid
3125 5193 3422 5248 obscurum

1838 5285 2175 5351 inclaruerit,
2223 5287 2472 5356 profecto
2517 5284 2636 5340 sine
2681 5283 2883 5339 invidia
2927 5300 2955 5337 a
2996 5283 3107 5340 Deo
3151 5285 3255 5340 sibi
3293 5284 3421 5340 data

1839 5375 2016 5431 celare
2049 5376 2358 5447 impatiens,
2392 5385 2484 5430 aut
2505 5374 2777 5430 locutione
2802 5384 2894 5429 aut
2917 5364 3119 5446 scripto
3142 5390 3242 5432 nec
3268 5365 3420 5433 mera

1837 5475 1894 5521 et
1923 5466 2046 5521 aliis
2075 5482 2378 5538 propagare
2402 5465 2680 5536 gaudebit.
2710 5464 2819 5519 Nec
2845 5466 3018 5521 solum
3047 5467 3294 5538 angelus,
3327 5469 3423 5524 sed

1838 5569 1885 5614 et
1917 5560 2168 5614 Dominus
2194 5559 2337 5612 Deus
2369 5557 2690 5612 exercituum
2714 5559 2910 5612 nobisci
2931 5574 2982 5610 m
3013 5558 3273 5628 loquitur,
3297 5561 3425 5630 quia

1841 5652 2104 5723 quidquid
2137 5651 2189 5705 in
2219 5651 2407 5706 eodem
2449 5665 2608 5704 sacro
2639 5649 2854 5722 eloquio
2887 5652 3173 5719 reperitur,
3201 5653 3269 5705 ab
3307 5652 3426 5722 ipso

1839 5744 2062 5800 indubie
2098 5744 2375 5814 panditur,
2408 5743 2499 5814 qui
2534 5742 2774 5814 priorum
2799 5744 3182 5799 exercitiorum
3213 5753 3428 5798 nostroa

1842 5857 1963 5906 rum
2025 5840 2294 5914 benignus
2347 5838 2616 5925 incentor,
2675 5856 2794 5910 qua:
2841 5839 2925 5895 his
2984 5837 3188 5910 sanctis
3229 5834 3425 5909 studiis
