3998 6326
549 393 656 462 tos

1411 389 1474 447 v.
1500 381 1826 448 culeeart
1861 366 2154 450 ABBATIS
2182 390 2239 450 s.
2283 392 2525 449 suam:
2566 391 2652 450 DE
2671 390 3068 452 nonnemo

3694 402 3785 466 404

555 521 964 593 impenduntur,
1017 527 1138 570 esse
1183 511 1463 582 probatur.
1527 508 1814 564 Exercitus
1875 511 2020 564 enim
2071 511 2137 566 ab
2169 527 2215 583 Α
2246 513 2542 586 imaginem
2591 513 2932 578 sanctitatis,
2983 526 3104 582 qua:
3150 524 3180 564 a
3226 510 3434 568 cunctis
3485 510 3662 572 honori
3702 519 3784 580 ha-

552 613 840 671 erercendo
881 609 1098 671 dicitur,
1137 614 1302 660 etest
1335 604 1473 657 Deus
1507 605 1855 667 exercituum,
1883 603 1968 657 cui
2002 603 2143 658 mili-

552 703 950 761 tantexercitia
989 699 1315 752 animorum.
1357 695 1616 749 Dominus
1657 694 1960 748 memoriale
1999 695 2138 765 ejus,

553 796 802 864 superius
846 793 1061 846 dixerat
1110 790 1369 844 Dominus
1419 789 1557 843 Deus
1608 791 1953 855 exercituum,
1997 805 2141 845 nunc

548 891 712 942 iterat
759 886 923 940 etiam
955 885 1227 952 Dominus
1250 923 1265 948 ,
1305 891 1364 936 ut
1393 898 1490 952 per
1521 883 1620 936 hoc
1654 883 1844 936 innuat
1888 882 2138 936 eumdem

548 995 667 1034 esse
693 979 1000 1042 Dominum,
1029 977 1118 1046 qui
1151 975 1295 1031 sacri
1344 975 1492 1028 verbi
1539 974 1696 1028 nobis
1731 975 1970 1028 Studium
2009 971 2140 1028 sub-

545 1071 836 1135 ministrat,
877 1073 969 1139 qui
1008 1069 1279 1140 quondam
1327 1083 1421 1138 per
1466 1068 1856 1137 prophetarum
1901 1081 2027 1130 ora,
2074 1081 2138 1120 ea

545 1181 668 1236 quae
706 1165 822 1234 ejus
857 1164 1092 1234 gratiam
1129 1163 1181 1216 in
1216 1177 1405 1217 eorum
1435 1161 1587 1216 libris
1619 1179 1647 1214 a
1676 1163 1833 1216 nobis
1857 1163 2018 1216 anxie
2044 1177 2140 1216 ex-

549 1256 840 1324 quiruntur
863 1253 1077 1308 locutus
1112 1253 1310 1307 fuerat.
1347 1251 1658 1306 Memoriale
1685 1263 1865 1306 autem
1895 1253 2011 1322 ejus
2033 1252 2139 1308 hoc

551 1357 634 1400 est
679 1357 734 1400 ut
765 1348 855 1416 qui
895 1348 1167 1416 quondam
1209 1361 1306 1416 per
1351 1343 1472 1399 illos
1514 1345 1768 1414 antiquos
1813 1343 1952 1398 mira
2004 1360 2139 1414 prie-

551 1440 783 1503 dixcrat,
841 1454 946 1494 non
999 1438 1261 1492 minorem
1313 1437 1582 1508 hodieque
1617 1438 1671 1492 in
1705 1438 1860 1493 nobis
1881 1437 2137 1493 virtutem

550 1548 809 1605 exercere
849 1533 1126 1596 credatur,
1163 1533 1361 1603 quibus
1405 1533 1540 1585 tanti
1589 1533 1801 1588 consilii
1837 1535 2137 1596 penetralia

549 1625 859 1680 subinlrare
933 1624 1212 1678 humiliter
1271 1624 1646 1691 qumrentihus
1707 1625 1897 1680 donat.
1971 1626 2132 1679 illa-

541 1717 734 1772 bentes
757 1755 773 1782 ,
809 1727 841 1770 δ’
871 1718 1047 1786 inquit
1111 1716 1430 1787 Apostolus,
1485 1718 1735 1772 eumdem
1799 1736 1816 1768 ι
1838 1718 2090 1787 spiritum
2119 1759 2134 1786 ,

543 1809 844 1873 credimus,
899 1817 1119 1880 propter
1182 1810 1325 1881 quod
1375 1817 1430 1865 et
1495 1809 1770 1879 loquimur
1850 1808 1961 1880 (ΙΙ
2009 1809 2133 1864 Cor.

551 1919 569 1954 ι
621 1903 880 1973 xlv,15).
913 1923 931 1954 ι
1014 1972 1016 1974 ν
1085 1969 1088 1972 ἢ
2017 1957 2031 1970 ξ,

618 1991 783 2047 Vsus.
817 1987 872 2046 6.
901 2022 970 2032 —-
1004 2011 1022 2044 ε
1051 1993 1120 2047 Ει
1148 1999 1202 2046 ιιι
1251 1994 1317 2046 ad
1358 1993 1526 2048 Deum
1567 2000 1716 2046 tuum
1762 1993 2130 2058 converteris;

554 2101 574 2136 ι
614 2083 1043 2155 misericordiam
1089 2092 1144 2136 ct
1187 2082 1453 2152 judicium
1499 2082 1733 2148 custodi,
1787 2092 1841 2137 et
1878 2098 2034 2154 spera
2082 2084 2133 2138 in

550 2193 568 2226 ι
608 2177 718 2229 Deo
751 2184 843 2229 tuo
871 2190 1105 2244 semper.
1141 2194 1161 2227 ι
1206 2175 1270 2228 Ει
1311 2175 1379 2228 ad
1424 2175 1589 2228 Deum
1637 2191 1795 2229 suum
1843 2174 1985 2230 haud
2035 2175 2136 2229 du-

540 2268 692 2322 bium
739 2269 868 2338 quin
908 2267 1079 2323 Iacob
1113 2278 1206 2321 aut
1233 2266 1402 2322 Judas
1435 2268 1792 2334 convertitur,
1838 2283 1963 2322 cum
1995 2269 2134 2324 ratio

545 2361 997 2432 ptenitentialiter
1025 2377 1240 2432 semper
1273 2361 1559 2426 conﬁtens,
1599 2362 2132 2434 inber-supernorum

553 2455 871 2526 largitiones
917 2471 1201 2509 munerant
1236 2456 1302 2508 ad
1339 2470 1484 2519 cum,
1531 2471 1560 2508 a
1594 2470 1704 2524 quo
1734 2465 2131 2526 prawogantnr,

547 2556 860 2618 respectare
909 2556 1174 2602 monetur.
1225 2546 1646 2601 Miscricordiam
1681 2557 1729 2601 et
1741 2548 2008 2618 judicium
2041 2563 2134 2603 cu—

545 2641 750 2694 stodire
795 2640 1038 2710 jubetur,
1094 2648 1152 2693 ut
1207 2639 1416 2694 scilicet
1464 2639 1517 2693 in
1565 2640 1846 2709 praesenti,
1897 2639 1946 2693 si
1996 2641 2135 2695 bene

541 2731 824 2802 invigilet,
878 2746 936 2787 se
985 2730 1084 2786 Dei
1128 2731 1565 2786 misericordiam
1624 2743 1966 2802 reperturum
2023 2747 2132 2786 non

543 2821 820 2890 desperet,
861 2807 942 2876 sin
988 2829 1193 2900 autem,
1240 2821 1293 2876 in
1335 2823 1518 2877 futuro
1551 2822 1820 2892 judicium
1854 2823 2134 2878 miserabi-

544 2913 646 2967 lem
671 2913 1044 2983 prtcstolctur;
1077 2914 1264 2984 sicque
1297 2915 1443 2971 inter
1475 2932 1626 2987 spem
1657 2916 2050 2973 misericordiae
2080 2926 2133 2971 et

545 3016 751 3060 metum
796 3007 988 3077 judicii
1028 3009 1380 3073 constitutus,
1424 3010 1490 3064 ad
1533 3025 1684 3080 spem
1720 3011 1940 3080 pronior
1985 3011 2134 3065 inve-

544 3100 750 3166 niatur,
800 3110 857 3155 ut
900 3100 1074 3170 magis
1119 3116 1305 3156 amore
1348 3117 1510 3172 quam
1559 3103 1754 3157 timore
1805 3103 2071 3172 trahatur,
2099 3119 2131 3158 a

543 3191 759 3246 nemine
813 3192 956 3246 enim
1011 3193 1340 3262 quidquam,
1379 3193 1482 3248 nisi
1515 3194 1616 3248 sub
1642 3208 1828 3248 amore
1860 3204 2129 3266 speratur,

541 3290 596 3338 et
641 3284 743 3340 hoc
774 3291 856 3340 cst
896 3283 1039 3355 quod
1077 3283 1318 3340 dicitur:
1356 3283 1522 3354 Spera
1554 3285 1607 3339 in
1635 3281 1859 3338 Domino
1897 3285 2006 3340 Deo
2042 3295 2131 3340 tuo

541 3395 761 3432 semoer.

615 3471 779 3526 Vsus.
811 3471 860 3525 7.
890 3502 959 3510 —
993 3490 1010 3522 ‹
1045 3470 1328 3537 Chanaan,
1366 3471 1422 3526 in
1461 3487 1622 3526 manu
1659 3470 1776 3542 ejus
1803 3481 2006 3528 statera
2043 3473 2134 3529 do-

547 3584 565 3617 ι
604 3565 741 3630 losa,
772 3565 1103 3620 calumniam
1137 3564 1346 3619 dilexit.
1383 3584 1400 3616 ι
1447 3564 1704 3620 Chanaan
1741 3567 2133 3632 interpretatur

544 3658 856 3728 negotiator.
907 3656 1194 3727 Negotium
1238 3665 1420 3711 autem
1469 3660 1534 3710 ad
1588 3658 1920 3730 hypocrisim
1967 3675 2132 3729 supra

542 3751 782 3805 diximus
830 3753 1128 3818 pertinere.
1171 3745 1240 3804 In
1280 3767 1444 3804 manu
1479 3766 1610 3821 ergo
1643 3747 1899 3806 Chanaan
1934 3762 2131 3807 statera

543 3840 727 3895 dolosa
771 3850 871 3905 cst,
915 3824 1041 3910 quia
1074 3843 1126 3897 in
1167 3858 1330 3913 opere
1361 3844 1769 3914 hypocritarum
1807 3844 1944 3900 nihil
1977 3848 2128 3916 pensi

544 3944 600 3991 et
641 3935 904 3990 moderati
941 3945 1045 3991 est.
1079 3936 1135 3991 Si
1177 3937 1320 3992 enim
1367 3937 1505 3994 bene
1535 3939 1956 4010 perpenderent,
1994 3957 2128 3995 nun-

542 4044 704 4098 quam
753 4027 1198 4086 lutccinatoribus
1243 4032 1360 4087 suis
1397 4032 1721 4090 inanitatem
1775 4050 1885 4089 sua:
1930 4036 2128 4091 mentis

541 4120 627 4174 vel
677 4122 854 4190 Operis
895 4123 1024 4175 tanti
1067 4123 1386 4179 venderent.
1427 4123 1483 4180 Si
1523 4127 1670 4181 enim
1717 4135 1880 4181 tantae
1934 4127 2126 4182 vacui-

539 4211 636 4266 tati
687 4228 880 4267 nomen
925 4215 1256 4281 sanctitatis,
1299 4217 1445 4288 quod
1493 4220 1638 4274 omni
1693 4220 1947 4275 thesauro
1987 4237 2127 4292 prte-

537 4305 820 4374 ponderat,
858 4321 1148 4378 exaequare
1183 4310 1336 4376 velis,
1393 4328 1498 4366 non
1545 4312 1668 4368 dico
1707 4330 1814 4368 non
1865 4326 1992 4381 stat,
2033 4318 2126 4372 scd

539 4409 639 4452 nec
669 4411 789 4452 esse
817 4408 1019 4468 potest,
1050 4402 1177 4472 quia
1211 4403 1355 4456 inter
1397 4405 1531 4458 nihil
1566 4414 1621 4460 et
1661 4407 1865 4477 aliquid
1902 4424 2126 4479 compa-

539 4491 679 4545 ratio
710 4491 854 4547 nulla
887 4503 1122 4549 constat.
1153 4495 1495 4550 Calumniatn
1527 4513 1743 4568 quoque
1772 4501 1965 4570 diligit,
1997 4502 2124 4571 quia

535 4581 785 4657 quisquis
845 4587 1093 4644 extemis
1159 4587 1440 4647 favoribus
1495 4591 1668 4648 attolli
1721 4593 1962 4667 appetit,
2020 4593 2126 4652 illis

541 4678 795 4732 omnibus
845 4695 1066 4735 necesse
1102 4690 1185 4736 est
1231 4683 1491 4748 invideat,
1535 4700 1674 4754 quos
1703 4695 1796 4741 aut
1821 4687 2000 4756 potius
2029 4697 2122 4742 aut

533 4769 742 4838 pariter
781 4770 990 4826 laudari
1029 4775 1198 4827 audit.
1243 4774 1398 4840 Quod
1437 4777 1484 4830 si
1525 4777 1748 4843 invidet,
1801 4789 1950 4835 certe
1993 4795 2118 4836 mox

534 4865 890 4932 consequitur
933 4873 990 4916 ut
1041 4865 1122 4919 his
1194 4865 1391 4934 quibus
1443 4868 1698 4924 inviderit
1737 4871 2122 4927 amantiSsime

535 4955 778 5025 deroget.

455 5118 458 5122 Δ
609 5044 768 5100 Vens.
809 5046 862 5100 8.
903 5076 971 5086 —
1006 5064 1025 5096 ι
1058 5047 1126 5101 Et
1166 5048 1304 5104 dixit
1353 5050 1615 5121 Ephraim
1668 5069 1681 5106 :
1737 5053 2120 5112 Verumtamen

539 5155 555 5186 ι
600 5138 750 5190 dich
799 5132 1026 5191 cll'cctus
1075 5154 1216 5203 sum,
1270 5141 1450 5196 inveni
1496 5143 1697 5197 idolutn
1731 5146 1882 5199 mihi.
1917 5166 1932 5198 ι
1969 5147 2120 5211 Quod

533 5227 1053 5295 voc;:.vitCliatta:tti,
1105 5231 1208 5286 hoc
1247 5235 1414 5288 etiam
1461 5235 1639 5289 innuit
1689 5253 1786 5306 pcr
1834 5239 2114 5308 Ephraim.

535 5321 590 5374 Si
645 5321 788 5373 enim
821 5321 909 5375 ille
943 5326 1268 5392 negotiator,
1309 5338 1362 5383 et
1407 5329 1495 5384 hic
1537 5327 1779 5401 frugifer,
1827 5331 1984 5401 plane
2027 5343 2118 5388 ne-

531 5413 737 5480 getinm
790 5414 1094 5484 hypocrisis
1139 5435 1243 5474 non
1293 5423 1542 5493 emergit,
1593 5423 1693 5476 nisi
1737 5425 1803 5479 de
1833 5426 2118 5494 superﬁcie

531 5505 668 5573 ejus,
713 5523 834 5577 quae
871 5518 1092 5576 putatur
1122 5512 1378 5584 frugifera
1411 5517 1667 5572 actionis.
1698 5517 1792 5572 Est
1817 5534 1949 5590 ergo
1981 5537 2044 5576 ac
2071 5523 2116 5576 si

531 5601 706 5657 dicat:
739 5602 1060 5673 Quicunque
1081 5603 1133 5660 in
1164 5616 1366 5663 statera
1417 5609 1520 5663 mei
1545 5609 1761 5666 habitus
1786 5621 1838 5667 et
1865 5624 2106 5669 externa:

530 5694 992 5752 considerationis
1020 5698 1092 5752 sit
1123 5699 1302 5769 dolus,
1334 5718 1434 5773 ego
1481 5712 1662 5758 tamen
1699 5705 1852 5760 dives
1890 5706 2113 5772 eilicior,

527 5789 656 5842 dum
690 5805 789 5859 per
820 5791 1064 5845 omnium
1100 5791 1312 5863 linguas
1342 5796 1656 5866 quotidiana
1703 5800 1938 5854 rumoris
1981 5816 2114 5872 aug-

529 5882 863 5937 mentatione
911 5897 1256 5953 promoveor.
1310 5887 1493 5945 Inveni
1550 5889 1747 5946 idolum
1797 5893 1944 5961 milii,
1988 5894 2112 5964 quia

2245 607 2438 660 bentur
2460 607 2694 661 ostendi.
2745 603 2987 660 «Omnes
3030 604 3242 659 labores
3282 605 3387 660 mei
3420 620 3521 660 non
3546 607 3787 672 invenient

2250 718 2268 748 ι
2303 698 2436 751 mihi
2465 698 2808 766 iniquitatem
2832 713 2997 766 quam
3022 696 3263 766 peccavi.
3289 715 3305 746 ι
3335 696 3485 762 Quod
3510 709 3585 751 est
3605 702 3784 762 dicere:

2244 790 2450 846 Idcirco
2504 792 2650 846 omni
2702 807 2830 846 cura
2875 801 2928 845 et
2973 790 3159 844 labore
3213 791 3264 844 in
3312 788 3492 844 colorc
3551 795 3790 868 religionis

2241 869 2622 950 exerceorfut
2658 884 2912 940 videlicet
2967 883 3170 938 nemini
3222 898 3434 950 eorum,
3472 885 3559 953 qui
3589 905 3666 944 me
3687 891 3792 950 ede-

2245 989 2398 1044 runt,
2450 978 2635 1032 veniat
2680 979 2732 1032 in
2789 977 3041 1032 notitiam
3095 976 3356 1046 iniquitas
3408 992 3526 1031 mea
3583 981 3791 1042 interior.

2244 1071 2398 1139 Quod
2453 1073 2626 1139 dicit,
2677 1089 2782 1126 non
2832 1074 3117 1136 invenient,
3161 1073 3242 1126 sic
3292 1080 3376 1126 est
3429 1087 3495 1126 ac
3547 1074 3590 1128 si
3623 1077 3796 1136 diceret

2239 1167 2588 1233 abscondent,
2649 1177 2707 1223 ut
2731 1177 2816 1224 est
2847 1167 2976 1222 illud
3006 1186 3017 1220 :
3055 1185 3073 1218 ι
3105 1166 3315 1222 Clausis
3341 1183 3446 1221 non
3477 1171 3675 1239 aperuit
3695 1188 3796 1230 car.

2225 1275 2423 1334 cetera
2457 1251 2765 1331 (Isaifxiv,
2795 1261 2907 1328 l7),
2933 1281 2951 1314 ι
2981 1262 3127 1332 quod
3159 1269 3243 1315 est
3269 1261 3545 1315 obstrusit.

2315 1395 2480 1454 Vens.
2510 1399 2564 1455 9.
2598 1431 2668 1440 —
2702 1417 2719 1451 ι
2747 1397 2815 1454 Et
2866 1413 2967 1466 ego
3012 1397 3274 1455 Dominus
3333 1397 3479 1453 Dens
3529 1407 3668 1466 tuus,
3697 1404 3795 1472 ‘qui

2250 1510 2268 1542 ‹
2309 1493 2468 1546 eduxi
2504 1502 2553 1547 te
2581 1493 2648 1547 de
2677 1501 2824 1548 terra
2858 1491 3101 1563 Aigypti,
3134 1492 3310 1546 adhuc
3336 1492 3528 1547 sedere
3553 1498 3605 1546 te
3632 1489 3794 1550 faciam

2248 1597 2267 1632 ι
2306 1581 2357 1636 in
2425 1583 2832 1647 tabcniaculis,
2887 1583 3028 1637 sicut
3087 1582 3139 1636 in
3197 1581 3390 1636 diebus
3444 1581 3789 1638 festivitatis.»

2241 1669 2443 1728 Eduxit
2497 1690 2594 1729 nos
2642 1671 2783 1728 Deus
2827 1673 2891 1728 de
2933 1684 3072 1728 terra
3121 1672 3482 1744 .Egypti,qni
3509 1674 3572 1728 de
3595 1671 3797 1731 tenebris

2241 1763 2500 1820 vitiorum
2539 1764 2592 1820 in
2637 1766 2957 1821 admirabile
3005 1765 3186 1820 lumen
3234 1780 3390 1820 suum
3445 1779 3542 1820 nos
3589 1765 3792 1822 vocavit.

2174 1858 2436 1946 BAdhuc
2499 1858 2555 1911 in
2611 1857 2965 1911 tabernaculis
3024 1857 3202 1911 sedete
3267 1871 3368 1910 nos
3429 1850 3628 1922 faciet,
3688 1867 3790 1914 cum

2243 1951 2487 2021 quandiu
2557 1951 2975 2022 pemgrinamur
3043 1965 3072 2004 a
3139 1947 3410 2013 Domino,
3477 1947 3701 2020 quandiu
3753 1950 3795 2005 in

2237 2043 2347 2100 bac
2395 2043 2747 2098 tabernaculo
2797 2043 3208 2113 mgcmiscimus
3259 2042 3468 2114 gravati
3520 2041 3687 2097 debita
3713 2041 3796 2097 hu-

2239 2138 2498 2202 militate,
2549 2135 2690 2208 quod
2737 2137 2980 2208 signatur
3045 2137 3326 2202 sessione,
3373 2149 3472 2189 nos
3545 2134 3797 2205 deprimet.

2246 2243 2263 2284 t
2295 2231 2538 2306 Surgite,
2587 2230 2786 2301 inquit,
2838 2239 3124 2301 postquam
3155 2231 3409 2285 sedcritis
3443 2223 3613 2293 (Psal.
3641 2247 3796 2296 cxxvr,

2240 2321 2320 2394 2).
2357 2339 2376 2376 ι
2421 2321 2796 2378 Tabernacula
2825 2332 3007 2376 autem
3047 2322 3538 2393 peregrinantium,
3578 2321 3655 2376 vel
3684 2320 3798 2375 mili-

2245 2414 2475 2468 lantinm
2505 2422 2650 2466 sunt.
2683 2411 2869 2468 Militia
2897 2413 3040 2467 enim
3067 2414 3176 2466 vita
3222 2413 3463 2467 hominis
3487 2411 3606 2482 (Job
3634 2411 3796 2481 viui).

2247 2505 2314 2560 Et
2345 2506 2448 2561 hoc.
2477 2507 2608 2559 sicut
2651 2505 2706 2559 in
2758 2505 2942 2559 diebus
2974 2505 3274 2574 festivitatis
3318 2504 3572 2568 faciams,
3612 2502 3799 2573 quando

2238 2599 2646 2671 depressionem
2691 2609 2934 2654 nostram
2986 2600 3038 2653 in
3085 2598 3342 2670 praesenti
3379 2597 3657 2651 luminosa:
3679 2593 3799 2649 illius

2239 2694 2350 2764 spei
2383 2694 2576 2765 gaudio
2599 2703 2726 2749 vere
2755 2692 2896 2748 festo
2927 2704 3365 2762 compensamus.

2313 2807 2479 2863 Vens.
2523 2808 2610 2865 lO.
2639 2840 2706 2853 ρ-
2737 2828 2753 2860 (
2783 2808 2846 2863 Et
2879 2808 3088 2864 locutus
3132 2824 3249 2886 sum
3303 2823 3467 2880 super
3513 2807 3801 2878 prOplietas,

2243 2922 2262 2956 ι
2284 2913 2336 2958 et
2365 2919 2463 2975 ego
2491 2905 2751 2960 visionem
2779 2903 3152 2973 multiplicavi,
3177 2915 3226 2957 et
3262 2903 3312 2957 in
3347 2918 3507 2957 manu
3539 2903 3802 2973 propheta-

2243 3015 2261 3047 ι
2283 3011 2400 3050 rum
2435 2996 2766 3051 assimilatus
2804 3012 2945 3050 smn.
2981 3015 2998 3048 ι
3047 2995 3217 3065 Super
3246 2997 3528 3065 prophetas
3558 2994 3804 3058 Dominus

2237 3088 2498 3160 loquitur,
2528 3105 2650 3145 cum
2679 3089 2820 3144 ultra
2849 3089 3090 3144 omnium
3119 3088 3591 3160 providentiarum
3623 3095 3803 3142 nostra

2237 3198 2358 3236 rum
2407 3183 2908 3254 perspicacitatem,
2959 3197 3054 3237 sua
3093 3192 3208 3236 sota
3249 3181 3587 3255 aspiratione
3615 3177 3703 3234 nos
3727 3179 3804 3233 do—

2239 3292 2364 3332 cere
2414 3278 2692 3348 dignatur.
2751 3276 3015 3331 Visionem
3061 3290 3278 3346 quoque
3315 3275 3664 3345 multiplicat,
3697 3273 3802 3327 dum

2238 3386 2336 3442 per
2383 3371 2632 3426 eutndem
2679 3371 2998 3426 instinctum
3031 3386 3084 3424 tn
3126 3378 3313 3424 nostra
3360 3366 3806 3444 intellectualitate

2238 3464 2412 3520 aciem
2436 3464 2783 3519 discretionis
2809 3471 3143 3530 augmentat.
3175 3461 3240 3516 In
3271 3480 3432 3516 manu
3459 3463 3806 3534 prophetarum

2238 3555 2591 3621 assimilatur,
2623 3555 2750 3609 dum
2783 3555 3141 3626 providentia:
3179 3562 3378 3609 nostra:
3408 3554 3725 3610 exercitium
3750 3547 3807 3604 ad

2237 3641 2711 3724 contemplandum
2764 3648 2926 3702 etiam
2976 3647 3172 3702 divinae
3215 3647 3561 3703 celsitudinis
3592 3643 3804 3717 speciem

2239 3756 2530 3811 assurgere
2577 3740 2883 3796 aemulatur.
2949 3740 3086 3795 Nota
3133 3756 3295 3811 quam
3351 3739 3642 3812 vigilanter
3682 3739 3808 3815 dicat

2235 3834 2590 3888 assimilatur.
2618 3835 2783 3905 218
2813 3833 2986 3889 Omne
3020 3843 3201 3888 autem
3236 3833 3411 3887 simile
3440 3849 3547 3887 non
3581 3841 3661 3886 est
3681 3829 3806 3884 idem

2234 3927 2376 3996 quod
2416 3925 2542 3979 illud
2572 3927 2660 3980 cui
2699 3926 2876 3981 simile
2923 3925 3140 3980 dicitur.
3181 3925 3485 3980 Assimilari
3523 3941 3658 3997 ergo
3681 3923 3804 3977 Deus

2235 4017 2288 4072 in
2313 4033 2472 4071 manu
2502 4018 2891 4088 prolihetarum
2922 4017 3082 4082 solet,
3121 4033 3243 4072 cum
3269 4015 3661 4073 omnis‘nostri
3692 4030 3806 4070 cou-

2234 4109 2402 4164 tuitus
2432 4124 2594 4179 opera
2627 4107 2925 4165 scintillare
2962 4109 3014 4165 in
3049 4109 3220 4166 Deum
3260 4111 3472 4176 nititur,
3508 4127 3610 4167 nec
3645 4119 3804 4164 tamen

2232 4210 2316 4257 est
2345 4201 2485 4256 Deus
2515 4201 2656 4259 quod
2685 4201 2847 4256 videt.

2303 4314 2465 4368 Vens.
2501 4314 2587 4368 ll.
2617 4343 2688 4353 —
2714 4333 2732 4366 ι
2765 4314 2821 4369 Si
2865 4313 3072 4371 Galaad
3121 4315 3344 4382 idolum,
3393 4326 3580 4373 tamen
3617 4317 3803 4372 frustra

2237 4424 2255 4458 ι
2289 4416 2445 4460 erant
2474 4406 2524 4460 iu
2555 4405 2744 4477 Galgal
2776 4405 2950 4462 bobus
2976 4407 3343 4463 immolantes.
3376 4429 3395 4462 ι
3421 4407 3628 4465 Galaad
3659 4411 3806 4464 inter-

2233 4506 2476 4569 pretatur
2518 4513 2743 4552 acervus
2790 4499 3097 4554 testimonii.
3131 4501 3285 4568 Quod
3321 4511 3396 4556 ρει
3429 4502 3614 4557 dicere
3642 4521 3652 4552 ς
3683 4499 3735 4554 Si
3761 4496 3805 4552 hi

2160 4623 2206 4681 Β
2231 4591 2322 4659 qui
2376 4589 2604 4645 infer-ius
2656 4589 2978 4657 dilatantur,
3011 4602 3064 4646 et
3093 4609 3260 4662 penes
3288 4596 3456 4650 Deum
3485 4597 3626 4652 niale
3657 4608 3808 4663 angu-

2231 4691 2463 4751 stantur,
2511 4681 2764 4740 vitiorum
2810 4699 2874 4738 ac
2923 4684 2968 4738 si
3021 4684 3289 4741 idolorum
3333 4688 3568 4744 cultibus
3602 4690 3804 4751 instant,

2231 4792 2462 4847 pensare
2505 4779 2805 4832 debuerant
2847 4777 2974 4849 quia
3005 4778 3258 4836 vitiorum
3293 4780 3592 4837 volutabris
3623 4781 3807 4834 frustra

2226 4884 2352 4926 sese
2379 4870 2761 4936 immersitaut,
2787 4887 2910 4927 cum
2938 4873 3011 4928 nil
3038 4873 3183 4929 aliud
3209 4874 3506 4948 explicent,
3553 4876 3654 4933 nisi
3677 4871 3807 4946 quod

2231 4963 2405 5018 aciem
2448 4964 2647 5017 mentis
2703 4963 2752 5018 in
2803 4964 3186 5022 hebetudiuem
3221 4969 3504 5024 bestialem
3537 4967 3808 5024 mactanda

2229 5062 2587 5108 et-mmutcnt.
2646 5053 2835 5126 Galgal
2875 5058 3017 5111 enim
3048 5059 3377 5113 volutabrum
3411 5061 3803 5132 interpretatur.

2232 5145 2526 5200 Volutabro
2559 5146 2601 5200 si
2646 5161 2796 5218 ergo,
2847 5158 2902 5201 ut
2953 5149 3033 5204 sic
3083 5148 3282 5216 dicant,
3315 5151 3476 5205 bobus
3517 5151 3804 5209 immolant,

2230 5254 2352 5292 cum
2405 5239 2673 5309 spirituali
2709 5240 2990 5296 alacritate
3024 5259 3242 5297 recussa
3280 5259 3400 5297 sese
3427 5240 3804 5315 ponderusitati

2225 5333 2445 5398 carnis,
2498 5333 2651 5401 quasi
2705 5333 2898 5389 stolida
2954 5335 3225 5400 animalia,
3296 5335 3438 5390 foedo
3498 5347 3804 5392 attrectaut.

2233 5439 2251 5472 σ
2284 5421 2416 5476 Nam
2450 5432 2502 5477 et
2533 5423 2731 5476 altaria
2772 5439 2964 5478 eorum
3021 5441 3174 5493 quasi
3229 5429 3410 5480 acervi
3444 5445 3606 5498 super
3635 5429 3807 5481 sulcos

2233 5538 2250 5570 ε
2279 5518 2416 5588 agri.
2449 5537 2466 5569 ι
2511 5517 2770 5588 Superius
2801 5518 2961 5587 paulo
2990 5534 3176 5572 eorum
3215 5519 3405 5574 altaria
3441 5523 3684 5576 diximus
3716 5521 3805 5590 hy-

2225 5613 2556 5680 pocritarum
2590 5611 2881 5680 proposita.
2914 5610 2969 5664 In
3007 5628 3114 5680 quo
3145 5613 3287 5666 enim
3317 5615 3543 5682 quilibet
3573 5616 3803 5683 ipsorum

2227 5703 2340 5758 vult
2392 5702 2670 5768 ho::orari,
2725 5703 2875 5757 verbi
2929 5703 3128 5774 gratia,
3179 5705 3363 5774 vigilat
3409 5709 3528 5771 iste,
3577 5706 3807 5762 abstinet

2233 5797 2342 5864 ille,
2401 5797 2504 5851 iste
2555 5795 2702 5861 silet,
2754 5795 2805 5850 in
2851 5813 2978 5866 qua,
3025 5797 3270 5867 inquam,
3303 5798 3644 5854 institutione
3665 5797 3805 5854 volet

2231 5890 2460 5962 inssgnis
2507 5889 2719 5959 haberi,
2773 5891 2934 5960 quasi
2969 5905 3121 5947 aram
3149 5892 3418 5962 proponit,
3453 5908 3614 5964 super
3641 5905 3804 5964 quas
