3998 6326
447 257 549 317 4ιὲ7

1324 262 1387 319 ν.
1414 264 1737 321 GUlBERTl
1767 265 2059 326 ABBATlS
2084 270 2141 327 S.
2170 269 2408 327 MARIJE
2436 270 2525 327 DE
2563 268 2961 328 NOVIGENTO

3622 275 3720 335 408

448 378 611 434 beast-
639 396 757 434 esse
784 394 906 434 mox
937 378 1152 434 desinit.
1185 377 1294 433 Ros
1322 377 1504 433 itidem
1529 379 1642 434 sole
1666 380 2028 440 incalescente
2058 391 2109 451 Α
2134 385 2382 456 voluptas
2406 386 2573 440 menti
2604 385 3538 456 luxuriautiiunascitur,crudelitas
3561 394 3720 450 etiam

446 471 728 542 disparcre
759 473 1057 527 coasuevit.
1085 471 1236 538 Quod
1270 472 1608 540 expositione
1649 489 1754 528 non
1805 475 2030 546 indiget,

446 564 572 633 quia
609 566 658 618 in
694 565 821 634 ipsis
855 564 1255 634 bypocritarum
1316 564 1600 620 eventibus
1650 583 1787 636 pene
1833 569 2033 626 indesi-

446 665 644 711 nenter
671 658 864 712 elucet.
909 675 925 706 ι
954 655 1106 711 Sicut
1130 657 1307 726 pulvis
1337 657 1556 714 turbine
1580 669 1768 730 raptus
1783 676 1850 716 ex
1877 680 2028 731 area,

450 772 471 806 ι
507 756 722 810 etsicut
749 754 926 808 fumus
955 755 1020 809 de
1049 755 1304 810 l'mnario.
1339 775 1357 808 ι
1399 757 1539 814 Area
1589 769 1772 815 nostra
1840 773 2030 820 sancta

425 833 686 904 'Ecclesia
715 857 816 907 est,
846 847 930 902 vel
961 846 1251 916 cujuslibet
1296 851 1730 907 conversationis
1779 853 2029 926 religiosa

441 937 730 1010 professio.
770 936 974 994 Exhac
1001 957 1124 995 area
1155 942 1325 1010 pulvis
1373 943 1577 997 turbine
1623 945 1850 1014 rapitur,
1905 964 2027 1004 cum

437 1032 703 1086 mentium
740 1032 1067 1088 instabilitas
1089 1034 1154 1088 ad
1185 1035 1402 1090 illicitos
1450 1045 1620 1099 actus,
1655 1037 1851 1093 diaboli
1900 1037 2028 1094 ﬂatu

437 1127 580 1186 acta,
614 1136 645 1176 a
683 1123 963 1194 proposito
986 1125 1311 1181 dimovetur.
1341 1126 1489 1182 Sicut
1527 1143 1744 1198 quoque
1765 1128 1943 1199 fumus
1965 1131 2029 1187 de

437 1211 672 1282 fumaria
700 1223 847 1281 sunt,
882 1218 1030 1286 quia,
1059 1234 1180 1272 cum
1225 1235 1322 1289 per
1368 1219 1584 1276 favores
1639 1222 1747 1276 alta
1775 1224 2032 1293 petierint

435 1316 663 1377 repente
693 1309 1023 1378 dispereunt.
1043 1310 1191 1366 Sicut
1227 1328 1443 1382 quoque
1467 1313 1645 1384 [unius
1675 1315 2023 1383 intuentium,

435 1396 550 1453 imo
576 1399 1075 1467 circumstantium,
1105 1403 1293 1459 oculos
1317 1416 1576 1475 aggravat
1609 1416 1663 1460 et
1689 1408 2024 1478 perstringit,

437 1488 515 1545 ita
548 1507 654 1547 non
685 1494 845 1548 modo
874 1481 1353 1564 simpliciumfsed
1383 1509 1439 1552 et
1469 1508 1788 1568 argutorum
1819 1499 2027 1555 intelli-

436 1585 648 1656 gentias
668 1587 918 1642 simulata
949 1588 1235 1659 aliquoties
1265 1591 1440 1646 virtus
1481 1591 1720 1647 obducit.
1783 1593 1878 1648 llis
1925 1595 2028 1650 rite

438 1675 737 1748 hypocrita:
793 1692 1202 1752 comparantur,
1238 1683 1329 1753 qui
1365 1684 1604 1754 lapsibus
1637 1685 1928 1756 inepinatis
1957 1689 2026 1744 ad

434 1770 674 1826 subitum
708 1787 739 1827 a
772 1788 870 1829 suo
910 1784 1121 1830 tmuore
1154 1775 1434 1832 rebantur.

505 1859 672 1920 Vsus.
701 1865 756 1920 4.
785 1896 855 1907 -
885 1886 904 1920 ι
940 1867 1052 1938 Ego
1078 1877 1258 1924 autem
1307 1870 1567 1926 Dominus
1603 1872 1744 1928 Deus
1785 1883 1908 1930 tuus
1932 1875 2027 1945 qui

442 1970 463 2005 ε
498 1954 662 2011 eduxi
695 1964 749 2012 te
779 1957 846 2013 de
904 1968 1049 2014 terra
1106 1959 1359 2031 IEgypti,
1389 1970 1442 2016 et
1485 1961 1650 2016 Deum
1693 1962 1896 2032 absque
1939 1980 2027 2020 me

441 2063 462 2098 s
500 2050 735 2110 nescies.
764 2059 820 2106 et
848 2051 1088 2107 salvator
1118 2069 1227 2111 non
1267 2063 1353 2109 est
1402 2064 1599 2124 prmter
1645 2072 1753 2111 me.
1811 2075 1830 2108 ι
1885 2055 2029 2112 Sunt

438 2142 596 2196 multi
643 2143 732 2210 qui
763 2142 902 2198 bona
936 2159 1003 2199 ex
1029 2146 1260 2200 veritate
1277 2157 1610 2216 proponunt,
1639 2158 1692 2204 et
1713 2147 2026 2218 aliquandiu

433 2231 490 2290 in
520 2233 621 2288 hoc
647 2235 765 2306 ipso
787 2235 1105 2306 persistunt,
1163 2245 1218 2292 at
1273 2253 1396 2292 cum
1428 2237 1637 2294 laudari
1679 2255 1736 2295 se
1775 2241 2023 2307 audiunt,

432 2327 503 2384 Id
525 2329 818 2400 appetitum
850 2330 1036 2401 gloriae
1080 2339 1283 2386 mutata
1321 2331 1624 2388 intentione
1680 2349 1738 2390 se
1787 2334 2026 2390 transle-

432 2432 583 2478 runt.
635 2423 732 2479 Est
751 2437 883 2494 ergo
917 2439 983 2480 ac
1011 2425 1054 2479 si
1090 2423 1176 2479 bis
1197 2424 1403 2480 diceret
1437 2443 1449 2479 :
1478 2425 1790 2483 Meminisse
1823 2429 2029 2484 debue-

431 2517 595 2579 ratis.
624 2517 768 2587 quod
806 2531 902 2572 vos
955 2517 1089 2572 olim
1134 2518 1202 2573 de
1251 2517 1600 2573 tenebrarum
1651 2529 1923 2589 potestate
1972 2522 2026 2576 in

429 2625 668 2682 regnum
723 2609 1036 2666 dilectionis
1087 2627 1221 2668 mea:
1256 2613 1626 2668 transtulerint
1661 2613 1800 2683 (Col.
1833 2631 1872 2678 ι.
1902 2616 2024 2688 15),

432 2717 524 2758 me
561 2701 730 2758 semel
757 2703 979 2772 cognito
999 2704 1178 2758 omnis
1229 2704 1373 2758 Deus
1418 2719 1610 2760 recens
1656 2721 1684 2760 a
1726 2706 1882 2761 vobis
1929 2707 2024 2761 de-

430 2793 629 2852 buerat
659 2795 897 2862 excludi,
953 2806 1008 2851 et
1057 2796 1206 2852 salus
1233 2807 1438 2860 vestra.
1474 2814 1634 2868 quam
1673 2799 2031 2866 providentiae

429 2899 627 2947 vestra
651 2891 941 2962 studioque
969 2891 1266 2956 ascribitis,
1297 2893 1425 2947 mihi
1451 2892 1792 2963 potissimum
1813 2893 2031 2948 debuis-

430 2991 518 3042 het
543 2983 769 3050 ascribi,
800 2985 926 3055 quia
959 2984 1004 3039 si
1031 2985 1207 3040 velitis
1239 2985 1437 3040 salvari
1490 3000 1577 3039 me
1633 2985 2032 3054 prretermisso,

429 3075 707 3132 lallimini.
731 3078 952 3147 Absque
993 3077 1104 3131 Deo
1135 3078 1236 3133 scit
1265 3079 1456 3141 Deum,
1508 3078 1595 3132 cui
1649 3079 1822 3148 magis
1863 3094 2028 3150 quam
2059 3118 2104 3180 ρ

431 3169 583 3226 Deus
609 3171 713 3225 coli
747 3171 962 3242 adjaret
989 3173 1204 3227 vitium.
1407 3209 1412 3214 -
1700 3217 1702 3220 τ

510 3261 672 3316 \‘sns.
699 3262 751 3322 5.
787 3266 844 3317 6.
875 3294 947 3304 —
994 3281 1014 3316 ι
1042 3262 1156 3333 Ego
1199 3263 1425 3334 cognovi
1479 3271 1531 3318 te
1575 3263 1628 3318 in
1681 3263 1918 3330 deserto,
1972 3265 2030 3320 in

438 3372 460 3407 ι
493 3362 637 3410 terra
675 3356 1004 3412 solitudinis.
1035 3355 1199 3412 Juxta
1238 3372 1438 3426 pascua
1489 3373 1608 3425 sua,
1663 3366 1718 3413 et
1748 3357 2028 3427 adimpleti

436 3468 460 3504 ι
498 3460 646 3513 sunt,
687 3459 744 3505 et
769 3451 1026 3514 saturati,
1079 3461 1136 3505 et
1185 3451 1535 3506 elevaverunt
1581 3467 1676 3507 cor
1732 3468 1910 3520 suum,
1971 3462 2030 3508 et

439 3562 459 3596 ι
491 3542 644 3599 obliti
671 3553 798 3598 sunt
829 3545 957 3598 mei.
992 3561 1009 3594 ι
1042 3542 1110 3598 1η
1125 3544 1328 3598 deserto
1366 3559 1460 3598 eos
1489 3545 1761 3614 cognovit,
1789 3546 2028 3614 quaudiu

432 3634 688 3691 videlicet
731 3635 1045 3690 sazcularem
1101 3651 1324 3690 exesam
1377 3636 1618 3691 habuere
1669 3638 2027 3708 frequentiam

431 3737 530 3780 eos
554 3725 892 3796 approbavit.
934 3722 1106 3779 Nosse
1135 3725 1282 3780 enim
1328 3726 1420 3780 Dei
1471 3727 1755 3797 approbare
1800 3739 1903 3785 est.
1929 3737 1932 3741 '
1961 3728 2029 3784 In

434 3825 577 3872 terra
634 3816 940 3870 solitudinis
991 3817 1340 3887 cognoscitur
1370 3819 1619 3887 quisquis
1674 3819 2032 3875 instabilitate

433 3910 635 3964 mentis
665 3922 850 3964 secum
911 3908 1210 3964 habitantis
1246 3909 1414 3978 (terra
1465 3909 1607 3964 enim
1660 3909 1714 3964 in
1761 3919 2030 3966 :eternum

433 3998 566 4070 stat)
596 3998 794 4070 (Est-le.
835 4017 874 4067 ι,
903 4000 1010 4069 4):!
1065 4001 1174 4055 Deo
1217 4009 1500 4070 gratanter
1543 4010 1877 4073 acceptatur.
1923 4001 2032 4058 No-

434 4091 657 4146 tandum
685 4091 830 4163 quod
860 4093 924 4147 de
951 4093 1192 4148 secunda
1241 4109 1496 4164 persona,
1529 4111 1681 4151 more
1737 4095 2027 4161 llebraico,

433 4182 502 4237 ad
537 4184 748 4238 tertiam
777 4199 1066 4254 personam
1102 4185 1321 4240 transit.
1353 4183 1523 4240 Juxta
1553 4203 1750 4257 pascua
1801 4204 1898 4240 sua
1942 4203 2030 4241 co-

432 4284 774 4346 gnoscuntur
796 4275 885 4345 qui
936 4276 991 4330 in
1024 4276 1219 4331 divina:
1253 4276 1501 4333 lectionis
1554 4279 1752 4348 pabulo
1796 4278 2030 4334 liueliter

431 4382 499 4424 ac
527 4367 804 4424 humiliter
850 4369 1212 4424 oblectautur.
1246 4372 1318 4424 At
1374 4387 1504 4428 vero
1554 4371 1868 4442 implentur,
1901 4388 2026 4428 cum

430 4461 606 4518 fastus
630 4478 698 4518 ex
725 4463 966 4519 scientiae
995 4464 1317 4535 copiosilate
1347 4452 1670 4535 concipitur.
1701 4465 2029 4520 Saturantur
2058 4498 2109 4559 ι)

432 4571 556 4611 cum
589 4566 684 4612 aut
717 4557 956 4626 fastidio,
987 4569 1080 4613 aut
1103 4559 1354 4629 superbia
1379 4576 1536 4614 sacra
1568 4560 1846 4616 volumina
1871 4563 2026 4632 quasi

430 4649 779 4706 scientissimi
813 4667 913 4706 nec
941 4662 1252 4722 respectare
1299 4654 1617 4722 dignantur,
1649 4663 1704 4709 et
1753 4662 1833 4721 ut,
1871 4655 2027 4723 juxta

428 4741 718 4812 psalmum,
748 4743 922 4796 dicam
949 4744 1207 4800 :Omucm
1257 4761 1436 4802 escam
1469 4748 1646 4802 anima
1679 4763 1866 4803 eorum
1897 4750 2029 4804 abo-

427 4835 670 4891 minatur
690 4834 862 4908 (Psal.
884 4837 1224 4905 cv1,18).Cor
1243 4857 1393 4894 suum
1425 4843 1783 4908 elevant,cum
1815 4844 2029 4913 sapien-

431 4929 563 4986 tiam
609 4945 763 4984 suam
805 4931 1004 4998 ubique
1052 4933 1450 5002 percelebraut.
1505 4933 1611 4989 Cor
1645 4937 1789 4990 enim
1815 4952 1912 5006 pro
1938 4954 2025 4991 sa-

427 5024 624 5096 pientia
642 5025 692 5078 in
713 5023 1010 5096 Scripturis
1033 5026 1402 5096 ponitur,quia
1425 5027 1660 5096 loquitur
1682 5028 2025 5097 Deuspacem

428 5117 486 5173 in
515 5118 601 5175 bis
628 5119 719 5189 qui
743 5128 1136 5174 convertuntur
1162 5119 1228 5174 ad
1255 5134 1352 5174 cor
1381 5117 1554 5188 (Psal.
1578 5137 1800 5176 Lxxxtv.
1829 5121 1884 5193 9)
1902 5162 1916 5186 ,
1941 5123 2023 5177 sin

429 5208 588 5274 alias,
620 5209 703 5265 vel
733 5219 883 5266 certe
911 5210 1038 5277 quia
1067 5209 1232 5264 corde
1257 5211 1517 5279 sapimus.
1562 5211 1656 5266 Dei
1679 5211 2028 5271 obliviscun-.

428 5310 543 5368 tur,
579 5305 634 5358 in
665 5317 897 5373 quorum
925 5304 1176 5359 cordibus
1198 5300 1421 5358 confusa
1450 5303 1632 5358 omnia
1657 5303 1775 5360 sine
1797 5305 2024 5363 rationis

428 5393 755 5450 auctoritate
773 5395 1037 5450 feruntur.

499 5486 669 5544 Vens.
696 5488 749 5542 7.
779 5518 850 5528 -α
891 5506 908 5539 ι
945 5487 1010 5542 Et
1031 5502 1125 5542 ero
1153 5489 1233 5542 eis
1257 5489 1412 5558 quasi
1445 5489 1635 5556 leaena,
1658 5489 1797 5544 sicut
1822 5492 2023 5560 pardus

435 5597 456 5632 ι
485 5581 542 5635 in
588 5581 672 5636 via
729 5579 1101 5650 Assyriorum.
1143 5599 1160 5629 ι
1213 5580 1306 5633 Est
1336 5582 1411 5635 eis
1445 5583 1584 5636 Deus
1623 5583 1776 5653 quasi
1831 5582 2017 5648 lett'na,

431 5673 558 5728 dum
581 5688 648 5727 ex
676 5671 820 5727 bono
847 5673 1142 5726 secundum
1192 5673 1332 5739 quod
1375 5673 1657 5727 videbatur
1705 5689 1893 5745 opere,
1941 5685 2018 5743 et,

427 5766 574 5846 quod
602 5775 868 5842 quantum
914 5765 986 5829 ad
1033 5765 1209 5842 ipsum
1258 5778 1394 5841 opus
1445 5766 1702 5839 pertinet,
1735 5765 1829 5826 Dei
1876 5777 2019 5838 erat,

2137 481 2524 550 indignationis
2552 494 2716 549 penes
2747 479 2880 535 alios
2900 489 2955 535 et
2991 481 3204 536 invidiae
3242 493 3555 553 generatur.
3586 485 3724 545 Deus

2135 589 2266 642 ergo
2293 573 2395 627 hoc
2414 572 2495 626 eis
2518 581 2716 636 exstat,
2741 570 2894 638 cujus
2909 571 3210 628 eilicientiae
3233 589 3457 630 causam
3483 587 3722 648 praestat,

2134 667 2278 720 unde
2306 665 2567 735 psalmus,
2601 679 2721 719 cum
2746 680 3002 734 perverso
3017 668 3438 736 pervertendum
3470 684 3592 724 eum
3621 671 3726 728 cla-

2134 766 2249 811 mat
2279 754 2454 827 (Psal.
2488 772 2620 821 xvu,
2653 755 2770 825 26).
2806 755 2998 810 Leaena
3027 757 3173 811 enim
3205 758 3428 813 crudele
3474 767 3530 814 et
3570 772 3724 830 petu—

2135 847 2244 901 lum
2284 857 2367 902 est
2417 846 2638 902 animal.
2689 845 2759 902 In
2812 848 2894 901 via
2925 863 3142 919 quoque
3193 852 3533 920 Assyriorum
3579 861 3727 924 quasi

2130 940 2332 1009 pardus
2365 947 2448 994 est
2468 940 2561 1001 eis,
2588 955 2711 994 cum
2743 938 2852 994 lata
2897 950 2950 994 et
2994 940 3233 1010 spatiosa
3273 942 3613 998 sectantibus
3660 945 3728 1000 ob

2133 1036 2452 1090 morborum
2486 1049 2705 1089 suorum
2744 1035 3082 1098 varietatem,
3113 1035 3310 1106 quibus
3355 1035 3476 1091 aliis
3517 1037 3730 1106 placere

2133 1131 2394 1202 gestiunt,
2428 1145 2619 1199 poenas
2664 1129 2928 1198 permittit
2950 1128 3102 1184 luere
3131 1129 3432 1184 subitaneus
3480 1131 3731 1202 pracipi-

2135 1222 2374 1278 talionis.
2417 1221 2623 1278 Pardus
2651 1222 2794 1277 enim
2835 1231 2888 1276 et
2919 1221 3129 1276 varium
3154 1232 3209 1276 et
3249 1237 3318 1277 ex
3349 1222 3520 1278 nimio
3564 1239 3728 1280 cursu

2132 1313 2189 1368 in
2227 1321 2456 1369 mortem
2487 1329 2728 1384 praeceps
2754 1315 2954 1370 animal
2975 1326 3078 1371 est.
3153 1363 3156 1366 .

2205 1404 2371 1462 Vens.
2391 1406 2445 1462 8.
2477 1438 2547 1448 ——
2578 1427 2594 1458 ι
2617 1407 2916 1462 Occurram
2949 1408 3029 1464 eis
3051 1409 3208 1480 quasi
3233 1425 3360 1466 ursa
3387 1411 3559 1481 raptis
3586 1419 3735 1466 catu-

2138 1519 2157 1552 s
2191 1500 2277 1556 lis.
2317 1521 2335 1553 ι
2378 1501 2547 1568 Quasi
2579 1519 2703 1556 ursa
2731 1501 2896 1572 raptis
2943 1503 3132 1558 catulis
3180 1505 3254 1558 eis
3286 1505 3430 1559 Dens
3469 1505 3713 1560 occurrit

2132 1609 2257 1648 eum
2278 1594 2644 1650 insecutiones
2670 1605 2834 1664 atque
2862 1595 3143 1652 molestias
3171 1597 3348 1652 abhis
3375 1597 3466 1668 qui
3500 1613 3590 1654 eos
3619 1598 3735 1652 lau-

2133 1687 2264 1742 dare
2292 1687 2559 1753 solebant,
2612 1697 2667 1743 et
2691 1689 2854 1744 etiam
2893 1689 2975 1744 sui
3007 1689 3188 1758 operis
3207 1690 3601 1760 vilipeusiones
3632 1691 3736 1746 im-

2133 1784 2317 1839 mittit.
2363 1783 2499 1840 Ursa
2523 1785 2666 1840 enim
2696 1787 2867 1856 raptis
2894 1786 3095 1842 fetibus
3123 1785 3360 1842 ferocior
3382 1796 3488 1852 est,
3513 1795 3570 1841 et
3599 1785 3738 1840 nibil

2132 1885 2218 1930 est
2256 1876 2398 1946 quod
2433 1877 2609 1947 magis
2637 1893 2827 1932 eorum
2859 1887 3098 1934 mentem
3141 1878 3341 1934 obruat
3391 1893 3557 1949 quam
3591 1877 3737 1948 quod

2133 1968 2256 2038 quis
2277 1984 2373 2024 eos
2403 1971 2470 2024 ab
2497 1985 2722 2039 operum
2755 1985 2977 2025 suorum
3003 1969 3162 2025 laude
3188 1970 3386 2041 privat.
3413 1968 3586 2036 Quasi
3609 1985 3736 2023 ursa

2133 2078 2264 2134 ergo
2295 2078 2586 2118 occurrere
2616 2063 2840 2128 dicitur,
2870 2077 2993 2116 cum
3020 2063 3100 2118 eis
3132 2060 3399 2130 judicium
3431 2061 3737 2118 secundum

2133 2153 2566 2210 convenientiam
2601 2163 2810 2208 natura:
2836 2151 3081 2208 bestialis
3102 2154 3366 2208 exeritur.
3391 2172 3409 2204 ι
3440 2151 3507 2206 Et
3531 2152 3742 2207 dirum-

2138 2263 2157 2297 ι
2193 2261 2316 2314 pain
2363 2245 2624 2299 interiora
2649 2243 2852 2313 jecoris
2873 2261 3063 2301 eorum
3089 2259 3104 2298 :
3127 2252 3183 2299 et
3206 2259 3528 2299 consumam
3550 2243 3738 2299 eosihi

2139 2357 2158 2390 ι
2195 2338 2350 2408 quasi
2381 2337 2493 2404 leo,
2549 2337 2728 2393 bestia
2760 2339 2876 2409 agri
2928 2338 3144 2394 scindet
3195 2353 3310 2394 eos.
3345 2358 3363 2390 ι
3419 2337 3739 2394 Secundum

2132 2428 2386 2500 physicos
2411 2426 2597 2496 jecore
2646 2443 2914 2483 amamus.
2962 2427 3106 2484 Deus
3159 2442 3288 2499 ergo
3309 2428 3504 2498 jecoris
3535 2435 3740 2484 eorum

2132 2519 2390 2572 interiora
2419 2519 2725 2588 disrumpit,
2777 2535 2901 2573 cum
2929 2518 3126 2574 occulti
3159 2520 3365 2574 amoris
3404 2518 3740 2587 petulantias

2133 2611 2334 2680 quibus
2367 2610 2606 2666 insolens
2633 2611 2848 2666 animus
2895 2610 3200 2666 oblectatur
3247 2613 3405 2680 quasi
3469 2612 3741 2683 quodam-

2135 2704 2296 2756 modo
2325 2711 2654 2757 excuteraus
2686 2703 3045 2774 undecunque
3067 2700 3346 2774 patefacit.
3369 2702 3453 2758 Ibi
3470 2721 3560 2758 eos
3586 2704 3741 2775 quasi

2133 2795 2214 2851 leo
2247 2797 2540 2862 consumit,
2573 2798 2698 2851 dum
2729 2805 2930 2852 statqu
2959 2812 3169 2872 eorum,
3224 2798 3318 2868 qui
3371 2797 3471 2852 sibi
3527 2796 3742 2866 aliquid

2134 2903 2256 2944 esse
2277 2889 2622 2954 videbantur,
2673 2890 2770 2953 ibi,
2802 2889 2855 2944 id
2887 2899 2972 2944 cst
3020 2889 3073 2942 iu
3116 2890 3216 2944 hac
3265 2889 3500 2944 carnalis
3556 2888 3742 2959 lapsus

2136 2978 2383 3036 fmditate
2411 2981 2674 3036 exin-snit.
2705 2981 2772 3036 Et
2804 2981 2908 3036 hoc
2937 2981 3066 3036 facit
3091 2982 3246 3051 quasi
3278 2980 3384 3047 lco,
3418 2980 3632 3037 assultu
3660 2981 3740 3035 vi-

2137 3075 2334 3130 delicet
2365 3085 2574 3145 aperto,
2603 3091 2709 3130 non
2739 3091 2768 3129 a
2795 3077 2987 3139 cauda,
3017 3076 3068 3131 id
3090 3086 3172 3130 est
3199 3075 3453 3140 latenter,
3473 3077 3738 3132 utdraco.

2135 3167 2281 3223 Nihil
2308 3169 2454 3223 enim
2477 3168 2650 3238 magis
2686 3169 3000 3240 contigmnn
3030 3169 3198 3240 rigori
3221 3169 3511 3239 superbire,
3568 3184 3738 3236 quant

2136 3261 2238 3316 sub
2267 3259 2652 3330 hacliquetieri
2691 3260 2866 3314 solere
2901 3259 3148 3315 mollitie.
3177 3259 3275 3315 Per
3307 3277 3496 3331 agrum
3529 3261 3740 3316 incom-

2135 3355 2350 3425 positus
2380 3355 2545 3426 220
2568 3365 2622 3410 ct
2653 3354 2977 3410 Christianae
3001 3355 3330 3410 urbanitatis
3361 3355 3581 3411 nescius
3619 3356 3742 3411 ani-

2138 3462 2259 3501 mus
2285 3447 2626 3517 intelligitur.
2663 3446 2765 3500 Per
2792 3446 3045 3506 bestiam,
3078 3444 3230 3514 cujus
3264 3445 3448 3501 feralis
3487 3456 3542 3501 et
3577 3447 3739 3502 indo-

2137 3541 2267 3596 mita
2295 3551 2490 3594 natura
2514 3541 2873 3610 dignoscitur,
2895 3529 3199 3609 appetitus.
3225 3537 3404 3594 Bestia
3444 3540 3562 3610 agri
3617 3557 3739 3610 ergo

2135 3649 2222 3686 eos
2250 3632 2472 3696 scin-.it,
2511 3648 2658 3695 cum,
2698 3629 2878 3684 velint
2901 3631 3100 3696 nolint,
3131 3630 3428 3701 corporalis
3475 3632 3740 3702 appetitus

2137 3726 2391 3795 ingenita:
2431 3715 2889 3795 concupiscentia:
2919 3724 3064 3794 ipsos
3101 3724 3442 3795 impatientes
3471 3722 3736 3790 ellicieas,

2137 3818 2292 3888 quasi
2321 3814 2903 3885 eviscerando,quales
2938 3816 3080 3886 apud
3109 3831 3169 3870 se
3194 3815 3522 3876 habeantur,
3550 3824 3738 3869 osten-

2135 3912 2212 3968 di‘
2527 3909 2530 3914 '
2738 3907 2742 3910 ’
3726 3897 3732 3906 ’

2208 4001 2374 4058 Vens.
2405 4002 2543 4058 9.-—
2577 4023 2595 4054 ι
2630 4000 2872 4057 Perditio
2905 4009 3021 4066 tua,
3051 4000 3218 4054 Israel
3238 4041 3252 4064 ,
3283 3999 3663 4054 tantummodo
3689 3999 3736 4053 in

2141 4115 2160 4148 ‹
2200 4111 2286 4151 me
2317 4095 2574 4150 auxilium
2629 4104 2803 4149 tuum.
2840 4115 2857 4146 ι
2888 4093 3141 4149 Israelem
3201 4108 3362 4162 supra
3420 4093 3736 4146 dixeramus

2135 4202 2230 4243 eos
2253 4187 2345 4256 qui
2369 4203 2434 4241 ex
2472 4187 2658 4240 talimn
2697 4185 3164 4240 mercenariorum
3201 4184 3436 4238 ﬁdeliter
3465 4199 3564 4237 ore
3604 4199 3734 4253 peu—

2135 4281 2354 4342 dehant,
2381 4288 2432 4333 et
2464 4296 2588 4334 cum
2624 4282 2730 4333 Deo
2762 4277 3460 4350 secundumetymologiam
3497 4279 3735 4333 nominis

2136 4372 2294 4443 dirigi
2328 4372 2638 4443 cupiebant.
2675 4372 2774 4425 llic
2800 4373 3004 4426 dicitur
3025 4372 3248 4441 perditio
3277 4382 3391 4434 tua,
3425 4386 3488 4424 ac
3515 4371 3560 4425 si
3589 4371 3735 4425 dicc-

2135 4476 2220 4521 ret
2249 4483 2261 4520 :
2287 4465 2366 4519 Tu
2406 4474 2456 4519 te
2481 4465 2767 4519 existimas
2794 4465 3063 4534 perditum
3097 4479 3241 4530 esse,
3270 4465 3396 4534 quia
3425 4464 3519 4517 tibi
3555 4464 3732 4518 conti-

2136 4558 2276 4627 gerit
2337 4555 2585 4626 excmplo
2639 4567 2692 4610 et
2741 4556 2960 4612 monitis
3013 4557 3200 4610 talium
3275 4555 3728 4610 damuaticiorum

2133 4650 2598 4720 horripilationem
2630 4647 2865 4718 aliquam
2918 4647 2983 4700 ad
3045 4648 3418 4717 preuitcndum
3469 4647 3729 4702 benevole

2134 4743 2474 4812 concepisse.
2531 4741 2798 4807 Quoniam
2833 4740 2999 4810 igitur
3023 4739 3178 4793 vides
3217 4753 3311 4794 eos
3339 4739 3393 4792 in
3431 4753 3528 4792 sua
3564 4738 3725 4791 lenti-

2134 4836 2319 4890 tudine
2345 4834 2640 4905 languisse,
2672 4833 3048 4889 tantummodo
3073 4833 3124 4886 in
3158 4847 3244 4887 me
3283 4841 3433 4886 tuum
3459 4831 3556 4887 tibi
3583 4830 3726 4886 auxi-

2131 4928 2261 4982 lium
2289 4927 2507 4998 cxpedit
2539 4927 2895 4982 convertisse.

2141 5040 2150 5045 ·
2203 5019 2364 5074 Vens.
2399 5017 2580 5073 l0.—
2627 5037 2645 5070 ι
2689 5019 2790 5074 Ubi
2842 5003 2945 5073 est.
2977 5033 3071 5072 rex
3108 5016 3266 5071 tuus?
3314 5017 3555 5072 maxime
3583 5030 3726 5070 nunc

2136 5133 2154 5167 ι
2191 5115 2362 5171 salvet
2395 5126 2448 5170 te
2477 5117 2528 5169 in
2555 5114 2808 5170 onmibus
2830 5113 3056 5168 urbibus
3091 5113 3216 5170 tuis.
3256 5131 3272 5164 ι
3304 5113 3383 5167 Ac
3404 5112 3449 5167 si
3482 5111 3719 5168 diceret:

2132 5206 2214 5262 Tu
2249 5215 2299 5261 te
2331 5214 2422 5260 tuo
2469 5205 2786 5276 magisterio
2840 5204 3271 5276 gratulabundus
3321 5204 3722 5274 supergaudere

2127 5299 2407 5366 volueras;
2436 5310 2489 5356 et
2513 5300 2670 5370 quasi
2701 5316 2802 5371 ego
2833 5315 2951 5355 sum
2980 5297 3128 5353 Pauli
3155 5341 3169 5366 ,
3202 5313 3302 5369 ego
3337 5313 3458 5352 sum
3489 5297 3684 5368 Cepltte
3702 5337 3716 5364 ,

2127 5409 2228 5466 ego
2259 5410 2376 5449 smn
2423 5393 2614 5465 Apollo
2657 5393 2839 5448 dicere
2879 5408 3128 5464 coeperas
3179 5391 3224 5462 (I
3261 5389 3386 5445 Cor.
3439 5407 3455 5444 ι
3512 5391 3624 5456 19),
3662 5397 3719 5445 et

2128 5504 2256 5543 ecre
2290 5503 2469 5556 regem
2502 5499 2671 5552 tuum,
2703 5488 2768 5542 de
2790 5503 2897 5558 quo
2931 5487 3064 5542 falso
3088 5501 3429 5556 speraveras,
3461 5502 3526 5540 ex
3553 5487 3717 5555 hypo-

2127 5580 2253 5634 crisi
2292 5580 2560 5634 decidisse
2593 5580 2928 5633 consideras.
2961 5578 3060 5632 llic
3109 5577 3346 5632 maxime
3381 5590 3714 5631 necessarius

2131 5671 2228 5727 tibi
2257 5680 2375 5726 erat
2406 5679 2484 5735 nt,
2505 5670 2555 5724 in
2586 5670 2837 5724 erunibus
2862 5671 3084 5725 urbibus
3104 5670 3226 5724 tuis.
3249 5669 3300 5723 id
3325 5679 3406 5724 est
3437 5667 3714 5723 conscien-

2131 5768 2328 5830 tiarum
2357 5767 3076 5844 conceptaculis,salutifero
3101 5777 3152 5828 te
3181 5768 3419 5826 muniret
3444 5765 3690 5844 exemplo
