3952 6360
108 357 228 423 409

770 362 1235 424 TROPOLOGUE
1261 364 1332 422 IN
1382 365 1583 436 OSEE,
1623 366 1809 426 AMOS
1850 369 1938 426 ET
1977 370 2120 428 JER.
2161 403 2231 415 —-
2268 371 2398 430 LIB.
2437 373 2524 432 111.
2562 373 2630 430 ΙΝ
2657 373 2854 432 OSEE.

3289 370 3393 434 410

119 495 141 530 ι
188 479 256 534 Ει
280 475 491 550 judices
521 475 621 544 tui,
670 477 736 534 de
769 477 965 548 quibus
991 478 1174 534 dixisti
1201 493 1215 533 :
1251 479 1325 534 Da
1378 479 1508 534 mibi
1558 495 1710 550 reges
1741 490 1790 548 Α
1815 483 2006 537 mortis
2033 493 2137 550 est,
2163 499 2284 538 cum
2316 495 2576 542 mentium
2600 475 3104 543 insensibilitatibus
3128 488 3394 546 illabcn'do

119 589 142 624 ‹
191 588 258 626 ac
285 571 576 643 principes.
616 589 634 621 ι
660 569 738 624 Ac
759 569 804 624 si
833 570 978 626 dicat
1011 587 1024 622 :
1053 571 1116 626 Et
1137 571 1189 642 hi
1221 580 1346 626 sunt
1377 587 1512 642 quos
1545 571 1594 625 in
1626 587 1716 624 ex-

117 673 303 720 tremo
327 665 577 720 examine
600 678 695 734 pro
723 672 1015 731 spontanea
1066 665 1343 734 pauperie,
1393 680 1490 734 pro
1534 663 1712 718 sarcali

114 757 636 820 abienuiitiatione,
676 772 922 812 sessuros
967 773 1089 813 cum
1146 757 1372 812 Domino
1402 755 1711 826 jacdtabas.

114 853 339 908 Dicitur
370 861 551 907 autem
575 852 676 905 hoc
699 865 796 920 pro
825 859 978 920 parte
1009 865 1196 905 eormn
1225 849 1318 917 qui
1347 850 1585 904 scienter
1616 850 1714 921 hy-

114 946 356 1017 pocritis
386 943 669 1008 favent,et
716 941 805 996 tali
851 940 1146 1011 disciplinae
1194 938 1418 995 obtentu
1470 937 1716 993 favorum

115 1039 362 1110 gestiunt
391 1035 671 1108 applicari.
702 1033 913 1088 Iudices
935 1074 950 1099 ,
976 1034 1217 1104 inquam,
1243 1034 1340 1097 tui,
1367 1041 1424 1086 ut
1448 1030 1712 1100 opinaris,

118 1143 236 1184 non
280 1128 394 1182 Dei.
427 1127 498 1180 De
524 1125 608 1180 his
631 1124 811 1179 dixisti
845 1143 857 1178 :
895 1123 974 1178 Da
1000 1123 1126 1178 mihi
1157 1139 1300 1193 reges
1349 1133 1395 1176 et
1433 1121 1713 1192 principes,

121 1219 182 1275 id
207 1232 313 1288 est,
337 1221 402 1275 de
428 1219 622 1274 talibus
655 1217 852 1287 optasti
881 1228 938 1270 ut
962 1216 1058 1271 tibi
1080 1217 1515 1286 principarentur
1543 1221 1597 1270 et
1627 1229 1716 1268 re-

123 1324 344 1384 gerent,
371 1313 461 1384 qui
498 1313 550 1367 in
599 1325 697 1366 suo
730 1321 780 1365 te
811 1308 1135 1380 discipulam
1184 1307 1443 1376 obsequia
1471 1306 1712 1376 diligere,

127 1415 189 1460 et
209 1405 467 1461 affectare
493 1404 678 1460 laudes
698 1403 1024 1458 imbuerent.
1055 1400 1207 1468 Quod
1238 1400 1400 1456 etiam
1435 1415 1578 1456 nunc
1601 1413 1718 1454 cre-

97 1497 228 1552 ‘bro
265 1496 644 1569 perspicimus,
677 1505 737 1549 ut
780 1509 886 1549 non
937 1493 1112 1549 solum
1140 1493 1568 1564 hypocritarum,
1623 1491 1718 1547 sed

126 1593 294 1648 etiam
328 1591 687 1662 probabilium
733 1590 973 1644 virorum
997 1587 1370 1644 contuberniis
1417 1602 1476 1642 se
1499 1587 1720 1641 immer-

103 1675 280 1756 'gant,
327 1695 385 1740 ut
415 1681 814 1756 quodammodo
838 1679 1014 1736 eidem
1047 1679 1142 1752 qui
1169 1679 1249 1735 eis
1295 1677 1583 1735 exhibetur
1621 1678 1718 1732 ho-

123 1777 247 1834 nori
273 1777 692 1834 communicent.
791 1769 796 1776 ’

1818 574 2124 630 recaleficat
2176 577 2436 647 quidquid
2487 579 2558 633 ibi
2609 579 2916 650 torpidum,
2960 581 3217 650 quidquid
3277 584 3394 639 sine

1818 658 1965 722 motu
1996 668 2098 737 pia:
2130 669 2512 726 rationalitatis
2541 680 2644 726 est.
2665 671 2721 726 Si
2753 673 2950 728 coelum
2974 683 3195 729 vocatur
3217 676 3395 731 anima

1811 757 1966 829 justi,
1997 775 2100 813 non
2129 761 2400 817 immerito
2437 763 2653 834 iniquus
2687 765 2914 834 quilibet
2977 767 3194 822 nomine
3250 769 3396 825 desi-

1818 860 2016 922 gnatur
2047 851 2266 906 inferni.
2299 852 2385 906 Fit
2433 867 2564 924 ergo
2601 854 2740 910 Deus
2770 872 2986 913 morsus
3015 857 3242 924 inferni,
3273 875 3397 915 cum

1815 958 1914 1014 per
1939 959 2050 999 sua:
2075 945 2420 1008 aspirationis
2439 946 2686 1018 illapsum
2708 953 3145 1021 prtegustandum
3166 968 3225 1010 se
3245 953 3400 1010 exhi-

1816 1035 1908 1091 bet
1931 1039 2235 1106 peccatoris
2262 1038 2552 1107 cujuslibet
2585 1041 2762 1095 cordi.

1803 1185 1812 1190 _
1890 1128 2055 1184 Vens.
2089 1130 2178 1186 t5.
2210 1161 2281 1174 -ρ
2311 1150 2330 1183 ι
2363 1131 2670 1188 Consolatio
2693 1133 3010 1190 abscondita
3034 1145 3119 1192 est
3142 1139 3210 1195 ab
3229 1140 3401 1197 oculis

1823 1238 1844 1273 ι
1883 1221 2036 1276 meis.
2070 1220 2206 1288 Quia
2234 1222 2348 1292 ipse
2369 1221 2511 1278 inter
2533 1221 2730 1278 fratres
2759 1223 2970 1279 dividit.
3002 1244 3022 1278 ›
3053 1225 3312 1296 Superius
3337 1230 3402 1286 de

1821 1312 2152 1368 contritione
2179 1313 2412 1370 filiorum
2435 1313 2672 1381 dixerat,
2719 1330 2862 1371 nunc
2905 1315 2971 1372 de
2999 1317 3188 1373 eadem
3218 1319 3404 1376 subin—

1821 1403 2044 1461 ferendo
2089 1406 2334 1478 replicat.
2373 1407 2675 1464 Consolatio
2718 1409 3072 1466 absconditur
3125 1411 3190 1464 ab
3237 1412 3403 1466 oculis

1821 1497 1938 1565 Dei,
1967 1514 2090 1554 cum
2114 1499 2258 1556 inter
2298 1500 2528 1557 adversa
2559 1502 2850 1572 praesentis
2879 1501 3082 1570 saeculi,
3107 1502 3192 1558 vel
3219 1501 3406 1572 quaeli-

1819 1589 1913 1645 bet
1970 1590 2079 1646 alia
2130 1589 2344 1663 ﬂagella
2393 1593 2507 1660 Dei,
2559 1594 2764 1650 nullum
2823 1595 3114 1666 temporale
3152 1595 3404 1650 solatium

1819 1683 2106 1754 patiuntur
2135 1684 2188 1740 in
2220 1699 2280 1740 se
2333 1685 2625 1742 admittere
2673 1689 2849 1743 sancti
2900 1688 3026 1743 viri.
3074 1687 3180 1743 Per
3222 1687 3408 1744 oculos

1822 1775 1968 1852 enim
2000 1775 2096 1832 Dei
2124 1777 2300 1833 sancti
2330 1777 2704 1860 intelliguntur
2726 1787 2782 1834 et
2812 1779 3083 1850 docti,qui
3113 1779 3254 1835 viam
3281 1793 3429 1850 pro-.

203 1871 368 1928 Vens.
400 1872 484 1926 11.
516 1901 586 1912 -
623 1889 641 1923 ι
677 1869 824 1926 Dabo
857 1869 950 1925 tibi
977 1884 1158 1941 regem
1191 1868 1244 1923 in
1281 1866 1464 1946 furore
1486 1880 1630 1934 meo,
1662 1853 1794 1921 etB
1819 1847 2006 1921 vident
2035 1866 2290 1923 Ecclesiae
2317 1847 2555 1938 corpori,
2587 1870 2674 1924 vel
2701 1869 2865 1926 etiam
2900 1847 3165 1925 illustrata
3221 1884 3253 1925 a
3283 1847 3409 1925 Deo

134 1981 155 2017 ι
203 1963 446 2019 auferam
478 1963 533 2017 in
567 1963 931 2034 indignatione
957 1978 1097 2017 mea.
1137 1981 1155 2013 ›
1190 1960 1267 2038 No
1304 1960 1573 2038 queraris,
1634 1959 1717 2015 itt-

130 2069 322 2125 quam,
356 2054 498 2124 quod
543 2067 700 2123 reges
755 2052 1019 2124 gloriosos
1073 2035 1348 2118 amiseris,
1381 2035 1496 2107 sed
1541 2051 1721 2122 potius

139 2161 370 2217 querere
400 2161 579 2217 regem
604 2145 658 2200 in
683 2145 862 2215 furore
881 2162 994 2200 meo
1023 2144 1114 2198 tibi
1143 2131 1402 2212 dandum,
1435 2144 1581 2200 illum
1615 2145 1722 2200 sci-

141 2237 268 2293 licet
298 2237 388 2306 qui
415 2253 512 2308 pro
543 2251 698 2307 paena
733 2239 947 2309 peccati
983 2237 1200 2292 miseris
1227 2236 1487 2307 infligitur
1535 2251 1722 2306 repro-

140 2329 545 2385 hum‘sensum;
576 2337 632 2380 et
658 2329 702 2384 si
752 2345 858 2399 qua
907 2329 1000 2384 tibi
1049 2329 1280 2385 verioris
1333 2327 1722 2398 intelligentiae,

135 2439 256 2493 quae
280 2423 456 2478 adhuc
488 2433 538 2480 te
563 2434 734 2494 regat,
777 2423 1009 2479 scintilla
1034 2423 1328 2490 resederit,
1349 2422 1497 2494 juste
1523 2422 1725 2494 judicio

136 2515 526 2585 indignationis
549 2517 846 2572 auferetur.

210 2607 374 2663 Vens.
403 2609 489 2664 12.
524 2639 596 2651 —--
646 2628 665 2662 ι
706 2609 966 2680 Colligata
999 2618 1085 2665 est
1134 2608 1392 2678 iniquitas
1444 2608 1722 2684 Ephraim,

138 2719 158 2753 ι
195 2701 572 2756 absconditum
623 2710 900 2772 peccatum
929 2699 1078 2774 ejus.
1117 2720 1136 2753 ι
1194 2699 1448 2773 Volgares
1499 2700 1728 2772 quilibet

128 2801 457 2863 peccatores
483 2793 550 2847 ad
580 2791 940 2848 confessionis
961 2793 1190 2864 gratiam
1218 2791 1475 2849 facillime
1508 2803 1726 2862 pertra-

129 2886 370 2954 huntur,
400 2885 684 2958 hypocrita
715 2885 804 2940 vix
845 2894 940 2940 aut
990 2901 1306 2956 nunquam;
1341 2886 1468 2956 quia
1516 2885 1604 2956 qui
1660 2869 1728 2940 ad

127 2978 240 3034 hoc
272 2979 504 3048 laborat,
537 2989 594 3035 ut
623 2980 932 3036 sanctitatis
980 2979 1196 3034 nomine
1227 2980 1557 3047 bonoretur,
1590 2995 1728 3035 nun-

129 3085 299 3142 quam
322 3073 387 3126 ad
419 3072 523 3128 hoc
573 3081 632 3127 ut
661 3072 865 3128 foedum
895 3073 960 3128 de
990 3087 1047 3129 se
1076 3073 1350 3144 quidpiam
1402 3072 1726 3130 confiteatur

131 3164 438 3236 inducitur.
468 3163 739 3234 Iniquitas
781 3179 911 3233 ergo
940 3164 1197 3235 Epiri-nim
1243 3164 1546 3236 colligatur,
1599 3165 1727 3235 quia

131 3274 420 3328 nunquam
451 3257 611 3311 uliins
636 3257 888 3327 puritatis
918 3256 1134 3328 eloquio
1165 3257 1234 3311 ab
1253 3258 1526 3313 obstinato
1563 3257 1728 3313 corde

133 3350 456 3405 resolvitur.
485 3348 768 3403 Peccatum
825 3349 970 3404 illius
1023 3349 1407 3417 absconditur,
1463 3349 1587 3419 quia
1643 3350 1729 3404 via

138 3440 262 3510 ejus
285 3441 504 3495 minime
532 3441 642 3495 Deo
673 3440 964 3508 revelatur,
997 3442 1198 3512 quippe
1220 3458 1248 3496 a
1271 3457 1378 3512 quo
1404 3441 1539 3497 nihil
1565 3456 1726 3514 pror-

141 3546 260 3598 sus,
288 3531 380 3586 sed
424 3548 452 3585 a
480 3532 593 3587 solo
634 3534 834 3588 mundo
858 3543 1156 3604 separatur.

218 3623 383 3679 Vens.
411 3625 497 3682 15.
527 3657 596 3666 -—
649 3626 929 3682 «'Dolores
970 3626 1325 3697 parturientis
1378 3629 1596 3684 venient
1649 3631 1725 3697 ei;

149 3733 169 3770 ι
205 3715 322 3786 ipse
345 3715 485 3771 filius
527 3732 630 3772 non
677 3718 916 3787 sapiens.
962 3737 981 3770 ι
1035 3716 1253 3772 Dolores
1297 3718 1636 3788 parturientis
1683 3721 1729 3774 ei

139 3809 387 3877 veniunt,
415 3825 535 3864 cum
565 3809 896 3864 acutissima:
935 3808 1277 3864 titillationes
1305 3809 1487 3864 carnis
1514 3817 1727 3865 uterum

139 3903 340 3959 tuentis
368 3903 484 3975 ejus
515 3904 866 3974 abrumpunt.
891 3901 995 3958 Sed
1027 3903 1170 3958 inter
1191 3904 1305 3958 haec
1333 3903 1442 3972 ipse
1455 3901 1599 3972 ﬁlius
1628 3920 1730 3958 non

139 3998 350 4066 sapiens
394 4006 498 4063 est,
544 3996 671 4068 quia
703 4012 826 4050 cum
855 3995 1020 4049 filium
1050 3993 1144 4050 Dei
1186 4009 1244 4051 se
1279 3995 1438 4067 vulgo
1478 3994 1726 4049 cantitari

141 4091 395 4161 gaudeat,
432 4092 539 4162 ipse
571 4099 750 4144 tamen
811 4106 913 4144 non
962 4089 1171 4158 sapiens
1224 4099 1338 4154 est,
1377 4087 1504 4158 quia
1558 4087 1730 4142 Deum

141 4180 360 4237 Patrem
391 4185 443 4236 in
470 4181 617 4236 nullo
660 4180 914 4236 laetificat.
945 4179 1114 4236 Filius
1143 4179 1285 4234 enim
1313 4178 1550 4248 sapiens,
1577 4176 1731 4245 juxta

139 4273 512 4342 Salomonem,
567 4273 802 4328 laetificat
853 4280 1062 4343 patrem
1111 4270 1472 4340 (Prov.x,f).
1527 4285 1546 4320 ι
1580 4266 1732 4324 Nunc

146 4388 168 4422 ι
204 4369 345 4423 enim
367 4383 470 4422 non
491 4367 656 4422 stabit
679 4368 731 4420 in
755 4365 1082 4420 contritione
1111 4363 1366 4418 filiorum.
1400 4361 1587 4432 (Vens.
1619 4361 1730 4432 14.)

143 4479 167 4513 ι
201 4461 276 4516 De
305 4477 465 4515 manu
499 4459 688 4514 mortis
715 4457 955 4514 liberabo
983 4473 1100 4526 eos,
1137 4457 1202 4512 de
1251 4466 1427 4512 morte
1466 4455 1731 4511 redimam

143 4575 165 4607 ι
199 4569 312 4609 eos.
350 4574 367 4605 ι
404 4553 581 4620 Nunc,
610 4553 662 4606 id
690 4560 795 4618 est,
828 4552 880 4606 in
913 4549 1192 4621 praesenti,
1225 4549 1464 4619 quandiu
1522 4547 1731 4603 scilicet

134 4646 303 4703 hodie
348 4646 566 4712 dicitur,
609 4644 664 4697 in
695 4643 1005 4696 contritione
1027 4641 1260 4711 ﬁliorum
1293 4656 1397 4694 non
1427 4648 1555 4705 stat,
1603 4639 1726 4708 quia

135 4754 236 4794 eos
282 4737 564 4804 Dominus,
622 4751 743 4790 cum
793 4735 847 4789 in
890 4733 1076 4788 labore
1123 4732 1401 4788 hominum
1454 4746 1561 4785 non
1618 4730 1730 4786 sint

135 4829 312 4900 (Psal.
339 4847 509 4895 Lxxu,
536 4829 614 4900 5),
656 4843 778 4883 cum
805 4826 1148 4890 hominibus,
1205 4835 1392 4896 utpote
1439 4839 1576 4895 quos
1619 4839 1726 4878 non

135 4925 358 4995 recipit,
391 4933 450 4978 ut
476 4922 615 4977 filios
663 4937 771 4976 non
821 4918 1054 4990 flagellat
1082 4917 1268 4990 (Hebr.
1299 4934 1396 4984 xu,
1438 4919 1512 4990 ti).
1561 4916 1728 4973 Filios

133 5016 285 5074 enim
315 5017 367 5071 in
402 5015 504 5070 hoc
536 5014 736 5069 mundo
765 5011 1020 5076 conterit,
1069 5026 1205 5080 quos
1253 5011 1319 5065 ad
1369 5011 1726 5066 aeternitatem

135 5110 500 5182 subrigendos
525 5107 707 5176 elegit.
734 5105 841 5159 llos
872 5103 935 5158 de
961 5120 1123 5156 manu
1147 5103 1328 5156 mortis
1357 5101 1572 5168 liberat,
1590 5115 1727 5172 quos

135 5205 210 5260 de
231 5203 634 5274 perpeti-alioue
689 5198 900 5270 peccati
945 5210 1090 5252 nunc
1145 5194 1334 5250 salvat.
1389 5213 1406 5244 ι
1437 5194 1726 5250 Peccatum

134 5295 285 5352 enim
349 5293 572 5348 intravit
623 5292 914 5357 mundum,
990 5297 1045 5344 et
1100 5302 1196 5358 per
1241 5294 1523 5356 peccatum
1581 5301 1728 5342 mors

137 5388 320 5462 (Rom.
366 5403 418 5454 v,
466 5386 576 5457 ιε),
612 5405 630 5437 ι
687 5383 935 5439 effectum
965 5397 1062 5454 pro
1117 5394 1278 5436 causa
1333 5379 1532 5449 posuit.
1583 5378 1727 5446 Quos

137 5495 324 5543 autent
355 5484 418 5538 de
471 5482 818 5536 manumortis
869 5480 1084 5544 liberal,
1126 5478 1288 5533 etiam
1325 5477 1388 5531 tle
1424 5484 1587 5530 morte
1643 5491 1727 5530 re-

136 5581 317 5641 dimit,
347 5596 469 5634 cum
503 5595 637 5648 quos
667 5592 829 5650 opere
855 5584 1099 5641 exuerat,
1132 5574 1338 5648 pariter
1367 5589 1396 5628 a
1448 5571 1728 5630 mortifero

137 5687 356 5748 quoque
387 5672 454 5726 ab
475 5669 715 5743 ejus-lem
742 5684 900 5742 poma
933 5677 1210 5741 perpetuae
1258 5668 1448 5724 mortis
1475 5665 1724 5725 absolvit.

143 5784 164 5818 ι
218 5766 323 5821 Ero
355 5781 498 5820 mors
531 5774 642 5832 tua,
677 5779 710 5820 o
733 5778 901 5833 mors,
927 5778 1022 5820 ero
1045 5770 1413 5835 morsustuus,
1441 5761 1669 5820 inferne.
1704 5782 1721 5817 ι

133 5855 382 5933 Exponit
422 5856 698 5936 quomodo
723 5872 810 5916 eos
839 5855 903 5917 de
927 5865 1092 5915 ntorte
1121 5854 1338 5916 liberet.
1389 5855 1530 5922 Deus
1582 5870 1728 5920 mors

1823 1957 2040 2014 claritas
2065 1958 2446 2016 intellectualis
2468 1961 2635 2016 nostri
2659 1961 2878 2034 ingenii.
2903 1959 3090 2018 Omnis
3113 1976 3244 2032 ergo
3278 1975 3411 2016 con-

1823 2049 2018 2107 solatio
2066 2051 2134 2106 ab
2179 2051 2266 2108 his
2293 2053 2668 2122 absconditur,
2697 2053 2828 2124 quia
2856 2053 3168 2125 prosperari
3216 2053 3272 2108 in
3307 2052 3412 2108 hac

1823 2145 1934 2214 via,
1978 2154 2074 2202 aut
2103 2147 2245 2202 inter
2265 2145 2450 2202 divina
2472 2147 2704 2204 verbera
2733 2147 2800 2202 ad
2829 2146 3101 2203 modicum
3136 2145 3411 2216 respirare

1824 2237 1881 2293 in
1903 2238 2102 2295 talifms
2124 2239 2453 2296 omnimodis
2482 2249 2827 2296 aversantur.
2868 2240 2994 2295 ldeo
3032 2255 3156 2295 cum
3206 2236 3413 2294 Rachel

1824 2329 1998 2386 noluit
2019 2331 2290 2386 consolari
2316 2329 2532 2401 (Matth.
2557 2347 2618 2400 ιι,
2651 2331 2763 2403 18),
2786 2331 2913 2402 quia
2935 2329 3100 2399 justis
3122 2327 3412 2384 ineffabilia

1825 2422 2006 2478 sciunt
2027 2421 2248 2492 praemia
2281 2421 2601 2493 praeparari,
2635 2437 2760 2478 cum
2783 2423 2947 2478 etiam
2996 2421 3111 2491 ipse
3142 2417 3409 2485 infernus,

1789 2581 1796 2592 η
1826 2516 1916 2587 qui
1941 2516 2054 2587 jam
2087 2530 2152 2570 ex
2178 2523 2332 2586 parte
2361 2514 2516 2585 quasi
2541 2515 2841 2570 mordendo
2862 2513 3070 2580 libavit,
3098 2526 3260 2582 quant
3289 2524 3417 2568 sua-

1826 2606 1908 2662 vis
1934 2607 2006 2662 sit
2033 2605 2293 2660 Dominus
2320 2605 2458 2660 inter
2489 2605 2682 2675 fratres
2731 2605 2956 2672 dividat,
3008 2603 3061 2660 id
3108 2612 3190 2660 est
3242 2601 3416 2659 bealtn

1825 2700 2094 2773 por-tionis
2126 2698 2432 2755 mercedem
2468 2699 2612 2755 inter
2631 2714 2726 2756 eos
2763 2698 2854 2769 qui
2879 2697 3053 2754 sancti
3075 2705 3202 2752 sunt
3227 2705 3282 2752 et
3318 2710 3416 2752 vo-

1827 2799 2042 2857 cantur,
2067 2790 2320 2862 accipiat.
2355 2807 2372 2842 t
2402 2788 2648 2845 Adducet
2670 2797 2918 2845 urentem
2949 2797 3171 2843 ventum
3223 2785 3412 2842 Domi-

1833 2899 1852 2934 ε
1891 2900 1994 2938 nus
2027 2885 2092 2940 de
2121 2886 2339 2941 deserto
2396 2886 2782 2942 ascendentem
2824 2903 2839 2941 :
2872 2892 2926 2942 et
2971 2884 3198 2941 siccabit
3249 2897 3411 2938 venas

1833 2991 1854 3026 ι
1889 2973 2026 3043 ejus,
2051 2987 2110 3031 et
2148 2978 2414 3032 desolabit
2440 2978 2644 3034 fontem
2678 2976 2816 3048 ejus,
2841 2987 2897 3033 et
2924 2979 3039 3048 ipse
3061 2977 3415 3049 diripiettbe-

1835 3083 1854 3118 ι
1891 3081 2112 3124 saurum
2135 3071 2314 3125 omnis
2347 3070 2490 3126 vasis
2514 3070 2906 3127 desiderabilis.
2967 3089 2987 3123 ι
3029 3068 3108 3127 Νε
3138 3084 3269 3143 ergo
3309 3078 3418 3126 ter-

1832 3170 2036 3230 reatur,
2100 3173 2189 3218 aut
2222 3165 2379 3236 221
2411 3180 2509 3235 pro
2569 3165 2750 3236 aliqua
2809 3164 3122 3221 difficultate
3167 3165 3419 3235 desperet

1831 3253 2236 3326 illequondam,
2266 3260 2354 3326 qui
2385 3258 2544 3313 modo
2569 3258 2735 3314 Demn
2760 3260 3130 3328 praegustavit,
3151 3257 3414 3323 infernus,

1833 3351 1960 3421 quia
1989 3352 2213 3406 adducet
2279 3352 2534 3407 Dominus
2593 3361 2801 3408 ventum
2851 3361 3106 3418 urentem,
3161 3349 3413 3418 spirituum

1832 3444 2087 3500 videlicet
2111 3444 2335 3514 quiquid
2384 3443 2513 3498 foedi
2548 3452 2632 3500 est
2681 3443 2908 3498 interius
2951 3441 3197 3497 lmmoris
3242 3439 3419 3496 exsic-

1833 3545 2074 3604 cantem,
2100 3537 2191 3606 qui
2225 3545 2417 3590 ventus
2449 3535 2514 3589 de
2561 3537 2762 3589 deserto
2810 3533 3088 3598 ascendit,
3125 3534 3192 3590 de
3239 3541 3418 3589 mente

1831 3631 2061 3698 scilicet,
2087 3630 2171 3685 cui
2203 3628 2474 3696 exsilium,
2491 3629 2600 3684 imo
2618 3628 2852 3684 solitudo
2871 3636 2955 3684 est
2984 3627 3419 3696 mundus,emsr-

1832 3725 1938 3795 git;
1973 3738 2131 3792 quem
2156 3737 2353 3794 sponsa
2412 3722 2464 3777 in
2497 3721 2738 3778 Canticis
2786 3721 2854 3775 ad
2906 3718 3244 3791 perflandum
3292 3720 3420 3775 hor-

1833 3823 1946 3869 tum
1971 3829 2129 3878 suum
2156 3829 2392 3869 evocans
2424 3822 2485 3869 ut
2512 3812 2697 3868 veniat
2730 3827 2798 3866 ex
2821 3811 3040 3868 nomine
3061 3814 3198 3883 petit
3239 3810 3415 3884 (Cant.

1833 3921 1908 3971 tv,
1935 3907 2044 3978 16).
2073 3907 2120 3961 Is
2146 3907 2314 3962 siccat
2360 3906 2475 3977 ejus
2505 3922 2693 3973 venas,
2719 3919 2842 3960 cum
2873 3905 3222 3976 cogitationis
3275 3919 3420 3960 mea-

1835 4007 1922 4055 tus
1943 4000 2194 4068 obstrnit,
2236 4015 2333 4070 per
2358 4014 2521 4070 quam
2542 4008 2760 4066 veteres
2783 3997 2912 4054 olim
2957 3998 3304 4070 permittebat
3353 3997 3419 4053 il-

1832 4091 1939 4148 labi
1972 4093 2244 4148 lascivias.
2279 4091 2504 4164 Fontem
2554 4091 2669 4163 ejus
2705 4091 2936 4156 desolat,
2983 4108 3106 4147 cum
3155 4092 3418 4162 originem

1834 4184 2122 4239 mundana:
2145 4184 2464 4252 intentionis
2481 4183 2580 4240 sub
2611 4185 2775 4240 unius
2797 4184 3054 4240 desiderii
3072 4183 3419 4254 simplicitate

1835 4275 2146 4350 conflagrat.
2166 4277 2330 4349 Quasi
2345 4280 2496 4346 enim
2530 4277 2838 4347 frequentia
2861 4286 2944 4334 est
2969 4277 3414 4344 inhabitantium,

1833 4366 1924 4422 ubi
1957 4367 2328 4438 multiplicitas
2349 4378 2433 4423 est
2475 4368 2826 4438 appetituum.
2879 4365 3023 4422 Fons
3055 4380 3186 4435 ergo
3212 4365 3418 4421 desola-

1837 4469 1944 4526 tur,
1978 4475 2098 4514 cum
2130 4459 2598 4514 saeculimemoria
2646 4473 2742 4511 usu
2795 4457 3186 4528 cogitationum
3243 4454 3419 4510 neuti-

1762 4589 1807 4644 Β
1835 4567 1996 4622 quam
2035 4551 2438 4621 frequentatur.
2471 4551 2624 4606 'l'unc
2667 4550 2900 4620 primum
2931 4550 3048 4620 ipsc
3087 4547 3154 4604 de
3207 4547 3420 4605 inferno

1831 4646 2028 4702 caelum
2084 4645 2260 4700 factus
2311 4645 2617 4699 thesaurum
2648 4645 2817 4699 omnis
2869 4643 3004 4699 vasis
3060 4642 3420 4698 desiderabilis

1831 4737 2035 4807 diripit,
2067 4752 2187 4792 cum
2215 4751 2358 4802 cum,
2385 4737 2435 4791 in
2465 4752 2572 4806 quo
2597 4745 2723 4792 sunt
2746 4752 2936 4792 omnes
2958 4735 3421 4806 tbesaurisapien-

1832 4831 1919 4885 tite
1950 4829 2225 4885 Christum
2256 4828 2408 4902 (Col.
2438 4846 2500 4897 ιι,
2529 4829 2608 4901 5),
2660 4846 2688 4885 a
2729 4829 2883 4899 cujus
2907 4830 3244 4886 vestimentis
3276 4845 3421 4900 myr-

1831 4919 1953 4987 rha,
2012 4929 2066 4976 et
2113 4929 2286 4991 gutta,
2343 4933 2395 4975 et
2442 4922 2588 4976 casia
2614 4920 2891 4992 profluunt
2927 4921 3100 4994 (Psal.
3153 4937 3301 4987 thv,
3330 4921 3417 4990 9),

1831 5011 2232 5082 scilicetgenus
2255 5026 2414 5066 oume
2456 5012 2720 5068 virtutmn
2772 5013 3060 5082 purificato
3097 5011 3210 5080 jam
3259 5009 3422 5065 corde

1830 5108 2176 5178 constringit.
2212 5107 2278 5161 Et
2309 5107 2602 5162 notandum
2632 5108 2775 5177 quod
2805 5108 3004 5162 dicitur
3031 5104 3216 5173 diripit
3242 5118 3256 5168 ;
3291 5102 3421 5156 diri-

1829 5216 1950 5271 pere
1980 5199 2123 5254 cnim
2157 5199 2211 5252 in
2239 5198 2472 5254 diversas
2513 5209 2688 5270 partes
2733 5214 2913 5268 rapere
2953 5205 3056 5252 est.
3093 5194 3420 5250 Tltesaurunt

1831 5309 1960 5365 ergo
1991 5293 2160 5347 omm’s
2192 5293 2329 5347 vasis
2370 5291 2734 5347 desiderabitis
2774 5290 2978 5360 diripit,
3033 5289 3124 5358 qui
3171 5287 3415 5343 omnium

1832 5395 2165 5454 sanctorum,
2198 5386 2280 5442 vel
2310 5388 2602 5454 virtutum,
2632 5386 2724 5457 qui
2773 5385 2827 5439 in
2857 5383 3075 5440 Christo
3103 5392 3416 5451 censentur,

1831 5480 2080 5552 exempla
2115 5495 2551 5552 quaquaversum
2592 5479 2644 5534 in
2676 5493 2734 5534 se
2768 5477 3059 5534 contrahit.

2423 5570 2652 5630 CAPUT
2686 5570 2824 5629 XIV.

1910 5663 2072 5722 Vens.
2108 5665 2158 5721 1.
2181 5693 2251 5707 —--
2287 5682 2304 5716 ι
2338 5663 2537 5723 Pereat
2585 5663 2853 5730 Samaria,
2889 5665 3142 5738 quoniam
3175 5663 3241 5720 ad
3269 5676 3432 5718 amsa-

1839 5782 1858 5818 ι
1891 5761 2184 5820 ritudinem
2217 5760 2512 5825 concitavit
2540 5761 2708 5819 Deum
2737 5775 2918 5818 suum.
2958 5779 2975 5814 ι
3004 5759 3082 5818 Ac
3109 5757 3154 5815 si
3184 5757 3416 5814 diceret:

1849 5855 2036 5921 Pereat
2066 5857 2135 5919 ab
2165 5853 2658 5938 exempliflcatione
2681 5851 2922 5917 fidelium
2943 5848 3232 5912 exterioris
3253 5846 3428 5905 homin
