3998 6326
542 362 648 423 ιιι
680 407 689 411 -
1054 325 1061 331 ’
1444 352 1508 412 v.
1548 350 1877 413 GUlBERTl
1913 348 2205 411 ABBATIS
2226 350 2286 410 s.
2327 350 2567 410 unum
2608 350 2697 412 os
2726 348 3124 414 sonorum
3691 378 3777 439 ιη

548 483 641 539 ais
680 490 937 553 perversa
985 476 1074 534 illa
1122 475 1397 545 custodia,
1441 476 1698 548 quoniam
1740 476 1794 531 in
1824 490 1931 531 non
1960 482 2145 531 custo-
2171 482 2223 543 Α
2254 472 2401 530 nulla
2441 486 2536 546 spe
2571 473 2684 545 jam
2717 480 2970 546 occupat,
3018 480 3277 544 quantum
3310 471 3376 530 ad
3417 470 3629 538 salutem
3669 499 3776 551 tem.

552 570 753 631 dieinde
796 572 1110 627 interiorem
1178 566 1345 625 Deum
1400 582 1585 635 suum,
1639 584 1701 624 ac
1750 570 1798 624 si
1849 567 2141 638 vigilanter
2247 565 2490 637 poralem
2522 565 2737 628 attinet,
2780 566 3013 621 animos.
3062 563 3232 635 Super
3259 583 3444 638 equum
3496 587 3776 641 ηοιιιιδρθη-

552 666 800 720 diceret:
831 662 947 716 Non
974 660 1275 732 quemlibet
1302 670 1612 728 externum,
1650 659 1746 716 sed
1780 660 2017 732 judicent
2060 660 2143 713 in-
2247 658 2449 721 dimus,
2495 672 2619 713 cum
2663 657 2943 712 smniaris
2988 657 3321 712 excellctttite
3362 659 3676 725 nobilitatem
3715 693 3778 733 re.

554 765 770 813 ternum
818 754 1134 822 provocavit
1180 753 1251 808 ad
1301 754 1747 808 amaritudinem.
1798 770 1817 804 ι
1852 752 1908 806 In
1962 751 2143 822 gladio
2245 750 2511 818 spuimus.
2558 746 2731 820 Opera
2773 764 3026 805 manuum
3054 760 3351 805 nostrarum
3380 751 3513 808 ultra
3549 757 3667 817 deos
3698 784 3781 826 ηυιι

560 868 582 903 ι
612 857 831 920 pereat,
896 847 1109 916 parvuli
1166 862 1355 903 eorum
1402 847 1696 913 eliduntur,
1747 855 1803 903 et
1847 845 1976 901 fere
2024 846 2143 913 ejus
2246 840 2496 909 dicimus,
2531 856 2653 898 cum
2696 843 2762 897 ad
2799 843 3168 916 Spectaculum
3203 854 3401 899 nostrae
3430 847 3575 903 home
3595 870 3784 916 conver.

552 960 580 997 4
619 941 1013 996 discindautur.
1050 956 1072 994 ι
1106 939 1353 997 Samaria
1396 942 1451 995 in
1482 940 1660 1012 gladio
1687 941 1848 1012 perit,
1873 954 1995 995 cum
2026 936 2143 1008 ipsa
2246 935 2492 1000 Sationis,
2556 942 2810 1006 tanquam
2857 934 2923 990 ad
2966 934 3197 1004 alicujus
3246 934 3557 992 idololatria)
3594 945 3783 1022 cultum,

558 1034 772 1090 Subtilis
822 1034 875 1087 in
924 1032 1008 1090 sui
1054 1032 1437 1089 observatione
1468 1034 1746 1106 vigilantia
1786 1032 2145 1097 deseritur,a
2248 1038 2591 1099 nequaquam
2646 1027 2975 1082 lenocinium
3026 1026 3270 1083 ridicula:
3310 1027 3638 1100 vulgarilatis
3676 1044 3788 1101 asci.

554 1126 987 1194 mttstipatonm
1012 1138 1254 1189 suorum,
1285 1125 1377 1196 qui
1400 1125 1450 1180 ei
1474 1125 1859 1187 adulabantur,
1884 1122 2144 1193 frequen-
2248 1119 2473 1174 scimus.
2524 1117 2873 1174 Praeterierat
2902 1128 2991 1174 me
3019 1118 3214 1176 divina:
3258 1120 3565 1178 testificatio
3594 1124 3786 1191 locutio-

536 1218 656 1275 Atia.
710 1218 867 1290 Sape
921 1220 1069 1275 enim
1150 1218 1330 1275 evenit
1398 1224 1461 1275 ut
1524 1219 1647 1275 talis
1708 1216 2147 1290 deprehendatur
2251 1208 2370 1276 nis,
2419 1210 2562 1281 quod
2620 1210 2810 1281 Utique
2854 1226 2956 1283 per
3008 1224 3209 1283 equum
3269 1211 3598 1285 signiﬁcetur
3650 1220 3789 1284 fastus

556 1309 786 1374 astutia,
818 1310 964 1364 unde
992 1308 1050 1364 in
1092 1309 1270 1381 gladio
1298 1310 1545 1381 signatur
1582 1308 1876 1364 discordia.
1922 1304 2146 1361 Parvuli
2249 1302 2434 1374 gloria:
2489 1302 2843 1374 temporalis,
2901 1310 2961 1358 ut
3011 1312 3145 1359 est:
3184 1304 3267 1361 Ab
3323 1305 3673 1377 increpatione
3718 1314 3791 1375 Dei

559 1410 745 1457 eorum
781 1401 1079 1467 eliduntur,
1106 1414 1228 1456 cum
1262 1396 1403 1455 aiiisi
1452 1402 1519 1456 ad
1553 1411 1764 1473 petram
1793 1416 1824 1455 a
1854 1414 1967 1455 suae
1994 1396 2149 1455 hebi-
2248 1394 2440 1462 Jacob,
2482 1394 2911 1452 dormitaverunt
2939 1396 3031 1468 qui
3061 1397 3427 1454 ascenderunt
3467 1416 3624 1470 equos
3649 1402 3791 1477 (Ρεαι.

565 1493 769 1549 tudinis
816 1494 1017 1549 duritia
1077 1493 1520 1565 eonfringuntur.
1580 1492 1800 1549 Parvuli
1866 1501 1994 1549 sunt
2054 1494 2148 1564 qui
2250 1500 2417 1556 1.x“,
2442 1488 2530 1559 7).
2564 1488 2696 1560 Ejus
2716 1489 2807 1560 qui
2847 1490 2902 1545 in
2937 1505 3004 1546 eo
3026 1501 3098 1545 est
3136 1489 3278 1547 Deus
3310 1491 3596 1548 miseretur
3614 1501 3787 1569 pupilli,

562 1586 740 1642 adhuc
782 1585 852 1639 ad
900 1586 956 1639 id
986 1582 1147 1641 οϐεΙί
1202 1586 1367 1640 rudes
1407 1590 1552 1640 sunt.
1602 1580 1751 1640 Feta:
1795 1586 1910 1657 ejus
1946 1584 2152 1640 discin-
2252 1581 2402 1652 quia,
2435 1590 2723 1652 postquam
2772 1597 2927 1639 mens
2957 1598 2988 1638 a
3025 1582 3314 1654 praesentis
3358 1584 3539 1639 saeculi
3562 1600 3615 1641 se
3654 1590 3794 1648 omni-

543 1675 785 1741 -duutur,
832 1690 957 1731 eum
998 1675 1057 1732 hi
1120 1677 1217 1748 qui
1270 1678 1532 1732 diuturno
1584 1688 1714 1734 sunt
1760 1677 1942 1733 studio
1988 1675 2152 1746 imths
2255 1678 2415 1734 modo
2451 1677 2825 1735 consolatione
2866 1680 3109 1751 deponit,
3142 1690 3197 1736 et
3227 1681 3381 1752 quasi
3430 1678 3621 1739 diaboli
3656 1691 3794 1757 patris

562 1767 702 1823 ortis
751 1767 975 1836 imbuti,
1026 1778 1084 1823 et
1130 1780 1284 1837 spem
1340 1782 1642 1842 concepere
1673 1768 1787 1838 jam
1842 1769 2002 1837 lucri,
2040 1784 2152 1839 quo
2255 1770 2401 1826 ultro
2441 1770 2762 1838 fontentum,
2795 1770 2896 1827 sub
2921 1788 3031 1842 quo
3054 1773 3422 1840 nutriebatur,
3454 1774 3796 1842 amittit,otse

560 1860 792 1916 obtendit
823 1864 940 1918 [nec
970 1862 1198 1930 faciant,
1244 1860 1420 1929 rimis,
1450 1872 1511 1919 ut
1550 1864 1632 1920 sic
1682 1863 1884 1928 dicam,
1918 1872 2151 1934 patentt-
2180 1846 2225 1908 Β
2253 1858 2417 1932 222
2458 1860 2830 1917 trisericordis
2868 1860 2964 1916 Dei
2994 1861 3107 1933 jam
3134 1860 3440 1919 visceribus
3480 1864 3790 1939 intromittit;

560 1952 689 2020 bas,
732 1964 789 2010 et
837 1952 904 2009 ad
948 1956 1082 2026 quid
1124 1958 1369 2027 aspireut
1396 1956 1613 2027 publice
1656 1964 2025 2028 exponuntur.
2072 1952 2150 2012 De
2256 1948 2375 2020 ejus
2406 1948 2653 2023 profecto
2698 1962 2828 2009 tunc
2855 1954 3174 2022 miseretur,
3207 1956 3335 2026 quia
3387 1954 3561 2011 aliena
3598 1956 3795 2033 benigni-

562 2044 695 2101 ἔαξε
718 2043 804 2102 his
836 2049 893 2102 tu
922 2049 1215 2119 Evangelio
1244 2050 1484 2104 dicitur:
1522 2048 1615 2105 Vae
1647 2048 2058 2121 praegnantibus
2096 2056 2154 2104 et
2252 2056 2342 2101 tas
2365 2060 2470 2101 non
2506 2054 2778 2117 speratur.

562 2141 993 2197 nammrtibus
1016 2139 1166 2213 (Luc.
1200 2152 1317 2206 tm,
1341 2142 1468 2215 9.5)!
2328 2140 2496 2198 Vens.
2531 2143 2585 2199 5.
2607 2174 2678 2183 —
2705 2162 2723 2196 ‹
2752 2140 2970 2200 Sanabo
2998 2142 3356 2202 contritiones
3379 2160 3588 2214 eorum,
3615 2146 3796 2221 diligam

638 2228 801 2286 Vens.
845 2233 905 2287 2.
935 2228 1432 2290 —-tConvertere.
1486 2232 1687 2294 lsrael.
1736 2233 1806 2289 ad
1858 2230 2153 2289 Dominum
2264 2246 2404 2291 reos
2452 2244 2770 2306 spontanee.
2803 2255 2823 2289 ι
2865 2234 3216 2293 Contritiones
3246 2255 3428 2294 eorum
3507 2251 3671 2308 sanat,
3697 2242 3796 2297 dum

575 2336 597 2375 ι
632 2322 803 2377 Deum
855 2335 1051 2391 tuum,
1096 2327 1356 2395 quoniam
1424 2325 1682 2381 corruisti
1747 2325 1801 2381 in
1864 2324 2154 2396 iniquitate
2257 2336 2614 2385 veternorum
2685 2330 3011 2386 detrimenta
3082 2342 3432 2404 peccatorum
3512 2334 3798 2391 resutuendo

570 2430 596 2467 ι
624 2423 742 2470 tua.
776 2432 796 2468 ι
830 2415 913 2470 Ad
940 2430 1036 2473 eos
1064 2418 1262 2487 quibus
1298 2418 1632 2488 imprecatus
1650 2416 1832 2474 fuerat
1858 2414 1993 2472 facit
2018 2428 2152 2487 apo-
2259 2431 2596 2493 compensat.
2647 2420 2948 2493 Spontauee
2981 2441 3068 2479 eos
3098 2422 3294 2495 diligit,
3326 2440 3449 2480 cum
3484 2441 3589 2481 non
3615 2426 3795 2497 superli—

568 2510 872 2579 Itroplml.
903 2511 982 2566 Ae
1020 2511 1064 2566 si
1087 2512 1237 2567 dicat
1270 2530 1283 2567 :
1311 2512 1582 2580 Quoniam
1613 2513 1670 2568 in
1700 2512 2003 2583 iniquitate,
2044 2524 2154 2583 qua
2259 2514 2342 2568 cie
2370 2523 2544 2579 tenus,
2574 2515 2669 2569 sed
2699 2515 2801 2570 sibi
2826 2515 3038 2588 integre
3058 2526 3113 2572 et
3135 2528 3546 2589 perseveranter
3568 2519 3797 2591 astringit.

566 2612 699 2656 oua
746 2602 857 2657 Deo
884 2592 1043 2675 dirigi
1084 2604 1326 2672 volebas,
1354 2612 1412 2662 et
1454 2604 1735 2662 Altissimo
1772 2606 1969 2661 similis
2010 2604 2152 2672 ﬁeri,
2258 2602 2357 2659 Cui
2390 2603 2521 2658 illud
2544 2603 2920 2677 evangelicum
2956 2605 3115 2677 paulo
3145 2604 3494 2678 subrcspicit.
3526 2606 3651 2664 Cum
3682 2612 3797 2665 enim

568 2690 700 2747 dum
747 2692 921 2759 illum,
957 2696 1050 2764 qui
1078 2697 1130 2751 ei
1154 2696 1459 2751 debebatur
1488 2698 1754 2754 honorem
1802 2698 1896 2753 tibi
1929 2712 2154 2769 arroga-
2261 2694 2550 2753 Dominum
2591 2698 2812 2769 quidam
2859 2699 3237 2755 sciscitaretur
3292 2698 3607 2757 adolescens
3641 2696 3800 2774 quibus

556 2782 692 2848 dies,
744 2787 1016 2851 corrurstr‘,
1068 2787 1124 2842 id
1164 2794 1251 2842 est
1291 2786 1359 2842 ab
1407 2788 1555 2844 inani
1608 2806 1703 2862 spe
1750 2792 2021 2847 decidisti.
2069 2790 2151 2845 Ad
2259 2791 2430 2846 vitam
2471 2800 2730 2846 aeternam
2778 2792 2994 2848 actibus
3041 2804 3366 2860 mereretur,
3395 2804 3450 2849 et
3494 2795 3604 2864 ipse
3629 2795 3672 2850 ei
3699 2794 3802 2866 legis

570 2869 858 2930 Dentium
906 2876 1073 2932 Deum
1121 2887 1291 2944 tuum,
1340 2883 1406 2935 ad
1454 2897 1578 2937 eum
1622 2882 1874 2937 videlicet
1911 2900 2017 2937 non
2065 2882 2154 2938 cui
2260 2884 2513 2940 mandata
2540 2884 2925 2954 praetenderet,
2949 2884 3167 2956 juvenis
3186 2887 3304 2942 inec
3325 2887 3516 2942 eadem
3540 2886 3805 2942 abizeunte

550 2982 774 3039 πεφρυ-
829 2969 943 3039 sis,
985 2972 1081 3028 sed
1136 2972 1290 3042 cujus
1340 2973 1592 3044 subjaces
1639 2976 1863 3042 ditioni,
1918 2984 1973 3030 et
2038 2972 2151 3047 qui,
2260 2990 2376 3031 aevo
2421 2990 2481 3032 se
2512 2988 2762 3032 servasse
2807 2974 3103 3047 respondit.
3147 2975 3250 3033 Ubi
3312 2977 3649 3050 subiungitur
3691 2977 3802 3048 quod

568 3061 870 3117 secundum
920 3065 1069 3134 quod
1124 3064 1299 3132 Deus,
1364 3068 1553 3123 arcani
1620 3068 1696 3123 tui
1744 3067 1911 3138 iudex
1971 3076 2056 3125 est
2097 3077 2154 3126 et
2259 3066 2419 3124 Jesus
2448 3069 2679 3123 intuitus
2721 3067 2973 3124 dilexerit
3002 3082 3149 3124 eum.
3192 3068 3291 3124 Cui
3319 3078 3499 3126 tamen
3535 3086 3649 3126 cum
3677 3074 3799 3141 post-

566 3152 937 3211 simutatioats
960 3156 1136 3224 testis,
1172 3161 1389 3215 tandem
1421 3168 1733 3218 conuertere.
2190 3218 2225 3233 Α
2259 3162 2483 3216 modum
2518 3160 2585 3216 de
2609 3158 2794 3215 mundi
2836 3159 3314 3216 abrenuntiatione
3344 3176 3499 3217 novae
3538 3158 3662 3233 legis
3696 3156 3801 3216 scita

645 3246 811 3304 Vasa.
840 3250 895 3306 3.
922 3274 996 3293 -ι
1024 3268 1044 3302 ι
1075 3251 1273 3307 Tollite
1304 3254 1586 3310 vobiscum
1631 3254 1818 3321 verba,
1848 3260 1904 3311 et
1930 3268 2157 3313 conver-
2182 3218 2226 3282 α
2258 3261 2610 3326 proponeret,
2634 3248 2807 3308 tristis
2829 3252 3160 3308 abscessisse
3188 3268 3313 3308 mox
3339 3252 3563 3321 dicitur,
3592 3250 3804 3324 quoniam

572 3354 595 3390 ι
630 3337 805 3395 timiui
853 3342 919 3397 ad
967 3343 1273 3398 Dominum.
1306 3364 1328 3397 ο
1388 3345 1562 3402 Verba
1630 3347 1681 3401 in
1731 3346 2029 3418 Scripturis
2094 3354 2149 3403 et
2260 3347 2431 3402 multa
2482 3346 2770 3418 possidens
2823 3344 2975 3402 dives
3023 3356 3169 3403 esset
3210 3345 3431 3420 (Matth.
3481 3364 3595 3416 xix,
3634 3342 3804 3413 mea).

569 3432 924 3490 Iocularium
968 3444 1026 3490 et
1066 3437 1294 3504 nostris,
1350 3454 1454 3509 pro
1503 3439 1659 3509 nugis
1692 3446 1749 3495 et
1791 3440 1991 3496 fabulis
2026 3440 2158 3511 poni
2256 3438 2416 3496 Ilnnc
2464 3454 2595 3512 ergo
2624 3454 2890 3509 amorem,
2934 3448 2990 3496 et
3032 3440 3178 3495 illam
3234 3441 3424 3496 Achab
3472 3440 3614 3511 regis
3655 3432 3806 3511 perlidi

564 3525 768 3581 latent.
824 3526 980 3583 Unde
1024 3528 1290 3585 Ovidius:
1325 3530 1534 3588 «Verba
1574 3532 1668 3588 dat
1712 3534 1891 3589 omnis
1921 3548 2096 3590 amor.
2130 3550 2151 3587 δ
2260 3534 2711 3604 perfunctoriam,
2742 3546 2904 3602 quam
2954 3548 3054 3604 pro
3097 3533 3335 3588 demisso
3377 3534 3556 3603 capite
3591 3531 3807 3587 Dominus

570 3619 645 3676 ΕΑ
694 3620 864 3676 David
910 3624 980 3677 ad
1030 3623 1258 3679 iratrcm
1312 3636 1372 3681 se
1414 3627 1721 3698 culpantcm
1752 3646 1767 3682 :
1802 3644 1819 3680 ι
1858 3627 2110 3698 Nunquid
2137 3670 2150 3694 ,
2256 3623 2389 3680 olim
2421 3623 2724 3679 laudaverit
2754 3622 3144 3693 lmmilitatem,
3175 3620 3314 3693 haec,
3347 3625 3593 3696 inquam,
3616 3632 3806 3689 utraque

570 3713 768 3785 inquit,
800 3729 908 3770 non
934 3716 1157 3772 verbum
1191 3718 1317 3773 est?
1348 3734 1366 3771 ι
1408 3719 1461 3791 (1
1493 3719 1617 3791 Reg.
1656 3736 1791 3785 xvn,
1821 3720 1938 3792 29.)
1992 3720 2156 3775 Tollit
2258 3727 2446 3773 utrum
2477 3724 2796 3789 spontanea,
2823 3719 2964 3773 sicut
2988 3716 3077 3774 hic
3097 3717 3321 3791 legitur,
3345 3718 3631 3775 dilectione
3654 3717 3806 3786 digna-

564 3808 726 3861 ειη-θη
754 3807 845 3876 qui
876 3798 1021 3879 vulgi
1051 3820 1112 3865 se
1158 3808 1432 3868 laudantis
1463 3813 1678 3883 despuit
1714 3812 2007 3867 lenocinia.
2047 3808 2159 3868 Sed
2262 3814 2350 3864 tus
2394 3808 2486 3873 sit,
2529 3806 2801 3877 eonjicere
2852 3806 3032 3863 velim.
3084 3806 3141 3863 Si
3188 3816 3547 3880 spontaneum
3590 3819 3663 3864 cst
3692 3804 3805 3876 quod

566 3898 702 3967 quia
749 3900 823 3953 aii
860 3900 998 3954 tollit
1034 3901 1128 3969 qui
1172 3914 1232 3957 se
1270 3907 1479 3974 pariter
1524 3918 1632 3960 non
1678 3904 1839 3972 tollit,
1894 3906 2157 3960 vobiscum
2258 3898 2406 3954 nullo
2437 3908 2683 3971 cogente,
2718 3898 2877 3955 nullis
2908 3899 3089 3956 causis
3119 3899 3526 3970 subiacentibus
3558 3902 3632 3969 fit,
3662 3898 3801 3967 majus

568 3988 814 4052 additur,
855 3998 916 4044 ut
962 3991 1176 4048 t‘slsitas
1212 4006 1440 4065 operum
1478 4010 1603 4050 cum
1644 3999 1935 4051 verborum
1967 3994 2157 4049 adula-
2262 3992 2314 4047 iu
2362 3992 2472 4048 Deo
2503 3992 2633 4048 mihi
2666 3993 2903 4063 videtur,
2953 4010 3116 4066 quam
3150 3994 3194 4049 si
3231 4010 3295 4051 ex
3340 3996 3538 4051 merito
3569 3998 3651 4051 sit.
3683 3990 3806 4060 Quod

572 4079 815 4139 tionibus
842 4082 1106 4155 abigatur.
1154 4085 1235 4139 Αιι
1263 4086 1548 4142 Domuum
1574 4096 1985 4156 convertuntur,
2028 4100 2156 4143 cum
2256 4086 2404 4139 enim
2458 4084 2653 4141 merito
2692 4085 2948 4154 refertur,
3003 4086 3247 4141 debitum
3304 4094 3411 4156 est,
3470 4086 3611 4157 quod
3662 4092 3804 4139 autent

574 4172 652 4227 ad
684 4172 866 4243 eijatu
898 4175 1221 4246 placendum
1260 4190 1325 4233 ett
1358 4188 1474 4235 toto
1512 4189 1818 4237 vertuntur.
1867 4178 1979 4237 Hoc
2012 4180 2157 4236 enim
2254 4176 2430 4247 gratis
2465 4176 2781 4248 ingenitum.
2824 4176 2960 4232 Cum
2991 4178 3115 4249 quis
3160 4178 3481 4250 obsequium
3510 4187 3668 4245 amat,
3711 4190 3805 4229 Ces-

578 4280 680 4321 ton
737 4266 1049 4338 praepositio
1102 4271 1384 4341 premissa
1437 4271 1731 4343 signiﬁcat.
1786 4290 1807 4324 ι
1838 4271 2009 4327 Dicite
2054 4270 2153 4327 ei:
2258 4276 2416 4324 sante
2465 4269 2644 4324 cilicio
2684 4268 2987 4325 lentescere
3033 4269 3173 4325 solet
3231 4270 3502 4341 aﬂ'ectus,
3555 4268 3807 4345 gratuitum

584 4377 604 4410 ι
634 4357 864 4414 Oritacm
904 4362 1063 4416 auter
1098 4362 1472 4432 iniquitatem,
1520 4371 1574 4418 et
1604 4364 1791 4435 accipe
1828 4365 2031 4419 bonum
2060 4379 2074 4429 ;
2101 4371 2158 4418 et
2260 4371 2466 4430 autem,
2493 4374 2556 4416 ea
2600 4372 2708 4432 qua
2735 4362 2905 4433 ccepit
2935 4362 3287 4419 ultroneitate
3314 4364 3591 4435 perdurat.
3622 4361 3809 4432 Spania-

576 4466 603 4504 ι
641 4452 926 4509 reddemus
956 4450 1159 4510 vitulos
1189 4454 1455 4510 labiorum
1478 4463 1812 4511 nostronnn.
1848 4474 1869 4508 ι
1899 4455 2157 4512 Dominus
2260 4468 2354 4509 nee
2380 4468 2511 4527 ergo
2539 4456 2670 4510 mihi
2712 4457 2928 4512 videtur
2957 4457 3135 4512 dictus
3161 4456 3338 4529 diligi,
3373 4458 3466 4529 qui
3494 4460 3610 4514 sine
3645 4470 3810 4528 prace-

568 4552 800 4614 τομίων
846 4554 905 4599 ut
954 4542 1172 4600 auferat
1226 4546 1576 4617 iniquitatem,
1629 4560 1753 4601 cmn
1792 4546 1861 4602 de
1913 4546 2157 4602 exhibito
2186 4546 2444 4637 1)dentia
2487 4546 2614 4602 boni
2665 4545 2962 4618 cujuspiam
3013 4549 3353 4621 dignoscitur
3405 4550 3581 4622 allegi.
3624 4542 3810 4637 Pcrl‘un:

572 4637 719 4693 boue
758 4652 948 4708 opere,
1000 4639 1319 4710 duplicitate
1373 4650 1605 4707 remota,
1650 4639 1893 4695 debitam
1956 4640 2158 4711 petitur
2189 4632 2217 4637 ⁷
2263 4637 2497 4693 ctorium
2557 4646 2739 4694 autem
2794 4639 2847 4694 in
2906 4636 3014 4695 Deo
3068 4639 3144 4694 nil
3193 4651 3299 4709 est,
3358 4656 3452 4697 aut
3490 4632 3808 4697 \‘lt‘lSSliudllll

568 4731 886 4803 puritatem.
938 4732 1202 4804 Acci-pere
1255 4733 1445 4787 bonum
1494 4748 1710 4804 quoque
1758 4733 1980 4805 petitur,
2028 4732 2157 4788 boni
2262 4727 2579 4797 obnoxium,
2608 4730 2837 4799 utquod
2860 4728 3657 4800 semeldilexerit,suboriente
3675 4738 3808 4784 causa

570 4822 786 4880 scilicet
838 4825 1083 4880 exercitii
1132 4825 1335 4888 studia,
1373 4838 1606 4895 quorum
1656 4825 1817 4880 laude
1883 4834 1938 4880 et
1984 4824 2159 4895 gloria
2263 4821 2468 4876 eassari
2530 4834 2654 4875 mox
2712 4822 2916 4891 possit3,
2964 4823 3058 4878 sed
3101 4824 3246 4894 quod
3297 4824 3499 4880 dicitur
3559 4821 3806 4883 dilexisse,

572 4916 947 4972 fraudabutnr.
982 4910 1269 4970 Labierum
1296 4926 1595 4970 nostrorum
1626 4915 1814 4970 situlos
1856 4912 2156 4982 reddimus,
2194 4939 2201 4947 η
2263 4915 2504 4969 ostendit
2549 4914 2804 4983 juvenem
2853 4918 3271 4972 conversatione
3314 4918 3603 4985 forinseca,
3646 4915 3707 4970 ab
3744 4908 3809 4967 llis

572 5008 700 5065 illos
756 5006 1006 5063 videlicet
1070 5022 1208 5078 quos
1267 5008 1570 5063 adorandos
1628 5016 1687 5061 ut
1747 5006 2162 5062 immolarentur
2264 5007 2504 5078 quicum
2536 5008 2787 5064 viderent
2821 5004 2970 5079 diligi
3001 5011 3265 5080 potuisse.
3293 5010 3392 5066 Cui
3437 5012 3615 5067 sensui
3645 5002 3807 5064 accidit

572 5102 822 5157 homines
848 5101 1013 5170 impie
1032 5100 1423 5166 clamabamus,
1453 5101 1579 5155 dum
1602 5100 1958 5171 petulantiam
1992 5100 2160 5156 inter-s
2263 5098 2405 5171 quod
2444 5099 2644 5154 dicitur
2675 5118 2688 5154 :
2722 5099 2956 5155 lntuitns
2989 5118 3112 5157 eum
3137 5100 3313 5159 Jesus.
3354 5103 3465 5160 Nec
3490 5104 3702 5167 frustra,
3732 5112 3809 5152 nec

570 5191 937 5256 maturitatis,
964 5204 1077 5256 qua
1102 5189 1172 5244 de
1196 5189 1441 5261 pupulari
1464 5190 1725 5260 obsequio
1761 5190 2152 5262 gaudebamus,
2263 5191 2406 5246 enim
2434 5202 2557 5247 eum
2584 5202 2689 5246 non
2722 5200 2973 5247 noverat.
3009 5192 3106 5249 Cui
3138 5194 3314 5250 simile
3366 5207 3447 5252 est
3487 5198 3622 5268 quod
3650 5195 3707 5248 de
3728 5190 3753 5243 ﬁ
3773 5188 3810 5243 ῗθ

570 5296 735 5354 quam
760 5291 928 5336 etiam
979 5283 1180 5335 nostris
1206 5281 1449 5349 ipsorum
1492 5281 1651 5337 labiis
1674 5282 1909 5337 incitare
1948 5282 2160 5337 soleba-
2262 5285 2599 5340 centurionis
2638 5284 2838 5340 dicitur
2880 5286 3183 5343 admiratus
3211 5288 3429 5360 (Mutua.
3483 5308 3600 5358 vni,
3632 5286 3728 5359 lli).
3758 5280 3809 5338 Et

572 5388 714 5440 tuus,
746 5386 842 5443 per
868 5371 1271 5429 confessionem
1302 5375 1413 5431 Deo
1446 5386 1906 5448 representamus.
2262 5375 2390 5444 quid
2437 5376 2489 5430 in
2521 5375 2842 5431 centurione
2883 5376 3187 5432 mirabatur
3217 5396 3379 5450 quem
3410 5381 3542 5437 nihil
3578 5396 3675 5435 non
3711 5391 3736 5429 a
3762 5386 3808 5427 se

646 5462 807 5517 Vens.
861 5461 1013 5516 4.-
1045 5478 1066 5514 ι
1110 5463 1282 5519 Assur
1337 5479 1441 5521 non
1494 5464 1728 5521 salvablt
1790 5480 1891 5522 nos
1921 5507 1936 5533 ,
1994 5478 2163 5534 super
2262 5470 2467 5526 habere
2514 5477 2762 5537 noverat,
2806 5470 2909 5524 nisi
2947 5472 3091 5542 quod
3144 5473 3344 5542 dignus
3392 5474 3647 5530 miraculo
3677 5472 3807 5527 homo

577 5573 600 5610 ι
636 5570 836 5626 equum
879 5571 984 5609 non
1034 5556 1411 5625 ascendemus,
1447 5574 1546 5615 nec
1590 5560 1832 5615 dicemus
1864 5561 2001 5616 ultra
2034 5579 2046 5615 :
2074 5560 2157 5616 Dii
2262 5563 2402 5619 idem
2430 5562 2870 5619 monstrabatur?
2897 5562 3187 5634 Sequitur:
3219 5584 3236 5617 ‹
3268 5564 3405 5634 Quia
3447 5582 3662 5622 aversus
3687 5568 3803 5627 est,»

574 5634 805 5707 inoctri
840 5663 1006 5719 opera
1048 5664 1309 5707 manuum
1349 5662 1683 5718 nostrarum,
1732 5655 1857 5726 quia
1895 5656 2031 5726 ejus,
2065 5656 2157 5726 qui
2261 5658 2470 5728 inquit,
2502 5674 2521 5709 ν
2561 5656 2714 5711 furor
2759 5672 2913 5711 meus
2964 5656 3034 5711 ab
3088 5659 3189 5714 eis.
3225 5680 3243 5711 ι
3305 5661 3382 5714 Ab
3438 5663 3513 5716 eis
3560 5661 3701 5729 [uror
3731 5650 3804 5709 Dei

576 5762 600 5804 ι
632 5748 687 5804 in
718 5754 774 5801 te
805 5755 889 5802 est
926 5744 1274 5802 misereberis
1316 5746 1524 5821 pupilli.
1558 5770 1579 5804 ι
1632 5751 1800 5806 Assur
1840 5766 1945 5806 non
1983 5750 2159 5807 salvat
2260 5748 2548 5815 avertitur,
2581 5763 2705 5803 cum
2733 5750 2916 5804 cordis
2944 5750 3209 5806 hactenus
3240 5752 3635 5824 intpoenitentis
3659 5746 3801 5805 obsti-

566 5854 689 5914 κιο,
712 5848 842 5897 cum
870 5840 1019 5914 regis
1040 5840 1306 5914 cognitio,
1336 5851 1394 5901 et
1418 5844 1593 5902 aulica
1621 5847 1914 5918 promotio,
1941 5852 2157 5905 iiestros
2260 5842 2414 5901 natio
2443 5842 2775 5901 diitmvetur.
2802 5840 2863 5899 In
2905 5840 3054 5901 nullo
3092 5844 3238 5901 enim
3281 5846 3455 5917 magis
3488 5844 3620 5902 Deus
3644 5848 3805 5900 conm
