3952 6360
144 339 276 398 M3

794 326 1260 393 τιιοῐνοιοϐιιε
1292 332 1359 392 ΙΝ
1398 330 1598 400 OSEE,
1639 330 1784 391 Ml!)

1893 332 1952 390 :1~
1977 326 2224 405 3mg.—
2256 330 2388 390 uu.
2431 331 2518 391 tu.
2542 330 2616 389 IN
2649 330 2844 391 osse.

3358 326 3463 397 ιιι

154 450 458 508 hominem
502 446 636 505 furit
667 461 990 521 quamcum
1022 462 1199 521 prava:
1231 446 1581 507 conscientia:
1618 447 1765 505 duri-
1792 452 1845 513 Α
1871 458 1978 512 est,
2015 447 2209 504 llorent
2232 465 2356 505 cum
2383 450 2449 505 ad
2479 464 2732 522 supernae
2756 449 2948 523 patrize
2980 449 3224 507 lzetitiam
3252 451 3459 509 indesi-

158 547 313 603 tiam
340 558 448 601 non
476 544 701 601 emollit.

258 639 429 694 γης.
466 638 521 692 6.
558 668 619 678 —
658 655 675 688 c
706 636 813 692 l-I‘ro
862 636 1015 706 quasi
1069 646 1177 701 ros,
1228 635 1391 693 Israel
1444 634 1768 708 gerniinabit

170 750 192 784 α
233 730 405 802 quasi
448 729 646 791 lilium,
674 738 725 782 et
764 738 1009 798 erumpet
1058 729 1207 783 radix
1246 728 1365 797 ejus
1414 739 1472 781 ut
1506 727 1761 782 Libani.)

168 825 276 883 Est
332 825 474 879 Deus
520 826 670 893 quasi
704 839 807 883 ros,
850 838 971 876 cum
1025 823 1214 890 gratia:
1259 837 1369 877 sua:
1412 820 1768 891 temperantia

164 918 479 987 refrigerat
511 927 688 972 motus
736 915 933 971 mentis
960 915 1181 987 ignitus.
1216 913 1388 970 Israel
1420 916 1573 985 qimsi
1600 915 1770 968 lilium

164 1010 485 1083 germinat,
541 1025 663 1065 eum
707 1009 1081 1064 sanctimonice
1132 1008 1448 1075 desiderio,
1498 1008 1619 1064 sine
1662 1021 1773 1077 qua

168 1108 355 1163 Deum
404 1120 561 1160 nemo
607 1104 833 1170 videbit,
885 1102 1264 1159 florentissime
1314 1102 1521 1174 llagrat.
1576 1101 1631 1155 In
1664 1115 1772 1171 quo

168 1198 492 1255 natandum
520 1202 667 1267 quod
698 1196 871 1250 lilium
900 1206 955 1251 et
980 1196 1200 1252 samtlo
1224 1195 1530 1260 excolatur,
1562 1202 1618 1248 et
1642 1192 1773 1247 limo

170 1290 483 1361 aliquoties
528 1290 885 1344 lmmectctur.
922 1288 1076 1355 Quod
1125 1304 1229 1343 non
1275 1287 1659 1344 inconcinnmn
1690 1293 1774 1340 est

173 1381 453 1447 castitati,
487 1395 605 1449 qua:
652 1389 703 1433 et
742 1380 1084 1434 abstinentire
1123 1379 1355 1451 ligonem
1390 1377 1686 1443 desiderat,
1718 1382 1776 1431 et

180 1480 434 1526 veterum
475 1480 815 1539 peccatorum
860 1470 1324 1525 recordatior‘iilms
1365 1466 1431 1524 ad
1466 1471 1547 1524 sui
1589 1478 1773 1524 custo-

176 1560 332 1615 diam
358 1562 737 1631 providentior
762 1573 961 1617 exstat.
989 1563 1142 1619 Unde
1162 1573 1214 1619 ct
1249 1565 1300 1617 in
1330 1561 1571 1619 Cantieis
1602 1562 1776 1618 lilium

181 1655 519 1715 convallium
554 1655 750 1713 dicitur
777 1656 958 1727 (Cant.
984 1670 1046 1721 ιι,
1082 1656 1324 1726 l),quia
1352 1656 1611 1726 pudicitia
1652 1671 1778 1726 per-

179 1763 445 1804 severare
488 1763 593 1803 non
624 1759 822 1819 potest,
878 1750 980 1804 nisi
1013 1765 1133 1820 quae
1172 1748 1439 1820 profunda
1483 1749 1566 1803 sui
1607 1750 1775 1819 ipsius

1873 548 2069 595 neuter
2106 540 2374 610 aspiraat,
2401 549 2456 595 et
2498 556 2703 597 venena
2745 542 2996 601 vitiorum
3026 542 3261 613 proprire
3283 544 3459 599 virttt-
3526 524 3529 563 Ῑ

1874 629 1943 685 tis
1966 631 2132 686 odore
2158 632 2517 702 ninleeunque
2556 633 2892 703 plopttlsattl.
2944 633 3068 689 llzcc
3093 634 3238 688 enim
3271 634 3458 690 vinea-

1874 734 1994 779 rum
2054 724 2397 795 dignoscitur
2456 734 2651 779 natura
2707 725 3062 788 timentium,
3129 737 3189 781 ut
3246 727 3458 783 soleant

1874 817 2153 882 examina,
2202 817 2248 870 si
2308 816 2377 870 ibi
2407 816 2517 870 sint
2562 818 2824 887 contigui,
2864 819 3053 889 fugare
3095 820 3456 890 serpentium.

1880 920 1899 964 ὰ
1932 908 2246 964 Memoriale
2290 908 2407 978 ejus
2441 900 2601 980 223
2633 909 2774 963 sicut
2812 910 2997 965 vinum
3042 912 3251 967 Libani.
3280 930 3303 965 ι
3348 912 3461 969 Meo

1874 998 2251 1071 mor-inlcjusti
2301 1000 2591 1071 cujuslibet
2642 1016 2748 1055 non
2795 1000 2943 1054 aliud
2975 1012 3057 1055 est
3101 1017 3263 1072 quam
3298 1003 3460 1073 spiri-

1880 1080 2519 1149 tualis’conversationis
2571 1091 2806 1161 gloriosa
2857 1093 3078 1163 opinio,
3122 1095 3460 1151 intellectua-

1874 1186 2008 1241 limn
2042 1187 2551 1250 odoramenturunt,
2587 1194 2644 1240 ct
2692 1185 2963 1256 prmcipuc
3011 1185 3222 1242 cximim
3252 1188 3457 1246 discre-

1881 1279 2067 1347 tionis,
2090 1281 2334 1350 apprime
2361 1279 2611 1335 redoleas
2647 1279 3018 1335 condimento.
3056 1278 3245 1334 Vinum
3277 1291 3461 1339 autem

1879 1371 2069 1429 Libani
2110 1374 2406 1430 secundum
2432 1373 2676 1430 litteram
2712 1372 3002 1445 pigmentis
3040 1373 3335 1428 admistmn
3380 1375 3465 1430 di-

1881 1467 2040 1523 Ciltit‘.

1955 1560 2119 1618 Vsus.
2150 1563 2202 1620 9.
2226 1595 2298 1607 -
2327 1582 2346 1615 ‹
2381 1562 2662 1634 Ephrailn,
2694 1560 2822 1631 quid
2867 1559 2999 1615 mihi
3055 1559 3193 1614 ultra
3225 1558 3411 1615 idola?
3439 1577 3458 1613 ι

1810 1710 1815 1719 ,
1858 1655 1959 1713 ἐκ)
1982 1657 2026 1710 si
2052 1655 2265 1711 diceret
2294 1676 2309 1711 :
2340 1655 2388 1712 Ο
2440 1664 2501 1711 tu
2554 1654 2695 1710 male
2750 1652 2997 1725 frugifer,
3036 1652 3127 1724 qui
3159 1659 3212 1708 te
3244 1651 3465 1717 olivam

1882 1749 2020 1804 falso
2054 1749 2387 1805 fructiferam
2423 1752 2477 1804 in
2539 1748 2698 1804 domo
2774 1745 2870 1801 Dei
2920 1746 3239 1816 appretiaris
3287 1756 3341 1801 et
3384 1745 3470 1817 ja-

177 1840 546 1910 vilipensioue
592 1843 859 1896 munitur.
905 1841 1122 1897 lsraelis
1155 1842 1309 1895 rudia:
1367 1841 1439 1895 nil
1497 1841 1643 1895 aliud
1692 1852 1777 1897 est
1806 1818 1853 1873 Β
1885 1852 2023 1907 etas,
2055 1858 2202 1908 cum,
2242 1844 2382 1898 sient
2418 1842 2508 1897 hic
2563 1840 2741 1906 audis,
2785 1840 2836 1894 in
2871 1840 3128 1894 memoria
3168 1850 3369 1899 aeterm
3399 1841 3469 1895 sit

178 1946 355 2001 quam
399 1933 630 1988 firmitas
663 1934 1005 1988 intentionis.
1045 1934 1171 1990 llaec
1201 1936 1434 2005 erumpit
1469 1922 1521 1991 ut
1564 1937 1775 2005 Libani,

184 2024 338 2089 sive,
388 2035 447 2078 ut
504 2026 556 2078 in
608 2024 711 2077 alia
761 2026 1116 2081 translatione
1170 2035 1251 2080 est
1314 2026 1457 2080 LXX
1502 2044 1514 2080 :
1557 2046 1573 2078 ι
1604 2020 1781 2082 Mittct

189 2118 412 2173 radices
464 2133 589 2173 suas
634 2121 786 2189 quasi
836 2119 1097 2185 Libanns,
1124 2139 1141 2172 ι
1192 2136 1311 2174 eum
1352 2121 1648 2175 secundum
1686 2138 1782 2177 cx-

186 2206 502 2262 ecllentiam
539 2208 829 2264 exterioris
859 2210 1062 2280 operis,
1092 2218 1311 2265 eanStat
1336 2209 1580 2266 soliditas
1602 2226 1630 2265 a
1669 2209 1780 2267 Deo

186 2300 448 2354 radicatre
472 2313 569 2370 per
588 2298 905 2356 charitatem
934 2301 1297 2371 cegitationis.
1318 2303 1615 2358 Gedrorum
1635 2303 1780 2357 enim

191 2391 503 2461 proceritas
545 2392 755 2447 radices
779 2394 978 2448 dicitur
1006 2393 1208 2449 habere
1254 2409 1596 2464 summopere
1619 2394 1775 2450 altas.

190 2480 314 2538 han
342 2484 487 2540 enim
520 2494 696 2555 potest
718 2486 927 2556 pondus
963 2486 1175 2543 arboris
1204 2488 1407 2556 grande
1439 2488 1735 2543 subsistere
1761 2531 1777 2557 ,

190 2576 387 2635 subter
412 2581 589 2649 posita
616 2581 765 2635 brevi
790 2588 845 2635 et
872 2579 1087 2635 infirma
1114 2582 1319 2636 radice.

262 2670 429 2728 Vens.
458 2670 510 2726 7.
538 2694 608 2712 έ-
638 2688 657 2723 t
691 2672 848 2727 Ibunt
894 2688 1033 2728 rami
1082 2686 1223 2744 ejus.
1255 2693 1273 2725 ι
1302 2671 1456 2729 ﬂanti
1500 2674 1613 2744 ejus
1650 2683 1782 2729 eunt

188 2772 314 2821 Cum
358 2781 521 2837 opera
568 2766 816 2821 ordinate
860 2767 1147 2822 distributa
1179 2766 1489 2838 proficiunt.
1518 2767 1585 2823 Et
1630 2776 1781 2825 recte

196 2872 317 2933 post
349 2862 547 2915 radicis
579 2862 941 2929 altitudinem,
976 2856 1250 2917 ramorum
1283 2863 1561 2933 subjungit
1589 2862 1782 2917 dilata-

198 2955 423 3021 tionem,
452 2954 603 3023 quia,
638 2954 762 3009 dum
793 2954 1019 3024 quilibet
1051 2956 1106 3008 in
1132 2954 1529 3011 beneficientite
1567 2955 1781 3010 exhibi-

194 3048 339 3101 tione
370 3046 722 3114 distenditur,
756 3062 984 3102 necesse
1015 3058 1099 3102 est
1140 3058 1196 3101 ut
1234 3049 1406 3118 prius,
1439 3048 1775 3118 siperseve-

1881 1934 2062 2006 justus
2105 1937 2279 2005 (Psal.
2314 1953 2425 2002 exi,
2466 1936 2545 2008 7),
2596 1944 2651 1991 et
2681 1934 2940 1989 memoria
2969 1943 3168 1988 aeterna
3224 1934 3298 1989 sit
3337 1933 3469 2002 justi

1887 2043 2009 2082 cum
2036 2024 2310 2093 laudibus,
2342 2044 2440 2083 cur
2465 2037 2518 2081 tu
2554 2028 2650 2082 tibi
2684 2027 2829 2080 inani
2862 2026 3038 2081 studio
3066 2035 3299 2080 statuam
3355 2026 3470 2081 lon-

1886 2137 2049 2190 giora:
2072 2122 2246 2177 laudis
2277 2112 2486 2192 erigere
2516 2120 2741 2176 niteris?
2770 2120 2832 2174 Et
2858 2120 3151 2175 notandum
3193 2121 3335 2190 quod
3375 2121 3469 2176 ad-

1884 2214 2031 2269 ditur
2074 2212 2229 2279 milii,
2264 2229 2326 2269 ac
2356 2215 2402 2269 si
2432 2214 2708 2269 diceretur
2739 2227 2753 2266 :
2792 2210 2907 2267 Hoc
2935 2223 3039 2267 tua:
3070 2212 3470 2282 singularitatis

1880 2306 2111 2373 idolum,
2140 2306 2288 2377 quod
2325 2305 2599 2372 celebras,
2639 2305 2771 2361 mihi
2806 2304 2990 2375 potius
3038 2320 3198 2375 quam
3234 2304 3324 2359 alii
3355 2304 3470 2360 cuia-

1887 2417 2046 2473 quam
2086 2400 2351 2472 objectas.
2384 2421 2401 2451 ι
2438 2400 2548 2471 Ego
2572 2398 2883 2464 exaudiam,
2931 2406 2983 2453 et
3011 2397 3238 2469 dirigam
3266 2413 3409 2451 eum.
3442 2413 3463 2450 ι

1885 2494 1952 2549 Et
1984 2503 2069 2548 est
2094 2507 2286 2549 sensus
2323 2511 2334 2547 :
2372 2490 2472 2559 Tu,
2508 2491 2787 2563 Ephraim,
2829 2492 2925 2547 tibi
2960 2505 3157 2545 nomen
3188 2488 3467 2560 quieritas,

1885 2588 1978 2645 sed
2004 2603 2108 2659 quo
2140 2597 2193 2642 te
2238 2584 2430 2655 majori
2463 2600 2680 2641 rumore
2720 2584 3052 2656 promulgas,
3105 2598 3170 2639 eo
3215 2583 3393 2638 minus
3440 2596 3472 2637 a

1882 2694 1971 2735 me
1997 2681 2123 2735 sciri
2155 2687 2207 2732 et
2230 2678 2501 2744 exaudiri,
2533 2679 2659 2749 quin
2692 2678 2855 2746 etiam
2888 2677 3042 2748 dirigi
3076 2684 3126 2730 te
3158 2675 3320 2741 scias,
3346 2689 3469 2730 cum

1882 2781 1942 2827 tu
1979 2773 2074 2827 tibi
2106 2779 2294 2826 auctor
2325 2773 2547 2837 existas,
2578 2782 2632 2825 te
2674 2784 2773 2840 per
2801 2782 2853 2827 te
2881 2771 3118 2840 dirigere
3140 2769 3361 2841 gestias.
3393 2768 3471 2823 ls-

1882 2866 2085 2921 raelem
2118 2880 2249 2921 vero
2270 2874 2513 2932 econtra,
2555 2865 2644 2935 qui
2699 2865 2811 2919 lucc
2840 2864 2952 2934 ipsa
2980 2878 3009 2917 a
3042 2879 3129 2918 me
3157 2862 3270 2918 solo
3310 2877 3472 2933 repo-

1882 2961 2005 3026 scit,
2037 2959 2323 3014 ettaudiam
2361 2958 2568 3029 pariter
2599 2966 2653 3012 et
2684 2957 2932 3028 dirigam.
2965 2977 2983 3008 ‹
3018 2956 3130 3027 Ego
3154 2965 3213 3010 ut
3236 2955 3471 3009 abietem

1892 3053 2259 3117 (virentem;
2321 3068 2387 3105 ex
2436 3065 2522 3106 me
2576 3049 2785 3105 fruetus
2839 3047 2955 3118 ejus
3011 3049 3261 3103 inventus
3321 3058 3467 3103 est.»

198 3152 321 3205 rare
350 3148 640 3207 pr0ponat,
672 3136 779 3192 alta
822 3138 1020 3193 mentis
1067 3138 1457 3201 deliberatione
1500 3138 1776 3194 fundctur.
1802 3170 1853 3231 ρ
1890 3143 1956 3199 Ut
1990 3145 2235 3210 abietem,
2268 3144 2460 3214 inquit,
2488 3146 2740 3197 virentem
2774 3143 2998 3214 dirigam
3025 3158 3166 3208 eum,
3192 3156 3297 3211 quo
3327 3140 3474 3195 vide-

206 3244 224 3277 r
257 3226 321 3280 Et
352 3228 458 3281 erit
504 3227 658 3296 quasi
708 3227 851 3282 oliva
882 3228 1053 3297 gloria
1104 3227 1241 3297 ejus,
1285 3238 1338 3284 et
1380 3231 1515 3285 odor
1561 3231 1678 3301 ejus
1724 3237 1783 3284 ut

204 3336 224 3370 ι
257 3318 464 3372 Libani.
500 3336 518 3370 ι
554 3317 717 3382 Quasi
746 3320 879 3373 oliva
927 3320 1096 3390 gloria
1121 3322 1234 3391 ejus
1262 3333 1369 3389 est,
1392 3323 1486 3392 qui
1528 3324 1784 3394 operibus

204 3411 587 3466 misericordia:
628 3414 933 3469 exuberans
956 3424 1059 3479 est.
1111 3415 1261 3470 Oliva
1298 3417 1445 3470 enim
1486 3417 1594 3470 olei
1628 3418 1784 3472 ferax

204 3512 306 3569 est,
338 3513 390 3558 et
416 3505 537 3559 dum
566 3505 701 3560 alios
730 3507 817 3577 pie
851 3505 1061 3562 refovet
1096 3509 1251 3577 quasi
1283 3518 1643 3583 unguentum,
1671 3525 1780 3579 quo

210 3598 423 3653 dolores
482 3600 828 3671 mitigentur,
891 3601 1158 3657 debilibus
1203 3602 1430 3672 praebet.
1504 3602 1599 3657 Vel
1645 3606 1788 3661 sicut

210 3692 343 3744 oliva
393 3690 561 3759 gloria
617 3693 731 3761 ejus
778 3707 899 3747 esse
954 3692 1176 3761 dicitur,
1236 3694 1361 3765 quia
1410 3694 1554 3748 nitor
1602 3694 1789 3766 gloria:

209 3784 500 3851 interioris,
552 3800 672 3854 qua:
704 3786 824 3841 oleo
866 3787 1204 3858 designatur,
1255 3788 1621 3841 testiinonium
1666 3804 1789 3842 con-

206 3878 445 3933 scientia:
494 3876 560 3947 ab
611 3878 870 3948 Apostolo
928 3879 1246 3933 nominatur
1302 3878 1387 3949 (Il
1408 3877 1536 3933 Cor.
1585 3895 1625 3945 ι,
1674 3878 1785 3950 12).

219 3971 355 4026 Odor
393 3978 510 4041 ejus
541 3984 595 4029 ut
640 3972 828 4027 Libani
864 3980 970 4036 est,
1006 3986 1129 4027 cum
1170 3971 1437 4041 quidquid
1480 3972 1612 4041 agit,
1643 3970 1792 4040 quid-

215 4066 339 4134 quid
394 4068 667 4138 loquitur,
726 4066 987 4136 quidquid
1039 4066 1271 4136 oogitat,
1329 4073 1424 4118 aut
1474 4066 1652 4119 oratio
1698 4073 1794 4120 aut

216 4159 521 4228 contiguum
568 4160 804 4215 orationi
848 4167 951 4213 est.
990 4157 1226 4221 Libanus
1271 4172 1415 4211 enim
1457 4158 1577 4210 llius
1621 4157 1795 4211 inter-

216 4262 471 4320 pretatur.
544 4252 695 4309 Unde
746 4254 798 4308 in
856 4253 1065 4322 psalmo
1099 4270 1111 4305 τ
1149 4269 1169 4301 ‹
1202 4250 1519 4321 Dirigatnr,
1579 4251 1793 4321 inquit,

220 4346 390 4400 oratio
434 4363 548 4402 mea
597 4347 738 4401 sicut
793 4347 1075 4401 incensum
1108 4343 1282 4412 (l’sal.
1330 4361 1455 4410 CXL,
1502 4345 1581 4417 ΕΞ).
1615 4366 1638 4398 θ
1682 4345 1794 4400 Et:

226 4455 243 4486 ε
280 4438 420 4490 Odor
448 4439 894 4493 vestimentorum
924 4446 1162 4509 tuorum,
1192 4440 1243 4494 id
1269 4445 1351 4494 est
1371 4452 1622 4508 operum,
1652 4437 1797 4492 sicut

216 4531 348 4587 odor
372 4532 548 4586 thuris
573 4530 750 4603 (Cant.
791 4546 862 4594 iv,
896 4531 999 4601 ll).
1033 4550 1052 4583 ο

294 4620 445 4676 Vens.
496 4624 549 4678 8.
578 4654 644 4662 -—
681 4644 698 4673 ι
729 4623 1131 4678 Convertentur
1181 4622 1431 4677 sedentes
1488 4622 1541 4675 in
1599 4621 1792 4675 umbra

232 4733 248 4763 ι
284 4714 412 4782 ejus,
446 4715 628 4768 virent
656 4715 860 4781 tritico,
884 4723 941 4769 et
965 4713 1351 4785 germinabunt
1374 4713 1526 4781 quasi
1555 4714 1739 4769 vinea.
1771 4733 1789 4766 ι

228 4805 473 4863 Sedenles
533 4826 588 4864 m
636 4825 819 4862 amara
876 4826 988 4878 ejus
1050 4818 1479 4876 convertuntur,
1527 4824 1649 4863 eum
1702 4808 1795 4877 qui

229 4898 461 4967 excinplo
490 4914 678 4954 eorum
728 4913 786 4952 se
829 4899 1122 4969 applicant,
1160 4900 1229 4954 ad
1270 4901 1436 4953 vitam
1484 4916 1543 4955 se
1592 4908 1799 4955 saneta:

224 4990 645 5047 conversationis
678 4990 986 5044 immolant.
1030 4989 1099 5044 In
1129 4994 1313 5044 umbra
1334 4991 1551 5047 lsraelis
1581 4988 1794 5056 sedent,

227 5081 309 5152 qui
346 5082 445 5136 sub
495 5083 832 5151 protectione
867 5083 1007 5151 ejus,
1052 5083 1147 5153 qui
1176 5099 1299 5138 eum
1354 5085 1465 5139 Deo
1512 5085 1790 5156 dirigitur,

228 5191 339 5231 sese
380 5175 689 5231 bumiliaut.
743 5175 945 5232 Sedere
993 5176 1138 5230 enim
1198 5175 1522 5232 humilitatis
1572 5188 1682 5247 est,
1738 5188 1795 5237 et

228 5265 524 5333 huiusmodi
572 5266 807 5322 nubibus
868 5266 1067 5322 (uelum
1128 5266 1271 5321 Deus
1323 5282 1562 5337 operire,
1615 5269 1666 5324 id
1711 5278 1799 5326 est

227 5370 501 5430 protegere
547 5360 701 5415 solet.
748 5362 949 5417 Vivont
992 5362 1184 5425 tritico,
1218 5362 1314 5416 illo
1362 5361 1612 5418 videlicet
1654 5364 1796 5434 quod

229 5454 419 5507 cadens
442 5452 496 5507 in
530 5462 730 5507 terrain
764 5462 1061 5522 mortuum,
1099 5453 1327 5508 multum
1351 5452 1586 5508 fructum
1619 5455 1798 5510 attulit

231 5559 386 5615 grano
436 5544 620 5615 (Joau.
671 5560 769 5612 xu,
824 5546 923 5613 24,
972 5546 1099 5617 25),
1157 5562 1266 5616 quo
1314 5546 1477 5601 etiam
1528 5544 1799 5599 frumento

232 5635 387 5691 valles
438 5636 714 5693 abundare
756 5638 1016 5693 dicuntur
1072 5637 1125 5692 in
1164 5637 1378 5707 psalmo
1432 5631 1606 5705 (Paul.
1652 5650 1798 5702 sxw,

237 5728 347 5800 ll),
396 5729 522 5800 quia
583 5731 755 5800 gratia
811 5732 971 5786 datttr
1021 5730 1211 5787 humili
1266 5730 1533 5784 duntaxat
1596 5742 1798 5783 animo.

239 5820 393 5889 Quasi
430 5823 573 5878 vinea
632 5823 967 5894 germinant,
1014 5825 1147 5889 sive,
1187 5832 1243 5877 ut
1302 5822 1435 5880 alias
1476 5821 1796 5880 translatum

1890 3237 2017 3291 icet
2049 3236 2339 3291 humiliora
2367 3237 2418 3290 in
2454 3235 2705 3306 prmsenti
2743 3234 2810 3289 de
2852 3249 2911 3289 se
2940 3234 3129 3303 sentit,
3162 3242 3310 3287 tanto
3349 3248 3474 3287 cum

1886 3329 2194 3401 proceriori
2226 3326 2517 3395 majestate
2573 3325 2876 3390 sustollant,
2928 3333 2982 3379 et
3025 3324 3259 3377 virorem
3304 3324 3475 3377 beata:

1884 3419 2252 3491 perennitatis
2285 3418 2611 3487 impendam.
2642 3416 2750 3471 Nec
2778 3416 2830 3471 id
2856 3414 3072 3485 injuria.
3098 3413 3233 3468 Nam
3268 3414 3472 3484 fructus

1890 3512 2003 3582 ejus
2032 3528 2096 3565 ex
2122 3528 2201 3565 me
2225 3512 2494 3565 invenitur
2521 3528 2533 3563 :
2587 3508 2793 3565 scilicet
2823 3523 2886 3563 ex
2918 3522 3038 3563 meo
3078 3522 3201 3562 rore
3235 3505 3477 3577 procedit

1891 3604 2153 3675 quidquid
2187 3605 2261 3675 pii
2288 3604 2455 3659 studii
2482 3603 2555 3659 illi
2586 3602 2907 3658 innascitur.
2930 3672 2937 3673 ί

1965 3697 2130 3750 Vsus.
2166 3696 2248 3750 lO.
2284 3724 2355 3735 ——
2384 3715 2401 3747 ‹
2432 3695 2562 3762 Quis
2586 3694 2805 3765 sapiens
2841 3703 2895 3748 et
2922 3692 3187 3764 intelliget
3217 3692 3366 3747 ista?
3394 3691 3476 3746 ἰη-

1902 3808 1919 3841 ι
1955 3789 2198 3860 telligens
2251 3796 2307 3842 et
2356 3788 2491 3843 sciet
2540 3789 2716 3843 liaaeu
2775 3785 2997 3858 Sapiens
3049 3788 3149 3841 ista
3203 3785 3475 3856 intelligit,

1901 3882 2025 3951 quia
2054 3881 2244 3952 procul
2276 3879 2439 3935 dubio
2490 3879 2595 3934 nisi
2640 3880 2793 3950 prius
2838 3878 2959 3949 quis
3010 3878 3189 3935 cordis
3241 3877 3475 3946 palatum

1895 3974 2100 4030 cadesti
2131 3988 2324 4043 sapore
2354 3971 2636 4039 eondierit,
2667 3985 2939 4041 nunquam
2965 3971 3029 4025 ad
3069 3969 3479 4040 intelligentiam

1900 4069 2095 4125 horum
2127 4084 2247 4141 qua:
2274 4069 2418 4123 dicta
2456 4077 2607 4135 sunt,
2635 4064 2901 4137 attingere
2927 4063 3141 4134 poterit.
3174 4060 3479 4130 Intelligens

1898 4178 2026 4217 vero
2069 4163 2169 4217 scit
2194 4161 2318 4233 quia
2344 4176 2439 4233 per
2465 4156 3181 4217 subtilitatemdiscretionis
3213 4158 3279 4210 ad
3302 4154 3480 4210 scien-

1904 4253 2056 4317 tiam,
2087 4253 2139 4307 id
2172 4262 2255 4308 est
2278 4253 2711 4323 experimentum
2738 4259 2941 4305 sancta:
2991 4247 3221 4303 actionis
3248 4244 3479 4300 accedit.

1900 4347 2033 4414 ρυω
2057 4353 2235 4399 autem
2264 4345 2374 4399 sint
2399 4343 2513 4398 haec
2536 4358 2655 4411 quae
2703 4340 2922 4396 scienda
2970 4350 3117 4403 sunt,
3146 4350 3482 4405 consequen-

1904 4444 1987 4492 ter
2006 4435 2372 4508 prosequitur.
2407 4451 2426 4483 ι
2468 4431 2602 4499 Quia
2632 4439 2810 4495 rectze,
2868 4429 3065 4497 inquit,
3103 4427 3201 4481 via:
3248 4423 3481 4487 Domini,

1826 4536 1876 4595 ι)
1910 4544 1930 4578 ι
1964 4536 2018 4581 et
2044 4525 2176 4593 justi
2208 4523 2564 4578 ambidabunt
2614 4520 2665 4573 in
2720 4520 2822 4586 eis,
2874 4517 3319 4588 praevaricatores
3370 4529 3486 4569 cor-

1904 4635 1926 4671 ι
1957 4627 2115 4672 ruent
2144 4617 2360 4670 iocis.»
2405 4614 2517 4668 Via:
2568 4612 2799 4675 Domini,
2857 4628 2979 4666 cum
3002 4609 3304 4683 secundum
3349 4606 3489 4678 psal-

1902 4723 2051 4765 mum
2076 4707 2184 4762 sint
2225 4704 2596 4761 misericordia
2644 4714 2698 4759 et
2724 4702 2922 4758 veritas
2972 4700 3144 4774 (Paul.
3172 4716 3320 4761 xxrv,
3355 4699 3484 4768 10);

1900 4801 2265 4855 misericordia
2298 4816 2402 4869 qua
2430 4808 2745 4869 peccatores
2795 4796 3107 4868 pernitendo
3155 4796 3486 4849 reducuntur

1900 4897 1967 4952 ad
2002 4895 2240 4959 veniam,
2292 4896 2481 4948 veritas
2530 4909 2636 4965 qua
2679 4892 2974 4949 secundum
3002 4890 3161 4945 fidem
3198 4886 3487 4957 promisso-

1902 5004 2022 5043 rum
2048 4987 2177 5057 justi
2205 4987 2493 5042 trahantur
2521 4987 2587 5041 ad
2635 4984 2861 5056 gloriam
2899 5001 2914 5050 ;
2966 4993 3115 5036 recta:
3177 4986 3325 5043 sunt,
3359 4976 3485 5030 dum

1900 5093 2005 5133 nec
2040 5086 2320 5149 peccator,
2346 5079 2388 5133 si
2414 5078 2696 5149 plenitcat,
2729 5093 2759 5131 a
2812 5075 2984 5147 gloria
3012 5072 3336 5135 exelmlitur,
3388 5083 3487 5122 nec

1892 5169 2078 5240 justus
2105 5170 2205 5224 nisi
2238 5186 2358 5223 cum
2393 5169 2574 5223 labore
2622 5167 2859 5220 maximo
2888 5165 2953 5219 ad
2986 5161 3228 5217 eanulcm
3258 5159 3485 5232 gloriam

1900 5262 2111 5317 intrare
2154 5258 2510 5329 permittitur,
2546 5258 2656 5311 Deo
2690 5256 2764 5309 ita
2821 5259 3154 5323 temperante
3191 5261 3247 5304 ut
3295 5260 3484 5305 neuter

1902 5369 2001 5409 suo
2028 5350 2145 5421 pati
2170 5348 2503 5419 prrejudicet,
2536 5349 2663 5401 dum
2695 5355 2748 5399 et
2771 5345 2947 5417 justus
2975 5334 3139 5398 habet
3166 5344 3305 5413 quod
3334 5342 3484 5396 inno—

1901 5453 2091 5501 center
2137 5442 2390 5506 emeruit,
2418 5456 2518 5495 nec
2548 5438 2725 5493 minus
2756 5438 2893 5491 alter
2940 5438 3199 5507 possidet,
3261 5437 3348 5507 qui
3378 5435 3482 5489 vim

1903 5552 2068 5607 regno
2126 5535 2389 5589 cmlornm
2442 5532 2720 5588 inferendo
2768 5531 3030 5586 violenter
3076 5530 3204 5585 illud
3251 5529 3486 5599 abripuit

1904 5630 2119 5699 (Matth.
2150 5646 2224 5695 si,
2254 5629 2363 5699 ΓΞ).
2393 5627 2535 5682 Justi
2567 5630 2617 5682 in
2640 5628 2715 5683 eis
2746 5626 3043 5688 ambulant,
3068 5625 3193 5695 quia
3226 5624 3341 5678 sive
3368 5640 3489 5692 pet-.-

1906 5729 2079 5783 cator,
2110 5718 2429 5787 sivejustns
2465 5720 2556 5787 sit,
2585 5727 2870 5791 postquam
2904 5718 2957 5771 in
2988 5716 3067 5770 eis
3097 5715 3210 5771 sive
3243 5728 3336 5781 per
3373 5729 3487 5783 pm-

1907 5809 2220 5879 nitentiam,
2260 5825 2354 5866 seu
2381 5826 2477 5883 per
2500 5810 2762 5883 justitiam
2788 5806 3120 5874 cohabitant,
3159 5802 3226 5861 ad
3253 5803 3348 5860 Dei
3376 5819 3488 5859 nia-
