3998 6326
502 344 607 405 415

1367 339 1424 394 ν.
1454 335 1785 396 GUIBERTI
1823 335 2118 393 ABBATIS
2157 336 2217 393 S.
2258 334 2500 392 MABIIE
2531 334 2621 392 DE
2650 331 3052 391 NOVIGENTO
3160 370 3163 375 ν
3654 339 3750 395 416

505 476 634 516 num
664 474 816 529 aequa
845 467 991 514 sorte
1017 456 1231 513 deducti
1264 470 1368 509 non
1419 450 1710 520 dispariter
1739 464 1935 504 nomen
1968 463 2093 518 por—
2122 453 2170 510 Α
2199 449 2343 504 tione
2373 448 2729 518 suscepimus.
2756 445 2872 515 Ipse
2898 445 3086 517 igitur,
3116 443 3273 516 cujus
3301 445 3610 503 munditiam
3644 464 3752 506 sor-

505 562 639 609 tant.
676 554 743 608 At
780 553 1227 621 praevaricatores
1278 550 1329 603 in
1379 547 1457 602 eis
1510 553 1791 605 corruunt,
1848 544 1940 613 qui
1994 552 2088 598 aut

494 647 642 717 juste
670 648 903 710 vivendi,
922 654 1014 698 aut
1038 642 1378 713 postmodum
1403 637 1697 709 paenitendi
1719 636 1842 706 jura
1867 651 2085 691 cassare

505 759 610 796 non
642 749 905 796 metuunt.
932 738 1145 795 Gratias
1202 734 1373 790 sancti
1405 734 1639 803 Spiritus
1667 730 2083 800 omnipotentis-

504 833 653 889 simae
684 829 1001 901 benignitati
1026 828 1334 889 referimus,
1363 822 1517 891 cujus
1540 822 1927 893 aSpiratiouem
1977 822 2078 874 im-

505 921 687 978 meriti
734 928 792 977 et
829 919 1114 991 indiguiiu
1152 916 1332 973 fistula
1380 914 1493 969 oris
1523 912 1694 968 nostri
1747 927 1847 967 sua
1892 911 2084 982 digna~

2204 540 2299 596 des
2324 549 2524 596 nostra:
2551 554 2655 593 non
2687 544 3051 608 prmgravant,
3086 551 3151 593 ea
3193 551 3313 607 qua:
3365 552 3459 608 per
3506 554 3603 595 nos
3628 540 3754 598 dixit

2197 634 2263 688 ad
2288 634 2581 688 electorum
2618 645 2840 686 suorum
2880 630 2961 685 sic
3001 637 3210 686 mentes
3252 631 3521 699 extendat,
3571 642 3631 688 ut
3667 649 3754 703 per

2198 727 2314 783 luec
2349 726 2464 795 ipsa
2518 725 2599 781 eis
2627 724 3033 781 condimentum
3089 738 3200 781 sua:
3241 721 3617 784 dulcorationis
3662 724 3755 782 ini-

2193 818 2411 893 pendat.

1403 1070 1651 1115 EXPLICIT
1690 1072 1848 1113 LIBER
1890 1069 2121 1112 TERTIUS
2147 1068 2201 1108 ΙΝ
2240 1065 2370 1107 οεεε
2397 1062 2732 1106 ΡΒΟΡΗΕΤΑΙΙ.

507 1236 3755 1277 Μ

1360 1402 1807 1514 VEN.
1889 1396 2787 1516 GUIBEBTI

676 1641 863 1757 AD
952 1635 1927 1757 TROPOLOGIAS
2017 1636 2165 1749 IN
2250 1633 2631 1750 AMOS
2757 1628 3617 1751 PROPHETAM

1848 1879 2463 1962 PROOEMIUM.

581 2212 745 2287 225
759 2214 925 2269 Amos
953 2223 1199 2270 sanctum
1226 2219 1412 2275 eadem
1437 2233 1541 2290 qua
1563 2217 1961 2273 elaboravimus
1986 2232 2090 2272 cae-

502 2313 618 2360 tera
644 2305 938 2361 intentione
962 2308 1361 2378 prtesumimus,
1379 2311 1545 2376 illum,
1564 2311 1654 2380 qui
1680 2310 1746 2365 de
1771 2325 1932 2380 grege
1961 2324 2086 2364 eum

507 2396 575 2450 ad
613 2408 857 2451 armenta
893 2398 1232 2455 transtulerit
1274 2412 1327 2457 et
1367 2403 1433 2459 de
1486 2404 1606 2458 rudi
1634 2413 1689 2459 ct
1718 2404 1917 2474 agresti
1946 2405 2087 2459 inter

508 2485 811 2556 spiritualis
860 2488 1025 2543 curia:
1074 2491 1334 2559 primates
1355 2494 2088 2563 evexerit,praecordialibus

505 2574 757 2643 suSpiriis
806 2576 1147 2646 invocantes,
1208 2590 1481 2651 quatenus
1536 2584 1915 2640 intellectualis
1974 2586 2092 2656 ejus

503 2666 748 2722 buccinae
799 2663 1111 2739 fi'ugoribus
1142 2674 1383 2743 torpidas
1409 2676 1579 2731 nostri
1600 2678 1763 2731 animi
1794 2679 2089 2734 surditates

497 2759 763 2825 excutiat,
798 2769 853 2815 et
882 2761 1078 2831 ipsum,
1117 2765 1208 2835 qui
1241 2764 1417 2821 factus
1441 2774 1525 2821 est
1573 2768 1623 2822 ei
1651 2783 1816 2826 sonus
1841 2770 2087 2838 mterior,

499 2851 751 2921 spiritum
773 2853 851 2909 sic
879 2854 1146 2922 infundat,
1180 2868 1240 2912 ut
1274 2859 1395 2914 voci
1448 2869 1667 2925 nostrae,
1723 2877 1886 2932 quam
1922 2865 1992 2918 ab
2023 2879 2089 2921 eo

502 2941 722 2999 baurire
750 2943 856 3001 fide
885 2946 1105 3002 indubia
1159 2962 1259 3007 nos
1286 2950 1588 3020 credimus,
1620 2967 1807 3012 vocem
1862 2955 2085 3013 virtutis

2195 2215 2572 2273 viviticatoriae
2602 2216 2669 2271 ad
2695 2214 2935 2271 omnium
2979 2213 3070 2285 qui
3124 2213 3355 2283 legerint
3383 2214 3762 2272 instructiones

2196 2313 2456 2370 immittat
2505 2311 2625 2367 Tibi
2678 2325 2833 2383 ergo,
2885 2309 3182 2365 reverende
3232 2308 3630 2379 magisterlliﬂ
3665 2353 3680 2373 ,
3721 2311 3765 2364 in

2195 2422 2357 2477 quem
2388 2422 2493 2461 non
2524 2404 2683 2459 modo
2712 2414 2921 2468 nostra,
2955 2403 3048 2458 sed
3085 2411 3139 2457 et
3170 2417 3270 2457 nos
3316 2403 3641 2472 appuiimns,
3690 2402 3774 2472 qui

2196 2498 2438 2555 infinitas
2468 2497 2709 2553 scientiae
2738 2496 2922 2566 copias
2952 2495 3162 2551 cunctis
3207 2495 3325 2550 sine
3347 2494 3514 2549 livore
3544 2509 3774 2551 commu-

2190 2572 2371 2653 nicas,
2406 2591 2572 2646 totius
2598 2603 2868 2644 summam
2921 2587 3259 2648 corrigenda:
3286 2597 3488 2642 nostra:
3517 2586 3773 2642 orationis

2201 2683 2553 2755 imponimus.
2609 2691 2669 2736 ut
2694 2696 2886 2736 secure
2912 2680 3107 2736 dilates
3145 2682 3260 2735 aut‘
3290 2682 3506 2735 minuas
3561 2679 3609 2736 si
3654 2677 3772 2750 quid

2197 2776 2323 2848 plus.
2350 2790 2506 2847 aequo
2543 2775 2787 2831 minusve
2807 2774 3012 2831 dixisse
3045 2782 3135 2831 tuo
3173 2772 3383 2844 judicio
3428 2772 3655 2844 reperiri
3680 2785 3770 2843 po-

2199 2868 2448 2924 terimus.

1856 3086 2109 3128 BXPLICIT
2150 3086 2472 3129 Ριιοίειιιωι.

543 3213 3755 3246 ——-———-—_—.—_—_—_—————————-—0———_

1543 3370 1961 3485 LIBER
2044 3310 2712 3505 QUARTUS

996 3608 1814 3708 TROPOLOGUE
1891 3608 2017 3698 IN
2093 3605 2411 3699 AMOS
2484 3604 3262 3699 PROPHETAM.

1167 3930 1396 3988 CAPUT
1435 3931 1475 3987 Ι.

578 4023 742 4080 Vens.
771 4023 823 4077 i.
852 4051 925 4064 --
951 4041 971 4076 ί
1008 4021 1186 4078 Verba
1216 4023 1405 4089 Amos,
1439 4024 1533 4095 qui
1564 4023 1666 4078 fuit
1702 4024 1756 4079 in
1799 4024 2087 4094 pastorali-

508 4134 526 4170 ι
564 4115 665 4172 bus
690 4115 810 4188 [al.,
839 4115 1168 4189 pastoribus]
1195 4117 1259 4171 de
1301 4116 1537 4180 Thccue,
1587 4133 1707 4189 qua:
1759 4116 1895 4172 vidit
1925 4131 2087 4186 super

508 4225 528 4259 ι
563 4205 753 4272 lsrael,
787 4206 840 4261 in
873 4208 1062 4263 diebus
1124 4208 1267 4262 Ozias
1312 4208 1453 4278 regis
1479 4207 1638 4269 Juda.
1693 4217 1749 4264 et
1793 4208 1845 4263 in
1896 4207 2087 4264 diebus

508 4318 526 4353 ι
564 4298 849 4355 Jeroboam
881 4299 975 4355 filii
1006 4299 1133 4356 Joas
1171 4300 1315 4371 regis
1366 4300 1548 4363 lsrael.
1589 4309 1717 4356 ante
1745 4300 1881 4357 duos
1913 4315 2086 4356 annos

505 4410 524 4445 ‹
563 4401 941 4448 terrmmotus.
980 4412 996 4444 ι
1025 4394 1191 4448 Amos
1226 4395 1615 4464 interpretatur
1660 4393 1887 4465 populus
1935 4392 2084 4448 avul-

410 4502 413 4507 λ
499 4502 609 4540 sus.
643 4485 878 4555 Populus
901 4501 1033 4540 vero
1057 4486 1274 4541 avulsus
1313 4496 1397 4542 est
1419 4488 1805 4558 cogitationum
1833 4486 2085 4556 frequcn~

502 4579 596 4645 tia,
626 4592 746 4647 qua:
772 4578 933 4633 nullis
976 4579 1334 4634 iutentionnm
1371 4580 1643 4635 radicibus
1698 4579 1896 4635 saeculo
1927 4578 2085 4632 allixa

501 4678 606 4735 est,
647 4670 741 4724 sed
772 4679 879 4725 tota
937 4671 1005 4724 ab
1036 4670 1153 4742 ejus
1182 4686 1367 4726 amore
1420 4680 1669 4742 exempta
1719 4671 1816 4726 soli
1876 4669 2085 4726 intelle-

499 4762 763 4817 ctualitati
817 4764 996 4817 innixa
1032 4774 1133 4819 est.
1174 4764 1345 4834 llnjus
1391 4763 1549 4817 Amos
1582 4768 1733 4817 verba
1764 4772 1908 4827 sunt,
1937 4777 2085 4832 qute-

500 4868 714 4923 cunque
742 4855 1103 4925 spiritualium
1135 4865 1378 4910 motuum
1433 4856 1579 4909 acies
1630 4856 1694 4908 dc
1754 4867 1945 4908 natura
1978 4869 2086 4907 Vtr-

501 4951 677 5000 tutum
705 4963 867 5018 super
897 4947 1225 5002 discretione
1250 4946 1533 5015 spirituum
1566 4955 1801 5000 tractare
1838 4957 2081 5011 possunt.

495 5038 550 5095 ls
571 5056 787 5111 quoque
812 5044 864 5095 in
895 5040 1249 5110 pastoralibus
1273 5048 1606 5103 commanct,
1658 5039 1781 5107 quia
1831 5041 1882 5094 in
1935 5041 2083 5095 verbi

505 5132 821 5193 Dcinabulo
879 5133 1004 5187 dum
1056 5130 1249 5185 talibus
1306 5128 1533 5183 desudat
1568 5129 1621 5183 in
1656 5129 1872 5194 studiis,
1902 5129 2076 5184 inedia

498 5223 600 5293 ipsi
655 5224 800 5277 nulla
865 5220 1094 5287 adjacet.
1153 5218 1369 5273 Thecue
1413 5228 1594 5275 autem
1644 5220 1698 5274 in
1746 5221 1947 5287 tubam,
1997 5221 2081 5277 vel

2115 3912 2162 3976 C
2193 3944 2351 3998 super
2375 3926 2550 3983 Israel
2601 3927 2767 3994 videt,
2820 3928 2948 3999 quia
3014 3929 3246 3999 qualiter
3298 3945 3421 3986 cum
3456 3931 3568 3989 Deo
3630 3932 3778 4007 dirigi

2189 4019 2381 4089 possit,
2411 4019 2511 4075 sub
2534 4020 2728 4075 horum
2759 4021 3049 4077 verborum
3085 4022 3186 4077 sibi
3225 4024 3665 4082 discussionibus
3700 4028 3778 4083 in-

2191 4111 2437 4166 terlucet.
2466 4110 2634 4167 lsrael
2663 4112 2808 4166 enim
2859 4114 3088 4168 directus
3139 4113 3255 4181 Dei,
3289 4116 3372 4170 vel
3404 4134 3522 4170 cum
3554 4117 3673 4173 Deo
3701 4120 3776 4173 di-

2190 4204 2351 4260 citur.
2388 4206 2455 4261 In
2479 4206 2662 4262 diebus
2688 4206 2836 4261 Osia:
2860 4209 2993 4279 regis
3015 4207 3158 4263 Juda
3188 4210 3340 4264 verba
3363 4212 3644 4279 videntur,
3662 4216 3775 4285 quia

2189 4297 2295 4353 nisi
2332 4314 2397 4355 ex
2451 4300 2677 4355 rationis
2717 4301 3043 4356 auctoritate
3084 4302 3305 4359 sibimet
3333 4305 3484 4374 prius
3514 4305 3776 4378 imperare

2188 4403 2344 4445 mens
2364 4390 2602 4456 noverit,
2630 4391 2930 4460 spiritualia
2958 4392 3267 4450 nullatenus
3289 4395 3469 4467 aliqua
3498 4400 3776 4472 attingun-

2189 4491 2297 4537 tur.
2327 4482 2488 4540 Ozias
2514 4486 2659 4539 enim
2714 4486 2988 4555 imperium
3033 4486 3248 4542 Domini
3277 4488 3495 4544 dicitur.
3555 4491 3660 4558 Qui
3688 4510 3775 4548 rex

2188 4581 2271 4629 est
2297 4571 2457 4640 Juda,
2505 4575 2634 4645 quia
2681 4590 2748 4630 ao
2778 4591 2963 4631 veram
3022 4578 3224 4646 peccati
3253 4579 3656 4638 confessionem
3690 4584 3774 4640 tali

2188 4666 2417 4735 impulsa
2474 4667 2735 4738 regimine
2786 4669 3103 4738 perducitur
3148 4672 3501 4728 conscientia.
3562 4676 3773 4733 Initium

2187 4760 2331 4814 enim
2369 4761 2653 4823 bonorum,
2698 4762 2970 4817 confessio
3001 4763 3262 4819 malorum
3293 4764 3589 4823 est.Judas
3631 4787 3775 4825 nam-

2166 4840 2299 4921 que
2330 4851 2708 4920 confessionem
2739 4862 2918 4907 sonat.
2969 4853 3257 4911 Jeroboam
3310 4873 3531 4928 quoque
3581 4862 3773 4931 dijudi-

2189 4945 2327 4997 catio
2361 4944 2562 5013 pepuli,
2610 4943 2739 4999 Joas
2792 4961 2938 5000 mora
2988 4945 3202 5001 Domini
3254 4948 3669 5019 interpretatur.
3711 4952 3771 5009 In

2188 5034 2369 5089 diebus
2399 5050 2529 5106 ergo
2554 5035 2838 5090 Jeroboam
2902 5038 3033 5107 regis
3080 5037 3253 5093 lsrael
3284 5040 3434 5095 verba
3465 5041 3625 5110 fiunt,
3655 5061 3770 5100 cum

2187 5140 2253 5181 ex
2285 5128 2495 5182 interna
2524 5127 2852 5182 discretione
2874 5142 2939 5183 ac
2965 5128 3010 5183 si
3041 5130 3218 5199 populi
3242 5130 3631 5199 dijudicatione
3653 5149 3772 5190 con-

2188 5218 2517 5288 templatim
2536 5220 2978 5291 perspicacitates
3006 5220 3295 5290 prodeunt.
3329 5220 3432 5287 Qui
3480 5221 3766 5279 Jeroboim

501 5315 774 5369 buccinam
793 5313 1048 5367 vertitur.
1082 5310 1146 5366 Et
1176 5327 1298 5381 qua:
1320 5312 1636 5368 souorosior
1660 5315 1827 5368 menti
1853 5315 2080 5370 buccina
2115 5287 2159 5341 Β
2191 5309 2332 5366 lilius
2359 5310 2486 5366 Joas
2515 5310 2735 5377 dicitur,
2774 5313 2899 5382 quia
2951 5328 3016 5367 ex
3057 5314 3237 5369 divina
3295 5314 3349 5367 in
3399 5316 3605 5371 nostris
3652 5332 3767 5372 cor-

501 5407 803 5478 instrepere
851 5403 1108 5475 praevalet
1168 5421 1331 5477 quam
1392 5406 1587 5462 divinae
1638 5408 1845 5479 paginae
1894 5409 2084 5465 intelli-

502 5497 705 5567 gentia,
754 5511 897 5566 qum,
959 5497 1327 5554 somnolentos
1375 5498 1540 5553 animi
1595 5508 1770 5556 status
1828 5516 2078 5573 arguens,

499 5590 728 5649 terribili
764 5606 864 5648 nos
909 5590 977 5646 ad
1026 5590 1205 5648 divina
1248 5594 1535 5652 revisenda
1587 5610 1718 5655 voce
1751 5595 1909 5655 ciet?
1955 5596 2082 5659 llaec

575 5771 688 5855 (lii)
725 5772 783 5834 S.
813 5771 1137 5835 Norberlum
1169 5775 1433 5859 intelligit.

2192 5402 2349 5459 dibus
2368 5406 2797 5461 commoratione
2847 5406 3109 5477 quidquid
3139 5406 3295 5462 bona:
3345 5406 3666 5464 subtilitatis
3692 5419 3770 5466 est

2194 5496 2350 5550 nobis
2373 5496 2693 5551 innascitur.
2727 5496 2827 5552 Hic
2850 5512 2945 5551 rex
2976 5496 3141 5552 lsrael
3165 5507 3267 5563 est,
3298 5498 3425 5567 quia
3458 5499 3769 5557 dircctionis

2192 5587 2259 5641 ad
2288 5587 2454 5641 Deum
2500 5600 2696 5644 nosme
2717 5588 2968 5657 specialis
2995 5588 3103 5643 tlnx
3127 5596 3180 5643 et
3223 5588 3470 5644 incentor
3508 5599 3613 5645 est.
3644 5592 3769 5647 Ante

2187 5682 2318 5738 duos
2342 5699 2508 5738 annos
2527 5693 2679 5738 terra:
2708 5694 2878 5739 motus
2905 5683 3069 5741 verba
3116 5691 3439 5753 cernuntur,
3469 5697 3591 5739 cum
3616 5696 3765 5740 ante.

3949 21 3951 179 γ
