3952 6360
86 224 240 280 ἀει
821 219 1288 282 'rnoeomens
1323 223 1389 280 IN
1409 225 1611 298 esss,
1651 230 1840 290 AMOS
1877 233 2132 295 arma.
2172 228 2243 281 J—
2271 239 2400 301 un.
2430 241 2526 299 tv.
2565 243 2637 301 1N
2664 246 2869 306 AMOS.
3170 262 3177 275 ν
3376 258 3491 327 ω
3536 265 3565 278 ~

93 338 273 393 Jam
340 352 473 393 non
510 336 849 394 solummodo
896 340 1119 409 spiritus
1167 342 1259 411 qui
1314 343 1469 399 vobis
1518 346 1788 417 imperare
1816 375 1865 432 Α
1966 352 2131 410 Vens.
2164 356 2216 411 5.
2250 389 2321 401 —-
2354 378 2373 412 ‹
2419 360 2486 415 Et
2520 363 2730 419 mittam
2770 368 2947 434 ignem
2998 366 3055 423 in
3084 366 3247 437 Juda,
3289 382 3347 430 et
3387 377 3485 433 de-

100 432 485 496 debuerat,
515 433 567 486 itt
592 431 800 501 peccati
830 433 1113 488 servitium
1142 434 1436 505 relegatur,
1467 438 1561 493 sed
1587 448 1639 492 ct
1664 456 1746 494 ctu

1896 468 1913 498 ‹
1959 450 2172 503 vorabit
2215 453 2357 507 aedes
2383 452 2706 514 Jerusalem.
2740 478 2757 510 ι
2794 460 2935 527 Ignis
2978 462 3032 517 in
3078 462 3273 521 ludant
3312 468 3482 522 mitti-

105 542 207 581 ρο
252 527 569 596 principes
601 526 739 596 ejus,
778 526 834 582 id
867 536 954 583 est
1003 528 1391 585 sensualitates
1445 547 1564 601 quae
1616 535 1786 603 gratis
1893 553 1992 605 tur,
2017 562 2138 599 cum
2177 563 2281 601 non
2316 565 2383 603 ex
2411 550 2594 604 dolore.
2626 557 2831 623 peccati
2865 558 3133 628 quispiam
3162 561 3477 630 confitetur,

108 634 251 675 V03
288 619 808 691 Ρθτδθίίυυωηιυτο
1889 638 1982 693 sed
2015 638 2081 690 ad
2123 640 2447 695 incentivum
2492 644 2682 700 alienae
2724 619 3127 721 ιηῖιιίι.ἰ;ιδ,ἰιιιίῑι
3157 652 3295 709 clam
3328 619 3479 710 cont;

845 737 1073 795 CAPUT
1112 738 1176 794 ll.
1888 733 2097 788 miserit
2126 750 2470 805 nequaquam
2494 738 2776 807 publicare
2802 754 3038 799 veretur.
3075 746 3229 801 Unde
3261 748 3474 805 cuidam

219 831 432 887 γεαε,
464 831 519 885 1,
541 861 613 872 -..
648 849 666 882 ι
706 830 832 886 [iam
882 833 1015 887 dicit
1047 831 1306 889 Dominus
1333 853 1348 889 ε
1388 835 1562 907 super
1610 846 1784 893 mnu;
1889 828 2027 897 apud
2056 827 2399 884 Ezerhielem
2432 832 2670 886 dicitur:
2702 854 2717 885 ι
2750 836 3059 906 Exposuisti
3093 839 3481 898 fornicationes

122 936 153 972 σ
218 918 568 974 sceleribus
600 917 776 981 Moab,
810 926 862 972 et
891 934 1054 988 super
1075 928 1311 988 quatuor
1332 938 1438 975 nett
1470 935 1783 979 convertam
1887 928 2006 977 luas
2051 921 2197 973 omni
2247 924 2564 990 transeunti,
2630 934 2689 980 ut
2726 927 2843 998 ejus
2887 932 3044 986 ﬁeres
3085 933 3302 1001 (Ezcclt.
3357 951 3475 1002 xvr,

127 1032 155 1066 ε
216 1029 405 1078 eum,
432 1028 499 1067 eo
522 1013 663 1081 quod
696 1012 1002 1066 incenderit
1030 1028 1154 1068 ossa
1176 1014 1584 1085 regisldumwre
1613 1034 1787 1088 usque
1884 1009 1997 1079 15)·
2034 1031 2053 1062 ι
2099 1011 2266 1065 [Είίεδ
2319 1011 2619 1070 hrum/em
2682 1018 2880 1073 “inde
2946 1023 3310 1091 llOV'Ol‘ilmlll‘.
3352 1042 3476 1083 Cum

130 1125 157 1158 α
214 1105 287 1161 in
324 1106 610 1160 cinerem.
642 1124 660 1156 ι
718 1102 1026 1158 Notandum
1076 1106 1221 1174 quod
1253 1107 1446 1161 crebro
1476 1110 1778 1178 repetitur:
1885 1103 2147 1173 quidquid
2180 1105 2231 1160 itt
2289 1116 2469 1161 tuente
2498 1108 2583 1161 vel
2614 1109 2665 1162 in
2700 1111 2952 1166 sensibus
2979 1124 3189 1182 poterat
3218 1127 3475 1175 constare

136 1201 300 1254 "(re
340 1202 482 1253 dicit
512 1199 793 1263 Dominus,
846 1197 916 1252 ob
956 1199 1057 1253 hoc
1095 1199 1266 1253 solum
1323 1211 1381 1253 ut
1428 1202 1617 1256 innuat
1655 1202 1779 1273 quia
1886 1197 2111 1260 residui,
2142 1198 2209 1252 ab
2239 1198 2468 1254 internzc
2496 1202 2647 1269 pacis
2678 1203 2886 1257 visione
2918 1205 3212 1261 dirimitur.
3244 1184 3247 1189 Α

130 1293 455 1364 quidquid
494 1308 559 1347 ex
604 1293 814 1345 ratione
857 1300 1175 1358 tractamus,
1207 1308 1363 1363 quast
1406 1294 1515 1347 Deo
1566 1295 1633 1347 ad
1683 1308 1783 1348 nos
1956 1287 2122 1343 Vens.
2152 1290 2208 1343 6.
2239 1320 2306 1329 -——
2342 1308 2363 1341 ι
2412 1290 2538 1345 llaec
2567 1293 2700 1347 dicit
2739 1293 3043 1349 Dominus:
3090 1296 3267 1366 Super
3303 1300 3478 1357 tribus

134 1386 444 1455 loquente
472 1384 827 1452 concipimus.
859 1382 1017 1436 Moab
1037 1399 1102 1436 ea:
1121 1394 1270 1453 patre
1289 1385 1509 1450 dicitur,
1530 1395 1584 1439 et
1605 1388 1778 1439 exlex.
1890 1396 1908 1430 ι
1955 1380 2258 1436 sceleribus
2308 1381 2473 1438 Israel
2494 1427 2509 1449 ,
2554 1392 2608 1439 et
2648 1400 2812 1454 super
2842 1397 3074 1456 quatuor
3104 1405 3212 1442 non
3242 1403 3477 1445 conver-

138 1480 265 1545 Qui
306 1495 471 1533 enim
501 1494 567 1533 ex
600 1488 751 1548 patre
796 1477 1012 1532 diabolo
1052 1478 1313 1541 nascitur,
1347 1479 1490 1532 scire
1522 1494 1627 1533 non
1660 1495 1781 1549 post.
1890 1490 1907 1523 α
1957 1481 2065 1525 tam
2091 1488 2240 1538 eum,
2268 1489 2367 1543 pro
2397 1492 2463 1530 co
2486 1478 2627 1545 quod
2662 1479 2968 1535 vendiderit
2996 1483 3473 1554 argentojustum,

141 1591 283 1629 sum
321 1591 441 1645 qua
482 1574 597 1644 lege
627 1582 894 1627 teneatur.
928 1573 977 1627 Is
1020 1588 1124 1626 non
1167 1574 1521 1633 convertitur.
1552 1589 1613 1627 eo
1639 1574 1779 1642 quod
1889 1581 1907 1614 ε
1953 1574 2007 1619 et
2052 1580 2348 1634 pauperem
2393 1584 2491 1636 pro
2535 1569 2941 1625 calceamentis.
2975 1592 2997 1624 ι
3052 1572 3225 1629 Israel
3273 1593 3366 1643 pro
3412 1591 3471 1629 co

139 1688 281 1724 ossa
317 1670 467 1738 regis
494 1668 751 1723 Idumam:
776 1686 936 1739 usque
962 1669 1012 1721 in
1046 1670 1271 1723 cinerem
1296 1671 1604 1735 incenderit,
1636 1687 1747 1740 quo

1880 1657 2021 1726 quod
2063 1657 2270 1725 justum
2318 1668 2536 1726 argenta
2592 1660 2881 1713 vendiderit
2939 1679 3042 1716 non
3094 1666 3475 1729 convertitur.

139 1762 433 1817 videlicet
470 1763 729 1827 rationes,
763 1778 901 1831 quas
926 1761 1207 1830 pluraliter
1229 1763 1369 1827 dico,
1400 1780 1505 1816 non
1539 1764 1681 1831 quod
1707 1763 1747 1816 si

1881 1750 2006 1818 quia
2036 1752 2099 1816 is,
2127 1767 2220 1821 qut
2251 1767 2373 1807 cum
2409 1754 2516 1808 Deo
2557 1754 2717 1823 dirigi
2746 1755 3025 1824 debuerat,
3059 1768 3211 1813 tanto
3241 1760 3481 1829 amplius

142 1857 263 1910 nisi
339 1873 458 1910 una
509 1856 679 1919 ratio,
743 1858 836 1909 sed
876 1872 975 1925 pro
1022 1856 1420 1925 multiplicitate
1464 1874 1747 1912 causarum

1881 1853 2005 1912 post
2057 1843 2267 1914 lapsum
2313 1847 2379 1900 ad
2417 1846 2584 1902 Dentn
2621 1849 2798 1903 redire
2827 1849 3113 1919 detrectat,
3146 1862 3349 1921 quanto
3385 1850 3474 1918 ju-

147 1965 415 2018 quarum
460 1947 626 2001 officii
679 1956 762 2001 est
800 1957 978 2001 motus
1016 1948 1273 2003 cohibere
1310 1948 1577 2015 carnales,
1608 1951 1747 2003 velut.

1880 1945 2025 1991 stum
2048 1976 2061 1998 ,
2108 1938 2158 1990 id
2189 1948 2271 1993 est
2304 1937 2574 2008 justitiam
2608 1943 3015 2010 comparatione
3051 1944 3281 2015 argenti,
3312 1945 3363 1997 id
3390 1953 3473 2000 est

151 2056 294 2095 ossa
333 2040 614 2093 sustinent
656 2054 869 2103 carnes,
898 2050 1019 2109 post
1058 2041 1266 2108 peccati
1317 2042 1771 2109 ιιρτρριιτςιιῑουρω
1878 2029 2120 2085 δεὶριιιὶεθ
2150 2031 2232 2083 Vel
2261 2032 2463 2101 eloquii
2497 2034 2677 2090 minus
2720 2045 2887 2090 amat.
2930 2034 3223 2106 Pauperem
3254 2051 3470 2107 quoque

157 2134 233 2187 ad
267 2128 558 2187 ektretnas
587 2132 901 2201 perduxerit
933 2134 1398 2201 consutuptioncs.
1440 2134 1589 2186 Cinis
1629 2134 1747 2187 enin

1876 2137 1971 2189 pro
2004 2123 2371 2180 calceamentis
2406 2127 2529 2192 dat,
2561 2142 2685 2193 cum
2715 2129 2941 2197 spiritus
2982 2130 3340 2185 humilitatem
3369 2146 3469 2199 pro

158 2226 315 2295 ignis
358 2225 543 2280 exacti
582 2224 734 2293 quasi
774 2224 886 2277 sola
928 2226 1192 2278 memoria
1238 2226 1456 2279 residet.
1502 2224 1672 2287 Usque
1706 2227 1775 2279 ml
1876 2218 2107 2273 mortuis
2137 2220 2398 2287 operibus
2437 2231 2759 2277 commutat.

157 2318 402 2371 cinerem
435 2333 564 2387 ergo
602 2331 725 2370 ossa
782 2316 1043 2383 incendit,
1077 2317 1167 2385 qui
1200 2317 1472 2371 dctnolitis
1497 2318 1665 2371 animi
1696 2319 1774 2371 vi-
1950 2307 2116 2364 ὶέῖμο
2173 2308 2224 2361 7ο
2273 2340 2344 2350 -
2404 2330 2420 2361 ι
2472 2312 2570 2378 Qui
2629 2320 2921 2366 conterunt
2977 2326 3138 2381 super
3190 2327 3491 2381 ptuvercm

158 2410 343 2471 ribus,
380 2426 503 2478 quae
533 2409 909 2462 c:.trnalilateut
948 2406 1310 2473 consolidant,
1346 2411 1469 2478 igne
1516 2411 1773 2480 concupi-

1881 2417 1898 2449 σ
1949 2408 2106 2455 terra:
2143 2402 2319 2470 capita
2367 2419 2686 2473 pauperum,
2719 2412 2773 2460 et
2806 2405 2954 2458 viam
2986 2404 3269 2459 humilium
3298 2405 3467 2458 (ἔδειξε

160 2502 399 2556 δοριιιίιυ
427 2503 693 2556 exhausto
727 2516 866 2555 serie
905 2501 1237 2555 oceuitentire
1280 2503 1553 2556 residuum
1586 2518 1653 2556 ex
1690 2518 1772 2557 sa-
1879 2508 1897 2539 (
1946 2499 2101 2545 "3|"-
2148 2509 2165 2542 δ
2204 2490 2390 2561 Caplla
2432 2511 2724 2567 pauperum
2762 2503 2889 2549 sunt
2930 2495 3259 2550 intentiones
3296 2496 3467 2550 animi

164 2595 368 2648 tietate
400 2594 675 2662 relinquit.

1873 2593 2142 2650 motuum,
2176 2602 2330 2640 suam
2362 2588 2428 2640 ad
2462 2588 2629 2642 Deum
2676 2586 2909 2659 inopiam
2946 2589 3262 2658 simpliciter
3301 2589 3489 2659 228‘

242 2688 413 2741 Vens.
448 2686 500 2739 9.
528 2715 599 2726 —-—
633 2703 651 2735 ι
684 2684 747 2738 Et
780 2687 991 2739 mittam
1030 2686 1207 2757 ignem
1240 2685 1292 2740 in
1324 2687 1499 2750 Moab,
1524 2698 1579 2741 et
1606 2689 1769 2742 devo-
1872 2680 2235 2735 metientiutn.
2266 2681 2391 2736 llaec
2420 2684 2593 2751 capita
2626 2701 2784 2753 super
2818 2684 3079 2754 pulverem
3115 2695 3266 2739 terra?
3289 2694 3464 2739 contc~

170 2800 189 2832 ι
243 2781 383 2833 rabit
422 2780 564 2834 sedes
611 2780 855 2845 Cariotlt,
886 2789 939 2834 et
978 2781 1243 2833 morietur
1277 2781 1327 2833 itt
1357 2782 1534 2834 sonitu
1586 2782 1762 2849 Moab,
1874 2785 2013 2840 runt,
2049 2776 2140 2845 qui
2171 2777 2500 2847 principal-rs
2527 2778 2802 2834 interioris
2837 2779 3075 2835 hominis
3107 2779 3324 2833 habitus
3352 2789 3434 2834 ter
3474 2808 3475 2811 η

171 2873 211 2926 ‹’
241 2876 294 2928 in
335 2875 592 2943 clangore
625 2876 789 2929 tuine.
830 2894 847 2925 ›
901 2875 1080 2944 Ignem
1111 2877 1164 2928 in
1198 2874 1354 2928 Moab
1400 2878 1586 2941 mittit,
1640 2895 1764 2932 cum
1868 2884 2013 2924 reme
2066 2870 2271 2925 levitati
2321 2872 2597 2926 addieuut.
2657 2870 2803 2926 Viam
2850 2872 3128 2931 humilium
3174 2873 3458 2940 declinant,

167 2964 315 3019 natis
344 2981 411 3019 ex
450 2965 688 3029 diabolo,
721 2976 796 3030 et,
830 2974 888 3018 ut
930 2967 1001 3019 ita
1029 2967 1225 3031 dicam,
1280 2983 1347 3019 ex
1390 2968 1596 3037 legibus
1650 2986 1765 3023 mn-
1869 2964 1960 3030 qui
1995 2963 2353 3019 intentionem
2413 2965 2705 3018 humilitati
2763 2966 2930 3021 semel
2979 2967 3272 3036 ascriptum
3306 2983 3464 3022 mun-

168 3057 318 3129 jeres
376 3058 773 3114 incentivorum
820 3068 980 3111 aestus
1030 3073 1311 3129 etutirgere
1345 3061 1494 3113 sinit.
1542 3062 1760 3115 Cariotb
1794 3106 1833 3162 Γ
1869 3055 1996 3111 diali
2027 3057 2371 3111 derivatione
2397 3058 2717 3135 depravant.
2750 3058 2909 3115 Notet.
2936 3060 3165 3130 diligens
3208 3059 3375 3115 lector
3404 3061 3459 3114 in

195 3152 225 3162 ιο
270 3152 299 3162 αν
694 3151 704 3161 ι
786 3150 794 3159 ι
876 3149 911 3162 ιι
1148 3152 1176 3162 ι.
1460 3152 1511 3162 ..-
1629 3154 1640 3162 .
1723 3156 1732 3162 .
1822 3140 1835 3161 4
1873 3149 1885 3162 ι
1914 3150 1925 3160 ο
2058 3160 2071 3162 -
2351 3152 2361 3162 ι
2641 3150 2652 3161 ο
2734 3151 2743 3161 ~
3137 3160 3142 3162 _
3248 3153 3277 3162 ι.

1822 3140 1835 3161 ⁴
1873 3149 1958 3203 his
1985 3160 2127 3217 octo,
2160 3152 2459 3205 secundum
2505 3150 2812 3220 provincias
2852 3162 2995 3215 octo,
3028 3153 3331 3214 sententiis,
3363 3168 3462 3221 pro

174 3152 375 3205 dicitur
402 3167 650 3203 occttrsus
688 3150 844 3219 ignis.
874 3149 1209 3204 Devorandis
1239 3168 1368 3220 ergo
1392 3152 1600 3207 utilibus
1629 3154 1766 3222 ignis

179 3243 436 3307 occorrit,
487 3260 607 3297 cum
655 3243 907 3297 sensibus
958 3244 1155 3311 potiori
1203 3245 1643 3312 conetqtiscentia
1687 3246 1769 3298 in-
1870 3249 2066 3294 octono
2092 3242 2348 3297 vitiorum
2376 3243 2691 3311 capitalium
2722 3258 2950 3298 numero
2980 3244 3462 3313 liguruliterquido

180 3333 542 3397 ilammandis,
578 3335 879 3403 specierum
907 3336 1147 3398 occasio,
1175 3351 1295 3405 quae
1326 3337 1761 3405 concupiscatur,

182 3429 407 3483 accedit.
445 3428 510 3481 In
542 3428 715 3481 sonitu
747 3426 905 3481 Moab
938 3430 1188 3497 moritur,
1240 3447 1363 3485 cum
1404 3432 1505 3485 sub
1532 3432 1765 3487 sordidae

182 3521 604 3575 conversationis
646 3521 867 3575 infamia
922 3521 1319 3578 inverecundus
1378 3534 1541 3594 atque
1577 3527 1764 3580 inscu-

183 3614 353 3669 sibilis
383 3615 536 3685 longe
567 3615 781 3685 lateque
803 3617 1154 3685 pricdicatttr.
1182 3616 1250 3670 In
1278 3622 1520 3688 clangore
1548 3636 1764 3689 quoque

182 3707 317 3759 tubw
382 3707 653 3773 moritur,
716 3722 838 3761 cum
896 3717 953 3762 et
1011 3708 1101 3761 alii
1161 3719 1321 3764 tanta:
1371 3713 1761 3768 exsecrationis

184 3803 443 3871 exemplo,
477 3814 529 3857 et
562 3802 888 3857 formidabili
917 3804 1154 3857 clamore
1188 3814 1483 3860 terrentur.

257 3895 404 3949 Vens.
432 3897 583 3949 5.-ι
611 3894 674 3948 Et
696 3895 1248 3966 disperdatnjudicem
1269 3899 1332 3951 de
1353 3898 1528 3953 medio
1552 3899 1759 3969 ejus,ct

194 4005 214 4039 ι
243 4002 414 4041 omnes
447 3988 721 4057 principes
752 3985 867 4055 ejus
902 3987 1223 4041 inter-licium
1261 4004 1382 4042 cum
1415 4006 1500 4043 co.
1534 4010 1552 4041 ι
1586 3988 1756 4044 .ludcx

185 4078 250 4131 de
270 4079 421 4133 medio
440 4079 555 4148 ejus
574 4080 925 4147 disperditur,
950 4094 1071 4133 cum
1098 4080 1255 4143 ratio,
1282 4080 1367 4133 cui
1394 4082 1457 4132 ad
1475 4080 1754 4135 dexteram

188 4173 271 4226 vel
293 4176 556 4227 sinistram
588 4173 863 4227 declinare
890 4188 995 4227 non
1030 4172 1302 4237 convenit,
1332 4172 1618 4241 jttdiriario
1653 4176 1756 4228 dis-

189 4267 428 4322 cretionis
477 4267 673 4321 throno
702 4268 966 4336 privatur.
1016 4268 1169 4334 Quod
1216 4268 1465 4337 superius
1490 4282 1589 4337 per
1628 4267 1754 4322 Mel-

191 4361 341 4427 clton,
370 4362 575 4415 hochic
598 4378 692 4431 per
716 4360 953 4429 judiccm
986 4362 1282 4430 figuratur,
1314 4362 1589 4432 principes
1614 4377 1752 4431 quo-

194 4472 292 4527 que
318 4457 488 4511 itidem
523 4456 920 4526 intelliguntur.

265 4549 483 4603 Vens.4.
520 4579 587 4589 —-
620 4568 638 4601 ί
678 4549 800 4603 Nam
832 4549 960 4603 dicit
1009 4547 1270 4602 Dominus
1301 4568 1312 4601 :
1359 4549 1535 4618 Super
1583 4550 1754 4604 tribus

204 4665 226 4699 ι
263 4646 527 4701 sceleribus
560 4645 717 4708 Juda,
761 4654 816 4699 et
849 4661 1011 4715 super
1037 4654 1275 4715 quatuor
1302 4661 1405 4700 non
1440 4655 1750 4701 (convertam

206 4758 227 4791 ι
264 4754 388 4805 eum,
413 4754 475 4795 eo
496 4741 637 4809 quod
667 4738 925 4806 abjecerit
957 4739 1127 4808 legem
1158 4740 1390 4801 Domini,
1418 4751 1471 4794 et
1496 4742 1751 4797 mandata

206 4852 227 4887 ε
266 4835 362 4903 ejus
383 4851 478 4889 non
511 4834 851 4889 custodierit.
879 4853 894 4884 ι
924 4832 1055 4887 Juda
1084 4834 1282 4887 dicitur
1309 4834 1581 4903 confesso.
1611 4833 1748 4888 Juda

202 4946 296 4986 non
321 4930 657 4994 convertitur,
687 4944 745 4981 eo
778 4928 916 4997 quod
946 4926 1105 4989 legem
1140 4927 1346 4981 Doutini
1377 4926 1593 4996 alijecit,
1620 4929 1746 4998 quia

203 5024 433 5080 confessio
467 5022 775 5078 anuullatut'
811 5020 949 5091 apud
992 5020 1175 5085 illum,
1232 5023 1325 5089 qui
1372 5021 1567 5077 divina:
1611 5022 1744 5093 legis

202 5119 479 5188 neutiquam
529 5115 848 5171 meminisse
906 5113 1119 5182 quierit.
1178 5111 1459 5178 Quomodo
1503 5114 1647 5165 enim
1694 5114 1743 5167 ei

206 5209 507 5271 confiteatur,
541 5209 633 5277 qui
659 5207 797 5277 ejus,
837 5205 921 5260 cui
948 5203 1308 5258 confitendum
1336 5212 1438 5267 est,
1472 5212 1741 5272 pmice-pta

206 5301 505 5358 detestatur?
531 5318 547 5350 ί
591 5299 932 5365 Decepcrunt
971 5294 1114 5348 enim
1146 5308 1237 5348 eos
1271 5292 1409 5346 idola
1462 5308 1581 5356 sua,
1625 5300 1743 5359 post

213 5412 231 5447 ι
270 5410 365 5464 quae
390 5393 626 5447 abierunt
660 5397 838 5458 patres
865 5403 1076 5442 eorum.
1109 5404 1125 5437 ι
1158 5384 1316 5438 Idola
1349 5402 1444 5439 sua
1481 5402 1567 5439 eos
1595 5384 1742 5438 deci-

207 5488 350 5559 piunt,
377 5485 561 5555 quibus
592 5492 681 5536 aut
710 5496 950 5539 suorum,
998 5489 1085 5533 aut
1122 5479 1421 5531 alienorum
1452 5478 1736 5532 criminum

211 5578 575 5646 imaginationes
602 5573 865 5627 officiunt.
901 5569 1021 5624 I’oist
1049 5573 1366 5639 ltrcc'patres
1395 5586 1572 5624 eorum
1599 5572 1738 5623 abies

144 5694 151 5697 ‘
209 5680 325 5736 runt,
357 5686 462 5725 cum
499 5678 591 5723 aut
622 5669 843 5722 rationis
874 5665 1245 5729 auctoritates,
1296 5674 1390 5718 aut
1419 5664 1471 5717 lii
1509 5679 1735 5731 quorum

141 5773 155 5808 ι
209 5776 262 5827 se
283 5760 485 5818 fatentur
510 5760 811 5820 imitatores
837 5773 933 5829 per
957 5757 1071 5813 luce
1110 5757 1297 5813 eadem
1330 5757 1448 5813 falsi
1480 5766 1623 5813 sunt.

1869 3333 2013 3401 piam
2050 3348 2208 3401 posse
2238 3334 2487 3403 intelligi.
2532 3356 2549 3386 c
2590 3335 2657 3390 Et
2691 3336 2835 3389 ﬁlius
2866 3350 2927 3388 ac
2959 3345 3113 3405 pater
3139 3335 3255 3403 ejus
3283 3336 3457 3392 ierunt

1876 3442 1893 3474 ‹
1941 3430 2008 3478 ad
2034 3422 2288 3492 puellam,
2318 3435 2373 3479 ut
2400 3426 2663 3481 violarent
2692 3442 2889 3481 nomen
2923 3437 3175 3482 sanctum
3200 3443 3398 3482 meum.
3432 3448 3449 3481 ι

1867 3520 2031 3574 Pater
2054 3528 2104 3574 et
2135 3520 2276 3575 filius
2297 3521 2435 3577 ratio
2463 3532 2589 3577 sunt
2614 3532 2666 3578 et
2705 3522 2949 3588 affectus,
2978 3524 3105 3592 quia
3135 3525 3459 3580 subterioris

1867 3613 1934 3668 ad
1982 3614 2275 3668 anterioris
2314 3614 2605 3682 primatum
2641 3616 2911 3671 maximus
2951 3626 3032 3672 est
3063 3625 3359 3685 respectus.
3389 3616 3453 3672 lli

1865 3715 1995 3760 euut
2030 3709 2095 3760 ad
2139 3706 2387 3777 puellam,
2424 3711 2643 3778 quando
2671 3710 2788 3765 sine
2819 3711 3151 3767 discretione
3180 3711 3359 3780 aliqua
3392 3725 3452 3766 se

1864 3801 2153 3857 demittunt
2201 3805 2267 3858 ad
2318 3804 2691 3862 invalitudinis
2745 3807 2973 3862 interna:
3018 3806 3321 3862 mollitiem.
3370 3806 3450 3861 Ex

1862 3910 1969 3964 quo
1995 3913 2182 3951 nomen
2207 3908 2446 3952 sanctum
2484 3898 2577 3954 Dei
2606 3900 2828 3964 violant,
2862 3916 2984 3955 cum
3018 3900 3239 3965 famam,
3274 3916 3448 3972 quan-

1863 3998 1972 4045 tum
2006 3990 2057 4044 in
2090 4006 2147 4046 se
2173 4001 2279 4057 est,
2314 3995 2479 4048 totius
2511 3995 2818 4049 sanctitatis
2846 4004 3161 4049 extenuant.

1932 4081 2097 4137 Vens.
2127 4083 2182 4137 8.
2212 4113 2283 4124 —-
2322 4105 2342 4135 ι
2380 4085 2445 4138 Et
2471 4100 2634 4153 super
2664 4086 3005 4140 vestimentis
3035 4086 3331 4157 pigneratis
3360 4102 3448 4142 ac-

1866 4189 1884 4222 (
1926 4180 2229 4229 cubuerunt
2251 4173 2409 4243 juxta
2432 4191 2592 4230 omne
2616 4177 2824 4242 altare,
2862 4186 2916 4231 et
2941 4178 3123 4232 vinum
3154 4177 3447 4234 damnato-

1864 4283 1883 4316 ‹
1930 4281 2048 4320 rum
2076 4266 2329 4322 bibebant
2354 4268 2406 4321 itt
2431 4267 2590 4322 domo
2615 4267 2707 4321 Dei
2732 4268 2832 4322 sui.
2861 4286 2879 4320 ι
2907 4269 3235 4323 Vestimenta
3261 4270 3447 4337 pigne-

1857 4367 1974 4411 rata
2019 4368 2164 4424 sunt,
2202 4359 2252 4412 in
2300 4359 2496 4429 pignus
2528 4375 2626 4429 pro
2658 4359 2841 4414 debito
2878 4359 3094 4412 tradita.
3128 4358 3304 4427 Super
3331 4360 3446 4416 lucc

1785 4466 1985 4523 Dergo
2015 4454 2176 4522 juxta
2225 4469 2375 4506 omne
2424 4452 2591 4507 altare
2637 4450 2985 4511 accumbunt,
3053 4467 3174 4504 cum
3235 4454 3442 4521 peccati

1855 4559 2019 4614 opera
2059 4546 2111 4598 in
2165 4545 2358 4615 pignus
2395 4545 2730 4598 remissionis
2780 4559 2877 4614 per
2928 4541 3323 4599 c0nfessionem
3371 4545 3440 4601 ab

1854 4638 2035 4709 aliquo
2081 4637 2238 4691 nobis
2262 4636 2551 4691 commissa
2576 4635 2731 4702 juxta
2777 4637 3135 4705 preposition,
3170 4637 3312 4708 quod
3357 4647 3441 4694 est

1852 4731 2024 4785 altare
2070 4729 2419 4800 pmnitudinis
2459 4730 2806 4797 omnimodw,
2841 4731 2997 4786 nobis
3046 4733 3438 4803 aceutnbettdo,

1852 4822 1904 4877 irl
1955 4834 2039 4878 est
2068 4824 2136 4878 ad
2193 4823 2546 4879 imitationem
2580 4840 2805 4893 pravam
2838 4824 2993 4880 nobis
3041 4828 3439 4884 substernemlo

1850 4919 2190 4973 adhibemus.
2237 4915 2425 4972 Vinum
2474 4918 2850 4972 damnatorum
2908 4918 2963 4972 in
3006 4918 3160 4972 domo
3218 4917 3312 4971 Dei
3352 4919 3435 4973 sui

1849 5011 2069 5076 bibunt,
2123 5026 2245 5064 eum
2303 5010 2609 5079 voluptates
2654 5024 2842 5065 eorum
2903 5022 3038 5077 quos
3084 5023 3181 5076 pro
3230 5008 3435 5067 eisdem

1848 5102 2131 5156 damnatos
2158 5116 2278 5155 esse
2309 5116 2414 5155 non
2446 5103 2721 5165 nesciunt,
2748 5102 2799 5155 in
2830 5099 3046 5169 propria
3074 5098 3430 5167 conscientia,

1845 5210 2005 5263 quam
2059 5194 2150 5249 Dei
2200 5196 2417 5248 dormint
2457 5208 2579 5248 esse
2623 5200 2975 5258 convenerat,
3011 5190 3281 5249 indecenti
3329 5193 3427 5249 sibi

1846 5287 2100 5341 aviditate
2126 5301 2223 5354 pro
2244 5286 2495 5354 excaqtlo
2520 5286 2840 5355 corripiunt.

1914 5377 2067 5432 νεεδ.
2103 5378 2155 5431 9.
2186 5406 2251 5416 -
2284 5395 2301 5427 ‹
2332 5376 2442 5446 Ego
2467 5384 2647 5430 autem
2673 5374 3028 5431 exterminavi
3051 5375 3427 5439 Amorrhaeum

1848 5492 1885 5524 «η
1915 5489 1940 5525 a
1978 5472 2112 5525 facie
2140 5486 2357 5535 eorum;
2398 5469 2553 5535 cujus
2580 5470 2813 5525 altitudo
2844 5471 3155 5539 cedrorum,
3199 5472 3431 5530 altitudo
3460 5506 3463 5509 -

1848 5585 1865 5617 ε
1912 5567 2047 5634 ejus,
2090 5574 2143 5618 et
2170 5566 2326 5617 fortis
2363 5565 2474 5632 ipse
2519 5566 2671 5632 quasi
2730 5582 2981 5637 quercus.
3024 5588 3043 5618 ι
3077 5567 3425 5624 Amorrlmus

1840 5663 2229 5727 interpretatur
2263 5659 2585 5725 atttitricans,
2625 5674 2687 5714 ac
2738 5661 2781 5715 si
2830 5661 3028 5716 diceret
3063 5662 3205 5731 :lpsi
3231 5678 3290 5716 se
3320 5664 3424 5716 mia

1840 5754 1892 5810 hi
1929 5754 2159 5810 reddunt
2196 5769 2295 5824 per
2326 5760 2406 5809 tot
2432 5750 2666 5810 oﬂ’ensas
2692 5754 2955 5826 infensos,
2985 5754 3078 5813 sed
3108 5757 3423 5815 meminisse
