  <div class='ocr_page' id='page_1' title='image "/cluster/home/n/w/nwhite01/storage/ocr_20150623/156/hvd.32044010683712/217.png"; bbox 0 0 3998 6326; ppageno 0'>
   <div class='ocr_carea' id='block_1_1' title="bbox 483 239 3742 333">
    <p class='ocr_par' dir='ltr' id='par_1_1' title="bbox 483 239 3742 333">
     <span class='ocr_line' id='line_1_1' title="bbox 483 239 3742 333; baseline -0.004 -16"><span class='ocrx_word' id='word_1_1' title='bbox 483 269 591 333; x_wconf 60' lang='grc' dir='ltr'><strong>ωτι,</strong></span> <span class='ocrx_word' id='word_1_2' title='bbox 1314 257 1379 316; x_wconf 90' lang='lat' dir='ltr'><strong>v.</strong></span> <span class='ocrx_word' id='word_1_3' title='bbox 1406 251 1732 317; x_wconf 81' lang='lat' dir='ltr'><strong>GUIBERTI</strong></span> <span class='ocrx_word' id='word_1_4' title='bbox 1771 245 2063 310; x_wconf 81' lang='lat' dir='ltr'><strong>ABBATIS</strong></span> <span class='ocrx_word' id='word_1_5' title='bbox 2103 249 2162 306; x_wconf 91' lang='lat' dir='ltr'><strong>s.</strong></span> <span class='ocrx_word' id='word_1_6' title='bbox 2205 239 2444 303; x_wconf 68' lang='lat' dir='ltr'><strong>MARDE</strong></span> <span class='ocrx_word' id='word_1_7' title='bbox 2489 244 2578 302; x_wconf 74' lang='lat' dir='ltr'><strong>or:</strong></span> <span class='ocrx_word' id='word_1_8' title='bbox 2608 241 3008 302; x_wconf 82' lang='lat' dir='ltr'><strong>NOVIGENTO</strong></span> <span class='ocrx_word' id='word_1_9' title='bbox 3643 245 3742 308; x_wconf 72' lang='lat' dir='ltr'><strong>tsi</strong></span> 
     </span>
    </p>
   </div>
   <div class='ocr_carea' id='block_1_2' title="bbox 485 358 3757 455">
    <p class='ocr_par' dir='ltr' id='par_1_2' title="bbox 485 358 3757 455">
     <span class='ocr_line' id='line_1_2' title="bbox 485 358 3757 455; baseline -0.008 -11"><span class='ocrx_word' id='word_1_10' title='bbox 485 392 789 445; x_wconf 76' lang='lat' dir='ltr'><strong>debuerant</strong></span> <span class='ocrx_word' id='word_1_11' title='bbox 830 379 1117 455; x_wconf 87' lang='lat' dir='ltr'><strong>quomodo,</strong></span> <span class='ocrx_word' id='word_1_12' title='bbox 1161 377 1214 433; x_wconf 91' lang='lat' dir='ltr'><strong>iu</strong></span> <span class='ocrx_word' id='word_1_13' title='bbox 1246 375 1470 433; x_wconf 87' lang='lat' dir='ltr'><strong>exordio</strong></span> <span class='ocrx_word' id='word_1_14' title='bbox 1521 389 1632 429; x_wconf 70' lang='lat' dir='ltr'><strong>suae</strong></span> <span class='ocrx_word' id='word_1_15' title='bbox 1671 368 2061 434; x_wconf 89' lang='lat' dir='ltr'><strong>conversionis,</strong></span> <span class='ocrx_word' id='word_1_16' title='bbox 2096 369 2141 427; x_wconf 83' lang='grc' dir='ltr'><strong>Α</strong></span> <span class='ocrx_word' id='word_1_17' title='bbox 2175 383 2193 416; x_wconf 87' lang='grc'><strong><em>‹</em></strong></span> <span class='ocrx_word' id='word_1_18' title='bbox 2240 379 2414 431; x_wconf 86' lang='lat' dir='ltr'><strong>suam,</strong></span> <span class='ocrx_word' id='word_1_19' title='bbox 2456 372 2511 418; x_wconf 91' lang='lat' dir='ltr'><strong>et</strong></span> <span class='ocrx_word' id='word_1_20' title='bbox 2565 372 2756 418; x_wconf 86' lang='lat' dir='ltr'><strong>tenens</strong></span> <span class='ocrx_word' id='word_1_21' title='bbox 2795 377 2980 455; x_wconf 80' lang='lat' dir='ltr'><strong>arcum</strong></span> <span class='ocrx_word' id='word_1_22' title='bbox 3020 373 3127 428; x_wconf 87' lang='lat' dir='ltr'><strong>non</strong></span> <span class='ocrx_word' id='word_1_23' title='bbox 3176 358 3366 455; x_wconf 70' lang='lat' dir='ltr'><strong>stabit.</strong></span> <span class='ocrx_word' id='word_1_24' title='bbox 3411 377 3431 413; x_wconf 74' lang='grc' dir='ltr'><strong>ι</strong></span> <span class='ocrx_word' id='word_1_25' title='bbox 3487 359 3757 419; x_wconf 78' lang='lat' dir='ltr'><strong>Robuslus</strong></span> 
     </span>
    </p>
   </div>
   <div class='ocr_carea' id='block_1_3' title="bbox 483 468 2064 554">
    <p class='ocr_par' dir='ltr' id='par_1_3' title="bbox 483 468 2064 554">
     <span class='ocr_line' id='line_1_3' title="bbox 483 468 2064 554; baseline -0.01 -20"><span class='ocrx_word' id='word_1_26' title='bbox 483 483 808 554; x_wconf 69' lang='lat' dir='ltr'><strong>qu‘busdatn</strong></span> <span class='ocrx_word' id='word_1_27' title='bbox 836 472 1315 533; x_wconf 85' lang='lat' dir='ltr'><strong>exterminavcrim</strong></span> <span class='ocrx_word' id='word_1_28' title='bbox 1351 469 1520 524; x_wconf 89' lang='lat' dir='ltr'><strong>Deum</strong></span> <span class='ocrx_word' id='word_1_29' title='bbox 1551 468 1942 522; x_wconf 85' lang='lat' dir='ltr'><strong>amaricantem</strong></span> <span class='ocrx_word' id='word_1_30' title='bbox 1971 481 2064 519; x_wconf 87' lang='lat' dir='ltr'><strong>su-</strong></span> 
     </span>
    </p>
   </div>
   <div class='ocr_carea' id='block_1_4' title="bbox 483 559 2070 650">
    <p class='ocr_par' dir='ltr' id='par_1_4' title="bbox 483 559 2070 650">
     <span class='ocr_line' id='line_1_4' title="bbox 483 559 2070 650; baseline -0.013 -16"><span class='ocrx_word' id='word_1_31' title='bbox 483 577 688 650; x_wconf 72' lang='lat' dir='ltr'><strong>perbia:</strong></span> <span class='ocrx_word' id='word_1_32' title='bbox 713 573 931 634; x_wconf 77' lang='lat' dir='ltr'><strong>fastum,</strong></span> <span class='ocrx_word' id='word_1_33' title='bbox 962 569 1014 623; x_wconf 89' lang='lat' dir='ltr'><strong>in</strong></span> <span class='ocrx_word' id='word_1_34' title='bbox 1047 567 1258 622; x_wconf 91' lang='lat' dir='ltr'><strong>illorum</strong></span> <span class='ocrx_word' id='word_1_35' title='bbox 1291 564 1550 618; x_wconf 85' lang='lat' dir='ltr'><strong>nimirum</strong></span> <span class='ocrx_word' id='word_1_36' title='bbox 1583 562 1838 617; x_wconf 77' lang='lat' dir='ltr'><strong>cordibus</strong></span> <span class='ocrx_word' id='word_1_37' title='bbox 1867 561 1959 630; x_wconf 91' lang='lat' dir='ltr'><strong>qui</strong></span> <span class='ocrx_word' id='word_1_38' title='bbox 2001 559 2070 614; x_wconf 88' lang='lat' dir='ltr'><strong>de</strong></span> 
     </span>
    </p>
   </div>
   <div class='ocr_carea' id='block_1_5' title="bbox 483 654 2070 736">
    <p class='ocr_par' dir='ltr' id='par_1_5' title="bbox 483 654 2070 736">
     <span class='ocr_line' id='line_1_5' title="bbox 483 654 2070 736; baseline -0.014 -8"><span class='ocrx_word' id='word_1_39' title='bbox 483 686 582 728; x_wconf 82' lang='lat' dir='ltr'><strong>sua</strong></span> <span class='ocrx_word' id='word_1_40' title='bbox 613 664 1083 736; x_wconf 85' lang='lat' dir='ltr'><strong>contemplatione,</strong></span> <span class='ocrx_word' id='word_1_41' title='bbox 1131 676 1197 715; x_wconf 87' lang='lat' dir='ltr'><strong>ac</strong></span> <span class='ocrx_word' id='word_1_42' title='bbox 1241 660 1286 714; x_wconf 90' lang='lat' dir='ltr'><strong>si</strong></span> <span class='ocrx_word' id='word_1_43' title='bbox 1335 657 1556 714; x_wconf 85' lang='lat' dir='ltr'><strong>cedrina</strong></span> <span class='ocrx_word' id='word_1_44' title='bbox 1581 654 1912 727; x_wconf 80' lang='lat' dir='ltr'><strong>proceritate</strong></span> <span class='ocrx_word' id='word_1_45' title='bbox 1940 668 2070 724; x_wconf 85' lang='lat' dir='ltr'><strong>gau-</strong></span> 
     </span>
    </p>
   </div>
   <div class='ocr_carea' id='block_1_6' title="bbox 484 745 2084 826">
    <p class='ocr_par' dir='ltr' id='par_1_6' title="bbox 484 745 2084 826">
     <span class='ocr_line' id='line_1_6' title="bbox 484 745 2084 826; baseline -0.012 -9"><span class='ocrx_word' id='word_1_46' title='bbox 484 761 704 826; x_wconf 90' lang='lat' dir='ltr'><strong>debant,</strong></span> <span class='ocrx_word' id='word_1_47' title='bbox 742 767 794 812; x_wconf 91' lang='lat' dir='ltr'><strong>et</strong></span> <span class='ocrx_word' id='word_1_48' title='bbox 821 758 889 811; x_wconf 90' lang='lat' dir='ltr'><strong>de</strong></span> <span class='ocrx_word' id='word_1_49' title='bbox 919 771 1031 811; x_wconf 72' lang='lat' dir='ltr'><strong>sua:</strong></span> <span class='ocrx_word' id='word_1_50' title='bbox 1059 753 1241 806; x_wconf 82' lang='lat' dir='ltr'><strong>carnis</strong></span> <span class='ocrx_word' id='word_1_51' title='bbox 1277 748 1730 822; x_wconf 79' lang='lat' dir='ltr'><strong>impassibilitate,</strong></span> <span class='ocrx_word' id='word_1_52' title='bbox 1763 761 1826 800; x_wconf 89' lang='lat' dir='ltr'><strong>ac</strong></span> <span class='ocrx_word' id='word_1_53' title='bbox 1854 745 1899 800; x_wconf 88' lang='lat' dir='ltr'><strong>si</strong></span> <span class='ocrx_word' id='word_1_54' title='bbox 1925 745 2084 815; x_wconf 74' lang='lat' dir='ltr'><strong>ejus-‘</strong></span> 
     </span>
    </p>
   </div>
   <div class='ocr_carea' id='block_1_7' title="bbox 409 841 2067 916">
    <p class='ocr_par' dir='ltr' id='par_1_7' title="bbox 409 841 2067 916">
     <span class='ocr_line' id='line_1_7' title="bbox 409 841 2067 916; baseline -0.011 -8"><span class='ocrx_word' id='word_1_55' title='bbox 409 859 422 868; x_wconf 85' lang='lat'><strong><em>&#39;</em></strong></span> <span class='ocrx_word' id='word_1_56' title='bbox 485 852 603 907; x_wconf 79' lang='lat' dir='ltr'><strong>dem</strong></span> <span class='ocrx_word' id='word_1_57' title='bbox 631 848 841 904; x_wconf 88' lang='lat' dir='ltr'><strong>arboris</strong></span> <span class='ocrx_word' id='word_1_58' title='bbox 869 845 1306 916; x_wconf 79' lang='lat' dir='ltr'><strong>imputribilitate</strong></span> <span class='ocrx_word' id='word_1_59' title='bbox 1337 857 1458 898; x_wconf 82' lang='lat' dir='ltr'><strong>seSc</strong></span> <span class='ocrx_word' id='word_1_60' title='bbox 1481 841 1783 912; x_wconf 84' lang='lat' dir='ltr'><strong>jactabant,</strong></span> <span class='ocrx_word' id='word_1_61' title='bbox 1811 846 2067 892; x_wconf 89' lang='lat' dir='ltr'><strong>constan-</strong></span> 
     </span>
    </p>
   </div>
   <div class='ocr_carea' id='block_1_8' title="bbox 485 930 2064 1008">
    <p class='ocr_par' dir='ltr' id='par_1_8' title="bbox 485 930 2064 1008">
     <span class='ocr_line' id='line_1_8' title="bbox 485 930 2064 1008; baseline -0.008 -11"><span class='ocrx_word' id='word_1_62' title='bbox 485 953 562 997; x_wconf 88' lang='lat' dir='ltr'><strong>tes</strong></span> <span class='ocrx_word' id='word_1_63' title='bbox 588 943 750 996; x_wconf 79' lang='lat' dir='ltr'><strong>etiam</strong></span> <span class='ocrx_word' id='word_1_64' title='bbox 774 940 1019 995; x_wconf 89' lang='lat' dir='ltr'><strong>adversis</strong></span> <span class='ocrx_word' id='word_1_65' title='bbox 1034 937 1439 1008; x_wconf 87' lang='lat' dir='ltr'><strong>emergentibus</strong></span> <span class='ocrx_word' id='word_1_66' title='bbox 1461 935 1673 1004; x_wconf 88' lang='lat' dir='ltr'><strong>seipsos</strong></span> <span class='ocrx_word' id='word_1_67' title='bbox 1691 931 1845 1001; x_wconf 88' lang='lat' dir='ltr'><strong>quasi</strong></span> <span class='ocrx_word' id='word_1_68' title='bbox 1871 930 2064 985; x_wconf 86' lang='lat' dir='ltr'><strong>robora</strong></span> 
     </span>
    </p>
   </div>
   <div class='ocr_carea' id='block_1_9' title="bbox 479 1023 2070 1106">
    <p class='ocr_par' dir='ltr' id='par_1_9' title="bbox 479 1023 2070 1106">
     <span class='ocr_line' id='line_1_9' title="bbox 479 1023 2070 1106; baseline -0.008 -18"><span class='ocrx_word' id='word_1_69' title='bbox 479 1049 688 1105; x_wconf 87' lang='lat' dir='ltr'><strong>querna</strong></span> <span class='ocrx_word' id='word_1_70' title='bbox 742 1035 1023 1106; x_wconf 91' lang='lat' dir='ltr'><strong>putabant.</strong></span> <span class='ocrx_word' id='word_1_71' title='bbox 1086 1051 1103 1084; x_wconf 80' lang='grc' dir='ltr'>ι</span> <span class='ocrx_word' id='word_1_72' title='bbox 1140 1032 1249 1100; x_wconf 84' lang='lat' dir='ltr'><strong>Ego</strong></span> <span class='ocrx_word' id='word_1_73' title='bbox 1286 1029 1519 1086; x_wconf 74' lang='lat' dir='ltr'><strong>contrivi</strong></span> <span class='ocrx_word' id='word_1_74' title='bbox 1549 1027 1781 1080; x_wconf 88' lang='lat' dir='ltr'><strong>fructum</strong></span> <span class='ocrx_word' id='word_1_75' title='bbox 1814 1023 1930 1093; x_wconf 86' lang='lat' dir='ltr'><strong>ejus</strong></span> <span class='ocrx_word' id='word_1_76' title='bbox 1977 1023 2070 1077; x_wconf 89' lang='lat' dir='ltr'><strong>de-</strong></span> 
     </span>
    </p>
   </div>
   <div class='ocr_carea' id='block_1_10' title="bbox 484 1117 2068 1195">
    <p class='ocr_par' dir='ltr' id='par_1_10' title="bbox 484 1117 2068 1195">
     <span class='ocr_line' id='line_1_10' title="bbox 484 1117 2068 1195; baseline -0.005 -19"><span class='ocrx_word' id='word_1_77' title='bbox 484 1143 503 1176; x_wconf 71' lang='grc'><strong>(</strong></span> <span class='ocrx_word' id='word_1_78' title='bbox 550 1140 734 1195; x_wconf 84' lang='lat' dir='ltr'><strong>super,</strong></span> <span class='ocrx_word' id='word_1_79' title='bbox 767 1134 822 1180; x_wconf 90' lang='lat' dir='ltr'><strong>et</strong></span> <span class='ocrx_word' id='word_1_80' title='bbox 848 1124 1085 1178; x_wconf 85' lang='lat' dir='ltr'><strong>radicem</strong></span> <span class='ocrx_word' id='word_1_81' title='bbox 1136 1138 1253 1192; x_wconf 81' lang='lat' dir='ltr'><strong>ejus</strong></span> <span class='ocrx_word' id='word_1_82' title='bbox 1284 1120 1490 1178; x_wconf 83' lang='lat' dir='ltr'><strong>subter.</strong></span> <span class='ocrx_word' id='word_1_83' title='bbox 1527 1138 1544 1170; x_wconf 81' lang='grc' dir='ltr'><strong><em>ι</em></strong></span> <span class='ocrx_word' id='word_1_84' title='bbox 1597 1118 1829 1172; x_wconf 80' lang='lat' dir='ltr'><strong>Fructus</strong></span> <span class='ocrx_word' id='word_1_85' title='bbox 1873 1117 2068 1170; x_wconf 85' lang='lat' dir='ltr'><strong>Amor-</strong></span> 
     </span>
    </p>
   </div>
   <div class='ocr_carea' id='block_1_11' title="bbox 478 1209 2068 1288">
    <p class='ocr_par' dir='ltr' id='par_1_11' title="bbox 478 1209 2068 1288">
     <span class='ocr_line' id='line_1_11' title="bbox 478 1209 2068 1288; baseline -0.006 -16"><span class='ocrx_word' id='word_1_86' title='bbox 478 1217 612 1272; x_wconf 71' lang='lat' dir='ltr'><strong>rbazi</strong></span> <span class='ocrx_word' id='word_1_87' title='bbox 665 1217 888 1288; x_wconf 79' lang='lat' dir='ltr'><strong>desuper</strong></span> <span class='ocrx_word' id='word_1_88' title='bbox 936 1217 1260 1282; x_wconf 81' lang='lat' dir='ltr'><strong>conteritur,</strong></span> <span class='ocrx_word' id='word_1_89' title='bbox 1319 1229 1439 1269; x_wconf 90' lang='lat' dir='ltr'><strong>cum</strong></span> <span class='ocrx_word' id='word_1_90' title='bbox 1471 1210 1653 1267; x_wconf 69' lang='lat' dir='ltr'><strong>saaculi</strong></span> <span class='ocrx_word' id='word_1_91' title='bbox 1689 1209 1918 1264; x_wconf 72' lang='lat' dir='ltr'><strong>fortuna:</strong></span> <span class='ocrx_word' id='word_1_92' title='bbox 1949 1223 2068 1263; x_wconf 84' lang='lat' dir='ltr'><strong>suc-</strong></span> 
     </span>
    </p>
   </div>
   <div class='ocr_carea' id='block_1_12' title="bbox 479 1301 2069 1376">
    <p class='ocr_par' dir='ltr' id='par_1_12' title="bbox 479 1301 2069 1376">
     <span class='ocr_line' id='line_1_12' title="bbox 479 1301 2069 1376; baseline -0.006 -12"><span class='ocrx_word' id='word_1_93' title='bbox 479 1309 1078 1376; x_wconf 60' lang='lat' dir='ltr'><strong>cessusjncedentibus</strong></span> <span class='ocrx_word' id='word_1_94' title='bbox 1120 1307 1432 1362; x_wconf 91' lang='lat' dir='ltr'><strong>infortuniis</strong></span> <span class='ocrx_word' id='word_1_95' title='bbox 1473 1303 1805 1358; x_wconf 84' lang='lat' dir='ltr'><strong>annullatur.</strong></span> <span class='ocrx_word' id='word_1_96' title='bbox 1835 1301 2069 1355; x_wconf 76' lang='lat' dir='ltr'><strong>ltadices</strong></span> 
     </span>
    </p>
   </div>
   <div class='ocr_carea' id='block_1_13' title="bbox 480 1393 2064 1473">
    <p class='ocr_par' dir='ltr' id='par_1_13' title="bbox 480 1393 2064 1473">
     <span class='ocr_line' id='line_1_13' title="bbox 480 1393 2064 1473; baseline -0.007 -15"><span class='ocrx_word' id='word_1_97' title='bbox 480 1403 597 1473; x_wconf 83' lang='lat' dir='ltr'><strong>ejus</strong></span> <span class='ocrx_word' id='word_1_98' title='bbox 625 1405 805 1456; x_wconf 81' lang='lat' dir='ltr'><strong>subter</strong></span> <span class='ocrx_word' id='word_1_99' title='bbox 839 1410 1172 1468; x_wconf 87' lang='lat' dir='ltr'><strong>atteruntur,</strong></span> <span class='ocrx_word' id='word_1_100' title='bbox 1212 1416 1334 1455; x_wconf 90' lang='lat' dir='ltr'><strong>cum</strong></span> <span class='ocrx_word' id='word_1_101' title='bbox 1367 1412 1491 1469; x_wconf 85' lang='lat' dir='ltr'><strong>spes</strong></span> <span class='ocrx_word' id='word_1_102' title='bbox 1513 1403 1873 1468; x_wconf 88' lang='lat' dir='ltr'><strong>proventumn</strong></span> <span class='ocrx_word' id='word_1_103' title='bbox 1901 1393 2064 1448; x_wconf 87' lang='lat' dir='ltr'><strong>etiam</strong></span> 
     </span>
    </p>
   </div>
   <div class='ocr_carea' id='block_1_14' title="bbox 483 1495 1375 1564">
    <p class='ocr_par' dir='ltr' id='par_1_14' title="bbox 483 1495 1375 1564">
     <span class='ocr_line' id='line_1_14' title="bbox 483 1495 1375 1564; baseline -0.007 -13"><span class='ocrx_word' id='word_1_104' title='bbox 483 1495 634 1551; x_wconf 72' lang='lat' dir='ltr'><strong>falsa:</strong></span> <span class='ocrx_word' id='word_1_105' title='bbox 658 1495 770 1564; x_wconf 85' lang='lat' dir='ltr'><strong>jam</strong></span> <span class='ocrx_word' id='word_1_106' title='bbox 803 1495 1018 1563; x_wconf 90' lang='lat' dir='ltr'><strong>penitus</strong></span> <span class='ocrx_word' id='word_1_107' title='bbox 1046 1496 1375 1548; x_wconf 89' lang='lat' dir='ltr'><strong>obruuntur.</strong></span> 
     </span>
    </p>
   </div>
   <div class='ocr_carea' id='block_1_15' title="bbox 559 1578 2066 1656">
    <p class='ocr_par' dir='ltr' id='par_1_15' title="bbox 559 1578 2066 1656">
     <span class='ocr_line' id='line_1_15' title="bbox 559 1578 2066 1656; baseline -0.001 -18"><span class='ocrx_word' id='word_1_108' title='bbox 559 1585 719 1640; x_wconf 78' lang='lat' dir='ltr'><strong>Vens.</strong></span> <span class='ocrx_word' id='word_1_109' title='bbox 757 1586 843 1639; x_wconf 69' lang='lat'><strong>10.</strong></span> <span class='ocrx_word' id='word_1_110' title='bbox 874 1615 943 1625; x_wconf 93' lang='lat'><strong>—</strong></span> <span class='ocrx_word' id='word_1_111' title='bbox 975 1602 992 1635; x_wconf 74' lang='grc' dir='ltr'>ι</span> <span class='ocrx_word' id='word_1_112' title='bbox 1030 1585 1140 1656; x_wconf 83' lang='lat' dir='ltr'><strong>Ego</strong></span> <span class='ocrx_word' id='word_1_113' title='bbox 1171 1599 1313 1651; x_wconf 90' lang='lat' dir='ltr'><strong>sum,</strong></span> <span class='ocrx_word' id='word_1_114' title='bbox 1341 1583 1431 1653; x_wconf 92' lang='lat' dir='ltr'><strong>qui</strong></span> <span class='ocrx_word' id='word_1_115' title='bbox 1482 1581 1779 1638; x_wconf 84' lang='lat' dir='ltr'><strong>ascendere</strong></span> <span class='ocrx_word' id='word_1_116' title='bbox 1823 1595 1921 1636; x_wconf 86' lang='lat' dir='ltr'><strong>vos</strong></span> <span class='ocrx_word' id='word_1_117' title='bbox 1963 1578 2066 1636; x_wconf 88' lang='lat' dir='ltr'><strong>feci</strong></span> 
     </span>
    </p>
   </div>
   <div class='ocr_carea' id='block_1_16' title="bbox 485 1674 2068 1748">
    <p class='ocr_par' dir='ltr' id='par_1_16' title="bbox 485 1674 2068 1748">
     <span class='ocr_line' id='line_1_16' title="bbox 485 1674 2068 1748; baseline -0.003 -16"><span class='ocrx_word' id='word_1_118' title='bbox 485 1695 506 1729; x_wconf 75' lang='grc' dir='ltr'>ι</span> <span class='ocrx_word' id='word_1_119' title='bbox 551 1677 618 1732; x_wconf 90' lang='lat' dir='ltr'><strong>de</strong></span> <span class='ocrx_word' id='word_1_120' title='bbox 655 1689 797 1732; x_wconf 87' lang='lat' dir='ltr'><strong>terra</strong></span> <span class='ocrx_word' id='word_1_121' title='bbox 836 1676 1079 1748; x_wconf 68' lang='lat' dir='ltr'><strong>Egypti,</strong></span> <span class='ocrx_word' id='word_1_122' title='bbox 1109 1685 1163 1732; x_wconf 89' lang='lat' dir='ltr'><strong>et</strong></span> <span class='ocrx_word' id='word_1_123' title='bbox 1187 1678 1349 1732; x_wconf 90' lang='lat' dir='ltr'><strong>eduxi</strong></span> <span class='ocrx_word' id='word_1_124' title='bbox 1381 1691 1480 1731; x_wconf 88' lang='lat' dir='ltr'><strong>vos</strong></span> <span class='ocrx_word' id='word_1_125' title='bbox 1509 1676 1560 1730; x_wconf 93' lang='lat' dir='ltr'><strong>in</strong></span> <span class='ocrx_word' id='word_1_126' title='bbox 1589 1675 1804 1729; x_wconf 86' lang='lat' dir='ltr'><strong>deserto</strong></span> <span class='ocrx_word' id='word_1_127' title='bbox 1833 1674 2068 1743; x_wconf 73' lang='lat' dir='ltr'><strong>Quadra-</strong></span> 
     </span>
    </p>
   </div>
   <div class='ocr_carea' id='block_1_17' title="bbox 2171 451 3761 524">
    <p class='ocr_par' dir='ltr' id='par_1_17' title="bbox 2171 451 3761 524">
     <span class='ocr_line' id='line_1_17' title="bbox 2171 451 3761 524; baseline -0.003 -15"><span class='ocrx_word' id='word_1_128' title='bbox 2171 455 2404 509; x_wconf 45' lang='lat' dir='ltr'><strong>atiimnm</strong></span> <span class='ocrx_word' id='word_1_129' title='bbox 2441 471 2594 508; x_wconf 83' lang='lat' dir='ltr'><strong>suam</strong></span> <span class='ocrx_word' id='word_1_130' title='bbox 2629 470 2732 506; x_wconf 81' lang='lat' dir='ltr'><strong>non</strong></span> <span class='ocrx_word' id='word_1_131' title='bbox 2776 451 2981 518; x_wconf 83' lang='lat' dir='ltr'><strong>salvat,</strong></span> <span class='ocrx_word' id='word_1_132' title='bbox 3021 465 3143 504; x_wconf 81' lang='lat' dir='ltr'><strong>cum</strong></span> <span class='ocrx_word' id='word_1_133' title='bbox 3175 451 3242 518; x_wconf 88' lang='lat' dir='ltr'><strong>is,</strong></span> <span class='ocrx_word' id='word_1_134' title='bbox 3277 451 3368 521; x_wconf 86' lang='lat' dir='ltr'><strong>qui</strong></span> <span class='ocrx_word' id='word_1_135' title='bbox 3399 455 3604 510; x_wconf 68' lang='lat' dir='ltr'><strong>contra</strong></span> <span class='ocrx_word' id='word_1_136' title='bbox 3640 471 3761 524; x_wconf 81' lang='lat' dir='ltr'><strong>pec.</strong></span> 
     </span>
    </p>
   </div>
   <div class='ocr_carea' id='block_1_18' title="bbox 2170 541 3753 616">
    <p class='ocr_par' dir='ltr' id='par_1_18' title="bbox 2170 541 3753 616">
     <span class='ocr_line' id='line_1_18' title="bbox 2170 541 3753 616; baseline -0.003 -14"><span class='ocrx_word' id='word_1_137' title='bbox 2170 548 2278 602; x_wconf 89' lang='lat' dir='ltr'><strong>cati</strong></span> <span class='ocrx_word' id='word_1_138' title='bbox 2307 546 2587 601; x_wconf 78' lang='lat' dir='ltr'><strong>mollitiem</strong></span> <span class='ocrx_word' id='word_1_139' title='bbox 2628 545 2840 598; x_wconf 90' lang='lat' dir='ltr'><strong>diutino</strong></span> <span class='ocrx_word' id='word_1_140' title='bbox 2865 541 3114 598; x_wconf 67' lang='lat' dir='ltr'><strong>carlibatu</strong></span> <span class='ocrx_word' id='word_1_141' title='bbox 3141 546 3422 606; x_wconf 88' lang='lat' dir='ltr'><strong>duruerat,</strong></span> <span class='ocrx_word' id='word_1_142' title='bbox 3475 543 3540 598; x_wconf 91' lang='lat' dir='ltr'><strong>im</strong></span> <span class='ocrx_word' id='word_1_143' title='bbox 3553 546 3753 616; x_wconf 79' lang='lat' dir='ltr'><strong>petitus</strong></span> 
     </span>
    </p>
   </div>
   <div class='ocr_carea' id='block_1_19' title="bbox 2173 637 3746 710">
    <p class='ocr_par' dir='ltr' id='par_1_19' title="bbox 2173 637 3746 710">
     <span class='ocr_line' id='line_1_19' title="bbox 2173 637 3746 710; baseline 0.001 -15"><span class='ocrx_word' id='word_1_144' title='bbox 2173 641 2319 696; x_wconf 91' lang='lat' dir='ltr'><strong>nullo</strong></span> <span class='ocrx_word' id='word_1_145' title='bbox 2347 642 2506 696; x_wconf 79' lang='lat' dir='ltr'><strong>modo</strong></span> <span class='ocrx_word' id='word_1_146' title='bbox 2527 640 2802 710; x_wconf 84' lang='lat' dir='ltr'><strong>propriam</strong></span> <span class='ocrx_word' id='word_1_147' title='bbox 2829 637 3222 692; x_wconf 86' lang='lat' dir='ltr'><strong>animalitatem</strong></span> <span class='ocrx_word' id='word_1_148' title='bbox 3263 637 3461 692; x_wconf 89' lang='lat' dir='ltr'><strong>frenat.</strong></span> <span class='ocrx_word' id='word_1_149' title='bbox 3477 638 3573 703; x_wconf 84' lang='lat' dir='ltr'><strong>Oui</strong></span> <span class='ocrx_word' id='word_1_150' title='bbox 3605 649 3746 697; x_wconf 87' lang='lat' dir='ltr'><strong>tenet</strong></span> 
     </span>
    </p>
   </div>
   <div class='ocr_carea' id='block_1_20' title="bbox 2173 729 3745 802">
    <p class='ocr_par' dir='ltr' id='par_1_20' title="bbox 2173 729 3745 802">
     <span class='ocr_line' id='line_1_20' title="bbox 2173 729 3745 802; baseline 0.002 -16"><span class='ocrx_word' id='word_1_151' title='bbox 2173 749 2354 787; x_wconf 83' lang='lat' dir='ltr'><strong>arcum</strong></span> <span class='ocrx_word' id='word_1_152' title='bbox 2397 749 2500 786; x_wconf 83' lang='lat' dir='ltr'><strong>non</strong></span> <span class='ocrx_word' id='word_1_153' title='bbox 2526 740 2654 798; x_wconf 88' lang='lat' dir='ltr'><strong>stat,</strong></span> <span class='ocrx_word' id='word_1_154' title='bbox 2688 733 2814 800; x_wconf 84' lang='lat' dir='ltr'><strong>quia</strong></span> <span class='ocrx_word' id='word_1_155' title='bbox 2843 731 2950 785; x_wconf 88' lang='lat' dir='ltr'><strong>cito</strong></span> <span class='ocrx_word' id='word_1_156' title='bbox 2992 736 3044 784; x_wconf 92' lang='lat' dir='ltr'><strong>in</strong></span> <span class='ocrx_word' id='word_1_157' title='bbox 3080 731 3378 785; x_wconf 88' lang='lat' dir='ltr'><strong>tentatioue</strong></span> <span class='ocrx_word' id='word_1_158' title='bbox 3416 729 3634 797; x_wconf 72' lang='lat' dir='ltr'><strong>labitur,</strong></span> <span class='ocrx_word' id='word_1_159' title='bbox 3658 735 3745 802; x_wconf 84' lang='lat' dir='ltr'><strong>qui</strong></span> 
     </span>
    </p>
   </div>
   <div class='ocr_carea' id='block_1_21' title="bbox 2174 826 3748 898">
    <p class='ocr_par' dir='ltr' id='par_1_21' title="bbox 2174 826 3748 898">
     <span class='ocr_line' id='line_1_21' title="bbox 2174 826 3748 898; baseline 0 -15"><span class='ocrx_word' id='word_1_160' title='bbox 2174 828 2368 884; x_wconf 76' lang='lat' dir='ltr'><strong>divina:</strong></span> <span class='ocrx_word' id='word_1_161' title='bbox 2411 827 2546 898; x_wconf 82' lang='lat' dir='ltr'><strong>legis</strong></span> <span class='ocrx_word' id='word_1_162' title='bbox 2595 827 2878 880; x_wconf 82' lang='lat' dir='ltr'><strong>scientiam</strong></span> <span class='ocrx_word' id='word_1_163' title='bbox 2937 835 3139 880; x_wconf 87' lang='lat' dir='ltr'><strong>temere</strong></span> <span class='ocrx_word' id='word_1_164' title='bbox 3183 826 3286 881; x_wconf 84' lang='lat' dir='ltr'><strong>sibi</strong></span> <span class='ocrx_word' id='word_1_165' title='bbox 3326 836 3557 897; x_wconf 81' lang='lat' dir='ltr'><strong>arrogat.</strong></span> <span class='ocrx_word' id='word_1_166' title='bbox 3621 846 3642 880; x_wconf 70' lang='grc' dir='ltr'>ι</span> <span class='ocrx_word' id='word_1_167' title='bbox 3685 829 3748 886; x_wconf 86' lang='lat' dir='ltr'><strong>Et</strong></span> 
     </span>
    </p>
   </div>
   <div class='ocr_carea' id='block_1_22' title="bbox 2177 917 3748 988">
    <p class='ocr_par' dir='ltr' id='par_1_22' title="bbox 2177 917 3748 988">
     <span class='ocr_line' id='line_1_22' title="bbox 2177 917 3748 988; baseline 0.004 -18"><span class='ocrx_word' id='word_1_168' title='bbox 2177 937 2197 970; x_wconf 84' lang='grc'><strong>‹</strong></span> <span class='ocrx_word' id='word_1_169' title='bbox 2245 918 2400 973; x_wconf 89' lang='lat' dir='ltr'><strong>velox</strong></span> <span class='ocrx_word' id='word_1_170' title='bbox 2451 918 2679 988; x_wconf 88' lang='lat' dir='ltr'><strong>pedibus</strong></span> <span class='ocrx_word' id='word_1_171' title='bbox 2719 919 2833 972; x_wconf 84' lang='lat' dir='ltr'><strong>suis</strong></span> <span class='ocrx_word' id='word_1_172' title='bbox 2867 933 2972 972; x_wconf 92' lang='lat' dir='ltr'><strong>non</strong></span> <span class='ocrx_word' id='word_1_173' title='bbox 3019 917 3353 985; x_wconf 83' lang='lat' dir='ltr'><strong>salvabitur,</strong></span> <span class='ocrx_word' id='word_1_174' title='bbox 3403 928 3458 973; x_wconf 90' lang='lat' dir='ltr'><strong>et</strong></span> <span class='ocrx_word' id='word_1_175' title='bbox 3499 935 3748 977; x_wconf 85' lang='lat' dir='ltr'><strong>ascensor</strong></span> 
     </span>
    </p>
   </div>
   <div class='ocr_carea' id='block_1_23' title="bbox 2178 1007 3749 1082">
    <p class='ocr_par' dir='ltr' id='par_1_23' title="bbox 2178 1007 3749 1082">
     <span class='ocr_line' id='line_1_23' title="bbox 2178 1007 3749 1082; baseline 0.005 -19"><span class='ocrx_word' id='word_1_176' title='bbox 2178 1030 2196 1062; x_wconf 88' lang='grc'><strong>‹</strong></span> <span class='ocrx_word' id='word_1_177' title='bbox 2239 1013 2364 1082; x_wconf 86' lang='lat' dir='ltr'><strong>equi</strong></span> <span class='ocrx_word' id='word_1_178' title='bbox 2397 1028 2504 1067; x_wconf 92' lang='lat' dir='ltr'><strong>non</strong></span> <span class='ocrx_word' id='word_1_179' title='bbox 2537 1011 2771 1067; x_wconf 89' lang='lat' dir='ltr'><strong>salvabit</strong></span> <span class='ocrx_word' id='word_1_180' title='bbox 2802 1011 3040 1066; x_wconf 89' lang='lat' dir='ltr'><strong>animam</strong></span> <span class='ocrx_word' id='word_1_181' title='bbox 3074 1027 3249 1066; x_wconf 88' lang='lat' dir='ltr'><strong>suam.</strong></span> <span class='ocrx_word' id='word_1_182' title='bbox 3287 1031 3304 1064; x_wconf 74' lang='grc' dir='ltr'><strong><em>ι</em></strong></span> <span class='ocrx_word' id='word_1_183' title='bbox 3340 1007 3505 1067; x_wconf 81' lang='lat' dir='ltr'><strong>Velox</strong></span> <span class='ocrx_word' id='word_1_184' title='bbox 3531 1013 3749 1082; x_wconf 77' lang='lat' dir='ltr'><strong>pedibus</strong></span> 
     </span>
    </p>
   </div>
   <div class='ocr_carea' id='block_1_24' title="bbox 2173 1104 3751 1174">
    <p class='ocr_par' dir='ltr' id='par_1_24' title="bbox 2173 1104 3751 1174">
     <span class='ocr_line' id='line_1_24' title="bbox 2173 1104 3751 1174; baseline 0.003 -17"><span class='ocrx_word' id='word_1_185' title='bbox 2173 1105 2285 1159; x_wconf 85' lang='lat' dir='ltr'><strong>suis</strong></span> <span class='ocrx_word' id='word_1_186' title='bbox 2336 1119 2442 1159; x_wconf 91' lang='lat' dir='ltr'><strong>non</strong></span> <span class='ocrx_word' id='word_1_187' title='bbox 2489 1104 2754 1170; x_wconf 88' lang='lat' dir='ltr'><strong>salvatur,</strong></span> <span class='ocrx_word' id='word_1_188' title='bbox 2797 1118 2922 1158; x_wconf 90' lang='lat' dir='ltr'><strong>cum</strong></span> <span class='ocrx_word' id='word_1_189' title='bbox 2955 1107 3152 1159; x_wconf 81' lang='lat' dir='ltr'><strong>astutia</strong></span> <span class='ocrx_word' id='word_1_190' title='bbox 3195 1105 3320 1174; x_wconf 88' lang='lat' dir='ltr'><strong>quis</strong></span> <span class='ocrx_word' id='word_1_191' title='bbox 3363 1115 3416 1158; x_wconf 88' lang='lat' dir='ltr'><strong>et</strong></span> <span class='ocrx_word' id='word_1_192' title='bbox 3463 1105 3751 1162; x_wconf 81' lang='lat' dir='ltr'><strong>calliditate</strong></span> 
     </span>
    </p>
   </div>
   <div class='ocr_carea' id='block_1_25' title="bbox 2172 1193 3751 1267">
    <p class='ocr_par' dir='ltr' id='par_1_25' title="bbox 2172 1193 3751 1267">
     <span class='ocr_line' id='line_1_25' title="bbox 2172 1193 3751 1267; baseline 0.004 -20"><span class='ocrx_word' id='word_1_193' title='bbox 2172 1194 2370 1250; x_wconf 86' lang='lat' dir='ltr'><strong>multos</strong></span> <span class='ocrx_word' id='word_1_194' title='bbox 2398 1197 2672 1250; x_wconf 78' lang='lat' dir='ltr'><strong>excedens</strong></span> <span class='ocrx_word' id='word_1_195' title='bbox 2697 1195 2772 1248; x_wconf 92' lang='lat' dir='ltr'><strong>nil</strong></span> <span class='ocrx_word' id='word_1_196' title='bbox 2795 1193 2979 1260; x_wconf 87' lang='lat' dir='ltr'><strong>ellieit,</strong></span> <span class='ocrx_word' id='word_1_197' title='bbox 3030 1211 3150 1250; x_wconf 89' lang='lat' dir='ltr'><strong>cum</strong></span> <span class='ocrx_word' id='word_1_198' title='bbox 3179 1211 3582 1267; x_wconf 62' lang='lat' dir='ltr'><strong>praeproperam</strong></span> <span class='ocrx_word' id='word_1_199' title='bbox 3613 1198 3751 1255; x_wconf 84' lang='lat' dir='ltr'><strong>vide-</strong></span> 
     </span>
    </p>
   </div>
   <div class='ocr_carea' id='block_1_26' title="bbox 2172 1288 3753 1358">
    <p class='ocr_par' dir='ltr' id='par_1_26' title="bbox 2172 1288 3753 1358">
     <span class='ocr_line' id='line_1_26' title="bbox 2172 1288 3753 1358; baseline 0.003 -17"><span class='ocrx_word' id='word_1_200' title='bbox 2172 1296 2292 1351; x_wconf 79' lang='lat' dir='ltr'><strong>tur;</strong></span> <span class='ocrx_word' id='word_1_201' title='bbox 2337 1289 2478 1358; x_wconf 90' lang='lat' dir='ltr'><strong>quod</strong></span> <span class='ocrx_word' id='word_1_202' title='bbox 2523 1303 2700 1358; x_wconf 89' lang='lat' dir='ltr'><strong>neque</strong></span> <span class='ocrx_word' id='word_1_203' title='bbox 2748 1288 2979 1342; x_wconf 88' lang='lat' dir='ltr'><strong>volentis</strong></span> <span class='ocrx_word' id='word_1_204' title='bbox 3013 1303 3186 1358; x_wconf 89' lang='lat' dir='ltr'><strong>neque</strong></span> <span class='ocrx_word' id='word_1_205' title='bbox 3216 1289 3509 1356; x_wconf 85' lang='lat' dir='ltr'><strong>currentis,</strong></span> <span class='ocrx_word' id='word_1_206' title='bbox 3539 1290 3630 1344; x_wconf 83' lang='lat' dir='ltr'><strong>sed</strong></span> <span class='ocrx_word' id='word_1_207' title='bbox 3658 1291 3753 1345; x_wconf 87' lang='lat' dir='ltr'><strong>mi-</strong></span> 
     </span>
    </p>
   </div>
   <div class='ocr_carea' id='block_1_27' title="bbox 2171 1379 3753 1451">
    <p class='ocr_par' dir='ltr' id='par_1_27' title="bbox 2171 1379 3753 1451">
     <span class='ocr_line' id='line_1_27' title="bbox 2171 1379 3753 1451; baseline 0.003 -17"><span class='ocrx_word' id='word_1_208' title='bbox 2171 1381 2405 1435; x_wconf 88' lang='lat' dir='ltr'><strong>serentis</strong></span> <span class='ocrx_word' id='word_1_209' title='bbox 2449 1379 2542 1434; x_wconf 86' lang='lat' dir='ltr'><strong>Dei</strong></span> <span class='ocrx_word' id='word_1_210' title='bbox 2588 1397 2710 1436; x_wconf 78' lang='lat' dir='ltr'><strong>esse</strong></span> <span class='ocrx_word' id='word_1_211' title='bbox 2755 1381 3091 1451; x_wconf 73' lang='lat' dir='ltr'><strong>dignoscitur</strong></span> <span class='ocrx_word' id='word_1_212' title='bbox 3149 1381 3459 1451; x_wconf 61' lang='lat'><strong>(“0111.12,</strong></span> <span class='ocrx_word' id='word_1_213' title='bbox 3503 1383 3624 1448; x_wconf 83' lang='lat' dir='ltr'><strong>l6).</strong></span> <span class='ocrx_word' id='word_1_214' title='bbox 3656 1384 3753 1440; x_wconf 86' lang='lat' dir='ltr'><strong>As-</strong></span> 
     </span>
    </p>
   </div>
   <div class='ocr_carea' id='block_1_28' title="bbox 2171 1472 3754 1542">
    <p class='ocr_par' dir='ltr' id='par_1_28' title="bbox 2171 1472 3754 1542">
     <span class='ocr_line' id='line_1_28' title="bbox 2171 1472 3754 1542; baseline 0.003 -16"><span class='ocrx_word' id='word_1_215' title='bbox 2171 1487 2366 1526; x_wconf 90' lang='lat' dir='ltr'><strong>ceusor</strong></span> <span class='ocrx_word' id='word_1_216' title='bbox 2390 1472 2516 1541; x_wconf 90' lang='lat' dir='ltr'><strong>equi</strong></span> <span class='ocrx_word' id='word_1_217' title='bbox 2550 1490 2654 1526; x_wconf 85' lang='lat' dir='ltr'><strong>non</strong></span> <span class='ocrx_word' id='word_1_218' title='bbox 2681 1473 2855 1528; x_wconf 88' lang='lat' dir='ltr'><strong>salvat</strong></span> <span class='ocrx_word' id='word_1_219' title='bbox 2886 1475 3118 1528; x_wconf 77' lang='lat' dir='ltr'><strong>animum</strong></span> <span class='ocrx_word' id='word_1_220' title='bbox 3165 1491 3338 1542; x_wconf 80' lang='lat' dir='ltr'><strong>suum,</strong></span> <span class='ocrx_word' id='word_1_221' title='bbox 3369 1490 3492 1530; x_wconf 91' lang='lat' dir='ltr'><strong>cum</strong></span> <span class='ocrx_word' id='word_1_222' title='bbox 3526 1477 3612 1534; x_wconf 83' lang='lat' dir='ltr'><strong>oui</strong></span> <span class='ocrx_word' id='word_1_223' title='bbox 3645 1477 3754 1532; x_wconf 85' lang='lat' dir='ltr'><strong>ani-</strong></span> 
     </span>
    </p>
   </div>
   <div class='ocr_carea' id='block_1_29' title="bbox 2171 1563 3754 1635">
    <p class='ocr_par' dir='ltr' id='par_1_29' title="bbox 2171 1563 3754 1635">
     <span class='ocr_line' id='line_1_29' title="bbox 2171 1563 3754 1635; baseline 0.004 -19"><span class='ocrx_word' id='word_1_224' title='bbox 2171 1563 2437 1618; x_wconf 88' lang='lat' dir='ltr'><strong>malitatis</strong></span> <span class='ocrx_word' id='word_1_225' title='bbox 2462 1579 2572 1618; x_wconf 77' lang='lat' dir='ltr'><strong>sua:</strong></span> <span class='ocrx_word' id='word_1_226' title='bbox 2602 1565 2838 1620; x_wconf 90' lang='lat' dir='ltr'><strong>motibus</strong></span> <span class='ocrx_word' id='word_1_227' title='bbox 2865 1581 2962 1635; x_wconf 90' lang='lat' dir='ltr'><strong>pro</strong></span> <span class='ocrx_word' id='word_1_228' title='bbox 2989 1565 3100 1621; x_wconf 87' lang='lat' dir='ltr'><strong>sola</strong></span> <span class='ocrx_word' id='word_1_229' title='bbox 3135 1565 3316 1620; x_wconf 67' lang='lat' dir='ltr'><strong>saeculi</strong></span> <span class='ocrx_word' id='word_1_230' title='bbox 3347 1571 3626 1622; x_wconf 88' lang='lat' dir='ltr'><strong>honestate</strong></span> <span class='ocrx_word' id='word_1_231' title='bbox 3663 1567 3754 1622; x_wconf 85' lang='lat' dir='ltr'><strong>do-</strong></span> 
     </span>
    </p>
   </div>
   <div class='ocr_carea' id='block_1_30' title="bbox 2172 1655 3751 1728">
    <p class='ocr_par' dir='ltr' id='par_1_30' title="bbox 2172 1655 3751 1728">
     <span class='ocr_line' id='line_1_30' title="bbox 2172 1655 3751 1728; baseline 0.004 -20"><span class='ocrx_word' id='word_1_232' title='bbox 2172 1657 2368 1710; x_wconf 85' lang='lat' dir='ltr'><strong>minari</strong></span> <span class='ocrx_word' id='word_1_233' title='bbox 2416 1655 2626 1724; x_wconf 89' lang='lat' dir='ltr'><strong>nititur,</strong></span> <span class='ocrx_word' id='word_1_234' title='bbox 2659 1657 2853 1712; x_wconf 74' lang='lat' dir='ltr'><strong>anima:</strong></span> <span class='ocrx_word' id='word_1_235' title='bbox 2883 1673 2988 1712; x_wconf 92' lang='lat' dir='ltr'><strong>non</strong></span> <span class='ocrx_word' id='word_1_236' title='bbox 3020 1658 3186 1728; x_wconf 76' lang='lat'><strong>229</strong></span> <span class='ocrx_word' id='word_1_237' title='bbox 3210 1659 3434 1714; x_wconf 81' lang='lat' dir='ltr'><strong>cohibet</strong></span> <span class='ocrx_word' id='word_1_238' title='bbox 3458 1660 3751 1727; x_wconf 85' lang='lat' dir='ltr'><strong>levitatem,</strong></span> 
     </span>
    </p>
   </div>
   <div class='ocr_carea' id='block_1_31' title="bbox 482 1751 2066 1842">
    <p class='ocr_par' dir='ltr' id='par_1_31' title="bbox 482 1767 2057 1842">
     <span class='ocr_line' id='line_1_31' title="bbox 482 1767 2057 1842; baseline 0 -22"><span class='ocrx_word' id='word_1_239' title='bbox 482 1786 500 1820; x_wconf 71' lang='grc' dir='ltr'>ι</span> <span class='ocrx_word' id='word_1_240' title='bbox 549 1768 696 1838; x_wconf 83' lang='lat' dir='ltr'><strong>ginta</strong></span> <span class='ocrx_word' id='word_1_241' title='bbox 723 1771 902 1837; x_wconf 88' lang='lat' dir='ltr'><strong>anuis,</strong></span> <span class='ocrx_word' id='word_1_242' title='bbox 936 1780 994 1826; x_wconf 92' lang='lat' dir='ltr'><strong>ut</strong></span> <span class='ocrx_word' id='word_1_243' title='bbox 1039 1769 1390 1842; x_wconf 80' lang='lat' dir='ltr'><strong>possiderctis</strong></span> <span class='ocrx_word' id='word_1_244' title='bbox 1440 1779 1639 1822; x_wconf 90' lang='lat' dir='ltr'><strong>terram</strong></span> <span class='ocrx_word' id='word_1_245' title='bbox 1671 1767 1999 1822; x_wconf 74' lang='lat' dir='ltr'><strong>Amorrhzei.</strong></span> <span class='ocrx_word' id='word_1_246' title='bbox 2039 1786 2057 1820; x_wconf 70' lang='grc' dir='ltr'><strong><em>ι</em></strong></span> 
     </span>
    </p>
   </div>
   <div class='ocr_carea' id='block_1_32' title="bbox 2178 1751 3748 1842">
    <p class='ocr_par' dir='ltr' id='par_1_32' title="bbox 2178 1751 3748 1826">
     <span class='ocr_line' id='line_1_32' title="bbox 2178 1751 3748 1826; baseline 0.005 -22"><span class='ocrx_word' id='word_1_247' title='bbox 2178 1767 2333 1822; x_wconf 84' lang='lat' dir='ltr'><strong>quam</strong></span> <span class='ocrx_word' id='word_1_248' title='bbox 2368 1752 2419 1805; x_wconf 94' lang='lat' dir='ltr'><strong>in</strong></span> <span class='ocrx_word' id='word_1_249' title='bbox 2459 1751 2756 1820; x_wconf 82' lang='lat' dir='ltr'><strong>Evangelia</strong></span> <span class='ocrx_word' id='word_1_250' title='bbox 2794 1752 2976 1808; x_wconf 88' lang='lat' dir='ltr'><strong>odisse</strong></span> <span class='ocrx_word' id='word_1_251' title='bbox 2999 1754 3258 1821; x_wconf 87' lang='lat' dir='ltr'><strong>jubemur</strong></span> <span class='ocrx_word' id='word_1_252' title='bbox 3292 1753 3528 1808; x_wconf 88' lang='lat' dir='ltr'><strong>animam</strong></span> <span class='ocrx_word' id='word_1_253' title='bbox 3571 1754 3748 1826; x_wconf 84' lang='lat' dir='ltr'><strong>(Joan.</strong></span> 
     </span>
    </p>
   </div>
   <div class='ocr_carea' id='block_1_33' title="bbox 477 1860 2066 1935">
    <p class='ocr_par' dir='ltr' id='par_1_33' title="bbox 477 1860 2066 1935">
     <span class='ocr_line' id='line_1_33' title="bbox 477 1860 2066 1935; baseline 0.001 -21"><span class='ocrx_word' id='word_1_254' title='bbox 477 1860 630 1928; x_wconf 82' lang='lat' dir='ltr'><strong>Quod</strong></span> <span class='ocrx_word' id='word_1_255' title='bbox 675 1873 760 1919; x_wconf 89' lang='lat' dir='ltr'><strong>est</strong></span> <span class='ocrx_word' id='word_1_256' title='bbox 802 1865 984 1920; x_wconf 86' lang='lat' dir='ltr'><strong>dicere</strong></span> <span class='ocrx_word' id='word_1_257' title='bbox 1013 1882 1025 1918; x_wconf 92' lang='lat'>:</span> <span class='ocrx_word' id='word_1_258' title='bbox 1080 1865 1192 1935; x_wconf 83' lang='lat' dir='ltr'><strong>Ego</strong></span> <span class='ocrx_word' id='word_1_259' title='bbox 1220 1879 1314 1919; x_wconf 89' lang='lat' dir='ltr'><strong>vos</strong></span> <span class='ocrx_word' id='word_1_260' title='bbox 1338 1864 1403 1917; x_wconf 91' lang='lat' dir='ltr'><strong>de</strong></span> <span class='ocrx_word' id='word_1_261' title='bbox 1431 1877 1666 1918; x_wconf 66' lang='lat' dir='ltr'><strong>mmrore</strong></span> <span class='ocrx_word' id='word_1_262' title='bbox 1696 1870 1750 1916; x_wconf 91' lang='lat' dir='ltr'><strong>et</strong></span> <span class='ocrx_word' id='word_1_263' title='bbox 1778 1861 2066 1931; x_wconf 72' lang='lat' dir='ltr'><strong>praesentis</strong></span> 
     </span>
    </p>
   </div>
   <div class='ocr_carea' id='block_1_34' title="bbox 477 1953 2062 2027">
    <p class='ocr_par' dir='ltr' id='par_1_34' title="bbox 477 1953 2062 2027">
     <span class='ocr_line' id='line_1_34' title="bbox 477 1953 2062 2027; baseline 0 -19"><span class='ocrx_word' id='word_1_264' title='bbox 477 1953 661 2009; x_wconf 68' lang='lat' dir='ltr'><strong>saeculi</strong></span> <span class='ocrx_word' id='word_1_265' title='bbox 719 1958 1005 2027; x_wconf 80' lang='lat' dir='ltr'><strong>angustia,</strong></span> <span class='ocrx_word' id='word_1_266' title='bbox 1070 1957 1212 2027; x_wconf 88' lang='lat' dir='ltr'><strong>quod</strong></span> <span class='ocrx_word' id='word_1_267' title='bbox 1279 1957 1489 2010; x_wconf 85' lang='lat' dir='ltr'><strong>dicitur</strong></span> <span class='ocrx_word' id='word_1_268' title='bbox 1535 1953 1822 2024; x_wconf 67' lang='lat' dir='ltr'><strong>Egyptus,</strong></span> <span class='ocrx_word' id='word_1_269' title='bbox 1871 1955 2062 2023; x_wconf 78' lang='lat' dir='ltr'><strong>extuli,</strong></span> 
     </span>
    </p>
   </div>
   <div class='ocr_carea' id='block_1_35' title="bbox 475 2046 2066 2117">
    <p class='ocr_par' dir='ltr' id='par_1_35' title="bbox 475 2046 2066 2117">
     <span class='ocr_line' id='line_1_35' title="bbox 475 2046 2066 2117; baseline 0.003 -20"><span class='ocrx_word' id='word_1_270' title='bbox 475 2059 681 2114; x_wconf 88' lang='lat' dir='ltr'><strong>vosque</strong></span> <span class='ocrx_word' id='word_1_271' title='bbox 739 2048 992 2103; x_wconf 88' lang='lat' dir='ltr'><strong>vitiorum</strong></span> <span class='ocrx_word' id='word_1_272' title='bbox 1046 2047 1355 2102; x_wconf 87' lang='lat' dir='ltr'><strong>desertione</strong></span> <span class='ocrx_word' id='word_1_273' title='bbox 1423 2046 1728 2116; x_wconf 78' lang='lat' dir='ltr'><strong>singulares</strong></span> <span class='ocrx_word' id='word_1_274' title='bbox 1785 2060 1883 2114; x_wconf 86' lang='lat' dir='ltr'><strong>per</strong></span> <span class='ocrx_word' id='word_1_275' title='bbox 1931 2047 2066 2117; x_wconf 77' lang='lat' dir='ltr'><strong>legis</strong></span> 
     </span>
    </p>
   </div>
   <div class='ocr_carea' id='block_1_36' title="bbox 477 2134 2062 2210">
    <p class='ocr_par' dir='ltr' id='par_1_36' title="bbox 477 2134 2062 2210">
     <span class='ocr_line' id='line_1_36' title="bbox 477 2134 2062 2210; baseline 0.003 -20"><span class='ocrx_word' id='word_1_276' title='bbox 477 2134 828 2210; x_wconf 87' lang='lat' dir='ltr'><strong>Decalogum,</strong></span> <span class='ocrx_word' id='word_1_277' title='bbox 857 2149 910 2196; x_wconf 90' lang='lat' dir='ltr'><strong>et</strong></span> <span class='ocrx_word' id='word_1_278' title='bbox 933 2140 1068 2195; x_wconf 88' lang='lat' dir='ltr'><strong>scita</strong></span> <span class='ocrx_word' id='word_1_279' title='bbox 1099 2149 1334 2210; x_wconf 86' lang='lat' dir='ltr'><strong>quatuor</strong></span> <span class='ocrx_word' id='word_1_280' title='bbox 1357 2138 1773 2207; x_wconf 81' lang='lat' dir='ltr'><strong>Evangeliorum</strong></span> <span class='ocrx_word' id='word_1_281' title='bbox 1805 2138 2062 2205; x_wconf 89' lang='lat' dir='ltr'><strong>educavi;</strong></span> 
     </span>
    </p>
   </div>
   <div class='ocr_carea' id='block_1_37' title="bbox 475 2229 2068 2289">
    <p class='ocr_par' dir='ltr' id='par_1_37' title="bbox 475 2229 2068 2289">
     <span class='ocr_line' id='line_1_37' title="bbox 475 2229 2068 2289; baseline 0.004 -7"><span class='ocrx_word' id='word_1_282' title='bbox 475 2229 556 2283; x_wconf 88' lang='lat' dir='ltr'><strong>sic</strong></span> <span class='ocrx_word' id='word_1_283' title='bbox 590 2231 734 2284; x_wconf 91' lang='lat' dir='ltr'><strong>enim</strong></span> <span class='ocrx_word' id='word_1_284' title='bbox 773 2235 824 2286; x_wconf 92' lang='lat' dir='ltr'><strong>in</strong></span> <span class='ocrx_word' id='word_1_285' title='bbox 879 2235 1030 2288; x_wconf 87' lang='lat' dir='ltr'><strong>vobis</strong></span> <span class='ocrx_word' id='word_1_286' title='bbox 1061 2249 1235 2289; x_wconf 88' lang='lat' dir='ltr'><strong>annos</strong></span> <span class='ocrx_word' id='word_1_287' title='bbox 1283 2232 1487 2288; x_wconf 88' lang='lat' dir='ltr'><strong>virtute</strong></span> <span class='ocrx_word' id='word_1_288' title='bbox 1521 2229 1754 2286; x_wconf 87' lang='lat' dir='ltr'><strong>refectos</strong></span> <span class='ocrx_word' id='word_1_289' title='bbox 1781 2246 1843 2286; x_wconf 89' lang='lat' dir='ltr'><strong>ac</strong></span> <span class='ocrx_word' id='word_1_290' title='bbox 1881 2235 1924 2286; x_wconf 88' lang='lat' dir='ltr'><strong>si</strong></span> <span class='ocrx_word' id='word_1_291' title='bbox 1955 2232 2068 2288; x_wconf 55' lang='lat' dir='ltr'><strong>die»</strong></span> 
     </span>
    </p>
   </div>
   <div class='ocr_carea' id='block_1_38' title="bbox 473 2321 2063 2393">
    <p class='ocr_par' dir='ltr' id='par_1_38' title="bbox 473 2321 2063 2393">
     <span class='ocr_line' id='line_1_38' title="bbox 473 2321 2063 2393; baseline 0.004 -19"><span class='ocrx_word' id='word_1_292' title='bbox 473 2333 594 2374; x_wconf 89' lang='lat' dir='ltr'><strong>rum</strong></span> <span class='ocrx_word' id='word_1_293' title='bbox 623 2321 874 2378; x_wconf 88' lang='lat' dir='ltr'><strong>claritate</strong></span> <span class='ocrx_word' id='word_1_294' title='bbox 907 2322 1159 2391; x_wconf 89' lang='lat' dir='ltr'><strong>formavi,</strong></span> <span class='ocrx_word' id='word_1_295' title='bbox 1200 2334 1260 2380; x_wconf 90' lang='lat' dir='ltr'><strong>ut</strong></span> <span class='ocrx_word' id='word_1_296' title='bbox 1298 2334 1524 2390; x_wconf 88' lang='lat' dir='ltr'><strong>terram,</strong></span> <span class='ocrx_word' id='word_1_297' title='bbox 1553 2338 1672 2392; x_wconf 72' lang='lat' dir='ltr'><strong>qum</strong></span> <span class='ocrx_word' id='word_1_298' title='bbox 1701 2325 1948 2393; x_wconf 87' lang='lat' dir='ltr'><strong>superbis</strong></span> <span class='ocrx_word' id='word_1_299' title='bbox 1980 2326 2063 2380; x_wconf 76' lang='lat' dir='ltr'><strong>in-</strong></span> 
     </span>
    </p>
   </div>
   <div class='ocr_carea' id='block_1_39' title="bbox 473 2411 2066 2486">
    <p class='ocr_par' dir='ltr' id='par_1_39' title="bbox 473 2411 2066 2486">
     <span class='ocr_line' id='line_1_39' title="bbox 473 2411 2066 2486; baseline 0.005 -21"><span class='ocrx_word' id='word_1_300' title='bbox 473 2411 708 2468; x_wconf 84' lang='lat' dir='ltr'><strong>sistebat</strong></span> <span class='ocrx_word' id='word_1_301' title='bbox 750 2414 921 2471; x_wconf 85' lang='lat' dir='ltr'><strong>Deum</strong></span> <span class='ocrx_word' id='word_1_302' title='bbox 975 2418 1356 2472; x_wconf 88' lang='lat' dir='ltr'><strong>exacerbando</strong></span> <span class='ocrx_word' id='word_1_303' title='bbox 1396 2416 1652 2482; x_wconf 83' lang='lat' dir='ltr'><strong>niotinus,</strong></span> <span class='ocrx_word' id='word_1_304' title='bbox 1689 2431 1889 2486; x_wconf 91' lang='lat' dir='ltr'><strong>corpus</strong></span> <span class='ocrx_word' id='word_1_305' title='bbox 1917 2418 2066 2473; x_wconf 90' lang='lat' dir='ltr'><strong>vide-</strong></span> 
     </span>
    </p>
   </div>
   <div class='ocr_carea' id='block_1_40' title="bbox 474 2503 2065 2576">
    <p class='ocr_par' dir='ltr' id='par_1_40' title="bbox 474 2503 2065 2576">
     <span class='ocr_line' id='line_1_40' title="bbox 474 2503 2065 2576; baseline 0.004 -18"><span class='ocrx_word' id='word_1_306' title='bbox 474 2503 603 2560; x_wconf 84' lang='lat' dir='ltr'><strong>licet</strong></span> <span class='ocrx_word' id='word_1_307' title='bbox 639 2515 879 2563; x_wconf 82' lang='lat' dir='ltr'><strong>vestrum</strong></span> <span class='ocrx_word' id='word_1_308' title='bbox 927 2518 1152 2564; x_wconf 87' lang='lat' dir='ltr'><strong>eatenus</strong></span> <span class='ocrx_word' id='word_1_309' title='bbox 1199 2508 1423 2576; x_wconf 88' lang='lat' dir='ltr'><strong>rebelle,</strong></span> <span class='ocrx_word' id='word_1_310' title='bbox 1476 2507 1542 2562; x_wconf 89' lang='lat' dir='ltr'><strong>ad</strong></span> <span class='ocrx_word' id='word_1_311' title='bbox 1579 2506 2065 2566; x_wconf 85' lang='lat' dir='ltr'><strong>intellectualitatis</strong></span> 
     </span>
    </p>
   </div>
   <div class='ocr_carea' id='block_1_41' title="bbox 471 2595 1004 2668">
    <p class='ocr_par' dir='ltr' id='par_1_41' title="bbox 471 2595 1004 2668">
     <span class='ocr_line' id='line_1_41' title="bbox 471 2595 1004 2668; baseline 0.015 -19"><span class='ocrx_word' id='word_1_312' title='bbox 471 2595 598 2668; x_wconf 89' lang='lat' dir='ltr'><strong>jura</strong></span> <span class='ocrx_word' id='word_1_313' title='bbox 625 2599 1004 2656; x_wconf 85' lang='lat' dir='ltr'><strong>traduceretis.</strong></span> 
     </span>
    </p>
   </div>
   <div class='ocr_carea' id='block_1_42' title="bbox 553 2689 2066 2764">
    <p class='ocr_par' dir='ltr' id='par_1_42' title="bbox 553 2689 2066 2764">
     <span class='ocr_line' id='line_1_42' title="bbox 553 2689 2066 2764; baseline 0.004 -20"><span class='ocrx_word' id='word_1_314' title='bbox 553 2689 715 2744; x_wconf 71' lang='lat' dir='ltr'><strong>Vsus.</strong></span> <span class='ocrx_word' id='word_1_315' title='bbox 748 2689 834 2744; x_wconf 83' lang='grc' dir='ltr'><strong>Η.</strong></span> <span class='ocrx_word' id='word_1_316' title='bbox 867 2719 935 2731; x_wconf 92' lang='lat'><strong>—-</strong></span> <span class='ocrx_word' id='word_1_317' title='bbox 971 2708 990 2741; x_wconf 84' lang='grc'><strong>‹</strong></span> <span class='ocrx_word' id='word_1_318' title='bbox 1029 2690 1094 2744; x_wconf 89' lang='lat' dir='ltr'><strong>Et</strong></span> <span class='ocrx_word' id='word_1_319' title='bbox 1129 2690 1384 2747; x_wconf 88' lang='lat' dir='ltr'><strong>suscitavi</strong></span> <span class='ocrx_word' id='word_1_320' title='bbox 1423 2693 1488 2748; x_wconf 88' lang='lat' dir='ltr'><strong>de</strong></span> <span class='ocrx_word' id='word_1_321' title='bbox 1521 2692 1646 2748; x_wconf 87' lang='lat' dir='ltr'><strong>filiis</strong></span> <span class='ocrx_word' id='word_1_322' title='bbox 1692 2693 1888 2749; x_wconf 89' lang='lat' dir='ltr'><strong>vestris</strong></span> <span class='ocrx_word' id='word_1_323' title='bbox 1939 2708 2066 2764; x_wconf 89' lang='lat' dir='ltr'><strong>pro-</strong></span> 
     </span>
    </p>
   </div>
   <div class='ocr_carea' id='block_1_43' title="bbox 481 2776 2067 2856">
    <p class='ocr_par' dir='ltr' id='par_1_43' title="bbox 481 2776 2067 2856">
     <span class='ocr_line' id='line_1_43' title="bbox 481 2776 2067 2856; baseline 0.009 -29"><span class='ocrx_word' id='word_1_324' title='bbox 481 2794 500 2827; x_wconf 73' lang='grc' dir='ltr'>ι</span> <span class='ocrx_word' id='word_1_325' title='bbox 547 2778 762 2848; x_wconf 87' lang='lat' dir='ltr'><strong>phetas,</strong></span> <span class='ocrx_word' id='word_1_326' title='bbox 797 2789 853 2835; x_wconf 92' lang='lat' dir='ltr'><strong>et</strong></span> <span class='ocrx_word' id='word_1_327' title='bbox 883 2783 948 2835; x_wconf 92' lang='lat' dir='ltr'><strong>de</strong></span> <span class='ocrx_word' id='word_1_328' title='bbox 967 2781 1261 2851; x_wconf 84' lang='lat' dir='ltr'><strong>juvenibus</strong></span> <span class='ocrx_word' id='word_1_329' title='bbox 1289 2776 1601 2839; x_wconf 68' lang='lat' dir='ltr'><strong>Nazara&#39;os.</strong></span> <span class='ocrx_word' id='word_1_330' title='bbox 1632 2804 1650 2836; x_wconf 80' lang='grc' dir='ltr'><strong><em>ι</em></strong></span> <span class='ocrx_word' id='word_1_331' title='bbox 1682 2784 1760 2839; x_wconf 83' lang='lat' dir='ltr'><strong>De</strong></span> <span class='ocrx_word' id='word_1_332' title='bbox 1784 2785 1911 2854; x_wconf 77' lang='lat' dir='ltr'><strong>ﬁliis</strong></span> <span class='ocrx_word' id='word_1_333' title='bbox 1935 2801 2067 2856; x_wconf 87' lang='lat' dir='ltr'><strong>pro-</strong></span> 
     </span>
    </p>
   </div>
   <div class='ocr_carea' id='block_1_44' title="bbox 474 2869 2064 2948">
    <p class='ocr_par' dir='ltr' id='par_1_44' title="bbox 474 2869 2064 2948">
     <span class='ocr_line' id='line_1_44' title="bbox 474 2869 2064 2948; baseline 0.008 -26"><span class='ocrx_word' id='word_1_334' title='bbox 474 2869 654 2938; x_wconf 75' lang='lat' dir='ltr'><strong>pheta:</strong></span> <span class='ocrx_word' id='word_1_335' title='bbox 706 2871 1062 2941; x_wconf 86' lang='lat' dir='ltr'><strong>suscitantur,</strong></span> <span class='ocrx_word' id='word_1_336' title='bbox 1092 2890 1214 2928; x_wconf 92' lang='lat' dir='ltr'><strong>cum</strong></span> <span class='ocrx_word' id='word_1_337' title='bbox 1265 2875 1332 2930; x_wconf 90' lang='lat' dir='ltr'><strong>de</strong></span> <span class='ocrx_word' id='word_1_338' title='bbox 1381 2877 1618 2932; x_wconf 90' lang='lat' dir='ltr'><strong>motibus</strong></span> <span class='ocrx_word' id='word_1_339' title='bbox 1670 2878 1920 2946; x_wconf 89' lang='lat' dir='ltr'><strong>internis,</strong></span> <span class='ocrx_word' id='word_1_340' title='bbox 1969 2880 2064 2948; x_wconf 89' lang='lat' dir='ltr'><strong>qui</strong></span> 
     </span>
    </p>
   </div>
   <div class='ocr_carea' id='block_1_45' title="bbox 475 2966 2063 3040">
    <p class='ocr_par' dir='ltr' id='par_1_45' title="bbox 475 2966 2063 3040">
     <span class='ocr_line' id='line_1_45' title="bbox 475 2966 2063 3040; baseline 0.01 -26"><span class='ocrx_word' id='word_1_341' title='bbox 475 2971 603 3016; x_wconf 90' lang='lat' dir='ltr'><strong>sunt</strong></span> <span class='ocrx_word' id='word_1_342' title='bbox 662 2966 949 3036; x_wconf 83' lang='lat' dir='ltr'><strong>progenies</strong></span> <span class='ocrx_word' id='word_1_343' title='bbox 1002 2967 1248 3036; x_wconf 83' lang='lat' dir='ltr'><strong>rationis,</strong></span> <span class='ocrx_word' id='word_1_344' title='bbox 1301 2972 1750 3040; x_wconf 87' lang='lat' dir='ltr'><strong>perspicacitates</strong></span> <span class='ocrx_word' id='word_1_345' title='bbox 1801 2973 2063 3030; x_wconf 85' lang='lat' dir='ltr'><strong>acutioris</strong></span> 
     </span>
    </p>
   </div>
   <div class='ocr_carea' id='block_1_46' title="bbox 475 3048 2061 3132">
    <p class='ocr_par' dir='ltr' id='par_1_46' title="bbox 475 3048 2061 3132">
     <span class='ocr_line' id='line_1_46' title="bbox 475 3048 2061 3132; baseline 0.009 -28"><span class='ocrx_word' id='word_1_346' title='bbox 475 3048 847 3125; x_wconf 70' lang='lat' dir='ltr'><strong>intelligentiae</strong></span> <span class='ocrx_word' id='word_1_347' title='bbox 903 3073 1287 3128; x_wconf 85' lang='lat' dir='ltr'><strong>procreantur.</strong></span> <span class='ocrx_word' id='word_1_348' title='bbox 1347 3060 1428 3115; x_wconf 87' lang='lat' dir='ltr'><strong>De</strong></span> <span class='ocrx_word' id='word_1_349' title='bbox 1478 3061 1763 3132; x_wconf 75' lang='lat' dir='ltr'><strong>juvenibus</strong></span> <span class='ocrx_word' id='word_1_350' title='bbox 1818 3064 2061 3120; x_wconf 67' lang='grc' dir='ltr'><strong>Νεωνωὶ</strong></span> 
     </span>
    </p>
   </div>
   <div class='ocr_carea' id='block_1_47' title="bbox 2170 1845 2416 1916">
    <p class='ocr_par' dir='ltr' id='par_1_47' title="bbox 2170 1845 2416 1916">
     <span class='ocr_line' id='line_1_47' title="bbox 2170 1845 2416 1916; baseline 0 -18"><span class='ocrx_word' id='word_1_351' title='bbox 2170 1861 2272 1907; x_wconf 85' lang='lat' dir='ltr'><strong>xu,</strong></span> <span class='ocrx_word' id='word_1_352' title='bbox 2301 1845 2416 1916; x_wconf 78' lang='lat'><strong>&#39;25).</strong></span> 
     </span>
    </p>
   </div>
   <div class='ocr_carea' id='block_1_48' title="bbox 2245 1936 3752 1998">
    <p class='ocr_par' dir='ltr' id='par_1_48' title="bbox 2245 1936 3752 1998">
     <span class='ocr_line' id='line_1_48' title="bbox 2245 1936 3752 1998; baseline 0.003 -7"><span class='ocrx_word' id='word_1_353' title='bbox 2245 1936 2404 1992; x_wconf 71' lang='lat' dir='ltr'><strong>Vens.</strong></span> <span class='ocrx_word' id='word_1_354' title='bbox 2439 1936 2526 1992; x_wconf 81' lang='grc'><strong>16.</strong></span> <span class='ocrx_word' id='word_1_355' title='bbox 2560 1967 2628 1979; x_wconf 92' lang='grc'><strong><em>-</em></strong></span> <span class='ocrx_word' id='word_1_356' title='bbox 2653 1956 2672 1990; x_wconf 76' lang='grc' dir='ltr'><strong><em>ι</em></strong></span> <span class='ocrx_word' id='word_1_357' title='bbox 2707 1937 2773 1992; x_wconf 82' lang='grc' dir='ltr'><strong>Ει</strong></span> <span class='ocrx_word' id='word_1_358' title='bbox 2799 1939 3051 1994; x_wconf 89' lang='lat' dir='ltr'><strong>robustus</strong></span> <span class='ocrx_word' id='word_1_359' title='bbox 3092 1939 3256 1995; x_wconf 85' lang='lat' dir='ltr'><strong>corde</strong></span> <span class='ocrx_word' id='word_1_360' title='bbox 3293 1940 3438 1996; x_wconf 87' lang='lat' dir='ltr'><strong>inter</strong></span> <span class='ocrx_word' id='word_1_361' title='bbox 3467 1942 3636 1998; x_wconf 82' lang='lat' dir='ltr'><strong>fortes</strong></span> <span class='ocrx_word' id='word_1_362' title='bbox 3661 1959 3752 1998; x_wconf 88' lang='lat' dir='ltr'><strong>nu-</strong></span> 
     </span>
    </p>
   </div>
   <div class='ocr_carea' id='block_1_49' title="bbox 2175 2029 3752 2107">
    <p class='ocr_par' dir='ltr' id='par_1_49' title="bbox 2175 2029 3752 2107">
     <span class='ocr_line' id='line_1_49' title="bbox 2175 2029 3752 2107; baseline 0.008 -29"><span class='ocrx_word' id='word_1_363' title='bbox 2175 2029 2327 2098; x_wconf 51' lang='lat' dir='ltr'><strong>qdus</strong></span> <span class='ocrx_word' id='word_1_364' title='bbox 2354 2029 2576 2100; x_wconf 70' lang='lat' dir='ltr'><strong>effugiet</strong></span> <span class='ocrx_word' id='word_1_365' title='bbox 2621 2031 2675 2084; x_wconf 90' lang='lat' dir='ltr'><strong>in</strong></span> <span class='ocrx_word' id='word_1_366' title='bbox 2703 2031 2790 2085; x_wconf 90' lang='lat' dir='ltr'><strong>die</strong></span> <span class='ocrx_word' id='word_1_367' title='bbox 2832 2030 2940 2084; x_wconf 88' lang='lat' dir='ltr'><strong>illa.</strong></span> <span class='ocrx_word' id='word_1_368' title='bbox 2979 2049 2997 2081; x_wconf 73' lang='grc' dir='ltr'><strong><em>ι</em></strong></span> <span class='ocrx_word' id='word_1_369' title='bbox 3028 2034 3106 2086; x_wconf 82' lang='lat' dir='ltr'><strong>Ac</strong></span> <span class='ocrx_word' id='word_1_370' title='bbox 3135 2033 3180 2086; x_wconf 92' lang='lat' dir='ltr'><strong>si</strong></span> <span class='ocrx_word' id='word_1_371' title='bbox 3211 2034 3413 2089; x_wconf 86' lang='lat' dir='ltr'><strong>diceret</strong></span> <span class='ocrx_word' id='word_1_372' title='bbox 3443 2053 3455 2088; x_wconf 93' lang='lat'>:</span> <span class='ocrx_word' id='word_1_373' title='bbox 3490 2037 3752 2107; x_wconf 80' lang='lat' dir='ltr'><strong>Quidquid</strong></span> 
     </span>
    </p>
   </div>
   <div class='ocr_carea' id='block_1_50' title="bbox 2167 2123 3752 2194">
    <p class='ocr_par' dir='ltr' id='par_1_50' title="bbox 2167 2123 3752 2194">
     <span class='ocr_line' id='line_1_50' title="bbox 2167 2123 3752 2194; baseline 0.004 -16"><span class='ocrx_word' id='word_1_374' title='bbox 2167 2123 2431 2178; x_wconf 87' lang='lat' dir='ltr'><strong>bonarum</strong></span> <span class='ocrx_word' id='word_1_375' title='bbox 2473 2125 2674 2178; x_wconf 85' lang='lat' dir='ltr'><strong>artium</strong></span> <span class='ocrx_word' id='word_1_376' title='bbox 2711 2125 3055 2194; x_wconf 72' lang='lat' dir='ltr'><strong>przestautius</strong></span> <span class='ocrx_word' id='word_1_377' title='bbox 3097 2125 3362 2181; x_wconf 83' lang='lat' dir='ltr'><strong>habeatur</strong></span> <span class='ocrx_word' id='word_1_378' title='bbox 3401 2129 3518 2184; x_wconf 87' lang='lat' dir='ltr'><strong>sine</strong></span> <span class='ocrx_word' id='word_1_379' title='bbox 3557 2130 3668 2186; x_wconf 88' lang='lat' dir='ltr'><strong>Deo</strong></span> <span class='ocrx_word' id='word_1_380' title='bbox 3705 2132 3752 2185; x_wconf 89' lang='lat' dir='ltr'><strong>in</strong></span> 
     </span>
    </p>
   </div>
   <div class='ocr_carea' id='block_1_51' title="bbox 2169 2215 3754 2290">
    <p class='ocr_par' dir='ltr' id='par_1_51' title="bbox 2169 2215 3754 2290">
     <span class='ocr_line' id='line_1_51' title="bbox 2169 2215 3754 2290; baseline 0.005 -21"><span class='ocrx_word' id='word_1_381' title='bbox 2169 2215 2408 2280; x_wconf 81' lang='lat' dir='ltr'><strong>homine,</strong></span> <span class='ocrx_word' id='word_1_382' title='bbox 2432 2216 2862 2286; x_wconf 83' lang='lat' dir='ltr'><strong>floccipeuditur,</strong></span> <span class='ocrx_word' id='word_1_383' title='bbox 2891 2217 2997 2270; x_wconf 88' lang='lat' dir='ltr'><strong>vim</strong></span> <span class='ocrx_word' id='word_1_384' title='bbox 3026 2232 3132 2271; x_wconf 89' lang='lat' dir='ltr'><strong>non</strong></span> <span class='ocrx_word' id='word_1_385' title='bbox 3156 2218 3350 2284; x_wconf 84' lang='lat' dir='ltr'><strong>habet;</strong></span> <span class='ocrx_word' id='word_1_386' title='bbox 3388 2231 3443 2275; x_wconf 91' lang='lat' dir='ltr'><strong>at</strong></span> <span class='ocrx_word' id='word_1_387' title='bbox 3475 2222 3564 2290; x_wconf 90' lang='lat' dir='ltr'><strong>qui</strong></span> <span class='ocrx_word' id='word_1_388' title='bbox 3600 2224 3754 2278; x_wconf 90' lang='lat' dir='ltr'><strong>robur</strong></span> 
     </span>
    </p>
   </div>
   <div class='ocr_carea' id='block_1_52' title="bbox 2169 2293 3754 2382">
    <p class='ocr_par' dir='ltr' id='par_1_52' title="bbox 2169 2293 3754 2382">
     <span class='ocr_line' id='line_1_52' title="bbox 2169 2293 3754 2382; baseline 0.006 -23"><span class='ocrx_word' id='word_1_389' title='bbox 2169 2293 2348 2360; x_wconf 70' lang='lat' dir='ltr'><strong>cordis</strong></span> <span class='ocrx_word' id='word_1_390' title='bbox 2373 2322 2478 2360; x_wconf 93' lang='lat' dir='ltr'><strong>non</strong></span> <span class='ocrx_word' id='word_1_391' title='bbox 2511 2307 2654 2361; x_wconf 91' lang='lat' dir='ltr'><strong>inter</strong></span> <span class='ocrx_word' id='word_1_392' title='bbox 2673 2306 2853 2361; x_wconf 78' lang='lat' dir='ltr'><strong>saeculi</strong></span> <span class='ocrx_word' id='word_1_393' title='bbox 2879 2306 3102 2377; x_wconf 82' lang='lat' dir='ltr'><strong>glorias,</strong></span> <span class='ocrx_word' id='word_1_394' title='bbox 3127 2311 3219 2363; x_wconf 75' lang='lat' dir='ltr'><strong>sed</strong></span> <span class='ocrx_word' id='word_1_395' title='bbox 3251 2311 3387 2364; x_wconf 83' lang='lat' dir='ltr'><strong>inter</strong></span> <span class='ocrx_word' id='word_1_396' title='bbox 3410 2312 3571 2382; x_wconf 80' lang='lat' dir='ltr'><strong>fortes</strong></span> <span class='ocrx_word' id='word_1_397' title='bbox 3598 2315 3754 2370; x_wconf 87' lang='lat' dir='ltr'><strong>animi</strong></span> 
     </span>
    </p>
   </div>
   <div class='ocr_carea' id='block_1_53' title="bbox 2169 2398 3752 2476">
    <p class='ocr_par' dir='ltr' id='par_1_53' title="bbox 2169 2398 3752 2476">
     <span class='ocr_line' id='line_1_53' title="bbox 2169 2398 3752 2476; baseline 0.007 -25"><span class='ocrx_word' id='word_1_398' title='bbox 2169 2403 2342 2453; x_wconf 86' lang='lat' dir='ltr'><strong>status</strong></span> <span class='ocrx_word' id='word_1_399' title='bbox 2371 2398 2841 2469; x_wconf 79' lang='lat' dir='ltr'><strong>assumpserit,&#39;in</strong></span> <span class='ocrx_word' id='word_1_400' title='bbox 2883 2398 2976 2452; x_wconf 81' lang='lat' dir='ltr'><strong>illa</strong></span> <span class='ocrx_word' id='word_1_401' title='bbox 3005 2400 3110 2467; x_wconf 83' lang='lat' dir='ltr'><strong>die,</strong></span> <span class='ocrx_word' id='word_1_402' title='bbox 3141 2401 3192 2455; x_wconf 92' lang='lat' dir='ltr'><strong>id</strong></span> <span class='ocrx_word' id='word_1_403' title='bbox 3235 2411 3318 2456; x_wconf 91' lang='lat' dir='ltr'><strong>est</strong></span> <span class='ocrx_word' id='word_1_404' title='bbox 3363 2402 3416 2457; x_wconf 93' lang='lat' dir='ltr'><strong>iu</strong></span> <span class='ocrx_word' id='word_1_405' title='bbox 3447 2403 3535 2459; x_wconf 89' lang='lat' dir='ltr'><strong>illo</strong></span> <span class='ocrx_word' id='word_1_406' title='bbox 3573 2417 3752 2476; x_wconf 86' lang='lat' dir='ltr'><strong>aperto</strong></span> 
     </span>
    </p>
   </div>
   <div class='ocr_carea' id='block_1_54' title="bbox 2169 2489 3753 2568">
    <p class='ocr_par' dir='ltr' id='par_1_54' title="bbox 2169 2489 3753 2568">
     <span class='ocr_line' id='line_1_54' title="bbox 2169 2489 3753 2568; baseline 0.008 -24"><span class='ocrx_word' id='word_1_407' title='bbox 2169 2489 2502 2558; x_wconf 86' lang='lat' dir='ltr'><strong>discrimine,</strong></span> <span class='ocrx_word' id='word_1_408' title='bbox 2547 2507 2653 2562; x_wconf 90' lang='lat' dir='ltr'><strong>quo</strong></span> <span class='ocrx_word' id='word_1_409' title='bbox 2696 2492 2836 2546; x_wconf 91' lang='lat' dir='ltr'><strong>Deus</strong></span> <span class='ocrx_word' id='word_1_410' title='bbox 2869 2492 2921 2546; x_wconf 91' lang='lat' dir='ltr'><strong>in</strong></span> <span class='ocrx_word' id='word_1_411' title='bbox 2955 2495 3206 2562; x_wconf 65' lang='lat' dir='ltr'><strong>praesenti</strong></span> <span class='ocrx_word' id='word_1_412' title='bbox 3249 2511 3586 2568; x_wconf 86' lang='lat' dir='ltr'><strong>quorumque</strong></span> <span class='ocrx_word' id='word_1_413' title='bbox 3626 2509 3753 2557; x_wconf 58' lang='grc' dir='ltr'><strong>γωδ</strong></span> 
     </span>
    </p>
   </div>
   <div class='ocr_carea' id='block_1_55' title="bbox 2168 2581 3753 2661">
    <p class='ocr_par' dir='ltr' id='par_1_55' title="bbox 2168 2581 3753 2661">
     <span class='ocr_line' id='line_1_55' title="bbox 2168 2581 3753 2661; baseline 0.008 -24"><span class='ocrx_word' id='word_1_414' title='bbox 2168 2581 2297 2637; x_wconf 81' lang='lat' dir='ltr'><strong>hinc</strong></span> <span class='ocrx_word' id='word_1_415' title='bbox 2325 2583 2577 2654; x_wconf 88' lang='lat' dir='ltr'><strong>deponit,</strong></span> <span class='ocrx_word' id='word_1_416' title='bbox 2604 2585 2730 2639; x_wconf 88' lang='lat' dir='ltr'><strong>hinc</strong></span> <span class='ocrx_word' id='word_1_417' title='bbox 2772 2583 2978 2653; x_wconf 88' lang='lat' dir='ltr'><strong>elevat;</strong></span> <span class='ocrx_word' id='word_1_418' title='bbox 3029 2589 3202 2642; x_wconf 83' lang='lat' dir='ltr'><strong>nudus</strong></span> <span class='ocrx_word' id='word_1_419' title='bbox 3239 2589 3453 2661; x_wconf 78' lang='lat' dir='ltr'><strong>cffugit,</strong></span> <span class='ocrx_word' id='word_1_420' title='bbox 3486 2609 3610 2648; x_wconf 92' lang='lat' dir='ltr'><strong>cum</strong></span> <span class='ocrx_word' id='word_1_421' title='bbox 3651 2610 3753 2650; x_wconf 76' lang='lat' dir='ltr'><strong>sua:</strong></span> 
     </span>
    </p>
   </div>
   <div class='ocr_carea' id='block_1_56' title="bbox 2168 2675 3608 2746">
    <p class='ocr_par' dir='ltr' id='par_1_56' title="bbox 2168 2675 3608 2746">
     <span class='ocr_line' id='line_1_56' title="bbox 2168 2675 3608 2746; baseline 0.008 -18"><span class='ocrx_word' id='word_1_422' title='bbox 2168 2675 2417 2730; x_wconf 88' lang='lat' dir='ltr'><strong>conscius</strong></span> <span class='ocrx_word' id='word_1_423' title='bbox 2446 2675 2777 2731; x_wconf 86' lang='lat' dir='ltr'><strong>humilitatis</strong></span> <span class='ocrx_word' id='word_1_424' title='bbox 2800 2691 2830 2732; x_wconf 88' lang='lat' dir='ltr'><strong>a</strong></span> <span class='ocrx_word' id='word_1_425' title='bbox 2865 2677 2956 2732; x_wconf 86' lang='lat' dir='ltr'><strong>Dei</strong></span> <span class='ocrx_word' id='word_1_426' title='bbox 2975 2675 3186 2746; x_wconf 89' lang='lat' dir='ltr'><strong>judicio</strong></span> <span class='ocrx_word' id='word_1_427' title='bbox 3221 2695 3280 2736; x_wconf 87' lang='lat' dir='ltr'><strong>se</strong></span> <span class='ocrx_word' id='word_1_428' title='bbox 3306 2682 3608 2739; x_wconf 83' lang='lat' dir='ltr'><strong>abscondit.</strong></span> 
     </span>
    </p>
   </div>
   <div class='ocr_carea' id='block_1_57' title="bbox 2792 2768 3145 2825">
    <p class='ocr_par' dir='ltr' id='par_1_57' title="bbox 2792 2768 3145 2825">
     <span class='ocr_line' id='line_1_57' title="bbox 2792 2768 3145 2825; baseline 0 -1"><span class='ocrx_word' id='word_1_429' title='bbox 2792 2768 3021 2824; x_wconf 86' lang='lat' dir='ltr'><strong>CAPUT</strong></span> <span class='ocrx_word' id='word_1_430' title='bbox 3060 2771 3145 2825; x_wconf 84' lang='grc' dir='ltr'><strong>ιιι.</strong></span> 
     </span>
    </p>
   </div>
   <div class='ocr_carea' id='block_1_58' title="bbox 2247 2855 3754 2937">
    <p class='ocr_par' dir='ltr' id='par_1_58' title="bbox 2247 2855 3754 2937">
     <span class='ocr_line' id='line_1_58' title="bbox 2247 2855 3754 2937; baseline 0.009 -25"><span class='ocrx_word' id='word_1_431' title='bbox 2247 2855 2405 2914; x_wconf 76' lang='lat' dir='ltr'><strong>Vsus.</strong></span> <span class='ocrx_word' id='word_1_432' title='bbox 2464 2860 2609 2913; x_wconf 80' lang='grc'><strong>1.-</strong></span> <span class='ocrx_word' id='word_1_433' title='bbox 2644 2877 2663 2912; x_wconf 75' lang='grc' dir='ltr'>ι</span> <span class='ocrx_word' id='word_1_434' title='bbox 2718 2860 2916 2916; x_wconf 87' lang='lat' dir='ltr'><strong>Audite</strong></span> <span class='ocrx_word' id='word_1_435' title='bbox 2961 2863 3188 2919; x_wconf 85' lang='lat' dir='ltr'><strong>verbum</strong></span> <span class='ocrx_word' id='word_1_436' title='bbox 3230 2866 3377 2937; x_wconf 88' lang='lat' dir='ltr'><strong>quod</strong></span> <span class='ocrx_word' id='word_1_437' title='bbox 3424 2866 3640 2927; x_wconf 91' lang='lat' dir='ltr'><strong>locutus</strong></span> <span class='ocrx_word' id='word_1_438' title='bbox 3681 2879 3754 2928; x_wconf 78' lang='lat' dir='ltr'><strong>est</strong></span> 
     </span>
    </p>
   </div>
   <div class='ocr_carea' id='block_1_59' title="bbox 2172 2953 3750 3036">
    <p class='ocr_par' dir='ltr' id='par_1_59' title="bbox 2172 2953 3750 3036">
     <span class='ocr_line' id='line_1_59' title="bbox 2172 2953 3750 3036; baseline 0.008 -30"><span class='ocrx_word' id='word_1_439' title='bbox 2172 2971 2193 3006; x_wconf 72' lang='grc' dir='ltr'>ι</span> <span class='ocrx_word' id='word_1_440' title='bbox 2239 2953 2499 3010; x_wconf 89' lang='lat' dir='ltr'><strong>Dominus</strong></span> <span class='ocrx_word' id='word_1_441' title='bbox 2514 2955 2809 3028; x_wconf 66' lang='lat' dir='ltr'><strong>superjvos,</strong></span> <span class='ocrx_word' id='word_1_442' title='bbox 2828 2957 2922 3013; x_wconf 89' lang='lat' dir='ltr'><strong>lilii</strong></span> <span class='ocrx_word' id='word_1_443' title='bbox 2947 2958 3134 3026; x_wconf 89' lang='lat' dir='ltr'><strong>Israel,</strong></span> <span class='ocrx_word' id='word_1_444' title='bbox 3154 2976 3318 3030; x_wconf 89' lang='lat' dir='ltr'><strong>super</strong></span> <span class='ocrx_word' id='word_1_445' title='bbox 3335 2977 3554 3018; x_wconf 87' lang='lat' dir='ltr'><strong>onmem</strong></span> <span class='ocrx_word' id='word_1_446' title='bbox 3570 2980 3750 3036; x_wconf 18' lang='lat' dir='ltr'><strong>cognav</strong></span> 
     </span>
    </p>
   </div>
   <div class='ocr_carea' id='block_1_60' title="bbox 2174 3047 3754 3128">
    <p class='ocr_par' dir='ltr' id='par_1_60' title="bbox 2174 3047 3754 3128">
     <span class='ocr_line' id='line_1_60' title="bbox 2174 3047 3754 3128; baseline 0.009 -31"><span class='ocrx_word' id='word_1_447' title='bbox 2174 3063 2193 3097; x_wconf 74' lang='grc' dir='ltr'>ι</span> <span class='ocrx_word' id='word_1_448' title='bbox 2242 3047 2456 3118; x_wconf 74' lang='lat' dir='ltr'><strong>tionem;</strong></span> <span class='ocrx_word' id='word_1_449' title='bbox 2483 3064 2646 3118; x_wconf 80' lang='lat' dir='ltr'><strong>quam</strong></span> <span class='ocrx_word' id='word_1_450' title='bbox 2677 3050 2864 3105; x_wconf 82' lang='lat' dir='ltr'><strong>eduxit</strong></span> <span class='ocrx_word' id='word_1_451' title='bbox 2896 3050 2964 3106; x_wconf 89' lang='lat' dir='ltr'><strong>de</strong></span> <span class='ocrx_word' id='word_1_452' title='bbox 3018 3061 3162 3108; x_wconf 89' lang='lat' dir='ltr'><strong>terra</strong></span> <span class='ocrx_word' id='word_1_453' title='bbox 3188 3052 3430 3126; x_wconf 63' lang='lat' dir='ltr'><strong>A‘ngpti.</strong></span> <span class='ocrx_word' id='word_1_454' title='bbox 3463 3075 3481 3108; x_wconf 75' lang='grc' dir='ltr'><strong><em>ι</em></strong></span> <span class='ocrx_word' id='word_1_455' title='bbox 3518 3055 3614 3112; x_wconf 81' lang='lat' dir='ltr'><strong>Est</strong></span> <span class='ocrx_word' id='word_1_456' title='bbox 3638 3070 3754 3128; x_wconf 83' lang='lat' dir='ltr'><strong>ergo</strong></span> 
     </span>
    </p>
   </div>
   <div class='ocr_carea' id='block_1_61' title="bbox 477 3124 3750 3219">
    <p class='ocr_par' dir='ltr' id='par_1_61' title="bbox 477 3124 3750 3219">
     <span class='ocr_line' id='line_1_61' title="bbox 477 3124 3750 3219; baseline 0.006 -20"><span class='ocrx_word' id='word_1_457' title='bbox 477 3143 640 3216; x_wconf 75' lang='lat' dir='ltr'><strong>bunt,</strong></span> <span class='ocrx_word' id='word_1_458' title='bbox 679 3165 802 3204; x_wconf 91' lang='lat' dir='ltr'><strong>cum</strong></span> <span class='ocrx_word' id='word_1_459' title='bbox 843 3151 1029 3206; x_wconf 81' lang='lat' dir='ltr'><strong>viriles</strong></span> <span class='ocrx_word' id='word_1_460' title='bbox 1063 3153 1370 3208; x_wconf 89' lang='lat' dir='ltr'><strong>animorum</strong></span> <span class='ocrx_word' id='word_1_461' title='bbox 1408 3155 1626 3210; x_wconf 88' lang='lat' dir='ltr'><strong>habitus</strong></span> <span class='ocrx_word' id='word_1_462' title='bbox 1660 3157 1728 3211; x_wconf 91' lang='lat' dir='ltr'><strong>ad</strong></span> <span class='ocrx_word' id='word_1_463' title='bbox 1771 3158 2066 3213; x_wconf 71' lang='lat' dir='ltr'><strong>sanctimo-</strong></span> <span class='ocrx_word' id='word_1_464' title='bbox 2093 3124 2134 3181; x_wconf 62' lang='grc' dir='ltr'>Ο</span> <span class='ocrx_word' id='word_1_465' title='bbox 2169 3139 2350 3194; x_wconf 63' lang='lat' dir='ltr'><strong>dicere</strong></span> <span class='ocrx_word' id='word_1_466' title='bbox 2383 3157 2396 3193; x_wconf 70' lang='grc'><strong>³</strong></span> <span class='ocrx_word' id='word_1_467' title='bbox 2427 3141 2551 3206; x_wconf 58' lang='lat' dir='ltr'><strong>vos,</strong></span> <span class='ocrx_word' id='word_1_468' title='bbox 2579 3157 2808 3210; x_wconf 68' lang='lat' dir='ltr'><strong>(Nomm</strong></span> <span class='ocrx_word' id='word_1_469' title='bbox 2844 3152 2930 3198; x_wconf 57' lang='grc' dir='ltr'><strong>(δεῖ</strong></span> <span class='ocrx_word' id='word_1_470' title='bbox 2981 3159 3104 3199; x_wconf 72' lang='lat' dir='ltr'><strong>cum</strong></span> <span class='ocrx_word' id='word_1_471' title='bbox 3167 3143 3274 3200; x_wconf 73' lang='grc' dir='ltr'><strong>υεο</strong></span> <span class='ocrx_word' id='word_1_472' title='bbox 3322 3145 3521 3201; x_wconf 65' lang='lat' dir='ltr'><strong>debere</strong></span> <span class='ocrx_word' id='word_1_473' title='bbox 3573 3148 3750 3219; x_wconf 73' lang='grc' dir='ltr'><strong>ἀίτίεί.</strong></span> 
     </span>
    </p>
   </div>
   <div class='ocr_carea' id='block_1_62' title="bbox 474 3237 2062 3318">
    <p class='ocr_par' dir='ltr' id='par_1_62' title="bbox 474 3237 2062 3318">
     <span class='ocr_line' id='line_1_62' title="bbox 474 3237 2062 3318; baseline 0.006 -25"><span class='ocrx_word' id='word_1_474' title='bbox 474 3237 580 3294; x_wconf 73' lang='lat' dir='ltr'><strong>nia:</strong></span> <span class='ocrx_word' id='word_1_475' title='bbox 604 3241 925 3297; x_wconf 88' lang='lat' dir='ltr'><strong>munditiam</strong></span> <span class='ocrx_word' id='word_1_476' title='bbox 956 3258 1014 3297; x_wconf 89' lang='lat' dir='ltr'><strong>se</strong></span> <span class='ocrx_word' id='word_1_477' title='bbox 1037 3249 1356 3299; x_wconf 84' lang='lat' dir='ltr'><strong>extendunt.</strong></span> <span class='ocrx_word' id='word_1_478' title='bbox 1385 3243 1657 3300; x_wconf 79' lang='lat' dir='ltr'><strong>Nazarctli</strong></span> <span class='ocrx_word' id='word_1_479' title='bbox 1685 3247 1831 3302; x_wconf 90' lang='lat' dir='ltr'><strong>enim</strong></span> <span class='ocrx_word' id='word_1_480' title='bbox 1856 3250 2062 3318; x_wconf 66' lang='lat' dir='ltr'><strong>ﬂorent,</strong></span> 
     </span>
    </p>
   </div>
   <div class='ocr_carea' id='block_1_63' title="bbox 474 3331 2065 3412">
    <p class='ocr_par' dir='ltr' id='par_1_63' title="bbox 474 3331 2065 3412">
     <span class='ocr_line' id='line_1_63' title="bbox 474 3331 2065 3412; baseline 0.007 -27"><span class='ocrx_word' id='word_1_481' title='bbox 474 3331 562 3386; x_wconf 86' lang='lat' dir='ltr'><strong>vel</strong></span> <span class='ocrx_word' id='word_1_482' title='bbox 596 3336 931 3404; x_wconf 79' lang='lat' dir='ltr'><strong>munditiam,</strong></span> <span class='ocrx_word' id='word_1_483' title='bbox 968 3337 1052 3392; x_wconf 85' lang='lat' dir='ltr'><strong>vel</strong></span> <span class='ocrx_word' id='word_1_484' title='bbox 1085 3351 1327 3392; x_wconf 85' lang='lat' dir='ltr'><strong>sanctum</strong></span> <span class='ocrx_word' id='word_1_485' title='bbox 1361 3333 1540 3394; x_wconf 70' lang='lat' dir='ltr'><strong>Sonat.</strong></span> <span class='ocrx_word' id='word_1_486' title='bbox 1589 3359 1608 3392; x_wconf 85' lang='grc'>‹</span> <span class='ocrx_word' id='word_1_487' title='bbox 1655 3339 1910 3412; x_wconf 85' lang='lat' dir='ltr'><strong>Nunquid</strong></span> <span class='ocrx_word' id='word_1_488' title='bbox 1959 3358 2065 3397; x_wconf 76' lang='lat' dir='ltr'><strong>non</strong></span> 
     </span>
    </p>
   </div>
   <div class='ocr_carea' id='block_1_64' title="bbox 482 3424 2064 3497">
    <p class='ocr_par' dir='ltr' id='par_1_64' title="bbox 482 3424 2064 3497">
     <span class='ocr_line' id='line_1_64' title="bbox 482 3424 2064 3497; baseline 0.009 -22"><span class='ocrx_word' id='word_1_489' title='bbox 482 3441 502 3475; x_wconf 73' lang='grc' dir='ltr'>ι</span> <span class='ocrx_word' id='word_1_490' title='bbox 549 3424 623 3482; x_wconf 87' lang='lat' dir='ltr'><strong>ita</strong></span> <span class='ocrx_word' id='word_1_491' title='bbox 649 3437 756 3493; x_wconf 89' lang='lat' dir='ltr'><strong>est,</strong></span> <span class='ocrx_word' id='word_1_492' title='bbox 782 3427 878 3482; x_wconf 82' lang='lat' dir='ltr'><strong>filii</strong></span> <span class='ocrx_word' id='word_1_493' title='bbox 904 3428 1093 3497; x_wconf 88' lang='lat' dir='ltr'><strong>lsrael,</strong></span> <span class='ocrx_word' id='word_1_494' title='bbox 1121 3432 1251 3485; x_wconf 87' lang='lat' dir='ltr'><strong>dicit</strong></span> <span class='ocrx_word' id='word_1_495' title='bbox 1282 3431 1577 3488; x_wconf 86' lang='lat' dir='ltr'><strong>Dominus?</strong></span> <span class='ocrx_word' id='word_1_496' title='bbox 1606 3451 1624 3484; x_wconf 84' lang='grc'>›</span> <span class='ocrx_word' id='word_1_497' title='bbox 1647 3435 1726 3488; x_wconf 88' lang='lat' dir='ltr'><strong>Ac</strong></span> <span class='ocrx_word' id='word_1_498' title='bbox 1751 3435 1796 3488; x_wconf 91' lang='lat' dir='ltr'><strong>si</strong></span> <span class='ocrx_word' id='word_1_499' title='bbox 1828 3434 2064 3491; x_wconf 84' lang='lat' dir='ltr'><strong>diceret:</strong></span> 
     </span>
    </p>
   </div>
   <div class='ocr_carea' id='block_1_65' title="bbox 475 3516 2067 3599">
    <p class='ocr_par' dir='ltr' id='par_1_65' title="bbox 475 3516 2067 3599">
     <span class='ocr_line' id='line_1_65' title="bbox 475 3516 2067 3599; baseline 0.006 -26"><span class='ocrx_word' id='word_1_500' title='bbox 475 3516 734 3590; x_wconf 74' lang='lat' dir='ltr'><strong>Nunquid</strong></span> <span class='ocrx_word' id='word_1_501' title='bbox 783 3537 894 3577; x_wconf 92' lang='lat' dir='ltr'><strong>non</strong></span> <span class='ocrx_word' id='word_1_502' title='bbox 953 3523 1261 3593; x_wconf 75' lang='lat' dir='ltr'><strong>huiusmodi</strong></span> <span class='ocrx_word' id='word_1_503' title='bbox 1299 3534 1477 3580; x_wconf 89' lang='lat' dir='ltr'><strong>status</strong></span> <span class='ocrx_word' id='word_1_504' title='bbox 1524 3527 1576 3580; x_wconf 91' lang='lat' dir='ltr'><strong>in</strong></span> <span class='ocrx_word' id='word_1_505' title='bbox 1608 3527 1806 3582; x_wconf 87' lang='lat' dir='ltr'><strong>vestris</strong></span> <span class='ocrx_word' id='word_1_506' title='bbox 1857 3528 2067 3599; x_wconf 72' lang='lat' dir='ltr'><strong>experti</strong></span> 
     </span>
    </p>
   </div>
   <div class='ocr_carea' id='block_1_66' title="bbox 477 3613 2065 3684">
    <p class='ocr_par' dir='ltr' id='par_1_66' title="bbox 477 3613 2065 3684">
     <span class='ocr_line' id='line_1_66' title="bbox 477 3613 2065 3684; baseline 0.006 -16"><span class='ocrx_word' id='word_1_507' title='bbox 477 3613 616 3668; x_wconf 84' lang='lat' dir='ltr'><strong>estis</strong></span> <span class='ocrx_word' id='word_1_508' title='bbox 647 3613 778 3668; x_wconf 91' lang='lat' dir='ltr'><strong>olim</strong></span> <span class='ocrx_word' id='word_1_509' title='bbox 805 3616 1100 3684; x_wconf 88' lang='lat' dir='ltr'><strong>mentibus,</strong></span> <span class='ocrx_word' id='word_1_510' title='bbox 1129 3632 1253 3672; x_wconf 93' lang='lat' dir='ltr'><strong>cum</strong></span> <span class='ocrx_word' id='word_1_511' title='bbox 1277 3617 1633 3676; x_wconf 85' lang='lat' dir='ltr'><strong>intenderetis</strong></span> <span class='ocrx_word' id='word_1_512' title='bbox 1654 3629 1713 3674; x_wconf 91' lang='lat' dir='ltr'><strong>ut</strong></span> <span class='ocrx_word' id='word_1_513' title='bbox 1741 3630 1921 3677; x_wconf 85' lang='lat' dir='ltr'><strong>vester</strong></span> <span class='ocrx_word' id='word_1_514' title='bbox 1943 3637 2065 3678; x_wconf 77' lang='lat' dir='ltr'><strong>cum</strong></span> 
     </span>
    </p>
   </div>
   <div class='ocr_carea' id='block_1_67' title="bbox 479 3705 1873 3779">
    <p class='ocr_par' dir='ltr' id='par_1_67' title="bbox 479 3705 1873 3779">
     <span class='ocr_line' id='line_1_67' title="bbox 479 3705 1873 3779; baseline 0.005 -17"><span class='ocrx_word' id='word_1_515' title='bbox 479 3705 592 3762; x_wconf 86' lang='lat' dir='ltr'><strong>Deo</strong></span> <span class='ocrx_word' id='word_1_516' title='bbox 622 3706 956 3778; x_wconf 87' lang='lat' dir='ltr'><strong>dirigeretur</strong></span> <span class='ocrx_word' id='word_1_517' title='bbox 985 3710 1251 3779; x_wconf 86' lang='lat' dir='ltr'><strong>spiritus?</strong></span> <span class='ocrx_word' id='word_1_518' title='bbox 1869 3715 1873 3720; x_wconf 82' lang='grc'><em>’</em></span> 
     </span>
    </p>
   </div>
   <div class='ocr_carea' id='block_1_68' title="bbox 555 3797 2070 3873">
    <p class='ocr_par' dir='ltr' id='par_1_68' title="bbox 555 3797 2070 3873">
     <span class='ocr_line' id='line_1_68' title="bbox 555 3797 2070 3873; baseline 0.005 -20"><span class='ocrx_word' id='word_1_519' title='bbox 555 3797 722 3856; x_wconf 69' lang='lat' dir='ltr'><strong>Vens.</strong></span> <span class='ocrx_word' id='word_1_520' title='bbox 761 3800 850 3854; x_wconf 74' lang='grc'><strong>12.</strong></span> <span class='ocrx_word' id='word_1_521' title='bbox 881 3831 953 3842; x_wconf 89' lang='grc'><strong><em>-</em></strong></span> <span class='ocrx_word' id='word_1_522' title='bbox 984 3801 1050 3855; x_wconf 85' lang='grc' dir='ltr'><strong>Ει</strong></span> <span class='ocrx_word' id='word_1_523' title='bbox 1075 3801 1447 3873; x_wconf 89' lang='lat' dir='ltr'><strong>propinabatis</strong></span> <span class='ocrx_word' id='word_1_524' title='bbox 1476 3803 1749 3862; x_wconf 69' lang='lat' dir='ltr'><strong>Nazaraeis</strong></span> <span class='ocrx_word' id='word_1_525' title='bbox 1775 3805 1981 3873; x_wconf 79' lang='lat' dir='ltr'><strong>vinum,</strong></span> <span class='ocrx_word' id='word_1_526' title='bbox 2013 3813 2070 3861; x_wconf 89' lang='lat' dir='ltr'><strong>et</strong></span> 
     </span>
    </p>
   </div>
   <div class='ocr_carea' id='block_1_69' title="bbox 487 3891 2069 3967">
    <p class='ocr_par' dir='ltr' id='par_1_69' title="bbox 487 3891 2069 3967">
     <span class='ocr_line' id='line_1_69' title="bbox 487 3891 2069 3967; baseline 0.005 -23"><span class='ocrx_word' id='word_1_527' title='bbox 487 3909 507 3944; x_wconf 75' lang='grc' dir='ltr'>ι</span> <span class='ocrx_word' id='word_1_528' title='bbox 551 3891 833 3962; x_wconf 87' lang='lat' dir='ltr'><strong>pr0phetis</strong></span> <span class='ocrx_word' id='word_1_529' title='bbox 882 3893 1228 3949; x_wconf 85' lang='lat' dir='ltr'><strong>mandabatis</strong></span> <span class='ocrx_word' id='word_1_530' title='bbox 1267 3913 1279 3948; x_wconf 91' lang='lat'><strong>:</strong></span> <span class='ocrx_word' id='word_1_531' title='bbox 1315 3895 1393 3950; x_wconf 84' lang='lat' dir='ltr'><strong>Ne</strong></span> <span class='ocrx_word' id='word_1_532' title='bbox 1437 3898 1793 3967; x_wconf 84' lang='lat' dir='ltr'><strong>prophetetis.</strong></span> <span class='ocrx_word' id='word_1_533' title='bbox 1853 3917 1871 3950; x_wconf 73' lang='grc' dir='ltr'><strong>ι</strong></span> <span class='ocrx_word' id='word_1_534' title='bbox 1916 3898 2069 3966; x_wconf 85' lang='lat' dir='ltr'><strong>Quod</strong></span> 
     </span>
    </p>
   </div>
   <div class='ocr_carea' id='block_1_70' title="bbox 479 3982 2069 4058">
    <p class='ocr_par' dir='ltr' id='par_1_70' title="bbox 479 3982 2069 4058">
     <span class='ocr_line' id='line_1_70' title="bbox 479 3982 2069 4058; baseline 0.003 -20"><span class='ocrx_word' id='word_1_535' title='bbox 479 3991 564 4038; x_wconf 87' lang='lat' dir='ltr'><strong>est</strong></span> <span class='ocrx_word' id='word_1_536' title='bbox 606 4000 622 4038; x_wconf 91' lang='lat'><strong>:</strong></span> <span class='ocrx_word' id='word_1_537' title='bbox 661 3982 874 4038; x_wconf 79' lang='lat' dir='ltr'><strong>Nullam</strong></span> <span class='ocrx_word' id='word_1_538' title='bbox 922 3983 977 4038; x_wconf 91' lang='lat' dir='ltr'><strong>in</strong></span> <span class='ocrx_word' id='word_1_539' title='bbox 1029 3985 1115 4040; x_wconf 89' lang='lat' dir='ltr'><strong>his</strong></span> <span class='ocrx_word' id='word_1_540' title='bbox 1150 3985 1382 4040; x_wconf 90' lang='lat' dir='ltr'><strong>statibus</strong></span> <span class='ocrx_word' id='word_1_541' title='bbox 1412 3986 1680 4042; x_wconf 88' lang='lat' dir='ltr'><strong>habuistis</strong></span> <span class='ocrx_word' id='word_1_542' title='bbox 1715 4004 2069 4058; x_wconf 83' lang='lat' dir='ltr'><strong>perseveran-</strong></span> 
     </span>
    </p>
   </div>
   <div class='ocr_carea' id='block_1_71' title="bbox 482 4076 2067 4147">
    <p class='ocr_par' dir='ltr' id='par_1_71' title="bbox 482 4076 2067 4147">
     <span class='ocr_line' id='line_1_71' title="bbox 482 4076 2067 4147; baseline 0.002 -17"><span class='ocrx_word' id='word_1_543' title='bbox 482 4077 635 4143; x_wconf 84' lang='lat' dir='ltr'><strong>tiam,</strong></span> <span class='ocrx_word' id='word_1_544' title='bbox 667 4076 762 4130; x_wconf 89' lang='lat' dir='ltr'><strong>sed</strong></span> <span class='ocrx_word' id='word_1_545' title='bbox 797 4080 878 4131; x_wconf 86' lang='lat' dir='ltr'><strong>eis</strong></span> <span class='ocrx_word' id='word_1_546' title='bbox 906 4077 1162 4144; x_wconf 81' lang='lat' dir='ltr'><strong>mmibus,</strong></span> <span class='ocrx_word' id='word_1_547' title='bbox 1191 4078 1388 4147; x_wconf 89' lang='lat' dir='ltr'><strong>quibus</strong></span> <span class='ocrx_word' id='word_1_548' title='bbox 1427 4089 1546 4133; x_wconf 89' lang='lat' dir='ltr'><strong>erat</strong></span> <span class='ocrx_word' id='word_1_549' title='bbox 1575 4081 1755 4146; x_wconf 86' lang='lat' dir='ltr'><strong>votiva</strong></span> <span class='ocrx_word' id='word_1_550' title='bbox 1802 4080 2067 4134; x_wconf 87' lang='lat' dir='ltr'><strong>munditia</strong></span> 
     </span>
    </p>
   </div>
   <div class='ocr_carea' id='block_1_72' title="bbox 480 4167 2069 4241">
    <p class='ocr_par' dir='ltr' id='par_1_72' title="bbox 480 4167 2069 4241">
     <span class='ocr_line' id='line_1_72' title="bbox 480 4167 2069 4241; baseline 0 -17"><span class='ocrx_word' id='word_1_551' title='bbox 480 4179 712 4224; x_wconf 77' lang='lat' dir='ltr'><strong>terrena:</strong></span> <span class='ocrx_word' id='word_1_552' title='bbox 747 4167 1059 4240; x_wconf 89' lang='lat' dir='ltr'><strong>voluptatis,</strong></span> <span class='ocrx_word' id='word_1_553' title='bbox 1108 4186 1215 4241; x_wconf 88' lang='lat' dir='ltr'><strong>quo</strong></span> <span class='ocrx_word' id='word_1_554' title='bbox 1262 4171 1736 4239; x_wconf 86' lang='lat' dir='ltr'><strong>dementarentur,</strong></span> <span class='ocrx_word' id='word_1_555' title='bbox 1767 4173 1951 4226; x_wconf 91' lang='lat' dir='ltr'><strong>vinum</strong></span> <span class='ocrx_word' id='word_1_556' title='bbox 1985 4172 2069 4226; x_wconf 90' lang='lat' dir='ltr'><strong>iu-</strong></span> 
     </span>
    </p>
   </div>
   <div class='ocr_carea' id='block_1_73' title="bbox 482 4262 2069 4333">
    <p class='ocr_par' dir='ltr' id='par_1_73' title="bbox 482 4262 2069 4333">
     <span class='ocr_line' id='line_1_73' title="bbox 482 4262 2069 4333; baseline 0.001 -16"><span class='ocrx_word' id='word_1_557' title='bbox 482 4262 702 4332; x_wconf 88' lang='lat' dir='ltr'><strong>tulistis,</strong></span> <span class='ocrx_word' id='word_1_558' title='bbox 730 4271 786 4318; x_wconf 89' lang='lat' dir='ltr'><strong>et</strong></span> <span class='ocrx_word' id='word_1_559' title='bbox 814 4263 1171 4333; x_wconf 77' lang='lat' dir='ltr'><strong>providentia:</strong></span> <span class='ocrx_word' id='word_1_560' title='bbox 1199 4264 1252 4318; x_wconf 93' lang='lat' dir='ltr'><strong>in</strong></span> <span class='ocrx_word' id='word_1_561' title='bbox 1279 4263 1434 4319; x_wconf 90' lang='lat' dir='ltr'><strong>vobis</strong></span> <span class='ocrx_word' id='word_1_562' title='bbox 1459 4265 1647 4320; x_wconf 86' lang='lat' dir='ltr'><strong>oculos</strong></span> <span class='ocrx_word' id='word_1_563' title='bbox 1679 4281 1742 4320; x_wconf 87' lang='lat' dir='ltr'><strong>nc</strong></span> <span class='ocrx_word' id='word_1_564' title='bbox 1771 4265 1874 4320; x_wconf 90' lang='lat' dir='ltr'><strong>sibi</strong></span> <span class='ocrx_word' id='word_1_565' title='bbox 1908 4273 2069 4320; x_wconf 64' lang='lat' dir='ltr'><strong>aeter-</strong></span> 
     </span>
    </p>
   </div>
   <div class='ocr_carea' id='block_1_74' title="bbox 477 4354 1752 4427">
    <p class='ocr_par' dir='ltr' id='par_1_74' title="bbox 477 4354 1752 4427">
     <span class='ocr_line' id='line_1_74' title="bbox 477 4354 1752 4427; baseline -0.002 -16"><span class='ocrx_word' id='word_1_566' title='bbox 477 4370 546 4413; x_wconf 84' lang='lat' dir='ltr'><strong>na</strong></span> <span class='ocrx_word' id='word_1_567' title='bbox 577 4356 954 4427; x_wconf 86' lang='lat' dir='ltr'><strong>prospicerent</strong></span> <span class='ocrx_word' id='word_1_568' title='bbox 991 4355 1238 4426; x_wconf 86' lang='lat' dir='ltr'><strong>improbe</strong></span> <span class='ocrx_word' id='word_1_569' title='bbox 1263 4354 1626 4412; x_wconf 82' lang='lat' dir='ltr'><strong>obstrusistis.</strong></span> <span class='ocrx_word' id='word_1_570' title='bbox 1747 4361 1752 4364; x_wconf 86' lang='lat'>&#39;</span> 
     </span>
    </p>
   </div>
   <div class='ocr_carea' id='block_1_75' title="bbox 555 4447 2069 4518">
    <p class='ocr_par' dir='ltr' id='par_1_75' title="bbox 555 4447 2069 4518">
     <span class='ocr_line' id='line_1_75' title="bbox 555 4447 2069 4518; baseline 0.001 -17"><span class='ocrx_word' id='word_1_571' title='bbox 555 4447 720 4504; x_wconf 79' lang='lat' dir='ltr'><strong>Vsus.</strong></span> <span class='ocrx_word' id='word_1_572' title='bbox 749 4449 835 4503; x_wconf 81' lang='lat' dir='ltr'><strong>l5.</strong></span> <span class='ocrx_word' id='word_1_573' title='bbox 860 4477 931 4488; x_wconf 94' lang='lat'><strong><em>—</em></strong></span> <span class='ocrx_word' id='word_1_574' title='bbox 967 4469 983 4498; x_wconf 78' lang='grc' dir='ltr'>ι</span> <span class='ocrx_word' id='word_1_575' title='bbox 1015 4448 1157 4504; x_wconf 86' lang='lat' dir='ltr'><strong>Ecce</strong></span> <span class='ocrx_word' id='word_1_576' title='bbox 1187 4462 1287 4518; x_wconf 86' lang='lat' dir='ltr'><strong>ego</strong></span> <span class='ocrx_word' id='word_1_577' title='bbox 1311 4449 1554 4502; x_wconf 83' lang='lat' dir='ltr'><strong>stridebo</strong></span> <span class='ocrx_word' id='word_1_578' title='bbox 1583 4463 1745 4518; x_wconf 87' lang='lat' dir='ltr'><strong>super</strong></span> <span class='ocrx_word' id='word_1_579' title='bbox 1778 4463 1896 4515; x_wconf 92' lang='lat' dir='ltr'><strong>vos,</strong></span> <span class='ocrx_word' id='word_1_580' title='bbox 1929 4447 2069 4504; x_wconf 77' lang='lat' dir='ltr'><strong>sicut</strong></span> 
     </span>
    </p>
   </div>
   <div class='ocr_carea' id='block_1_76' title="bbox 485 4542 2065 4612">
    <p class='ocr_par' dir='ltr' id='par_1_76' title="bbox 485 4542 2065 4612">
     <span class='ocr_line' id='line_1_76' title="bbox 485 4542 2065 4612; baseline -0.003 -14"><span class='ocrx_word' id='word_1_581' title='bbox 485 4558 507 4598; x_wconf 72' lang='grc' dir='ltr'><strong>π</strong></span> <span class='ocrx_word' id='word_1_582' title='bbox 550 4545 746 4599; x_wconf 83' lang='lat' dir='ltr'><strong>stridet</strong></span> <span class='ocrx_word' id='word_1_583' title='bbox 796 4543 1100 4611; x_wconf 87' lang='lat' dir='ltr'><strong>plaustrum</strong></span> <span class='ocrx_word' id='word_1_584' title='bbox 1150 4544 1404 4597; x_wconf 83' lang='lat' dir='ltr'><strong>onustum</strong></span> <span class='ocrx_word' id='word_1_585' title='bbox 1455 4542 1598 4596; x_wconf 84' lang='lat' dir='ltr'><strong>feno.</strong></span> <span class='ocrx_word' id='word_1_586' title='bbox 1641 4561 1660 4593; x_wconf 70' lang='grc' dir='ltr'><strong>ι</strong></span> <span class='ocrx_word' id='word_1_587' title='bbox 1699 4543 1829 4612; x_wconf 58' lang='lat' dir='ltr'><strong>ligo,</strong></span> <span class='ocrx_word' id='word_1_588' title='bbox 1870 4543 2065 4611; x_wconf 85' lang='lat' dir='ltr'><strong>inquit,</strong></span> 
     </span>
    </p>
   </div>
   <div class='ocr_carea' id='block_1_77' title="bbox 473 4635 2072 4706">
    <p class='ocr_par' dir='ltr' id='par_1_77' title="bbox 473 4635 2072 4706">
     <span class='ocr_line' id='line_1_77' title="bbox 473 4635 2072 4706; baseline -0.002 -15"><span class='ocrx_word' id='word_1_589' title='bbox 473 4635 589 4706; x_wconf 83' lang='lat' dir='ltr'><strong>jam</strong></span> <span class='ocrx_word' id='word_1_590' title='bbox 639 4648 834 4690; x_wconf 68' lang='lat' dir='ltr'><strong>vestra:</strong></span> <span class='ocrx_word' id='word_1_591' title='bbox 881 4635 1171 4705; x_wconf 71' lang='lat' dir='ltr'><strong>apostasia:</strong></span> <span class='ocrx_word' id='word_1_592' title='bbox 1221 4636 1509 4705; x_wconf 88' lang='lat' dir='ltr'><strong>impatiens</strong></span> <span class='ocrx_word' id='word_1_593' title='bbox 1537 4653 1694 4705; x_wconf 77' lang='lat' dir='ltr'><strong>super</strong></span> <span class='ocrx_word' id='word_1_594' title='bbox 1728 4653 1840 4703; x_wconf 76' lang='lat' dir='ltr'><strong>ros,</strong></span> <span class='ocrx_word' id='word_1_595' title='bbox 1897 4637 1948 4689; x_wconf 90' lang='lat' dir='ltr'><strong>id</strong></span> <span class='ocrx_word' id='word_1_596' title='bbox 1987 4642 2072 4690; x_wconf 88' lang='lat' dir='ltr'><strong>est</strong></span> 
     </span>
    </p>
   </div>
   <div class='ocr_carea' id='block_1_78' title="bbox 480 4728 2068 4797">
    <p class='ocr_par' dir='ltr' id='par_1_78' title="bbox 480 4728 2068 4797">
     <span class='ocr_line' id='line_1_78' title="bbox 480 4728 2068 4797; baseline -0.001 -12"><span class='ocrx_word' id='word_1_597' title='bbox 480 4737 680 4785; x_wconf 64' lang='lat' dir='ltr'><strong>vestras</strong></span> <span class='ocrx_word' id='word_1_598' title='bbox 730 4728 984 4796; x_wconf 78' lang='lat' dir='ltr'><strong>nequitiac</strong></span> <span class='ocrx_word' id='word_1_599' title='bbox 1030 4728 1317 4797; x_wconf 72' lang='lat' dir='ltr'><strong>punienda:</strong></span> <span class='ocrx_word' id='word_1_600' title='bbox 1366 4728 1686 4783; x_wconf 79' lang='lat' dir='ltr'><strong>incumbens</strong></span> <span class='ocrx_word' id='word_1_601' title='bbox 1721 4731 1837 4783; x_wconf 83' lang='lat' dir='ltr'><strong>diie</strong></span> <span class='ocrx_word' id='word_1_602' title='bbox 1874 4729 1924 4782; x_wconf 94' lang='lat' dir='ltr'><strong>in</strong></span> <span class='ocrx_word' id='word_1_603' title='bbox 1952 4743 2068 4796; x_wconf 87' lang='lat' dir='ltr'><strong>vos,</strong></span> 
     </span>
    </p>
   </div>
   <div class='ocr_carea' id='block_1_79' title="bbox 481 4820 2069 4890">
    <p class='ocr_par' dir='ltr' id='par_1_79' title="bbox 481 4820 2069 4890">
     <span class='ocr_line' id='line_1_79' title="bbox 481 4820 2069 4890; baseline -0.004 -12"><span class='ocrx_word' id='word_1_604' title='bbox 481 4821 596 4878; x_wconf 76' lang='lat' dir='ltr'><strong>imo</strong></span> <span class='ocrx_word' id='word_1_605' title='bbox 641 4829 851 4890; x_wconf 88' lang='lat' dir='ltr'><strong>aperte,</strong></span> <span class='ocrx_word' id='word_1_606' title='bbox 909 4822 1198 4888; x_wconf 87' lang='lat' dir='ltr'><strong>strepitum</strong></span> <span class='ocrx_word' id='word_1_607' title='bbox 1243 4820 1732 4876; x_wconf 84' lang='lat' dir='ltr'><strong>animadversionis</strong></span> <span class='ocrx_word' id='word_1_608' title='bbox 1765 4822 2069 4886; x_wconf 82' lang='lat' dir='ltr'><strong>ostendam,</strong></span> 
     </span>
    </p>
   </div>
   <div class='ocr_carea' id='block_1_80' title="bbox 481 4911 2072 4986">
    <p class='ocr_par' dir='ltr' id='par_1_80' title="bbox 481 4911 2072 4986">
     <span class='ocr_line' id='line_1_80' title="bbox 481 4911 2072 4986; baseline -0.002 -15"><span class='ocrx_word' id='word_1_609' title='bbox 481 4923 545 4971; x_wconf 89' lang='lat' dir='ltr'><strong>ut</strong></span> <span class='ocrx_word' id='word_1_610' title='bbox 600 4921 856 4986; x_wconf 87' lang='lat' dir='ltr'><strong>patenter</strong></span> <span class='ocrx_word' id='word_1_611' title='bbox 896 4911 1148 4967; x_wconf 89' lang='lat' dir='ltr'><strong>omnibus</strong></span> <span class='ocrx_word' id='word_1_612' title='bbox 1194 4911 1542 4982; x_wconf 81' lang='lat' dir='ltr'><strong>inclarescat,</strong></span> <span class='ocrx_word' id='word_1_613' title='bbox 1601 4930 1772 4984; x_wconf 87' lang='lat' dir='ltr'><strong>quam.</strong></span> <span class='ocrx_word' id='word_1_614' title='bbox 1812 4929 1954 4984; x_wconf 80' lang='lat' dir='ltr'><strong>aegre</strong></span> <span class='ocrx_word' id='word_1_615' title='bbox 1979 4927 2072 4968; x_wconf 85' lang='lat' dir='ltr'><strong>ve-</strong></span> 
     </span>
    </p>
   </div>
   <div class='ocr_carea' id='block_1_81' title="bbox 481 5003 2073 5076">
    <p class='ocr_par' dir='ltr' id='par_1_81' title="bbox 481 5003 2073 5076">
     <span class='ocr_line' id='line_1_81' title="bbox 481 5003 2073 5076; baseline -0.003 -11"><span class='ocrx_word' id='word_1_616' title='bbox 481 5018 722 5065; x_wconf 87' lang='lat' dir='ltr'><strong>strarum</strong></span> <span class='ocrx_word' id='word_1_617' title='bbox 751 5006 1032 5063; x_wconf 88' lang='lat' dir='ltr'><strong>levitatqu</strong></span> <span class='ocrx_word' id='word_1_618' title='bbox 1057 5003 1457 5060; x_wconf 87' lang='lat' dir='ltr'><strong>multitudinem</strong></span> <span class='ocrx_word' id='word_1_619' title='bbox 1487 5020 1554 5060; x_wconf 86' lang='lat' dir='ltr'><strong>ac</strong></span> <span class='ocrx_word' id='word_1_620' title='bbox 1592 5007 1637 5061; x_wconf 91' lang='lat' dir='ltr'><strong>si</strong></span> <span class='ocrx_word' id='word_1_621' title='bbox 1666 5006 1849 5062; x_wconf 89' lang='lat' dir='ltr'><strong>feneas</strong></span> <span class='ocrx_word' id='word_1_622' title='bbox 1877 5019 2073 5076; x_wconf 82' lang='lat' dir='ltr'><strong>conge-</strong></span> 
     </span>
    </p>
   </div>
   <div class='ocr_carea' id='block_1_82' title="bbox 480 5102 822 5160">
    <p class='ocr_par' dir='ltr' id='par_1_82' title="bbox 480 5102 822 5160">
     <span class='ocr_line' id='line_1_82' title="bbox 480 5102 822 5160; baseline -0.015 -1"><span class='ocrx_word' id='word_1_623' title='bbox 480 5103 592 5160; x_wconf 83' lang='lat' dir='ltr'><strong>ries</strong></span> <span class='ocrx_word' id='word_1_624' title='bbox 629 5102 822 5158; x_wconf 72' lang='lat' dir='ltr'><strong>feram.</strong></span> 
     </span>
    </p>
   </div>
   <div class='ocr_carea' id='block_1_83' title="bbox 554 5192 2072 5266">
    <p class='ocr_par' dir='ltr' id='par_1_83' title="bbox 554 5192 2072 5266">
     <span class='ocr_line' id='line_1_83' title="bbox 554 5192 2072 5266; baseline -0.003 -14"><span class='ocrx_word' id='word_1_625' title='bbox 554 5196 722 5252; x_wconf 72' lang='lat' dir='ltr'><strong>Vsus.</strong></span> <span class='ocrx_word' id='word_1_626' title='bbox 757 5195 846 5251; x_wconf 77' lang='grc'><strong>14.</strong></span> <span class='ocrx_word' id='word_1_627' title='bbox 873 5225 944 5236; x_wconf 90' lang='lat'><strong>——</strong></span> <span class='ocrx_word' id='word_1_628' title='bbox 975 5216 993 5246; x_wconf 76' lang='grc' dir='ltr'>ι</span> <span class='ocrx_word' id='word_1_629' title='bbox 1026 5195 1094 5251; x_wconf 84' lang='grc' dir='ltr'><strong>Ει</strong></span> <span class='ocrx_word' id='word_1_630' title='bbox 1119 5193 1325 5264; x_wconf 87' lang='lat' dir='ltr'><strong>peribit</strong></span> <span class='ocrx_word' id='word_1_631' title='bbox 1352 5192 1476 5266; x_wconf 81' lang='lat' dir='ltr'><strong>fuga</strong></span> <span class='ocrx_word' id='word_1_632' title='bbox 1508 5210 1538 5250; x_wconf 91' lang='lat' dir='ltr'><strong>a</strong></span> <span class='ocrx_word' id='word_1_633' title='bbox 1568 5194 1774 5261; x_wconf 87' lang='lat' dir='ltr'><strong>veloce,</strong></span> <span class='ocrx_word' id='word_1_634' title='bbox 1817 5205 1873 5250; x_wconf 87' lang='lat' dir='ltr'><strong>et</strong></span> <span class='ocrx_word' id='word_1_635' title='bbox 1916 5193 2072 5249; x_wconf 89' lang='lat' dir='ltr'><strong>fortis</strong></span> 
     </span>
    </p>
   </div>
   <div class='ocr_carea' id='block_1_84' title="bbox 491 5285 2072 5356">
    <p class='ocr_par' dir='ltr' id='par_1_84' title="bbox 491 5285 2072 5356">
     <span class='ocr_line' id='line_1_84' title="bbox 491 5285 2072 5356; baseline -0.001 -14"><span class='ocrx_word' id='word_1_636' title='bbox 491 5308 510 5342; x_wconf 77' lang='grc' dir='ltr'>ι</span> <span class='ocrx_word' id='word_1_637' title='bbox 557 5304 667 5345; x_wconf 91' lang='lat' dir='ltr'><strong>non</strong></span> <span class='ocrx_word' id='word_1_638' title='bbox 718 5288 988 5344; x_wconf 89' lang='lat' dir='ltr'><strong>obtinebit</strong></span> <span class='ocrx_word' id='word_1_639' title='bbox 1023 5288 1285 5343; x_wconf 81' lang='lat' dir='ltr'><strong>virtutem</strong></span> <span class='ocrx_word' id='word_1_640' title='bbox 1331 5302 1508 5343; x_wconf 84' lang='lat' dir='ltr'><strong>suam.</strong></span> <span class='ocrx_word' id='word_1_641' title='bbox 1556 5306 1575 5338; x_wconf 76' lang='grc' dir='ltr'><strong>ι</strong></span> <span class='ocrx_word' id='word_1_642' title='bbox 1627 5285 1782 5356; x_wconf 77' lang='lat' dir='ltr'><strong>Fuga</strong></span> <span class='ocrx_word' id='word_1_643' title='bbox 1832 5303 1866 5340; x_wconf 87' lang='lat' dir='ltr'><strong>a</strong></span> <span class='ocrx_word' id='word_1_644' title='bbox 1905 5285 2072 5340; x_wconf 80' lang='lat' dir='ltr'><strong>veloce</strong></span> 
     </span>
    </p>
   </div>
   <div class='ocr_carea' id='block_1_85' title="bbox 483 5378 2071 5454">
    <p class='ocr_par' dir='ltr' id='par_1_85' title="bbox 483 5378 2071 5454">
     <span class='ocr_line' id='line_1_85' title="bbox 483 5378 2071 5454; baseline -0.003 -16"><span class='ocrx_word' id='word_1_645' title='bbox 483 5383 667 5454; x_wconf 82' lang='lat' dir='ltr'><strong>perit,</strong></span> <span class='ocrx_word' id='word_1_646' title='bbox 724 5397 848 5436; x_wconf 89' lang='lat' dir='ltr'><strong>cum</strong></span> <span class='ocrx_word' id='word_1_647' title='bbox 901 5397 1113 5452; x_wconf 66' lang='lat' dir='ltr'><strong>praepes</strong></span> <span class='ocrx_word' id='word_1_648' title='bbox 1161 5382 1380 5452; x_wconf 79' lang='lat' dir='ltr'><strong>ingenio</strong></span> <span class='ocrx_word' id='word_1_649' title='bbox 1420 5379 1804 5436; x_wconf 69' lang='lat' dir='ltr'><strong>hebetudinem</strong></span> <span class='ocrx_word' id='word_1_650' title='bbox 1855 5378 2071 5449; x_wconf 88' lang='lat' dir='ltr'><strong>reprobi</strong></span> 
     </span>
    </p>
   </div>
   <div class='ocr_carea' id='block_1_86' title="bbox 482 5469 2072 5541">
    <p class='ocr_par' dir='ltr' id='par_1_86' title="bbox 482 5469 2072 5541">
     <span class='ocr_line' id='line_1_86' title="bbox 482 5469 2072 5541; baseline -0.003 -13"><span class='ocrx_word' id='word_1_651' title='bbox 482 5485 680 5528; x_wconf 76' lang='lat' dir='ltr'><strong>sensus</strong></span> <span class='ocrx_word' id='word_1_652' title='bbox 706 5470 928 5525; x_wconf 87' lang='lat' dir='ltr'><strong>minime</strong></span> <span class='ocrx_word' id='word_1_653' title='bbox 956 5471 1305 5541; x_wconf 89' lang='lat' dir='ltr'><strong>subterfugit.</strong></span> <span class='ocrx_word' id='word_1_654' title='bbox 1335 5469 1516 5525; x_wconf 83' lang='lat' dir='ltr'><strong>Fortis</strong></span> <span class='ocrx_word' id='word_1_655' title='bbox 1561 5471 1804 5526; x_wconf 80' lang='lat' dir='ltr'><strong>virtutem</strong></span> <span class='ocrx_word' id='word_1_656' title='bbox 1840 5487 1943 5524; x_wconf 81' lang='lat' dir='ltr'><strong>non</strong></span> <span class='ocrx_word' id='word_1_657' title='bbox 1973 5470 2072 5524; x_wconf 89' lang='lat' dir='ltr'><strong>ob-</strong></span> 
     </span>
    </p>
   </div>
   <div class='ocr_carea' id='block_1_87' title="bbox 486 5563 2073 5632">
    <p class='ocr_par' dir='ltr' id='par_1_87' title="bbox 486 5563 2073 5632">
     <span class='ocr_line' id='line_1_87' title="bbox 486 5563 2073 5632; baseline -0.001 -14"><span class='ocrx_word' id='word_1_658' title='bbox 486 5563 642 5630; x_wconf 90' lang='lat' dir='ltr'><strong>tinet,</strong></span> <span class='ocrx_word' id='word_1_659' title='bbox 686 5578 808 5618; x_wconf 92' lang='lat' dir='ltr'><strong>cum</strong></span> <span class='ocrx_word' id='word_1_660' title='bbox 844 5563 910 5618; x_wconf 89' lang='lat' dir='ltr'><strong>de</strong></span> <span class='ocrx_word' id='word_1_661' title='bbox 953 5578 1052 5617; x_wconf 88' lang='lat' dir='ltr'><strong>sua</strong></span> <span class='ocrx_word' id='word_1_662' title='bbox 1108 5563 1547 5632; x_wconf 76' lang='lat' dir='ltr'><strong>impassibiliiate</strong></span> <span class='ocrx_word' id='word_1_663' title='bbox 1593 5565 1891 5631; x_wconf 85' lang='lat' dir='ltr'><strong>conlidens,</strong></span> <span class='ocrx_word' id='word_1_664' title='bbox 1947 5578 2073 5618; x_wconf 84' lang='lat' dir='ltr'><strong>mox</strong></span> 
     </span>
    </p>
   </div>
   <div class='ocr_carea' id='block_1_88' title="bbox 485 5654 1999 5726">
    <p class='ocr_par' dir='ltr' id='par_1_88' title="bbox 485 5654 1999 5726">
     <span class='ocr_line' id='line_1_88' title="bbox 485 5654 1999 5726; baseline -0.003 -12"><span class='ocrx_word' id='word_1_665' title='bbox 485 5665 549 5714; x_wconf 89' lang='lat' dir='ltr'><strong>ut</strong></span> <span class='ocrx_word' id='word_1_666' title='bbox 572 5657 900 5711; x_wconf 87' lang='lat' dir='ltr'><strong>adversitate</strong></span> <span class='ocrx_word' id='word_1_667' title='bbox 930 5654 1201 5726; x_wconf 88' lang='lat' dir='ltr'><strong>pulsatur,</strong></span> <span class='ocrx_word' id='word_1_668' title='bbox 1242 5670 1310 5709; x_wconf 90' lang='lat' dir='ltr'><strong>ne</strong></span> <span class='ocrx_word' id='word_1_669' title='bbox 1338 5668 1610 5712; x_wconf 88' lang='lat' dir='ltr'><strong>momento</strong></span> <span class='ocrx_word' id='word_1_670' title='bbox 1639 5672 1702 5713; x_wconf 88' lang='lat' dir='ltr'><strong>se</strong></span> <span class='ocrx_word' id='word_1_671' title='bbox 1735 5659 1999 5712; x_wconf 71' lang='lat' dir='ltr'><strong>continuet.</strong></span> 
     </span>
    </p>
   </div>
   <div class='ocr_carea' id='block_1_89' title="bbox 561 5749 2072 5816">
    <p class='ocr_par' dir='ltr' id='par_1_89' title="bbox 561 5749 2072 5816">
     <span class='ocr_line' id='line_1_89' title="bbox 561 5749 2072 5816; baseline 0.001 -6"><span class='ocrx_word' id='word_1_672' title='bbox 561 5751 729 5810; x_wconf 74' lang='lat' dir='ltr'><strong>Vens.</strong></span> <span class='ocrx_word' id='word_1_673' title='bbox 761 5750 849 5808; x_wconf 79' lang='grc'><strong>15.</strong></span> <span class='ocrx_word' id='word_1_674' title='bbox 873 5779 942 5794; x_wconf 89' lang='grc'><strong>--</strong></span> <span class='ocrx_word' id='word_1_675' title='bbox 988 5769 1006 5804; x_wconf 70' lang='grc' dir='ltr'>ι</span> <span class='ocrx_word' id='word_1_676' title='bbox 1045 5749 1115 5805; x_wconf 84' lang='lat' dir='ltr'><strong>Et</strong></span> <span class='ocrx_word' id='word_1_677' title='bbox 1140 5750 1397 5809; x_wconf 88' lang='lat' dir='ltr'><strong>robustus</strong></span> <span class='ocrx_word' id='word_1_678' title='bbox 1424 5769 1531 5810; x_wconf 92' lang='lat' dir='ltr'><strong>non</strong></span> <span class='ocrx_word' id='word_1_679' title='bbox 1561 5754 1794 5816; x_wconf 88' lang='lat' dir='ltr'><strong>salvabit</strong></span> <span class='ocrx_word' id='word_1_680' title='bbox 1832 5755 2072 5812; x_wconf 88' lang='lat' dir='ltr'><strong>animam</strong></span> 
     </span>
    </p>
   </div>
   <div class='ocr_carea' id='block_1_90' title="bbox 2170 3231 3753 3312">
    <p class='ocr_par' dir='ltr' id='par_1_90' title="bbox 2170 3231 3753 3312">
     <span class='ocr_line' id='line_1_90' title="bbox 2170 3231 3753 3312; baseline 0.006 -27"><span class='ocrx_word' id='word_1_681' title='bbox 2170 3231 2401 3287; x_wconf 68' lang='lat' dir='ltr'><strong>interna:</strong></span> <span class='ocrx_word' id='word_1_682' title='bbox 2450 3233 2844 3312; x_wconf 82' lang='lat' dir='ltr'><strong>rationalitatis</strong></span> <span class='ocrx_word' id='word_1_683' title='bbox 2881 3237 3107 3293; x_wconf 86' lang='lat' dir='ltr'><strong>verbum</strong></span> <span class='ocrx_word' id='word_1_684' title='bbox 3155 3239 3358 3292; x_wconf 88' lang='lat' dir='ltr'><strong>trutina</strong></span> <span class='ocrx_word' id='word_1_685' title='bbox 3411 3239 3753 3296; x_wconf 84' lang='lat' dir='ltr'><strong>intellectuali</strong></span> 
     </span>
    </p>
   </div>
   <div class='ocr_carea' id='block_1_91' title="bbox 2168 3328 3753 3401">
    <p class='ocr_par' dir='ltr' id='par_1_91' title="bbox 2168 3328 3753 3401">
     <span class='ocr_line' id='line_1_91' title="bbox 2168 3328 3753 3401; baseline 0.006 -23"><span class='ocrx_word' id='word_1_686' title='bbox 2168 3336 2413 3394; x_wconf 86' lang='lat' dir='ltr'><strong>pensate,</strong></span> <span class='ocrx_word' id='word_1_687' title='bbox 2439 3329 2566 3397; x_wconf 78' lang='lat' dir='ltr'><strong>quia</strong></span> <span class='ocrx_word' id='word_1_688' title='bbox 2591 3328 2695 3383; x_wconf 85' lang='lat' dir='ltr'><strong>hoc</strong></span> <span class='ocrx_word' id='word_1_689' title='bbox 2717 3329 2923 3383; x_wconf 84' lang='lat' dir='ltr'><strong>verbum</strong></span> <span class='ocrx_word' id='word_1_690' title='bbox 2953 3347 3110 3401; x_wconf 81' lang='lat' dir='ltr'><strong>super</strong></span> <span class='ocrx_word' id='word_1_691' title='bbox 3131 3349 3220 3387; x_wconf 85' lang='lat' dir='ltr'><strong>vos</strong></span> <span class='ocrx_word' id='word_1_692' title='bbox 3247 3342 3445 3400; x_wconf 81' lang='lat' dir='ltr'><strong>exstat,</strong></span> <span class='ocrx_word' id='word_1_693' title='bbox 3476 3333 3529 3390; x_wconf 92' lang='lat' dir='ltr'><strong>id</strong></span> <span class='ocrx_word' id='word_1_694' title='bbox 3552 3347 3639 3389; x_wconf 85' lang='lat' dir='ltr'><strong>est</strong></span> <span class='ocrx_word' id='word_1_695' title='bbox 3664 3333 3753 3388; x_wconf 90' lang='lat' dir='ltr'><strong>nisi</strong></span> 
     </span>
    </p>
   </div>
   <div class='ocr_carea' id='block_1_92' title="bbox 2169 3417 3751 3497">
    <p class='ocr_par' dir='ltr' id='par_1_92' title="bbox 2169 3417 3751 3497">
     <span class='ocr_line' id='line_1_92' title="bbox 2169 3417 3751 3497; baseline 0.006 -27"><span class='ocrx_word' id='word_1_696' title='bbox 2169 3417 2440 3485; x_wconf 80' lang='lat' dir='ltr'><strong>audiatur,</strong></span> <span class='ocrx_word' id='word_1_697' title='bbox 2479 3419 2688 3491; x_wconf 84' lang='lat' dir='ltr'><strong>integro</strong></span> <span class='ocrx_word' id='word_1_698' title='bbox 2717 3420 2925 3492; x_wconf 84' lang='lat' dir='ltr'><strong>scilicet</strong></span> <span class='ocrx_word' id='word_1_699' title='bbox 2963 3438 3154 3492; x_wconf 81' lang='lat' dir='ltr'><strong>sapore</strong></span> <span class='ocrx_word' id='word_1_700' title='bbox 3201 3424 3507 3492; x_wconf 87' lang='lat' dir='ltr'><strong>hauriatur,</strong></span> <span class='ocrx_word' id='word_1_701' title='bbox 3540 3441 3637 3482; x_wconf 84' lang='lat' dir='ltr'><strong>vos</strong></span> <span class='ocrx_word' id='word_1_702' title='bbox 3667 3442 3751 3497; x_wconf 88' lang='lat' dir='ltr'><strong>op-</strong></span> 
     </span>
    </p>
   </div>
   <div class='ocr_carea' id='block_1_93' title="bbox 2169 3509 3752 3580">
    <p class='ocr_par' dir='ltr' id='par_1_93' title="bbox 2169 3509 3752 3580">
     <span class='ocr_line' id='line_1_93' title="bbox 2169 3509 3752 3580; baseline 0.006 -19"><span class='ocrx_word' id='word_1_703' title='bbox 2169 3509 2385 3580; x_wconf 91' lang='lat' dir='ltr'><strong>primit,</strong></span> <span class='ocrx_word' id='word_1_704' title='bbox 2416 3526 2513 3566; x_wconf 87' lang='lat' dir='ltr'><strong>vos</strong></span> <span class='ocrx_word' id='word_1_705' title='bbox 2540 3521 2765 3579; x_wconf 87' lang='lat' dir='ltr'><strong>onerat,</strong></span> <span class='ocrx_word' id='word_1_706' title='bbox 2805 3523 2864 3568; x_wconf 91' lang='lat' dir='ltr'><strong>ut</strong></span> <span class='ocrx_word' id='word_1_707' title='bbox 2905 3517 3085 3570; x_wconf 88' lang='lat' dir='ltr'><strong>omnis</strong></span> <span class='ocrx_word' id='word_1_708' title='bbox 3129 3516 3392 3572; x_wconf 89' lang='lat' dir='ltr'><strong>bonarum</strong></span> <span class='ocrx_word' id='word_1_709' title='bbox 3444 3519 3752 3574; x_wconf 86' lang='lat' dir='ltr'><strong>interiorum</strong></span> 
     </span>
    </p>
   </div>
   <div class='ocr_carea' id='block_1_94' title="bbox 2170 3605 3754 3679">
    <p class='ocr_par' dir='ltr' id='par_1_94' title="bbox 2170 3605 3754 3679">
     <span class='ocr_line' id='line_1_94' title="bbox 2170 3605 3754 3679; baseline 0.009 -22"><span class='ocrx_word' id='word_1_710' title='bbox 2170 3605 2370 3659; x_wconf 89' lang='lat' dir='ltr'><strong>artium</strong></span> <span class='ocrx_word' id='word_1_711' title='bbox 2397 3607 2668 3676; x_wconf 82' lang='lat' dir='ltr'><strong>cognatio,</strong></span> <span class='ocrx_word' id='word_1_712' title='bbox 2695 3623 2858 3679; x_wconf 85' lang='lat' dir='ltr'><strong>quam</strong></span> <span class='ocrx_word' id='word_1_713' title='bbox 2904 3611 3071 3666; x_wconf 88' lang='lat' dir='ltr'><strong>semel</strong></span> <span class='ocrx_word' id='word_1_714' title='bbox 3108 3613 3391 3669; x_wconf 80' lang='lat' dir='ltr'><strong>eduxerim</strong></span> <span class='ocrx_word' id='word_1_715' title='bbox 3433 3615 3500 3670; x_wconf 90' lang='lat' dir='ltr'><strong>de</strong></span> <span class='ocrx_word' id='word_1_716' title='bbox 3538 3617 3754 3671; x_wconf 85' lang='lat' dir='ltr'><strong>terreni-</strong></span> 
     </span>
    </p>
   </div>
   <div class='ocr_carea' id='block_1_95' title="bbox 2171 3700 3754 3778">
    <p class='ocr_par' dir='ltr' id='par_1_95' title="bbox 2171 3700 3754 3778">
     <span class='ocr_line' id='line_1_95' title="bbox 2171 3700 3754 3778; baseline 0.008 -27"><span class='ocrx_word' id='word_1_717' title='bbox 2171 3705 2282 3753; x_wconf 86' lang='lat' dir='ltr'><strong>tate</strong></span> <span class='ocrx_word' id='word_1_718' title='bbox 2347 3700 2618 3755; x_wconf 87' lang='lat' dir='ltr'><strong>mundana</strong></span> <span class='ocrx_word' id='word_1_719' title='bbox 2718 3703 2772 3756; x_wconf 90' lang='lat' dir='ltr'><strong>in</strong></span> <span class='ocrx_word' id='word_1_720' title='bbox 2837 3705 3025 3760; x_wconf 82' lang='lat' dir='ltr'><strong>eadem</strong></span> <span class='ocrx_word' id='word_1_721' title='bbox 3080 3709 3348 3762; x_wconf 87' lang='lat' dir='ltr'><strong>sententia</strong></span> <span class='ocrx_word' id='word_1_722' title='bbox 3417 3723 3754 3778; x_wconf 86' lang='lat' dir='ltr'><strong>perseverare</strong></span> 
     </span>
    </p>
   </div>
   <div class='ocr_carea' id='block_1_96' title="bbox 2170 3789 2406 3848">
    <p class='ocr_par' dir='ltr' id='par_1_96' title="bbox 2170 3789 2406 3848">
     <span class='ocr_line' id='line_1_96' title="bbox 2170 3789 2406 3848; baseline -0.008 -4"><span class='ocrx_word' id='word_1_723' title='bbox 2170 3789 2406 3848; x_wconf 82' lang='lat' dir='ltr'><strong>studeat.</strong></span> 
     </span>
    </p>
   </div>
   <div class='ocr_carea' id='block_1_97' title="bbox 2247 3879 3751 3966">
    <p class='ocr_par' dir='ltr' id='par_1_97' title="bbox 2247 3879 3751 3966">
     <span class='ocr_line' id='line_1_97' title="bbox 2247 3879 3751 3966; baseline 0.009 -31"><span class='ocrx_word' id='word_1_724' title='bbox 2247 3879 2407 3937; x_wconf 76' lang='lat' dir='ltr'><strong>Vens.</strong></span> <span class='ocrx_word' id='word_1_725' title='bbox 2449 3883 2501 3937; x_wconf 77' lang='grc'><strong>2.</strong></span> <span class='ocrx_word' id='word_1_726' title='bbox 2541 3905 2558 3937; x_wconf 85' lang='grc'><em>‹</em></span> <span class='ocrx_word' id='word_1_727' title='bbox 2597 3885 3021 3956; x_wconf 87' lang='lat' dir='ltr'><strong>Tantummodo,</strong></span> <span class='ocrx_word' id='word_1_728' title='bbox 3061 3909 3079 3941; x_wconf 76' lang='grc' dir='ltr'>ι</span> <span class='ocrx_word' id='word_1_729' title='bbox 3104 3889 3353 3962; x_wconf 63' lang='lat' dir='ltr'><strong>inquit,»</strong></span> <span class='ocrx_word' id='word_1_730' title='bbox 3391 3907 3489 3949; x_wconf 88' lang='lat' dir='ltr'><strong>vos</strong></span> <span class='ocrx_word' id='word_1_731' title='bbox 3537 3893 3751 3966; x_wconf 80' lang='lat' dir='ltr'><strong>cognovi</strong></span> 
     </span>
    </p>
   </div>
   <div class='ocr_carea' id='block_1_98' title="bbox 2179 3979 3752 4052">
    <p class='ocr_par' dir='ltr' id='par_1_98' title="bbox 2179 3979 3752 4052">
     <span class='ocr_line' id='line_1_98' title="bbox 2179 3979 3752 4052; baseline 0.01 -24"><span class='ocrx_word' id='word_1_732' title='bbox 2179 3991 2198 4024; x_wconf 82' lang='grc'>‹</span> <span class='ocrx_word' id='word_1_733' title='bbox 2244 3990 2310 4029; x_wconf 83' lang='lat' dir='ltr'><strong>cx</strong></span> <span class='ocrx_word' id='word_1_734' title='bbox 2356 3979 3084 4052; x_wconf 62' lang='lat' dir='ltr'><strong>omnibus,cognatiouibus</strong></span> <span class='ocrx_word' id='word_1_735' title='bbox 3131 3999 3328 4052; x_wconf 67' lang='lat' dir='ltr'><strong>terrae;</strong></span> <span class='ocrx_word' id='word_1_736' title='bbox 3375 3988 3578 4044; x_wconf 80' lang='lat' dir='ltr'><strong>idcirco</strong></span> <span class='ocrx_word' id='word_1_737' title='bbox 3637 3989 3752 4044; x_wconf 82' lang='lat' dir='ltr'><strong>visi-</strong></span> 
     </span>
    </p>
   </div>
   <div class='ocr_carea' id='block_1_99' title="bbox 2181 4067 3754 4152">
    <p class='ocr_par' dir='ltr' id='par_1_99' title="bbox 2181 4067 3754 4152">
     <span class='ocr_line' id='line_1_99' title="bbox 2181 4067 3754 4152; baseline 0.011 -32"><span class='ocrx_word' id='word_1_738' title='bbox 2181 4085 2198 4120; x_wconf 83' lang='grc'><strong><em>‹</em></strong></span> <span class='ocrx_word' id='word_1_739' title='bbox 2248 4067 2372 4125; x_wconf 86' lang='lat' dir='ltr'><strong>tabo</strong></span> <span class='ocrx_word' id='word_1_740' title='bbox 2401 4087 2565 4142; x_wconf 89' lang='lat' dir='ltr'><strong>super</strong></span> <span class='ocrx_word' id='word_1_741' title='bbox 2590 4089 2685 4130; x_wconf 92' lang='lat' dir='ltr'><strong>vos</strong></span> <span class='ocrx_word' id='word_1_742' title='bbox 2713 4091 2902 4132; x_wconf 88' lang='lat' dir='ltr'><strong>oumes</strong></span> <span class='ocrx_word' id='word_1_743' title='bbox 2947 4077 3262 4148; x_wconf 83' lang='lat' dir='ltr'><strong>iniquitates</strong></span> <span class='ocrx_word' id='word_1_744' title='bbox 3305 4091 3536 4137; x_wconf 84' lang='lat' dir='ltr'><strong>vestras.</strong></span> <span class='ocrx_word' id='word_1_745' title='bbox 3577 4105 3596 4137; x_wconf 74' lang='grc' dir='ltr'>ι</span> <span class='ocrx_word' id='word_1_746' title='bbox 3630 4083 3754 4152; x_wconf 84' lang='lat' dir='ltr'><strong>Quia</strong></span> 
     </span>
    </p>
   </div>
   <div class='ocr_carea' id='block_1_100' title="bbox 2173 4163 3755 4243">
    <p class='ocr_par' dir='ltr' id='par_1_100' title="bbox 2173 4163 3755 4243">
     <span class='ocr_line' id='line_1_100' title="bbox 2173 4163 3755 4243; baseline 0.011 -29"><span class='ocrx_word' id='word_1_747' title='bbox 2173 4176 2298 4228; x_wconf 89' lang='lat' dir='ltr'><strong>vos,</strong></span> <span class='ocrx_word' id='word_1_748' title='bbox 2325 4163 2533 4232; x_wconf 87' lang='lat' dir='ltr'><strong>inquit,</strong></span> <span class='ocrx_word' id='word_1_749' title='bbox 2565 4181 2598 4219; x_wconf 93' lang='grc' dir='ltr'>ο</span> <span class='ocrx_word' id='word_1_750' title='bbox 2631 4169 2855 4223; x_wconf 90' lang='lat' dir='ltr'><strong>rationis</strong></span> <span class='ocrx_word' id='word_1_751' title='bbox 2897 4165 3105 4238; x_wconf 88' lang='lat' dir='ltr'><strong>motus,</strong></span> <span class='ocrx_word' id='word_1_752' title='bbox 3139 4189 3248 4243; x_wconf 77' lang='lat' dir='ltr'><strong>pra:</strong></span> <span class='ocrx_word' id='word_1_753' title='bbox 3276 4177 3527 4231; x_wconf 86' lang='lat' dir='ltr'><strong>omnibus</strong></span> <span class='ocrx_word' id='word_1_754' title='bbox 3557 4181 3755 4231; x_wconf 83' lang='lat' dir='ltr'><strong>anima-</strong></span> 
     </span>
    </p>
   </div>
   <div class='ocr_carea' id='block_1_101' title="bbox 2173 4254 3748 4342">
    <p class='ocr_par' dir='ltr' id='par_1_101' title="bbox 2173 4254 3748 4342">
     <span class='ocr_line' id='line_1_101' title="bbox 2173 4254 3748 4342; baseline 0.011 -35"><span class='ocrx_word' id='word_1_755' title='bbox 2173 4254 2411 4321; x_wconf 78' lang='lat' dir='ltr'><strong>litatum,</strong></span> <span class='ocrx_word' id='word_1_756' title='bbox 2435 4259 2526 4327; x_wconf 87' lang='lat' dir='ltr'><strong>qui</strong></span> <span class='ocrx_word' id='word_1_757' title='bbox 2546 4273 2651 4312; x_wconf 90' lang='lat' dir='ltr'><strong>non</strong></span> <span class='ocrx_word' id='word_1_758' title='bbox 2680 4261 2782 4315; x_wconf 88' lang='lat' dir='ltr'><strong>nisi</strong></span> <span class='ocrx_word' id='word_1_759' title='bbox 2807 4271 3004 4317; x_wconf 86' lang='lat' dir='ltr'><strong>terram</strong></span> <span class='ocrx_word' id='word_1_760' title='bbox 3033 4267 3269 4334; x_wconf 88' lang='lat' dir='ltr'><strong>sapiunt,</strong></span> <span class='ocrx_word' id='word_1_761' title='bbox 3299 4270 3535 4324; x_wconf 89' lang='lat' dir='ltr'><strong>motibus</strong></span> <span class='ocrx_word' id='word_1_762' title='bbox 3565 4285 3748 4342; x_wconf 85' lang='lat' dir='ltr'><strong>appro-</strong></span> 
     </span>
    </p>
   </div>
   <div class='ocr_carea' id='block_1_102' title="bbox 2171 4346 3753 4426">
    <p class='ocr_par' dir='ltr' id='par_1_102' title="bbox 2171 4346 3753 4426">
     <span class='ocr_line' id='line_1_102' title="bbox 2171 4346 3753 4426; baseline 0.01 -25"><span class='ocrx_word' id='word_1_763' title='bbox 2171 4346 2320 4414; x_wconf 87' lang='lat' dir='ltr'><strong>bavi,</strong></span> <span class='ocrx_word' id='word_1_764' title='bbox 2349 4360 2485 4420; x_wconf 82' lang='lat' dir='ltr'><strong>quod</strong></span> <span class='ocrx_word' id='word_1_765' title='bbox 2515 4363 2600 4406; x_wconf 81' lang='lat' dir='ltr'><strong>est</strong></span> <span class='ocrx_word' id='word_1_766' title='bbox 2625 4354 2901 4424; x_wconf 83' lang='lat' dir='ltr'><strong>preprium</strong></span> <span class='ocrx_word' id='word_1_767' title='bbox 2931 4372 3088 4413; x_wconf 88' lang='lat' dir='ltr'><strong>nosse</strong></span> <span class='ocrx_word' id='word_1_768' title='bbox 3121 4360 3242 4426; x_wconf 82' lang='lat' dir='ltr'><strong>Dei,</strong></span> <span class='ocrx_word' id='word_1_769' title='bbox 3286 4362 3486 4416; x_wconf 82' lang='lat' dir='ltr'><strong>idcirco</strong></span> <span class='ocrx_word' id='word_1_770' title='bbox 3515 4380 3622 4418; x_wconf 88' lang='lat' dir='ltr'><strong>non</strong></span> <span class='ocrx_word' id='word_1_771' title='bbox 3662 4363 3753 4417; x_wconf 86' lang='lat' dir='ltr'><strong>mi-</strong></span> 
     </span>
    </p>
   </div>
   <div class='ocr_carea' id='block_1_103' title="bbox 2175 4442 3752 4524">
    <p class='ocr_par' dir='ltr' id='par_1_103' title="bbox 2175 4442 3752 4524">
     <span class='ocr_line' id='line_1_103' title="bbox 2175 4442 3752 4524; baseline 0.01 -30"><span class='ocrx_word' id='word_1_772' title='bbox 2175 4442 2366 4496; x_wconf 87' lang='lat' dir='ltr'><strong>remini</strong></span> <span class='ocrx_word' id='word_1_773' title='bbox 2420 4444 2464 4498; x_wconf 90' lang='lat' dir='ltr'><strong>si</strong></span> <span class='ocrx_word' id='word_1_774' title='bbox 2507 4460 2598 4500; x_wconf 81' lang='lat' dir='ltr'><strong>vos</strong></span> <span class='ocrx_word' id='word_1_775' title='bbox 2634 4447 2686 4500; x_wconf 94' lang='lat' dir='ltr'><strong>in</strong></span> <span class='ocrx_word' id='word_1_776' title='bbox 2729 4450 2922 4505; x_wconf 85' lang='lat' dir='ltr'><strong>vestris</strong></span> <span class='ocrx_word' id='word_1_777' title='bbox 2969 4451 3342 4522; x_wconf 83' lang='lat' dir='ltr'><strong>iniquitatibus</strong></span> <span class='ocrx_word' id='word_1_778' title='bbox 3377 4456 3752 4524; x_wconf 87' lang='lat' dir='ltr'><strong>visitem,cum</strong></span> 
     </span>
    </p>
   </div>
   <div class='ocr_carea' id='block_1_104' title="bbox 2175 4536 3751 4624">
    <p class='ocr_par' dir='ltr' id='par_1_104' title="bbox 2175 4536 3751 4624">
     <span class='ocr_line' id='line_1_104' title="bbox 2175 4536 3751 4624; baseline 0.012 -38"><span class='ocrx_word' id='word_1_779' title='bbox 2175 4549 2355 4588; x_wconf 88' lang='lat' dir='ltr'><strong>meum</strong></span> <span class='ocrx_word' id='word_1_780' title='bbox 2385 4536 2454 4590; x_wconf 92' lang='lat' dir='ltr'><strong>sit</strong></span> <span class='ocrx_word' id='word_1_781' title='bbox 2485 4547 2537 4590; x_wconf 91' lang='lat' dir='ltr'><strong>ut</strong></span> <span class='ocrx_word' id='word_1_782' title='bbox 2565 4555 2702 4609; x_wconf 84' lang='lat' dir='ltr'><strong>quos</strong></span> <span class='ocrx_word' id='word_1_783' title='bbox 2729 4542 3010 4599; x_wconf 87' lang='lat' dir='ltr'><strong>dilexerim</strong></span> <span class='ocrx_word' id='word_1_784' title='bbox 3027 4547 3318 4617; x_wconf 75' lang='lat' dir='ltr'><strong>corripiam</strong></span> <span class='ocrx_word' id='word_1_785' title='bbox 3343 4548 3532 4613; x_wconf 82' lang='lat' dir='ltr'><strong>(llebr.</strong></span> <span class='ocrx_word' id='word_1_786' title='bbox 3564 4569 3660 4620; x_wconf 89' lang='lat' dir='ltr'><strong>xu,</strong></span> <span class='ocrx_word' id='word_1_787' title='bbox 3683 4555 3751 4624; x_wconf 71' lang='grc' dir='ltr'><strong>(ὅ).</strong></span> 
     </span>
    </p>
   </div>
   <div class='ocr_carea' id='block_1_105' title="bbox 2175 4626 3752 4711">
    <p class='ocr_par' dir='ltr' id='par_1_105' title="bbox 2175 4626 3752 4711">
     <span class='ocr_line' id='line_1_105' title="bbox 2175 4626 3752 4711; baseline 0.011 -32"><span class='ocrx_word' id='word_1_788' title='bbox 2175 4626 2361 4697; x_wconf 70' lang='lat' dir='ltr'><strong>(Vens.</strong></span> <span class='ocrx_word' id='word_1_789' title='bbox 2397 4629 2476 4694; x_wconf 83' lang='lat'><strong>5.)</strong></span> <span class='ocrx_word' id='word_1_790' title='bbox 2514 4649 2531 4682; x_wconf 71' lang='grc' dir='ltr'>ι</span> <span class='ocrx_word' id='word_1_791' title='bbox 2569 4631 2820 4703; x_wconf 83' lang='lat' dir='ltr'><strong>Nunquid</strong></span> <span class='ocrx_word' id='word_1_792' title='bbox 2871 4636 3227 4692; x_wconf 88' lang='lat' dir='ltr'><strong>ambulabunt</strong></span> <span class='ocrx_word' id='word_1_793' title='bbox 3257 4641 3365 4695; x_wconf 89' lang='lat' dir='ltr'><strong>duo</strong></span> <span class='ocrx_word' id='word_1_794' title='bbox 3404 4644 3613 4711; x_wconf 87' lang='lat' dir='ltr'><strong>pariter</strong></span> <span class='ocrx_word' id='word_1_795' title='bbox 3659 4642 3752 4698; x_wconf 88' lang='lat' dir='ltr'><strong>nisi</strong></span> 
     </span>
    </p>
   </div>
   <div class='ocr_carea' id='block_1_106' title="bbox 2179 4727 3752 4803">
    <p class='ocr_par' dir='ltr' id='par_1_106' title="bbox 2179 4727 3752 4803">
     <span class='ocr_line' id='line_1_106' title="bbox 2179 4727 3752 4803; baseline 0.012 -31"><span class='ocrx_word' id='word_1_796' title='bbox 2179 4740 2196 4772; x_wconf 72' lang='grc' dir='ltr'><strong><em>ι</em></strong></span> <span class='ocrx_word' id='word_1_797' title='bbox 2246 4727 2561 4779; x_wconf 86' lang='lat' dir='ltr'><strong>convenerit</strong></span> <span class='ocrx_word' id='word_1_798' title='bbox 2589 4729 2706 4781; x_wconf 82' lang='lat' dir='ltr'><strong>eis?</strong></span> <span class='ocrx_word' id='word_1_799' title='bbox 2737 4746 2756 4778; x_wconf 72' lang='grc' dir='ltr'><strong><em>ι</em></strong></span> <span class='ocrx_word' id='word_1_800' title='bbox 2789 4728 2902 4782; x_wconf 89' lang='lat' dir='ltr'><strong>Duo</strong></span> <span class='ocrx_word' id='word_1_801' title='bbox 2939 4732 3144 4800; x_wconf 87' lang='lat' dir='ltr'><strong>pariter</strong></span> <span class='ocrx_word' id='word_1_802' title='bbox 3175 4734 3485 4803; x_wconf 89' lang='lat' dir='ltr'><strong>ambulant,</strong></span> <span class='ocrx_word' id='word_1_803' title='bbox 3517 4754 3638 4793; x_wconf 91' lang='lat' dir='ltr'><strong>cum</strong></span> <span class='ocrx_word' id='word_1_804' title='bbox 3666 4736 3752 4793; x_wconf 87' lang='lat' dir='ltr'><strong>Dei</strong></span> 
     </span>
    </p>
   </div>
   <div class='ocr_carea' id='block_1_107' title="bbox 2175 4815 3750 4898">
    <p class='ocr_par' dir='ltr' id='par_1_107' title="bbox 2175 4815 3750 4898">
     <span class='ocr_line' id='line_1_107' title="bbox 2175 4815 3750 4898; baseline 0.012 -28"><span class='ocrx_word' id='word_1_805' title='bbox 2175 4815 2400 4886; x_wconf 86' lang='lat' dir='ltr'><strong>spiritus</strong></span> <span class='ocrx_word' id='word_1_806' title='bbox 2451 4828 2505 4873; x_wconf 81' lang='lat' dir='ltr'><strong>et</strong></span> <span class='ocrx_word' id='word_1_807' title='bbox 2555 4820 2787 4875; x_wconf 90' lang='lat' dir='ltr'><strong>humana</strong></span> <span class='ocrx_word' id='word_1_808' title='bbox 2830 4822 2969 4877; x_wconf 87' lang='lat' dir='ltr'><strong>ratio</strong></span> <span class='ocrx_word' id='word_1_809' title='bbox 2999 4827 3390 4882; x_wconf 90' lang='lat' dir='ltr'><strong>consentiendo</strong></span> <span class='ocrx_word' id='word_1_810' title='bbox 3425 4831 3750 4898; x_wconf 77' lang='lat' dir='ltr'><strong>cohabitant,</strong></span> 
     </span>
    </p>
   </div>
   <div class='ocr_carea' id='block_1_108' title="bbox 2173 4911 3749 4991">
    <p class='ocr_par' dir='ltr' id='par_1_108' title="bbox 2173 4911 3749 4991">
     <span class='ocr_line' id='line_1_108' title="bbox 2173 4911 3749 4991; baseline 0.011 -29"><span class='ocrx_word' id='word_1_811' title='bbox 2173 4911 2314 4979; x_wconf 88' lang='lat' dir='ltr'><strong>quod</strong></span> <span class='ocrx_word' id='word_1_812' title='bbox 2345 4925 2447 4964; x_wconf 90' lang='lat' dir='ltr'><strong>non</strong></span> <span class='ocrx_word' id='word_1_813' title='bbox 2476 4912 2536 4966; x_wconf 82' lang='lat' dir='ltr'><strong>fit</strong></span> <span class='ocrx_word' id='word_1_814' title='bbox 2569 4913 2670 4969; x_wconf 90' lang='lat' dir='ltr'><strong>nisi</strong></span> <span class='ocrx_word' id='word_1_815' title='bbox 2704 4918 3057 4980; x_wconf 85' lang='lat' dir='ltr'><strong>conveniant,</strong></span> <span class='ocrx_word' id='word_1_816' title='bbox 3098 4917 3150 4972; x_wconf 91' lang='lat' dir='ltr'><strong>id</strong></span> <span class='ocrx_word' id='word_1_817' title='bbox 3175 4927 3259 4973; x_wconf 89' lang='lat' dir='ltr'><strong>est</strong></span> <span class='ocrx_word' id='word_1_818' title='bbox 3281 4919 3379 4974; x_wconf 85' lang='lat' dir='ltr'><strong>sibi</strong></span> <span class='ocrx_word' id='word_1_819' title='bbox 3407 4920 3749 4991; x_wconf 79' lang='lat' dir='ltr'><strong>coluerendo,</strong></span> 
     </span>
    </p>
   </div>
   <div class='ocr_carea' id='block_1_109' title="bbox 2163 5003 3779 5084">
    <p class='ocr_par' dir='ltr' id='par_1_109' title="bbox 2163 5003 3779 5084">
     <span class='ocr_line' id='line_1_109' title="bbox 2163 5003 3779 5084; baseline 0.006 -28"><span class='ocrx_word' id='word_1_820' title='bbox 2163 5003 2318 5073; x_wconf 87' lang='lat' dir='ltr'><strong>juxta</strong></span> <span class='ocrx_word' id='word_1_821' title='bbox 2364 5004 2718 5075; x_wconf 85' lang='lat' dir='ltr'><strong>Apostolum,</strong></span> <span class='ocrx_word' id='word_1_822' title='bbox 2766 5023 2905 5063; x_wconf 92' lang='lat' dir='ltr'><strong>unus</strong></span> <span class='ocrx_word' id='word_1_823' title='bbox 2955 5009 3179 5078; x_wconf 91' lang='lat' dir='ltr'><strong>spiritus</strong></span> <span class='ocrx_word' id='word_1_824' title='bbox 3218 5011 3354 5068; x_wconf 81' lang='lat' dir='ltr'><strong>fiant</strong></span> <span class='ocrx_word' id='word_1_825' title='bbox 3389 5011 3441 5084; x_wconf 89' lang='grc' dir='ltr'><strong>(Ι</strong></span> <span class='ocrx_word' id='word_1_826' title='bbox 3493 5012 3640 5084; x_wconf 89' lang='lat' dir='ltr'><strong>Cor.,</strong></span> <span class='ocrx_word' id='word_1_827' title='bbox 3674 5031 3779 5083; x_wconf 45' lang='grc' dir='ltr'><strong>νιν.</strong></span> 
     </span>
    </p>
   </div>
   <div class='ocr_carea' id='block_1_110' title="bbox 2174 5096 3751 5170">
    <p class='ocr_par' dir='ltr' id='par_1_110' title="bbox 2174 5096 3751 5170">
     <span class='ocr_line' id='line_1_110' title="bbox 2174 5096 3751 5170; baseline 0.006 -18"><span class='ocrx_word' id='word_1_828' title='bbox 2174 5096 2283 5168; x_wconf 78' lang='lat' dir='ltr'><strong>l7).</strong></span> <span class='ocrx_word' id='word_1_829' title='bbox 2320 5097 2583 5154; x_wconf 87' lang='lat' dir='ltr'><strong>Dicuntur</strong></span> <span class='ocrx_word' id='word_1_830' title='bbox 2621 5109 2800 5158; x_wconf 88' lang='lat' dir='ltr'><strong>autem</strong></span> <span class='ocrx_word' id='word_1_831' title='bbox 2832 5101 3133 5170; x_wconf 86' lang='lat' dir='ltr'><strong>ambulare,</strong></span> <span class='ocrx_word' id='word_1_832' title='bbox 3173 5112 3362 5160; x_wconf 91' lang='lat' dir='ltr'><strong>mutuo</strong></span> <span class='ocrx_word' id='word_1_833' title='bbox 3414 5105 3664 5162; x_wconf 68' lang='lat' dir='ltr'><strong>videlicet</strong></span> <span class='ocrx_word' id='word_1_834' title='bbox 3702 5111 3751 5162; x_wconf 89' lang='lat' dir='ltr'><strong>in</strong></span> 
     </span>
    </p>
   </div>
   <div class='ocr_carea' id='block_1_111' title="bbox 2173 5192 2596 5260">
    <p class='ocr_par' dir='ltr' id='par_1_111' title="bbox 2173 5192 2596 5260">
     <span class='ocr_line' id='line_1_111' title="bbox 2173 5192 2596 5260; baseline 0.002 -14"><span class='ocrx_word' id='word_1_835' title='bbox 2173 5205 2292 5246; x_wconf 90' lang='lat' dir='ltr'><strong>sese</strong></span> <span class='ocrx_word' id='word_1_836' title='bbox 2314 5192 2596 5260; x_wconf 72' lang='lat' dir='ltr'><strong>prolicere.</strong></span> 
     </span>
    </p>
   </div>
   <div class='ocr_carea' id='block_1_112' title="bbox 2247 5285 3776 5360">
    <p class='ocr_par' dir='ltr' id='par_1_112' title="bbox 2247 5285 3776 5360">
     <span class='ocr_line' id='line_1_112' title="bbox 2247 5285 3776 5360; baseline 0.004 -20"><span class='ocrx_word' id='word_1_837' title='bbox 2247 5285 2408 5341; x_wconf 74' lang='lat' dir='ltr'><strong>Vens.</strong></span> <span class='ocrx_word' id='word_1_838' title='bbox 2437 5287 2491 5341; x_wconf 69' lang='grc'><strong>4.</strong></span> <span class='ocrx_word' id='word_1_839' title='bbox 2521 5316 2591 5326; x_wconf 88' lang='grc'><strong><em>--</em></strong></span> <span class='ocrx_word' id='word_1_840' title='bbox 2619 5305 2637 5338; x_wconf 74' lang='grc' dir='ltr'>α</span> <span class='ocrx_word' id='word_1_841' title='bbox 2683 5287 2933 5359; x_wconf 75' lang='lat' dir='ltr'><strong>Nunquid</strong></span> <span class='ocrx_word' id='word_1_842' title='bbox 2986 5288 3161 5360; x_wconf 84' lang='lat' dir='ltr'><strong>rugiet</strong></span> <span class='ocrx_word' id='word_1_843' title='bbox 3214 5289 3299 5345; x_wconf 91' lang='lat' dir='ltr'><strong>leo</strong></span> <span class='ocrx_word' id='word_1_844' title='bbox 3347 5288 3401 5344; x_wconf 90' lang='lat' dir='ltr'><strong>in</strong></span> <span class='ocrx_word' id='word_1_845' title='bbox 3443 5290 3612 5358; x_wconf 87' lang='lat' dir='ltr'><strong>saltu,</strong></span> <span class='ocrx_word' id='word_1_846' title='bbox 3654 5289 3776 5352; x_wconf 66' lang='lat' dir='ltr'><strong>nisi,</strong></span> 
     </span>
    </p>
   </div>
   <div class='ocr_carea' id='block_1_113' title="bbox 2179 5380 3750 5455">
    <p class='ocr_par' dir='ltr' id='par_1_113' title="bbox 2179 5380 3750 5455">
     <span class='ocr_line' id='line_1_113' title="bbox 2179 5380 3750 5455; baseline 0.002 -23"><span class='ocrx_word' id='word_1_847' title='bbox 2179 5397 2198 5432; x_wconf 85' lang='grc'><strong><em>‹</em></strong></span> <span class='ocrx_word' id='word_1_848' title='bbox 2237 5381 2490 5435; x_wconf 83' lang='lat' dir='ltr'><strong>habuerit</strong></span> <span class='ocrx_word' id='word_1_849' title='bbox 2519 5382 2790 5452; x_wconf 69' lang='lat' dir='ltr'><strong>praedam?</strong></span> <span class='ocrx_word' id='word_1_850' title='bbox 2827 5402 2845 5435; x_wconf 75' lang='grc' dir='ltr'>ι</span> <span class='ocrx_word' id='word_1_851' title='bbox 2883 5380 2987 5436; x_wconf 86' lang='lat' dir='ltr'><strong>Leo</strong></span> <span class='ocrx_word' id='word_1_852' title='bbox 3029 5382 3081 5435; x_wconf 84' lang='lat' dir='ltr'><strong>in</strong></span> <span class='ocrx_word' id='word_1_853' title='bbox 3126 5381 3266 5435; x_wconf 82' lang='lat' dir='ltr'><strong>saltu</strong></span> <span class='ocrx_word' id='word_1_854' title='bbox 3311 5399 3415 5438; x_wconf 92' lang='lat' dir='ltr'><strong>non</strong></span> <span class='ocrx_word' id='word_1_855' title='bbox 3451 5385 3617 5455; x_wconf 85' lang='lat' dir='ltr'><strong>rugit,</strong></span> <span class='ocrx_word' id='word_1_856' title='bbox 3659 5381 3750 5438; x_wconf 75' lang='lat' dir='ltr'><strong>uisi</strong></span> 
     </span>
    </p>
   </div>
   <div class='ocr_carea' id='block_1_114' title="bbox 2173 5473 3749 5546">
    <p class='ocr_par' dir='ltr' id='par_1_114' title="bbox 2173 5473 3749 5546">
     <span class='ocr_line' id='line_1_114' title="bbox 2173 5473 3749 5546; baseline 0.001 -20"><span class='ocrx_word' id='word_1_857' title='bbox 2173 5474 2408 5546; x_wconf 75' lang='lat' dir='ltr'><strong>prwdum</strong></span> <span class='ocrx_word' id='word_1_858' title='bbox 2465 5473 2692 5538; x_wconf 81' lang='lat' dir='ltr'><strong>habent,</strong></span> <span class='ocrx_word' id='word_1_859' title='bbox 2739 5475 2862 5544; x_wconf 89' lang='lat' dir='ltr'><strong>quia</strong></span> <span class='ocrx_word' id='word_1_860' title='bbox 2904 5474 3152 5528; x_wconf 87' lang='lat' dir='ltr'><strong>diabolus</strong></span> <span class='ocrx_word' id='word_1_861' title='bbox 3198 5474 3249 5528; x_wconf 90' lang='lat' dir='ltr'><strong>in</strong></span> <span class='ocrx_word' id='word_1_862' title='bbox 3287 5476 3483 5542; x_wconf 81' lang='lat' dir='ltr'><strong>corde,</strong></span> <span class='ocrx_word' id='word_1_863' title='bbox 3518 5495 3548 5531; x_wconf 91' lang='lat' dir='ltr'><strong>a</strong></span> <span class='ocrx_word' id='word_1_864' title='bbox 3581 5475 3749 5532; x_wconf 58' lang='lat' dir='ltr'><strong>saeculi</strong></span> 
     </span>
    </p>
   </div>
   <div class='ocr_carea' id='block_1_115' title="bbox 2167 5565 3772 5636">
    <p class='ocr_par' dir='ltr' id='par_1_115' title="bbox 2167 5565 3772 5636">
     <span class='ocr_line' id='line_1_115' title="bbox 2167 5565 3772 5636; baseline 0.001 -16"><span class='ocrx_word' id='word_1_865' title='bbox 2167 5565 2281 5636; x_wconf 87' lang='lat' dir='ltr'><strong>jam</strong></span> <span class='ocrx_word' id='word_1_866' title='bbox 2311 5581 2496 5622; x_wconf 88' lang='lat' dir='ltr'><strong>amore</strong></span> <span class='ocrx_word' id='word_1_867' title='bbox 2536 5568 2782 5632; x_wconf 86' lang='lat' dir='ltr'><strong>deserto,</strong></span> <span class='ocrx_word' id='word_1_868' title='bbox 2834 5581 3176 5636; x_wconf 59' lang='lat' dir='ltr'><strong>nequaquam</strong></span> <span class='ocrx_word' id='word_1_869' title='bbox 3211 5568 3484 5622; x_wconf 82' lang='lat' dir='ltr'><strong>fremitum</strong></span> <span class='ocrx_word' id='word_1_870' title='bbox 3536 5569 3772 5632; x_wconf 83' lang='lat' dir='ltr'><strong>alicujus.</strong></span> 
     </span>
    </p>
   </div>
   <div class='ocr_carea' id='block_1_116' title="bbox 2178 5657 3750 5723">
    <p class='ocr_par' dir='ltr' id='par_1_116' title="bbox 2178 5657 3750 5723">
     <span class='ocr_line' id='line_1_116' title="bbox 2178 5657 3750 5723; baseline 0 -11"><span class='ocrx_word' id='word_1_871' title='bbox 2178 5658 2490 5712; x_wconf 87' lang='lat' dir='ltr'><strong>tentationis</strong></span> <span class='ocrx_word' id='word_1_872' title='bbox 2521 5658 2752 5723; x_wconf 89' lang='lat' dir='ltr'><strong>emittit,</strong></span> <span class='ocrx_word' id='word_1_873' title='bbox 2784 5658 2885 5712; x_wconf 89' lang='lat' dir='ltr'><strong>nisi</strong></span> <span class='ocrx_word' id='word_1_874' title='bbox 2914 5657 3252 5712; x_wconf 78' lang='lat' dir='ltr'><strong>occasionem</strong></span> <span class='ocrx_word' id='word_1_875' title='bbox 3293 5658 3631 5715; x_wconf 89' lang='lat' dir='ltr'><strong>lentitudinis</strong></span> <span class='ocrx_word' id='word_1_876' title='bbox 3664 5661 3750 5714; x_wconf 89' lang='lat' dir='ltr'><strong>bu-</strong></span> 
     </span>
    </p>
   </div>
   <div class='ocr_carea' id='block_1_117' title="bbox 2175 5750 3752 5821">
    <p class='ocr_par' dir='ltr' id='par_1_117' title="bbox 2175 5750 3752 5821">
     <span class='ocr_line' id='line_1_117' title="bbox 2175 5750 3752 5821; baseline 0.002 -12"><span class='ocrx_word' id='word_1_877' title='bbox 2175 5767 2390 5821; x_wconf 71' lang='lat' dir='ltr'><strong>manze,</strong></span> <span class='ocrx_word' id='word_1_878' title='bbox 2435 5752 2523 5808; x_wconf 91' lang='lat' dir='ltr'><strong>cui</strong></span> <span class='ocrx_word' id='word_1_879' title='bbox 2559 5751 2864 5818; x_wconf 90' lang='lat' dir='ltr'><strong>insidietur,</strong></span> <span class='ocrx_word' id='word_1_880' title='bbox 2899 5751 3156 5809; x_wconf 88' lang='lat' dir='ltr'><strong>inveniat.</strong></span> <span class='ocrx_word' id='word_1_881' title='bbox 3202 5750 3354 5810; x_wconf 88' lang='lat' dir='ltr'><strong>Unde</strong></span> <span class='ocrx_word' id='word_1_882' title='bbox 3400 5755 3568 5816; x_wconf 87' lang='lat' dir='ltr'><strong>etiam</strong></span> <span class='ocrx_word' id='word_1_883' title='bbox 3617 5755 3752 5820; x_wconf 75' lang='lat' dir='ltr'><strong>illam</strong></span> 
     </span>
    </p>
   </div>
  </div>
