3952 6360
130 412 245 471 425

784 401 1246 462 TROPOLOGIIE
1278 396 1363 459 ιΝί
1388 394 1591 471 OSEE,
1618 400 1811 460 AMOS
1838 401 1927 458 ET
1948 401 2095 459 JER.
2122 395 2191 445 4-4-
2224 398 2355 459 LIB.
2396 400 2487 459 IV.
2514 400 2827 463 IN.AMOS.

3327 409 3435 464 426

133 535 239 591 Dei
265 541 326 588 et
367 526 605 586 hominis
647 522 1083 581 convenientiam
1121 522 1489 576 interturbare
1528 535 1739 592 przeva-
1767 522 1815 579 A
1842 533 1961 589 quae
1984 519 2415 577 indesinentibns
2435 522 2879 587 contenebratur,
2901 525 3194 577 secundum
3212 521 3437 597 Egypti

135 629 270 686 leat.
305 645 325 678 α
364 621 618 692 Nunquid
657 617 808 672 dabit
844 615 1055 673 catulus
1091 614 1260 669 leonis
1302 628 1491 669 vocem
1533 613 1602 668 de
1640 627 1736 668 cu-

143 738 168 775 σ
213 720 307 777 biti
340 734 466 783 suo,
500 714 603 769 nisi
649 709 855 781 aliquid
894 705 1354 779 apprelienderit?
1394 724 1413 757 ι
1446 704 1524 760 Ac
1555 704 1602 759 si
1656 703 1737 757 di-

134 822 233 869 cat
261 829 275 865 :
302 809 497 864 Mirum
540 820 650 859 non
693 812 777 859 est
812 800 859 857 si
908 798 1177 865 diabolus,
1212 813 1337 855 cum
1368 797 1439 853 sit
1480 796 1733 867 spiritus,

134 918 335 960 causas
387 902 440 957 in
493 898 651 955 nobis
699 893 1019 951 tentationis
1067 902 1387 964 aucupetur,
1419 906 1542 946 cum
1570 890 1735 945 etiam

133 995 349 1053 catulus
375 992 562 1059 leonis,
614 991 668 1046 id
694 997 801 1045 -est
850 986 995 1042 filius
1028 985 1254 1057 quilibet
1297 983 1519 1052 diaboli,
1565 998 1738 1038 vocem

133 1087 530 1160 subreptionis,
553 1099 657 1157 qua
686 1082 992 1153 quempiam
1016 1097 1046 1135 a
1062 1088 1212 1136 recto
1238 1078 1495 1134 diducere
1523 1075 1737 1141 nititur,

137 1201 170 1241 a
199 1182 366 1241 cubili
398 1180 582 1237 cordis
603 1220 619 1246 ,
650 1179 704 1234 in
736 1192 843 1247 quo
868 1175 973 1231 sub
998 1173 1213 1229 diabolo
1239 1180 1463 1228 auctore
1500 1174 1735 1236 fovetur,

137 1293 370 1337 exerere
410 1292 517 1332 non
546 1275 738 1340 audet,
783 1272 889 1328 nisi
922 1271 978 1326 in
1011 1285 1120 1341 quo
1147 1267 1507 1339 subdecipere
1534 1265 1734 1338 possit,

140 1388 241 1445 per
263 1370 610 1442 conjecturas
638 1369 791 1439 prius
818 1364 1083 1422 aestimet?

216 1464 382 1519 Vsas.
435 1462 489 1516 5.
519 1490 590 1502 —
645 1479 665 1512 ‹
698 1456 954 1526 Nunquid
999 1456 1160 1511 cadet
1210 1454 1327 1509 avis
1379 1452 1433 1507 in
1485 1452 1739 1521 laqueum

146 1573 168 1611 ι
217 1564 378 1612 terrae
421 1554 624 1624 absque
675 1547 919 1620 aucupe?
954 1567 973 1600 ι
1001 1546 1135 1602 Avis
1181 1545 1236 1601 in
1286 1545 1537 1614 laqueum
1582 1550 1742 1598 terrae

140 1647 347 1717 absque
374 1658 583 1715 aucupe
617 1656 726 1698 non
756 1639 924 1707 cadit,
954 1638 1081 1709 quia
1126 1651 1280 1693 mens
1320 1637 1512 1707 pennis
1556 1634 1739 1690 suble-

139 1749 262 1795 vata
296 1739 591 1803 virtutum,
636 1734 871 1792 terrenis
912 1732 1222 1788 nnllomodo
1256 1731 1505 1786 irretitur
1535 1728 1742 1784 allecti-

135 1829 262 1895 bus,
294 1828 399 1884 nisi
427 1826 733 1899 cujuspiam
783 1840 965 1895 pravae
1010 1823 1375 1895 suggestiouis
1428 1822 1484 1876 in
1526 1834 1737 1875 morem

137 1923 367 1993 aucupis
417 1894 693 1993 praecedat
746 1894 1056 1974 instinctus.
1092 1894 1131 1968 γέ
1163 1915 1416 1987 Nunquid
1461 1914 1743 1971 auferetur
1774 1894 1819 1949 Β

146 2032 164 2066 ι
212 2014 444 2085 laqueus
474 2012 541 2067 de
584 2020 731 2065 terra
770 2018 1060 2081 antequam
1092 2009 1220 2079 quid
1255 2007 1516 2079 coeperit?
1562 2026 1579 2058 ι
1627 2006 1736 2061 La-

142 2120 320 2175 queus
347 2107 413 2160 de
441 2113 586 2159 terra
617 2118 726 2158 non
764 2102 1009 2157 aufertur
1037 2110 1329 2172 antequam
1365 2100 1495 2171 quid
1521 2100 1737 2170 capiat,

145 2200 278 2271 quia
306 2198 374 2253 de
400 2212 630 2268 corpore
660 2205 850 2252 nostro
889 2196 1208 2252 tentationis
1248 2211 1354 2252 non
1383 2204 1563 2250 cessat
1584 2209 1741 2250 occa-

150 2292 255 2359 sio,
291 2292 461 2348 donec
490 2306 548 2347 se
586 2291 869 2347 diabolicae
903 2290 1292 2347 consultationi
1339 2289 1741 2345 substantivum

144 2380 425 2451 quidpiam
451 2397 597 2437 verae
628 2380 1032 2452 spiritualitatis
1062 2379 1304 2448 obiiciat.
1341 2380 1560 2451 Aliquid
1598 2380 1742 2435 enim

140 2474 292 2543 capit
334 2473 559 2544 laqueus
586 2516 600 2542 ,
658 2489 782 2530 cum
826 2474 969 2528 inter
1013 2473 1282 2529 vanitates
1326 2490 1465 2544 quas
1514 2474 1740 2546 ingerit,

139 2578 363 2635 semper
403 2564 543 2621 redit
592 2566 660 2619 ad
705 2565 947 2619 animum
984 2573 1204 2620 aeternae
1246 2566 1496 2621 veritatis
1546 2574 1742 2621 status.

137 2654 398 2726 Laqueus
421 2656 565 2710 enim
604 2664 827 2727 peccata
860 2665 1016 2723 sunt,
1044 2664 1100 2711 et
1139 2666 1359 2727 peccata
1404 2656 1541 2711 nihil
1579 2668 1740 2723 sunt,

137 2750 291 2805 unde
318 2750 458 2806 bona
482 2749 636 2819 quasi
667 2751 915 2820 quaedam
939 2750 1241 2806 substantia
1268 2758 1413 2807 sunt.
1436 2750 1588 2807 Unde
1618 2760 1700 2807 est
1726 2770 1740 2806 :

142 2862 163 2896 ι
201 2842 331 2899 Sine
368 2844 484 2912 ipso
509 2842 712 2897 factum
736 2852 822 2899 est
850 2843 925 2897 nil
960 2843 1143 2913 (Joan.
1176 2844 1321 2914 1,5).
1357 2864 1375 2896 ι

220 2933 386 2990 Vens.
411 2933 461 2990 6.
488 2965 561 2976 —
594 2952 613 2985 ‹
650 2933 707 2989 Si
735 2935 950 3006 clanget
982 2938 1109 2992 tuba
1141 2937 1195 2991 in
1226 2936 1469 3005 civitate,
1498 2946 1551 2993 et
1576 2953 1745 3009 popu-

145 3046 166 3079 ι
216 3027 299 3084 lus
347 3044 453 3083 non
503 3028 918 3100 expavescet?»
959 3027 1107 3083 Tuba
1158 3029 1212 3083 in
1255 3030 1463 3083 civitate
1508 3030 1741 3103 clangit,

141 3133 268 3174 cum
300 3119 599 3175 auctoritas
627 3118 823 3174 divinte
867 3117 1115 3173 veritatis
1153 3118 1206 3173 in
1249 3130 1429 3175 mente
1476 3120 1742 3190 procedit.

140 3209 296 3265 Hanc
337 3210 563 3282 populus
603 3210 948 3279 expavescit,
997 3211 1125 3280 quia
1162 3210 1551 3282 cogitationum
1594 3212 1740 3266 inso-

1838 627 2059 680 nomen,
2090 615 2379 684 angustiis,
2414 615 2679 681 auditum,
2714 614 2766 669 id
2795 622 2878 669 est
2906 614 3244 686 intelligibile
3270 618 3437 673 iacia—

1839 721 1959 760 mus
1977 708 2117 776 quod
2138 707 2383 777 sequitur
2407 725 2420 761 :
2451 726 2468 759 ι
2495 708 2933 779 Congrcgamini,
2960 728 2979 761 ι
3008 708 3206 780 inquit,
3230 730 3248 762 ί
3274 725 3434 782 super

1845 818 1863 851 α
1910 808 2123 854 montes
2175 799 2459 866 Samariae,
2505 808 2560 854 et
2614 799 2792 855 videte
2844 800 3084 856 insanias
3137 802 3336 856 inultas
3379 803 3435 857 in

1846 908 1867 942 ι
1913 890 2093 945 medio
2123 889 2274 959 ejus,
2311 899 2365 945 et
2409 889 2737 945 calumniam
2767 893 3036 962 patientes
3065 893 3115 948 in
3144 894 3437 962 penetrali-

1845 1001 1866 1036 ι
1910 984 2012 1038 bus
2037 982 2174 1053 ejus.
2214 1002 2232 1035 ι
2265 982 2438 1053 Super
2473 992 2671 1037 montes
2711 981 2971 1039 Samaria:
3008 1000 3324 1056 congregari
3351 985 3437 1055 ju-

1839 1075 2058 1143 bentur,
2091 1090 2213 1130 cum
2239 1090 2403 1144 super
2439 1073 2711 1129 fastuosas
2736 1076 3122 1144 conceptiones
3149 1077 3438 1134 exterioris

1841 1169 2122 1236 custodiae,
2153 1184 2274 1239 quae
2302 1166 2605 1239 hypocrisis
2625 1166 2948 1238 appellatur,
2981 1170 3439 1227 considerationis

1841 1262 2137 1317 eminentia
2161 1270 2423 1332 praestare
2447 1260 2646 1315 debere
2673 1270 2997 1325 monentur;
3023 1259 3268 1315 Samaria
3291 1263 3438 1316 enim

1842 1353 2084 1408 custodia
2129 1352 2351 1420 dicitur,
2382 1360 2442 1407 ut
2481 1352 2718 1407 insanias
2768 1350 2964 1405 multas
3010 1352 3065 1405 in
3113 1350 3229 1420 ejus
3270 1352 3439 1405 medio

1840 1443 2085 1509 videant,
2112 1442 2258 1498 aliud
2288 1442 2546 1497 nimirum
2574 1451 2753 1497 mente
2788 1441 3098 1507 intendere,
3138 1439 3281 1494 aliud
3309 1440 3442 1496 foris

1842 1535 1985 1593 velle
2020 1536 2226 1603 videri,
2266 1536 2321 1591 in
2364 1535 2557 1590 intima
2600 1535 2926 1591 discretione
2975 1535 3341 1605 perpendam;
3384 1541 3445 1590 et

1844 1631 1972 1701 quia
2000 1631 2130 1700 ips:e
2156 1631 2516 1702 cogitationes
2544 1629 2872 1685 calumniam
2900 1630 3002 1685 sibi
3028 1627 3288 1698 inferant,
3311 1628 3443 1685 dum

1846 1735 1905 1776 se
1927 1721 2141 1775 diversa
2184 1722 2254 1776 ab
2293 1721 2545 1788 invicem,
2570 1720 2815 1791 cogitare
2844 1722 3113 1775 mundana
3134 1762 3148 1787 ,
3181 1729 3236 1776 et
3260 1720 3444 1777 divina

1847 1810 2030 1867 facere
2056 1819 2301 1881 pensant.

1924 1900 2087 1957 Vsus.
2118 1903 2204 1957 10.
2233 1932 2304 1943 -
2337 1921 2355 1953 ‹
2386 1903 2454 1958 Et
2480 1902 2793 1959 nescierunt
2816 1902 3001 1960 facere
3030 1913 3239 1960 rectum
3265 1948 3280 1973 ,
3310 1905 3444 1963 dicit

1851 2015 1873 2047 ι
1920 1995 2203 2063 Dominus,
2242 1996 2681 2053 thesaurizantes
2718 1998 3093 2068 iniquitatem,
3129 2009 3184 2054 et
3225 2002 3443 2072 rapinas

1851 2105 1871 2137 ι
1917 2086 1971 2141 in
2002 2086 2209 2143 aedibus
2248 2088 2382 2144 suis.
2430 2108 2448 2140 ι
2491 2088 2703 2144 Rectum
2754 2091 2928 2160 facere
2980 2093 3259 2158 nesciunt,
3312 2093 3441 2162 quia

1843 2178 2233 2235 rectitudinem
2263 2196 2371 2251 qua
2401 2196 2467 2236 ex
2497 2181 2977 2253 quantulacunque
3010 2184 3220 2240 ratione
3248 2186 3444 2241 adver-

1844 2280 1989 2341 tunt,
2020 2274 2200 2330 facere
2227 2276 2589 2347 dedignantur
2609 2320 2623 2343 ,
2663 2278 2959 2334 secundum
2985 2278 3128 2348 quod
3178 2279 3440 2333 sentiunt.

1844 2365 2015 2423 Moris
2047 2367 2194 2422 enim
2234 2367 2534 2439 Seripturae
2570 2378 2654 2425 est
2682 2378 2742 2424 ut
2789 2371 2986 2425 nescire
3031 2386 3130 2442 pro
3170 2370 3445 2440 dedignari

1846 2469 2103 2530 ponatur,
2138 2469 2194 2516 et
2223 2461 2386 2516 etiam
2422 2477 2552 2519 usus
2591 2462 2845 2533 loquendi
2878 2464 3041 2520 habet
3068 2474 3126 2519 ut
3156 2466 3241 2519 vir
3270 2465 3445 2521 bonus

1847 2553 2014 2624 230
2038 2553 2256 2609 mentiri
2294 2556 2507 2612 nescire
2531 2557 2765 2613 dicatur.
2818 2556 3160 2629 Iniquitatem
3204 2560 3343 2627 sibi,
3396 2567 3445 2615 et

1845 2645 2064 2714 rapinas
2094 2646 2149 2699 in
2196 2646 2396 2701 aedibus
2434 2649 2543 2702 suis
2577 2649 2972 2718 tltesaurizant,
3012 2660 3071 2706 ut
3106 2652 3313 2709 scilicet
3342 2652 3447 2708 ini—

1848 2737 2112 2807 quitatem
2163 2739 2530 2796 simulationis
2571 2742 2698 2812 quia
2738 2742 2879 2800 .bene
2917 2745 3158 2813 faciunt,
3204 2758 3259 2802 ct
3304 2745 3446 2803 male

1848 2830 2162 2899 intendunt,
2189 2841 2244 2887 et
2285 2834 2505 2904 rapinas
2552 2835 2654 2891 sibi
2685 2836 2861 2892 laudis
2899 2838 3090 2895 aliena:
3121 2857 3219 2911 pro
3249 2856 3445 2912 magno

1843 2933 2138 2993 reponant.
2174 2924 2411 2980 Medium
2456 2934 2634 2982 autent
2667 2928 2816 2998 ejus,
2850 2938 2907 2985 et
2951 2933 3286 3001 penetralia,
3331 2934 3446 2991 sive

1852 3019 2019 3087 ardes,
2058 3018 2111 3074 id
2133 3027 2216 3075 est
2243 3020 2669 3089 conscientiam,
2700 3023 2907 3079 scilicet
2931 3026 3257 3096 significant.

1923 3110 2089 3168 Vens.
2122 3114 2212 3168 tl.
2235 3144 2305 3153 —
2336 3134 2355 3166 ι
2388 3112 2683 3184 Propterea
2702 3117 2817 3172 lizec
2837 3117 2969 3173 dicit
2990 3120 3253 3176 Dominus
3271 3121 3441 3178 Deus:

1856 3221 1875 3254 ς
1923 3203 2311 3273 Tribulabitur,
2344 3215 2401 3261 et
2426 3206 2727 3263 circuietur
2753 3219 2919 3277 terra,
2948 3221 3001 3267 et
3038 3214 3356 3269 detrahetur
3378 3231 3449 3271 ex

143 3301 315 3356 lentia
337 3270 605 3373 'ab'ipsius
631 3270 940 3374 cognitione
966 3270 1199 3372 diffugit.
1229 3270 1267 3354 vl
1309 3301 1364 3357 Si
1396 3304 1503 3358 erit
1540 3304 1744 3359 malum

1857 3313 1877 3346 ι
1926 3304 1978 3351 te
2002 3294 2263 3351 fortitudo
2292 3270 2407 3365 tua,
2437 3307 2492 3353 et
2527 3300 2857 3371 diripientur
2893 3270 3037 3358 aedes
3072 3316 3193 3360 tum.
3228 3325 3247 3358 ι
3293 3307 3448 3375 Quod

154 3407 174 3442 ι
204 3390 258 3443 in
286 3390 502 3446 civitate
530 3392 674 3461 quod
697 3393 961 3449 Dominus
989 3408 1095 3448 non
1125 3392 1257 3449 fecit
1286 3392 1410 3465 [al.,
1437 3394 1673 3467 fecerit].
1720 3415 1739 3448 ι

147 3481 349 3537 Malunt
383 3484 443 3538 fit
470 3484 521 3539 in
550 3485 786 3551 civitate,
823 3499 943 3540 cum
979 3485 1295 3541 tentationis
1330 3486 1744 3542 immoderantia

145 3585 401 3630 versatur
436 3575 491 3631 in
535 3577 774 3632 homine.
825 3575 939 3633 Hoc
972 3576 1174 3632 malum
1226 3579 1367 3633 Deus
1405 3577 1568 3647 facit,
1620 3594 1745 3634 cum

145 3669 233 3726 vel
274 3668 342 3723 ad
388 3670 797 3740 probationem,
848 3679 944 3727 aut
989 3686 1177 3727 casum
1220 3671 1337 3726 fieri
1383 3670 1747 3743 dispensative

143 3760 433 3833 permittit.

219 3854 385 3909 Vens.
418 3853 470 3908 7.
498 3885 570 3895 —
597 3874 614 3907 ι
651 3854 787 3923 Quia
820 3872 926 3913 non
957 3854 1122 3913 faciet
1155 3857 1414 3915 Dominus
1442 3860 1585 3916 Deus
1624 3876 1747 3918 ver-

153 3962 174 3998 ι
220 3946 371 4013 bum,
429 3946 534 4002 nisi
582 3948 905 4004 revelaverit
955 3960 1223 4005 secretum
1268 3965 1423 4005 suum
1464 3950 1531 4006 ad
1561 3967 1746 4007 servos

153 4054 176 4091 ι
220 4053 348 4093 suos
374 4040 691 4110 prophetas.
738 4060 756 4092 ι
804 4041 901 4096 Est
949 4057 1079 4113 ergo
1132 4058 1324 4099 sensus
1364 4060 1377 4097 :
1426 4043 1581 4099 Facit
1606 4044 1748 4101 Deus

148 4128 386 4196 malum,
420 4133 516 4187 sed
584 4132 764 4186 divina
805 4132 1128 4205 plerumque
1169 4135 1398 4189 intentio
1448 4136 1746 4206 patientem

150 4237 261 4277 non
293 4222 426 4277 latet
455 4223 724 4291 animum,
755 4224 833 4279 nil
869 4225 1013 4281 enim
1054 4226 1158 4281 tale
1203 4225 1258 4280 in
1309 4227 1645 4282 conscientia
1689 4227 1750 4282 fit

145 4315 412 4383 verbum,
475 4314 530 4370 id
576 4325 661 4371 est
691 4317 910 4373 ducitur
948 4318 1001 4372 in
1056 4315 1332 4385 effeCtum,
1371 4317 1526 4388 cujus
1571 4333 1748 4374 causa:

148 4406 510 4478 providentiis
540 4408 742 4464 nostris
788 4424 897 4464 non
953 4408 1069 4479 ipse
1121 4408 1323 4465 reveiet
1372 4425 1653 4467 arcanum.
1689 4410 1747 4466 ln

151 4497 259 4553 hoc
287 4496 430 4552 enim
454 4498 806 4568 prophetant,
839 4499 980 4570 quod
1012 4499 1060 4554 ei
1086 4498 1295 4555 servire
1318 4515 1414 4555 sua
1438 4501 1749 4571 provisione

153 4588 478 4644 deliberant.

231 4679 393 4736 Vens.
429 4678 479 4735 8.
506 4708 578 4721 —-
627 4698 646 4733 ι
692 4679 802 4737 Leo
831 4681 1026 4752 rugiet,
1057 4682 1180 4754 quis
1218 4696 1325 4738 non
1372 4682 1620 4739 timebit?
1649 4683 1753 4739 Do-

161 4790 183 4823 ‹
228 4771 404 4826 minus
433 4771 573 4829 Deus
615 4772 828 4830 locutus
855 4782 965 4843 est,
1002 4774 1125 4846 quis
1152 4791 1260 4831 non
1303 4775 1682 4847 prophetabit?
1726 4797 1745 4832 ι

154 4861 224 4915 Et
250 4870 332 4917 est
362 4863 542 4920 dicere
579 4881 592 4918 :
634 4864 891 4921 Diabolus
936 4881 1057 4920 cum
1092 4865 1163 4921 sit
1205 4875 1366 4922 tantae
1415 4867 1751 4936 subtilitatis,

154 4962 361 5021 quanto
386 4954 774 5025 spiritualioris
802 4957 1088 5026 potentiae,
1131 4958 1246 5029 ipse
1282 4959 1560 5017 nimietate
1584 4960 1758 5016 avidi-

157 5044 285 5097 tatis
328 5045 545 5115 irrugit,
600 5047 723 5119 quis
769 5064 934 5104 carne
979 5051 1308 5121 praepeditus
1355 5052 1588 5109 humana
1646 5069 1753 5110 non

153 5133 513 5191 extimescat?
544 5138 803 5193 Dominus
842 5139 983 5194 Deus
1010 5153 1108 5210 per
1137 5141 1444 5213 apostolum
1490 5158 1648 5199 suum
1679 5144 1761 5200 lo-

153 5234 319 5281 cutus
359 5237 444 5282 est
490 5247 504 5284 :
555 5247 572 5281 ‹
610 5230 869 5286 Resistite
910 5232 1145 5300 diabolo,
1196 5241 1251 5289 et
1302 5232 1472 5305 fugiet
1516 5252 1547 5291 a
1604 5239 1757 5294 vobis

156 5314 307 5388 (Jac.
340 5334 415 5386 ιν,
447 5319 503 5392 7)
534 5338 548 5374 :
591 5340 608 5373 ι
640 5322 762 5391 quis
789 5337 895 5377 non
933 5324 1001 5379 ad
1030 5323 1134 5378 hoc
1163 5323 1561 5393 providentiam
1610 5328 1761 5382 adhi-

156 5412 342 5469 bebit?
370 5414 557 5486 (Vens.
591 5416 670 5488 9.)
700 5435 718 5468 t
752 5417 1008 5473 Auditum
1040 5418 1205 5475 facite
1240 5418 1295 5473 in
1334 5417 1540 5475 aedibus
1578 5421 1753 5489 Azoti,

166 5527 188 5561 ι
237 5518 292 5565 et
330 5511 383 5565 in
430 5512 637 5568 aedibus
675 5522 833 5568 terrae
862 5512 1101 5586 Aﬁgypti.
1143 5533 1162 5567 ι
1199 5513 1404 5570 Azotus
1435 5513 1759 5586 interpreta-

161 5611 253 5657 tur
280 5603 599 5659 incendium.
632 5604 813 5663 Monet
852 5616 1037 5663 noster
1069 5623 1165 5664 vos
1209 5608 1310 5664 sub
1357 5622 1608 5665 sermone
1636 5625 1761 5680 pro-

158 5695 384 5768 phetico
438 5697 762 5767 intellectus,
804 5711 857 5755 ut
910 5703 967 5755 in
998 5702 1199 5757 atdibus
1251 5702 1428 5769 Azoti,
1476 5702 1527 5756 id
1574 5712 1657 5758 est
1705 5705 1758 5760 in

160 5790 537 5860 corporalibus
574 5793 833 5848 membris
869 5795 1092 5863 nostris,
1122 5811 1242 5866 qua:
1274 5796 1557 5852 continuis
1595 5812 1761 5851 urun-

166 5894 255 5941 tur
305 5885 612 5952 desideriis,
645 5894 699 5939 et
737 5886 790 5940 in
833 5888 1102 5944 universis
1144 5889 1486 5948 conscientize
1525 5891 1757 5963 angulis,

571 6008 846 6069 ΡΑΊιιοι.
888 6004 1097 6070 CLVI.

1849 3394 1956 3453 est,
1982 3401 2049 3441 ex
2078 3388 2249 3458 ipsius
2289 3390 2520 3447 rationis
2553 3394 2826 3449 sententia
2861 3396 3045 3452 dicere
3079 3416 3091 3451 :
3124 3398 3329 3466 Multis,
3365 3401 3449 3457 in-

1851 3492 2046 3547 quam,
2082 3480 2548 3550 tribulationibus,
2597 3484 2970 3556 abstinentite,
3002 3498 3056 3544 et
3105 3489 3445 3561 vigiliarum,

1852 3578 2285 3643 caeterorumque
2317 3574 2604 3645 malorum,
2634 3592 2756 3647 quae
2777 3579 2880 3634 sibi
2911 3581 3208 3651 hypocrita:
3244 3583 3449 3641 inferre
3490 3634 3491 3637 η

1850 3663 2027 3719 solent
2068 3665 2343 3732 crucibus,
2391 3674 2539 3723 terra
2595 3683 2885 3740 corporum
2930 3672 3167 3742 ipsorum
3208 3674 3449 3732 obstderi

1850 3759 2074 3829 poterit,
2106 3758 2203 3814 sed
2230 3758 2492 3816 fortitudo
2521 3762 2751 3818 interior
2772 3764 2840 3818 ad
2866 3764 3079 3820 favores
3104 3766 3449 3825 extrinsecos

1850 3853 2081 3908 tendens
2111 3852 2322 3908 detrahi
2362 3868 2469 3908 non
2500 3854 2734 3921 desistit,
2771 3865 2825 3911 et
2854 3856 3118 3928 quid'quid
3150 3858 3204 3913 in
3241 3860 3448 3918 aedibus

1853 3945 2161 3999 continetur
2188 3945 2474 4012 mentium,
2503 3945 2680 4003 laudis
2706 3962 2856 4003 amor
2885 3950 3089 4021 diripit.

1928 4038 2091 4092 Vsus.
2128 4039 2215 4092 12.
2247 4065 2319 4079 --
2351 4058 2370 4090 ι
2410 4038 2537 4095 Haec
2574 4040 2705 4097 dicit
2753 4041 3054 4099 Dominus:
3090 4044 3371 4112 Quomodo
3401 4047 3449 4103 si

1861 4146 1879 4180 t
1925 4137 2082 4184 eruat
2106 4139 2293 4201 pastor
2318 4131 2385 4186 de
2423 4146 2519 4186 ore
2546 4131 2719 4187 leonis
2748 4133 2853 4189 duo
2893 4151 3091 4204 crura,
3129 4147 3224 4193 aut
3266 4148 3449 4198 extre-

1861 4238 1879 4272 i
1926 4236 2072 4275 mum
2103 4221 2359 4276 auricula:
2385 4237 2399 4288 ;
2429 4222 2511 4277 sic
2538 4232 2799 4279 eruentur
2822 4225 2917 4282 ﬁlii
2948 4227 3144 4296 Israel,
3169 4229 3263 4299 qui
3294 4230 3449 4286 habi-

1859 4334 1877 4365 ι
1926 4321 2045 4370 tant
2079 4314 2135 4369 in
2168 4312 2514 4380 Samaria,et
2542 4314 2598 4369 in
2625 4316 2784 4387 plaga
2806 4315 2989 4372 lectuli
3017 4328 3071 4373 et
3100 4320 3154 4373 in
3182 4321 3449 4378 Damasco

1861 4424 1880 4458 ι
1929 4406 2142 4477 grabati
2192 4403 2590 4477 [at.,Damasei
2636 4408 2906 4479 grabato].
2958 4428 2978 4462 ι
3036 4411 3152 4468 Duo
3181 4427 3340 4468 crura
3381 4416 3450 4471 de

1853 4512 1952 4554 ore
1972 4497 2147 4554 leonis
2168 4507 2355 4568 pastor
2381 4498 2545 4565 eruit,
2574 4514 2700 4553 cum
2726 4500 3103 4558 extremitates
3130 4519 3267 4573 quas
3289 4506 3343 4560 in
3369 4505 3449 4563 fa-

1856 4603 2046 4644 vorum
2069 4587 2338 4643 desiderio
2367 4588 2664 4658 bypocritae
2686 4589 2990 4646 habuerant
3008 4592 3365 4667 voluptatum,
3381 4599 3451 4656 de

1858 4680 2058 4736 diaboli
2083 4695 2179 4735 ore
2208 4689 2397 4750 pastor
2423 4680 2657 4737 interior
2682 4681 2828 4738 Deus
2858 4685 3067 4742 eximit.
3094 4687 3449 4748 Solenteuim

1859 4776 1986 4832 dum
2016 4777 2096 4832 eis
2120 4775 2264 4846 quod
2286 4777 2683 4847 concupiscunt
2706 4793 2815 4833 non
2843 4782 3109 4851 suppetit,
3141 4784 3207 4839 ad
3248 4784 3449 4842 lineam

1860 4870 2079 4927 tandem
2119 4870 2437 4926 intentionis
2479 4882 2643 4927 rectae
2694 4875 2917 4931 reverti.
2956 4874 3267 4931 Extremum
3309 4881 3452 4933 auri-

1816 5010 1823 5019 .
1859 4963 1992 5019 culte
2022 4971 2127 5032 est,
2149 4962 2333 5034 aliqua
2369 4964 2671 5035 particula,
2703 4965 2790 5022 vel
2838 4968 3063 5023 minima
3106 4970 3342 5025 sanioris
3367 4970 3450 5024 in-

1862 5054 2195 5126 telligentiae.
2230 5055 2324 5111 Sic
2354 5055 2455 5125 ﬁlii
2484 5055 2657 5112 Israel
2692 5059 2784 5129 qui
2820 5059 3058 5114 habitant
3099 5062 3154 5113 in
3201 5058 3449 5116 Samaria

1860 5158 2144 5215 eruuntur,
2192 5148 2319 5205 dum
2355 5150 2436 5206 eis
2473 5159 2567 5206 aut
2612 5152 2845 5222 proprize
2892 5151 3201 5206 ambitionis
3240 5152 3449 5209 fructus

1861 5242 2137 5309 adimitur,
2191 5251 2285 5297 aut
2335 5242 2555 5314 aliquod
2600 5243 2957 5299 seminarium
2996 5242 3167 5298 divmi
3209 5243 3446 5315 eloquii,

1861 5335 2016 5405 quasi
2051 5350 2159 5406 qua
2217 5334 2557 5391 recalescaut
2603 5334 2839 5391 scintilla
2880 5333 3225 5403 relinquitur.
3275 5335 3448 5394 Israel

1860 5424 1961 5493 ﬁlii
1982 5434 2163 5481 motus
2190 5431 2319 5480 sunt
2349 5424 2415 5479 ad
2445 5424 2615 5479 Deum
2642 5424 2972 5490 directanei;
3026 5423 3273 5481 Samaria
3318 5444 3450 5484 vero

1861 5521 2122 5585 exterior,
2148 5528 2329 5592 spreta
2352 5518 2631 5586 interiori,
2664 5520 2928 5576 custodia.
2963 5519 3240 5577 Eruuntur
3267 5534 3449 5582 autem

1862 5616 1916 5668 in
1947 5615 2123 5684 plaga,
2156 5616 2208 5670 id
2230 5623 2311 5670 est
2339 5614 2393 5669 in
2418 5613 2639 5683 regione
2666 5612 2869 5684 lectuli,
2904 5615 2993 5673 ubi
3018 5616 3270 5674 videlicet
3297 5634 3451 5675 mens

1863 5718 2051 5760 eorum
2088 5706 2299 5776 potiora
2332 5706 2675 5761 inventuram
2702 5721 2760 5763 se
2795 5709 3019 5778 putabat
3053 5708 3289 5766 fomenta
3322 5727 3445 5781 pec-

1812 5838 1817 5843 μ
1864 5799 1995 5855 cati.
2026 5800 2191 5872 Plaga
2220 5812 2349 5873 ergo
2380 5799 2561 5856 lectuli
2602 5800 2979 5858 diverticulum
3008 5810 3125 5871 est,
3176 5803 3229 5857 in
3268 5812 3449 5859 mente

1868 5895 2157 5956 intendens
2187 5896 2439 5954 humanae
2466 5895 2634 5965 laudi,
2656 5912 2721 5954 ac
2750 5896 2794 5953 si
2827 5897 2979 5955 locus
2999 5898 3225 5971 requiei.
3256 5898 3439 5954 Dama-

2771 6005 2845 6068 14
