3998 6326
559 384 668 442 427
1347 339 1426 434 νβ
1451 378 1778 435 GUIBERTI
1801 379 2096 472 ABBaTlS
2133 381 2192 436 S.
2227 379 2472 437 MABIZE
2509 382 2600 437 DE
2638 381 3034 441 NOVIGENTO
3733 394 3829 451 428

558 517 687 560 scus
718 501 899 556 oculus
928 499 1200 569 sanguinis
1225 497 1442 551 dicitur.
1471 496 1520 550 ls
1549 496 1849 550 Damascus
1878 496 2032 566 quasi
2062 511 2161 565 pro
2189 504 2239 560 Α
2271 506 2383 551 tum
2427 507 2681 563 revocat,
2712 507 2770 552 ut
2801 499 3004 554 veritas
3033 499 3241 555 scilicet
3276 501 3515 570 ipsorum
3549 504 3666 559 vitae
3694 517 3828 574 pate-

558 594 788 666 grabato
835 592 1090 656 habetur,
1124 604 1246 642 cum
1280 603 1446 658 prava
1492 589 1724 643 intentio
1754 589 1919 644 etiam
1953 604 2049 659 spe
2079 589 2163 643 in-
2266 601 2404 644 seat.
2451 581 2574 645 Dies
2621 608 2778 661 super
2830 607 2924 646 eos
2975 592 3231 659 veniunt,
3283 610 3405 648 cum
3455 595 3828 656 dcclarationcs

565 687 783 741 terdum
807 683 943 737 falsa
966 683 1200 736 miseros
1233 681 1473 736 mulcere
1495 682 1730 736 videtur.
2265 697 2455 737 eorum
2488 683 2717 738 occulta:
2745 684 3031 752 pravitatis
3069 685 3202 755 ipsis
3246 697 3551 742 occurrunt.
3578 688 3643 744 In
3678 695 3827 748 comis

632 777 795 830 Vsus.
841 774 942 841 15,
979 774 1065 828 14.
1119 801 1192 816 --
1242 792 1260 824 ι
1298 773 1500 828 Audite
1555 782 1608 829 et
1661 775 2042 830 contestamini
2103 777 2158 830 in
2263 775 2722 842 elevantur,cum
2753 779 2855 832 sub
2900 777 3070 833 dubio
3111 779 3377 848 superbia:
3403 791 3544 835 statu
3575 782 3825 840 feruntur.

561 888 579 920 ι
631 870 792 922 domo
844 866 1045 934 Jacob,
1101 867 1232 922 dicit
1272 867 1534 921 Dominus
1591 867 1734 922 Deus
1791 869 2153 936 exercituum,
2263 867 2364 932 Qui
2393 867 2539 922 enim
2568 868 2619 922 in
2645 877 2807 922 conto
2842 867 3071 936 insidet,
3103 885 3375 939 nunquam
3410 871 3633 927 iii-initer
3658 875 3825 930 lueret.

559 978 578 1011 ι
623 961 750 1030 quia
780 961 833 1014 in
863 960 951 1014 die
985 974 1111 1014 cum
1149 959 1374 1013 visitare
1419 973 1635 1028 coepero
1683 961 2156 1029 praevaricationes
2261 957 2470 1012 [trellis
2516 958 2834 1027 ferventibus
2880 959 3122 1030 reliquize
3149 962 3448 1030 elevantur,
3481 979 3598 1018 cum
3622 981 3828 1020 sensua-

557 1071 576 1104 ε
625 1052 812 1119 Israel,
836 1068 998 1122 super
1027 1067 1151 1106 cum
1181 1052 1433 1117 visitabo,
1459 1060 1513 1106 et
1537 1067 1698 1122 super
1725 1052 1912 1106 altaria
1942 1053 2152 1121 Bethel,
2261 1051 2386 1106 litas
2419 1061 2528 1105 tota
2555 1067 2650 1121 per
2673 1052 3143 1122 concupiscendus
3171 1055 3600 1124 excandescens,
3631 1074 3694 1113 ex
3718 1076 3828 1130 0pc-

562 1163 582 1197 ι
629 1154 684 1200 et
714 1147 1141 1214 amputabuntur
1169 1160 1368 1198 cornua
1400 1144 1610 1210 altaris,
1652 1154 1706 1198 et
1731 1146 2001 1200 cadentin
2045 1154 2154 1200 ter-
2262 1143 2337 1199 ris
2397 1143 2590 1199 nefarii
2654 1146 3035 1214 prosecutione
3077 1146 3345 1218 vulgatur.
3405 1147 3659 1219 Reliquiae
3701 1156 3826 1208 enim

557 1259 577 1290 ε
627 1254 765 1292 ram.
803 1258 821 1290 ι
867 1236 1046 1292 Monet.
1103 1253 1234 1308 ergo
1279 1253 1375 1293 cos
1423 1253 1604 1292 sermo
1651 1239 2041 1308 propheticus,
2093 1248 2154 1294 ut
2258 1251 2358 1306 pro
2381 1234 2641 1306 operibus
2691 1237 2816 1306 poni
2868 1236 3076 1305 solent,
3105 1239 3259 1312 iquia
3308 1239 3494 1310 utique
3542 1242 3824 1312 cogitationi

555 1330 818 1395 audiant,
853 1331 908 1384 id
934 1341 1018 1384 est
1045 1329 1371 1398 intelligant,
1397 1337 1452 1382 et
1477 1329 1617 1383 docti
1654 1343 1722 1382 ex
1753 1329 2067 1394 auditione,
2095 1338 2151 1384 et
2258 1336 2594 1398 superstant,
2622 1337 2680 1382 ut
2707 1338 2790 1382 est
2825 1347 2837 1381 :
2876 1348 2894 1381 ‹
2928 1311 3189 1400 Reliquiae
3220 1332 3564 1401 cogitationis
3596 1311 3729 1389 dicm
3759 1335 3825 1390 fe-

552 1423 691 1479 alios
717 1422 1010 1478 contestari
1037 1437 1142 1476 non
1172 1422 1463 1493 negligant.
1511 1421 1577 1474 Et
1607 1421 1708 1476 hoc
1736 1421 1861 1474 dicit
1895 1421 2149 1476 Dominus
2201 1433 2208 1439 '
2257 1429 2402 1476 stum
2421 1431 2587 1492 agent
2616 1422 2711 1478 tibi
2741 1419 2915 1493 (Ρεαι.
2939 1439 3100 1491 Lxxv,
3131 1423 3240 1494 1-1).
3263 1445 3284 1478 ι
3316 1423 3445 1479 Nota
3475 1427 3613 1494 quod
3638 1427 3744 1496 jam
3771 1430 3827 1484 ad

549 1518 907 1582 exercituum,
949 1530 1012 1570 ac
1052 1514 1097 1569 si
1128 1514 1372 1568 diceret:
1414 1515 1499 1568 cui
1539 1513 1683 1568 nulla
1718 1514 1899 1583 inopia
1943 1513 2148 1568 suberit
2255 1513 2577 1569 femininum
2604 1530 2773 1585 genus
2802 1525 3064 1584 transeat,
3113 1526 3173 1572 ut
3213 1531 3306 1572 eos
3347 1533 3377 1571 a
3410 1517 3591 1588 vigore
3626 1518 3826 1587 justitia:

549 1610 618 1664 ad
643 1608 850 1663 facinus
875 1607 1267 1674 ulciscendum,
1303 1608 1429 1677 quia
1449 1649 1464 1674 ,
1495 1607 1703 1677 inquit,
1737 1607 1789 1662 in
1824 1608 1930 1674 die,
1962 1607 2014 1662 in
2041 1623 2150 1661 Iua-
2254 1606 2592 1663 effeminatos
2629 1610 2898 1664 ostendat.
2927 1607 3033 1663 Per
3064 1622 3338 1678 aperturas
3367 1611 3536 1665 altera
3563 1623 3733 1666 contra
3759 1612 3826 1666 al-

546 1699 743 1756 nifesta
771 1699 983 1755 scilicet
1011 1699 1246 1766 ultione,
1281 1714 1404 1752 cum
1432 1699 1645 1768 aperire
1678 1714 1898 1769 cmpero
1925 1697 2149 1753 simula-
2253 1711 2420 1756 teram
2469 1712 2699 1771 exeunt,
2743 1720 2865 1759 cum
2908 1704 3283 1761 fatiscentibus
3327 1706 3677 1776 petulantium
3722 1724 3824 1763 sen-

548 1794 711 1850 tionis
735 1809 923 1849 eorum
957 1793 1160 1859 fucum,
1189 1807 1351 1862 super
1377 1793 1569 1846 altaria
1594 1793 1801 1859 Bethel,
1832 1793 1976 1864 quod
2013 1792 2146 1848 dici-
2180 1861 2222 1868 _
2253 1807 2413 1848 suum
2460 1794 2581 1849 ollis
2606 1836 2621 1862 ,
2657 1806 2844 1849 mutuo
2884 1795 3256 1866 detegentibus
3305 1811 3426 1852 sese
3483 1799 3733 1868 nequitiis
3776 1799 3823 1856 in

545 1897 638 1944 tur
664 1884 854 1942 domus
881 1887 1000 1954 Dei,
1035 1887 1084 1940 id
1112 1896 1196 1941 est
1225 1901 1388 1956 super
1413 1887 1688 1955 proposita
1720 1903 1930 1953 eorum,
1959 1886 2051 1956 qui
2088 1902 2149 1941 se
2177 1861 2226 1920 Β
2255 1888 2582 1959 ignominias
2627 1897 2915 1959 proruunt.
2972 1889 3151 1944 Altera
3205 1900 3386 1944 contra
3439 1890 3656 1946 alteram
3699 1893 3821 1959 exit,

544 1982 693 2036 credi
725 1980 968 2050 gestiunt
1001 1980 1160 2051 vulgo
1194 1979 1391 2050 templa
1430 1979 1558 2046 Dei,
1590 1980 1839 2044 visitabo,
1875 1980 1925 2034 id
1949 1989 2032 2034 est
2059 1981 2146 2050 ju-
2255 1995 2378 2034 cum
2438 1980 2828 2050 turpitudinem
2878 1980 3152 2050 propriam
3207 1979 3365 2035 alteri
3417 1981 3697 2036 videndam
3741 1998 3820 2036 ex-

545 2074 815 2129 diciali-ter
864 2075 1110 2128 crebrius
1173 2073 1505 2139 imminebo,
1569 2074 1642 2127 ita
1693 2082 1753 2127 ut
1796 2081 2148 2143 amputentur
2250 2072 2426 2143 ponit.
2456 2071 2749 2126 IuArmon
2780 2087 2994 2142 quoque
3027 2071 3417 2141 projiciuntur,
3462 2088 3584 2126 cum
3633 2073 3694 2127 de
3734 2073 3822 2128 cri-

542 2167 728 2221 altaris
775 2184 1008 2233 cornua,
1061 2167 1111 2220 id
1160 2175 1246 2221 est
1295 2163 1530 2236 palliata:
1589 2165 1846 2235 nequitiae
1905 2165 2145 2221 fastuosa
2251 2165 2399 2219 mine
2421 2173 2698 2220 sumentes
2723 2165 3120 2231 audaciam,de
3140 2165 3252 2220 suis
3272 2165 3437 2219 etiam
3465 2164 3624 2220 fmdis
3643 2167 3822 2220 actibus

539 2255 792 2328 fastigia;
831 2267 876 2310 et
939 2258 994 2309 in
1045 2266 1240 2310 terram
1283 2256 1516 2322 cadant,
1561 2256 1889 2311 omnimoda:
1937 2255 2146 2310 scilicet
2251 2257 2602 2322 extolluntur,
2637 2255 2924 2326 dejiciendi
2956 2267 3135 2312 tamen
3169 2256 3326 2327 juxta
3356 2258 3628 2327 psalmum
3654 2261 3702 2312 in
3731 2260 3818 2313 ima

539 2349 882 2420 vilipensioni
932 2358 1174 2420 pateant.
1244 2349 1429 2402 Altare
1475 2348 1619 2402 enim
1676 2349 1975 2420 hypocrita:
2027 2355 2140 2415 est,
2250 2363 2445 2404 sensus
2498 2349 2739 2418 reprobi,
2781 2350 2908 2403 dum
2951 2350 3254 2405 allevantur
3291 2349 3467 2420 (Psal.
3502 2350 3818 2422 Lxxtt,l8);

538 2443 802 2512 quidquid
829 2442 880 2495 in
903 2457 1003 2496 suo
1024 2440 1204 2496 studio
1228 2441 1522 2511 spectabile
1549 2441 1684 2496 foris
1705 2450 1807 2495 est.
2250 2440 2456 2520 Armon
2491 2443 2635 2496 enim
2681 2441 2975 2497 sublimitas
3009 2444 3224 2499 dicitur.

623 2535 777 2590 deus.
819 2535 904 2588 15.
950 2564 1020 2574 —
1068 2554 1085 2586 ι
1134 2535 1199 2588 Et
1247 2535 1546 2604 percutiam
1590 2533 1809 2588 domum
1856 2533 2140 2588 hiemalem
2324 2532 2489 2586 Vsus.
2516 2532 2706 2585 4.—t
2741 2531 2931 2588 Venite
2959 2534 3025 2588 ad
3047 2534 3254 2602 Bethel,
3285 2546 3340 2590 et
3381 2535 3542 2607 impie
3569 2523 3819 2608 agite;had

543 2647 564 2680 ι
613 2614 738 2684 cum
764 2629 925 2684 domo
946 2629 1159 2696 aestiva,
1192 2639 1247 2684 et
1288 2631 1541 2700 peribunt
1567 2630 1760 2684 domus
1786 2631 2058 2694 eburneae,
2087 2638 2143 2682 et.
2255 2644 2274 2676 ι
2307 2613 2586 2696 Galgalam
2609 2667 2624 2690 ,
2657 2632 2713 2679 et
2746 2625 3100 2696 multiplicate
3136 2629 3662 2698 prmvaricationem.
3705 2651 3720 2682 ι
3754 2631 3819 2684 Ad

545 2739 564 2771 ι
611 2719 1020 2798 dissipabintur
1063 2720 1207 2774 uides
1239 2720 1446 2785 multae,
1480 2721 1612 2774 dicit
1663 2720 1942 2774 Dominus.
1981 2740 2001 2772 ι
2037 2721 2141 2776 Do-
2250 2714 2434 2770 Bethel
2467 2717 2656 2771 venire
2688 2718 2892 2773 ironice
2921 2730 3354 2789 counuonentur,
3381 2729 3439 2776 ut
3464 2724 3618 2793 quasi
3655 2723 3818 2794 templa

541 2827 665 2868 ntus
701 2809 954 2868 hiemalis
979 2822 1062 2868 est
1109 2813 1472 2879 conscientia,
1523 2830 1644 2882 qua:
1689 2814 1853 2867 totius
1896 2814 2141 2869 avaritia:
2249 2808 2345 2861 Dei
2381 2809 2734 2878 popularibus
2758 2811 2931 2865 oculis
2956 2821 3317 2868 ostententur.
3373 2813 3578 2884 Impie,
3641 2818 3814 2887 inquit.

538 2913 704 2975 atque
737 2906 959 2960 malitiae
985 2907 1185 2976 torpori
1226 2907 1410 2976 pervia
1455 2917 1557 2961 est.
1598 2907 1800 2962 Domus
1838 2909 2026 2962 aestiva
2057 2919 2128 2962 est

2248 2899 2418 2968 agite,
2449 2899 2502 2953 id
2533 2909 2614 2954 est
2641 2901 2694 2954 in
2728 2902 2828 2955 hac
2863 2901 2976 2971 ipsa
3019 2903 3184 2957 vestri
3223 2904 3380 2974 231
3428 2906 3664 2962 nominis
3703 2907 3816 2962 cele-

537 3015 764 3070 operum
798 3000 951 3069 quasi
1005 2999 1272 3054 bonorum
1321 2999 1583 3054 habitudo
1635 2999 1901 3055 forinseca
1924 3044 1938 3068 ,
1988 3016 2052 3055 ac
2095 3003 2140 3056 si
2246 2990 2497 3044 bratione
2520 2991 2595 3043 nil
2619 2991 2763 3044 aliud
2801 2992 2989 3046 sciatis
3017 3008 3112 3046 vos
3143 3009 3305 3064 agere
3337 3012 3501 3064 quam
3532 2996 3815 3068 Deum,qui

533 3093 772 3163 quadam
800 3091 1069 3162 spirituali
1098 3092 1408 3147 redundans
1444 3093 1639 3163 gratia.
1667 3092 1868 3148 Domus
1896 3095 2138 3149 eburnea:
2247 3089 2329 3135 (εει
2377 3081 2609 3150 Veritas.
2655 3085 2944 3155 abnegetre-
2985 3085 3200 3156 0³13³1³
3253 3087 3455 3143 dicitur
3484 3090 3809 3146 volutabrum.

533 3193 799 3256 pereunt,
833 3199 956 3240 cum
999 3184 1217 3239 habitus
1244 3185 1684 3248 sanctimoniam,
1718 3195 1879 3254 atque
1913 3187 2137 3240 caelum-
2165 3230 2209 3288 C
2246 3174 2329 3228 Ad
2373 3175 2701 3229 volutabrum
2743 3177 2994 3242 veniunt,
3030 3189 3083 3232 ct
3136 3181 3618 3250 praevaricationes
3663 3184 3812 3238 multi-

533 3285 624 3333 tus
660 3279 956 3333 candorem
999 3278 1371 3349 praeferentes,
1422 3278 1473 3330 in
1527 3286 1714 3346 aperta
1772 3279 1966 3345 probra
2015 3294 2128 3349 per-

2243 3267 2468 3338 plicant,
2497 3269 2622 3338 quia
2647 3269 2706 3322 fit
2730 3267 3104 3338 justojudicio
3128 3285 3320 3342 sponte
3346 3275 3536 3344 lapsis,
3570 3285 3630 3330 ut
3661 3278 3708 3331 in
3729 3275 3812 3330 mi-

533 3375 846 3423 transeunt.
895 3367 1064 3422 {Edes
1117 3367 1298 3422 multae
1348 3367 1717 3437 dissipantur,
1771 3383 1894 3422 cum
1953 3367 2128 3424 multa!

2243 3359 2402 3414 seriis
2427 3374 2533 3413 non
2565 3360 2864 3414 subsistant
2892 3360 3063 3432 (Psal.
3098 3379 3322 3430 cxxxtx,
3348 3366 3459 3437 11).

533 3457 950 3532 compositionis
1010 3461 1320 3517 forinsecus
1375 3459 1623 3516 attactam
1691 3459 1982 3515 simulacra
2045 3461 2139 3516 de-
2315 3454 2478 3509 V'Ens-
2509 3454 2562 3509 5-
2607 3485 2676 3494 —
2719 3476 2735 3506 ι
2789 3456 2855 3510 Et
2885 3455 3076 3513 offerte
3118 3476 3281 3515 mane
3317 3461 3572 3517 victimas
3612 3471 3808 3527 vestras,

533 3563 845 3609 struuntur.
2246 3568 2265 3602 σ
2309 3551 2480 3606 tribus
2512 3550 2702 3606 diebus
2750 3552 2989 3608 decimas
3019 3562 3250 3609 vestras.
3298 3555 3366 3610 Et
3407 3557 3735 3612 sanctiﬁcate
3758 3557 3810 3610 de

2243 3661 2264 3693 ι
2313 3641 2643 3696 fermentato
2696 3641 2939 3708 laudem;
2985 3652 3038 3699 et
3087 3654 3278 3701 vocate
3319 3647 3655 3703 voluntarias
3689 3646 3807 3702 obla-

2244 3753 2261 3784 ι
2315 3734 2520 3798 tiones,
2550 3744 2605 3788 ct
2640 3737 2979 3790 annuntiate.
3019 3756 3038 3790 ι
3074 3736 3236 3791 Mane
3281 3740 3519 3793 victimas
3573 3739 3803 3803 offerunt,

2239 3841 2362 3881 cum
2389 3865 2404 3890 ,
2452 3835 2773 3896 erun'ipcnte
2824 3842 3018 3881 aurora
3063 3827 3304 3898 favoris,
3349 3832 3570 3902 propria
3611 3845 3803 3901 corpora

2235 3919 2411 3988 magis
2443 3933 2508 3972 ac
2549 3918 2720 3990 magis
2757 3931 2998 3974 mactare
3035 3922 3390 3977 contendunt.
3437 3922 3626 3978 Tribus
3654 3921 3802 3976 diebus

2234 4013 2464 4066 decimas
2501 4010 2758 4079 offerunt,
2789 4029 2911 4068 cum
2945 4030 3052 4069 non
3099 4031 3195 4084 pro
3236 4016 3394 4071 laude
3433 4018 3691 4082 humana,
3729 4013 3801 4068 sed

2234 4107 2407 4161 solius
2433 4121 2619 4161 amore
2645 4106 2930 4162 Trinitatis
2955 4107 3191 4179 legitime
3212 4109 3460 4165 victitare
3483 4125 3543 4168 se
3561 4113 3798 4165 asserunt.

2239 4199 2599 4254 Sanctificant
2635 4200 2698 4252 de
2726 4199 3038 4268 fermentata
3071 4201 3302 4266 laudem,
3333 4203 3460 4273 quia
3488 4204 3542 4258 in
3563 4204 3700 4258 omni
3721 4214 3798 4256 suo

2231 4292 2492 4347 exercitio
2517 4293 2835 4348 intentionis
2862 4294 3196 4349 inviscerant
3220 4296 3683 4366 depravationem.
3719 4293 3797 4347 Vo-

1151 3645 1382 3702 CAPUT
1420 3644 1508 3700 IV.

607 3738 774 3794 Vsus.
799 3739 849 3793 1.
869 3768 934 3779 -
973 3755 993 3790 ι
1039 3738 1238 3793 Audite
1263 3739 1490 3795 verbum
1517 3738 1640 3801 hoc,
1673 3751 1850 3791 vaccte
1875 3737 2128 3808 pingues,

537 3848 560 3882 ι
603 3846 724 3900 quae
755 3831 886 3887 estis
917 3832 969 3886 in
1015 3832 1291 3887 montibus
1331 3829 1611 3896 Samariae,
1641 3845 1764 3899 qua:
1803 3830 2132 3886 calumniam

539 3943 558 3975 ι
605 3924 783 3978 facitis
812 3925 1017 3994 egenis,
1047 3933 1098 3979 et
1131 3923 1465 3993 :onfriugitis
1491 3937 1778 3991 pauperes,
1811 3939 1930 3992 quae
1951 3924 2131 3979 dicitis

539 4034 559 4067 ι
605 4011 839 4072 dominis
881 4017 1117 4072 vestris:
1162 4015 1388 4080 Afferte,
1437 4023 1492 4068 et
1532 4014 1800 4069 bibemus.
1840 4033 1857 4066 ι
1900 4014 2129 4085 Pingues

531 4127 701 4165 vacca:
732 4111 922 4165 lascivi
958 4118 1086 4165 sunt
1113 4123 1178 4163 ac
1203 4108 1422 4176 superbi
1470 4107 1782 4176 hypocrita}.
1816 4107 1880 4160 lli
1917 4117 2044 4161 sunt
2072 4108 2128 4161 in

529 4206 792 4259 montibus
849 4204 1140 4268 Samarite,
1201 4203 1330 4271 quia
1400 4211 1609 4255 tument
1665 4202 1732 4256 de
1793 4203 2126 4257 continentia

530 4299 820 4352 exterioris
846 4296 1138 4360 custodiae;
1173 4296 1276 4350 hoc
1310 4296 1454 4350 enim
1493 4296 1746 4366 exprimit
1786 4311 1982 4350 nomen
2020 4295 2123 4351 Sa-

530 4390 740 4443 marite.
779 4389 844 4442 Hi
870 4387 1197 4443 calumniam
1229 4387 1431 4441 faciunt
1457 4389 1668 4459 egenis,
1698 4389 1822 4458 quia
1863 4403 2124 4458 qumenn—
2229 4384 2493 4437 Iuntarias
2547 4383 2838 4438 oblationes
2893 4397 3106 4452 vocant,
3151 4404 3276 4442 cum
3319 4405 3426 4444 non
3470 4401 3682 4462 propter
3720 4401 3795 4442 sua

529 4495 637 4551 quc
669 4489 835 4552 agunt
863 4494 964 4549 pro
994 4479 1193 4549 gloria,
1227 4489 1410 4533 contra
1459 4480 1872 4536 reclamationes
1919 4483 2124 4537 faciunt
2229 4490 2348 4543 quae
2377 4475 2526 4530 nulla
2556 4477 2736 4546 putari
2764 4477 2950 4532 volunt
2982 4479 3234 4534 diluenda
3269 4482 3436 4547 mala,
3465 4484 3516 4536 id
3543 4499 3599 4538 se
3626 4479 3794 4536 laboris

531 4587 646 4628 sua;
677 4571 1049 4642 intelligentiae
1091 4571 1354 4637 sanioris,
1399 4571 1519 4627 ideo
1563 4589 1686 4627 rere
1723 4574 1951 4644 egentis.
1987 4574 2133 4629 Pau-
2157 4583 2211 4644 Β
2239 4567 2540 4634 insumere,
2575 4571 2670 4624 sed
2699 4585 2768 4624 ex
2789 4569 2906 4626 solo
2937 4571 3030 4626 Dei
3053 4583 3106 4626 et
3138 4573 3356 4629 virtutis
3381 4590 3568 4630 amore
3590 4575 3792 4630 clamant

526 4681 675 4734 pet-es
706 4662 1088 4731 eonfriugunt,
1133 4677 1256 4717 cum
1307 4666 1574 4734 cogitatus
1619 4666 1983 4721 humilitatem
2034 4667 2130 4722 ali-
2235 4658 2492 4715 Illilllld:

527 4755 750 4824 quando
781 4755 1073 4811 suadentes
1115 4755 1169 4810 in
1204 4769 1263 4811 se
1289 4757 1546 4812 obruunt.
1599 4757 1838 4813 Dominis
1889 4760 2002 4815 suis
2043 4760 2130 4830 αῖ-
2492 4749 2728 4806 Oderunt
2763 4770 2976 4822 peccare
3004 4755 3122 4809 boni
3153 4755 3358 4810 virtutis
3383 4773 3580 4812 artiore.

529 4848 661 4918 ferte
681 4859 728 4903 et
764 4849 992 4905 bibemus
1016 4851 1233 4918 dicunt,
1261 4866 1384 4907 cum
1435 4851 1504 4906 ab
1536 4851 1640 4916 his,
1671 4867 1900 4921 quorum
1929 4851 2128 4922 placito
2623 4843 2783 4914 (Hos.
2813 4845 2905 4901 lib.
2933 4863 2948 4900 ι
2981 4846 3176 4918 Epist,
3212 4863 3299 4918 ep.
3332 4849 3402 4904 16
3429 4864 3592 4908 vers..
3631 4847 3730 4916 59..)

525 4957 626 5011 per
659 4943 798 4997 bona
826 4959 992 5014 opera
1025 4945 1299 5001 deservire
1341 4945 1609 5016 gestiunt,
1643 4945 1858 5000 favores
1882 4947 2125 5016 exigunt,
2228 4934 2566 4990 Aununtiaul
2626 4951 2749 4990 cum
2795 4952 2893 4993 sua
2959 4938 3180 4994 latentia
3229 4939 3372 4995 facta
3426 4940 3782 5012 percelebrant.

528 5033 724 5100 quibus
750 5035 817 5090 ab
839 5037 920 5090 sui
943 5035 1402 5094 dementationcm
1431 5036 1588 5106 quasi
1613 5036 1897 5104 epotandis
1921 5037 2126 5090 incum-
2229 5026 2317 5082 Sic
2339 5028 2477 5082 εηὶηι
2509 5029 2767 5098 vota-1'81“.
2809 5033 2908 5102 ﬁlii
2929 5033 2969 5088 '1
2977 5034 3148 5102 smel.
3178 5036 3252 5090 ita
3285 5035 3497 5092 scilicet
3527 5051 3621 5107 pro
3659 5030 3782 5087 ΠΜιο

526 5124 685 5182 bunt.
743 5123 964 5181 Verbum
991 5130 1088 5182 hoc
1128 5144 1299 5184 ναι-σω
1335 5128 1552 5196 pingues
1595 5126 1781 5180 audire
1814 5135 2122 5194 monentur,
2226 5132 2409 5176 vestro
2432 5124 2664 5180 actitare
2691 5125 2956 5180 collibuit.

525 5228 585 5272 ut
611 5218 840 5276 sollicite
874 5222 1136 5277 trutinent
1167 5236 1288 5290 qua:
1309 5221 1526 5274 sibimet
1555 5219 1908 5276 intentantur.
2299 5218 2464 5274 Vens.
2500 5221 2554 5275 6.
2592 5251 2663 5261 —-
2694 5241 2713 5274 ι
2764 5218 2915 5278 Unde
2949 5233 3005 5280 et
3041 5240 3142 5296 ego
3180 5225 3303 5282 dedi
3351 5227 3505 5284 vodis
3539 5235 3779 5296 stuporem

601 5307 761 5366 Vsus.
795 5311 854 5379 2,
882 5315 937 5368 5.
964 5341 1033 5352 -—
1065 5331 1085 5363 ι
1124 5309 1340 5364 Iuravit
1366 5309 1628 5364 Dominus
1658 5310 1800 5365 Deus
1839 5312 1891 5366 in
1931 5321 2122 5368 sancto
2175 5347 2178 5350 ~
2230 5329 2248 5362 ‹
2289 5311 2531 5366 dentium
2560 5314 2613 5368 in
2639 5316 2852 5371 cunctis
2875 5317 3104 5372 urbibus
3131 5319 3354 5386 vestris,
3381 5330 3438 5375 et
3461 5316 3775 5391 indigentiam

531 5424 549 5455 ι
591 5419 729 5461 suo:
768 5406 907 5474 Quia
948 5419 1078 5462 ecce
1119 5404 1237 5458 dies
1265 5402 1484 5457 venient
1510 5417 1672 5472 super
1701 5419 1819 5471 vos,
1847 5414 1902 5459 et
1943 5405 2124 5460 eleva-
2227 5421 2246 5453 ‹
2289 5418 2487 5473 panum
2537 5406 2590 5460 in
2635 5407 2888 5463 erunibus
2921 5408 3054 5464 locis
3099 5411 3328 5478 vestris,
3363 5421 3549 5466 etnon
3579 5408 3693 5464 estis
3720 5402 3775 5458 ad

531 5513 550 5547 ‹
599 5497 734 5552 bunt
777 5511 873 5552 vos
918 5497 971 5551 in
1020 5494 1227 5559 contis,
1267 5501 1321 5548 et
1357 5493 1615 5564 reliquias
1657 5504 1866 5550 vestras
1907 5496 1958 5550 iu
1999 5495 2120 5552 ollis
2229 5511 2247 5544 ι
2293 5511 2378 5551 me
2425 5498 2662 5562 reversi,
2703 5499 2835 5554 dicit
2874 5500 3154 5557 Dominus.
3213 5522 3230 5553 ι
3271 5502 3509 5558 Proinde
3548 5504 3631 5557 dat
3659 5499 3774 5552 Deus

529 5607 549 5640 ς
595 5588 948 5644 ferventibus.
973 5587 1040 5642 Et
1063 5601 1163 5658 per
1184 5597 1470 5656 aperturas
1495 5586 1713 5642 exibitis
1738 5586 1904 5642 altera
1928 5599 2120 5645 contra
2218 5598 2483 5659 stuperent
2510 5591 2747 5646 dentium
2779 5595 2829 5646 in
2863 5598 3074 5649 cunctis
3104 5596 3328 5650 urbibus
3357 5613 3568 5660 eorum,
3599 5609 3702 5650 cuiu
3726 5589 3771 5641 in

529 5665 842 5746 cikalterani,
875 5687 930 5734 et
975 5677 1334 5750 projiciemini
1366 5678 1419 5732 in
1463 5677 1667 5733 Armon
1693 5720 1708 5744 ,
1753 5679 1884 5735 dicit
1934 5681 2117 5736 Domi-
2218 5682 2433 5736 cunctis
2463 5683 2696 5738 internis
2726 5699 2913 5739 eorum
2941 5686 3174 5740 statibus
3200 5687 3582 5742 liebctudiuem
3605 5693 3768 5751 suggc'

531 5790 550 5824 ι
597 5787 716 5826 nus.
761 5789 778 5820 ι
830 5769 896 5825 1η
923 5780 1101 5826 sancto
1147 5786 1244 5824 suo
1277 5769 1533 5826 Dominus
1574 5771 1744 5841 jurat,
1777 5789 1899 5828 cum
1939 5767 1991 5828 in
2019 5791 2116 5831 sua
2219 5775 2292 5828 rit
2337 5774 2731 5830 intellectuum.
2766 5777 2860 5830 llis
2896 5778 3042 5832 enim
3089 5779 3470 5834 commolimus
3506 5792 3571 5831 ac
3607 5774 3645 5830 si
3671 5767 3768 5840 qui-

521 5876 657 5917 vera
698 5862 987 5920 sanctitate
1031 5861 1440 5936 hypocritarum
1480 5862 1721 5920 fucatam
1746 5865 1811 5921 ad
1838 5865 1928 5935 jus
1954 5883 2114 5937 aper-
2219 5868 2445 5924 busdam
2505 5869 2757 5924 dentibus
2832 5887 3048 5927 omnem
3113 5872 3446 5943 scrupulum.
3508 5858 3765 5936 lndigentia

3933 4081 3935 4131 |

3931 4153 3933 4201 |

3929 4213 3931 4269 ι

3927 4291 3929 4337 Ι

3925 4349 3927 4405 ι

3922 4411 3925 4503 Α
