3952 6360
219 252 332 311 49.9

843 250 1308 313 TROPOLOGIJE
1342 254 1411 312 IN
1463 254 1666 326 OSEE,
1706 260 1898 320 AMOS
1927 265 2017 322 ΕΤ
2054 267 2199 327 JER.
2227 273 2450 332 -—LIB.
2488 275 2580 335 IV.
2630 275 2699 334 IN
2736 276 2946 336 AMOS.

3421 286 3529 346 430

219 386 427 443 prmum
469 371 524 426 in
571 368 816 424 omnibus
869 370 1071 424 nostris
1120 367 1248 425 locis
1307 379 1412 439 est,
1457 374 1832 464 CllmldiVinae
1861 381 1910 440 Α
1935 397 2213 462 morosum
2235 399 2322 446 est
2342 393 2568 462 animal;
2591 395 2895 468 hypocrisis
2918 411 3069 464 vero,
3094 399 3350 469 quaehaec
3371 403 3528 460 absu-

223 461 624 520 consolationis
659 459 926 526 edulium,
958 475 1066 530 quo
1100 473 1288 518 nostra
1328 465 1492 521 corda
1522 456 1826 536 ﬁrmantur,

223 557 484 612 omnibus
510 553 886 626 spiritualibus
931 555 1135 610 nostris
1172 557 1412 613 motibus
1452 559 1626 615 abest.
1665 561 1831 628 Quid-

225 649 360 719 quid
389 647 534 702 enim
561 647 832 702 rationale
862 657 946 704 est
978 649 1127 706 locus
1153 653 1387 723 prepriae
1421 655 1616 710 animae
1639 668 1741 712 est.

300 739 464 794 Vens.
493 739 544 793 7.
567 770 630 780 —-
666 759 684 790 ‹
707 738 821 810 Ego
838 755 1054 811 quoque
1077 742 1331 814 prohibui
1356 759 1386 798 a
1408 745 1561 801 vobis
1577 747 1828 814 imbrem,

228 848 249 881 c
299 846 422 885 cum
480 831 661 885 adhuc
711 840 821 886 tres
869 847 1088 889 menses
1139 846 1497 906 superessent
1546 855 1717 910 usque
1764 842 1832 897 ad

227 941 248 974 ‹
299 939 563 989 messem;
593 933 644 978 et
673 923 784 994 plui
833 939 1000 995 super
1046 942 1208 981 unam
1247 929 1554 997 civitatem,
1587 941 1640 986 et
1670 947 1832 1003 super

230 1035 250 1067 ε
306 1017 535 1071 alteram
566 1033 673 1072 non
702 1016 836 1088 plui.
876 1038 892 1068 ι
924 1018 1004 1072 Ac
1035 1019 1079 1074 si
1109 1020 1314 1075 diceret
1345 1036 1358 1076 :
1388 1022 1524 1090 Quia
1556 1033 1678 1094 post
1706 1041 1828 1082 cor-

171 1093 178 1099 ’
229 1110 536 1164 rectionem
579 1125 756 1164 meam
793 1108 856 1162 ad
905 1123 992 1163 me
1040 1110 1455 1169 dissimulavere
1487 1116 1708 1184 reverti,
1737 1134 1831 1188 ego

223 1219 434 1273 quoque
469 1219 500 1254 ιι
539 1201 683 1256 vobis
723 1201 965 1271 prohibui
1001 1204 1250 1268 imbrem,
1290 1207 1638 1278 aspirationis
1675 1210 1829 1265 vide-

227 1292 358 1347 licet
407 1308 654 1364 supernze
705 1301 1042 1362 temperiem.
1097 1293 1159 1348 Et
1208 1296 1312 1350 hoc
1352 1315 1470 1352 cum
1511 1300 1684 1353 adhuc
1725 1310 1830 1355 tres

225 1402 430 1440 menses
460 1403 622 1456 usque
658 1386 727 1440 ad
759 1401 974 1440 messem
1009 1399 1373 1456 superessent,
1407 1405 1528 1444 cum
1568 1392 1829 1447 nimirum

227 1481 407 1534 adhuc
437 1479 610 1544 initio,
639 1480 1003 1550 promotione,
1034 1488 1197 1548 atque
1229 1479 1566 1549 perfectione
1591 1481 1660 1536 ab
1680 1482 1830 1538 omni

223 1571 384 1626 bona:
418 1572 531 1641 spei
567 1571 978 1642 exspectatione
1009 1571 1170 1626 corda
1201 1571 1499 1635 distarent,
1535 1573 1585 1626 id
1620 1584 1704 1629 est
1733 1591 1831 1630 an-

224 1674 447 1734 tequam
488 1664 614 1720 boni
647 1665 926 1736 quidpiam
970 1665 1080 1720 Deo
1111 1665 1408 1735 instigante
1440 1675 1826 1736 proponerent.

225 1757 419 1813 Solent
446 1759 591 1812 enim
625 1759 740 1813 haec
772 1757 982 1814 utiliter
1010 1767 1064 1814 et
1103 1759 1472 1830 dispensative
1501 1762 1706 1816 sanctis
1732 1761 1830 1815 ali-
1862 1755 1906 1810 B

216 1851 436 1924 quoties
465 1850 739 1915 subtrahi,
779 1866 884 1906 non
931 1866 1324 1922 usquequaque
1368 1853 1622 1923 relinqui.
1654 1852 1828 1924 Super

215 1921 383 1996 unam
406 1943 669 1996 civitatem
699 1941 835 2012 pluit
863 1959 985 1997 eum
1025 1944 1292 2000 rationem
1334 1945 1401 1999 ad
1435 1961 1498 2000 ea
1535 1946 1826 2002 videndum

219 2049 346 2103 quze
379 2033 586 2102 agenda
620 2046 748 2088 sunt
789 2033 944 2104 plene
988 2034 1202 2090 imbuit.
1244 2034 1416 2104 Super
1444 2036 1666 2093 alterum
1697 2055 1826 2096 vero

229 2140 336 2177 non
387 2123 555 2192 pluit.
604 2139 727 2178 cum
771 2125 1024 2180 duritiam
1063 2127 1449 2182 obstinationis
1483 2144 1653 2198 pravo
1699 2133 1828 2188 sub-

233 2217 387 2272 ducit
421 2216 670 2285 affectui;
711 2220 853 2275 unde
883 2221 936 2274 in
970 2221 1198 2277 mensali
1228 2231 1418 2276 oratur
1448 2222 1623 2278 cilicio
1647 2224 1824 2295 (Dom.

225 2307 328 2376 inf.
372 2307 492 2363 Oct.
538 2309 780 2381 Epiplt.),
817 2322 875 2367 ut
915 2328 1036 2382 quae
1081 2315 1286 2386 agenda
1321 2325 1468 2382 sunt,
1511 2316 1718 2388 inquit,
1744 2319 1826 2373 vi-

223 2398 426 2463 deant,
483 2409 537 2453 et
596 2401 664 2454 ad
721 2403 926 2472 agenda
970 2420 1089 2472 quae
1139 2405 1372 2462 viderint
1424 2407 1823 2466 convalescant.

229 2509 247 2540 ι
296 2489 435 2545 Pars
459 2507 564 2546 una
598 2492 872 2563 compluta
903 2503 1005 2561 est,
1048 2505 1104 2550 et
1146 2512 1288 2566 pars,
1325 2513 1486 2570 super
1515 2515 1678 2572 quam
1717 2517 1828 2558 non

227 2596 247 2631 ι
295 2579 436 2650 plui,
476 2581 641 2638 aruit.
695 2601 713 2634 ›
751 2582 889 2638 Pars
922 2601 1026 2639 una
1063 2586 1392 2658 compluitur
1430 2604 1553 2645 cum
1586 2592 1826 2649 benevo-

223 2667 391 2724 lentia
422 2671 617 2726 rationi
651 2672 998 2740 attribuitur;
1033 2693 1159 2746 pars
1182 2693 1312 2732 vero
1341 2679 1508 2735 altera
1538 2697 1646 2737 non
1678 2698 1828 2738 com-

221 2760 374 2830 pluta
400 2763 568 2828 aruit,
596 2779 719 2818 cum
749 2763 1144 2834 aﬂ‘ectualitati,
1165 2768 1320 2839 juxta
1341 2772 1683 2844 Apostolum,
1707 2791 1827 2848 per-

221 2851 387 2906 ficere
414 2869 520 2906 non
547 2853 786 2924 adjacuit
817 2856 995 2927 (Rom.
1021 2874 1117 2926 vn,
1152 2861 1264 2933 18).
1775 2927 1778 2932 ,

297 2942 461 3000 Vens.
494 2945 549 3001 8.
586 2977 656 2986 —
689 2965 706 2998 ι
746 2948 814 3003 Et
857 2961 1129 3006 venerunt
1169 2954 1288 3009 dua:
1328 2963 1382 3009 et
1431 2965 1541 3012 tres
1577 2958 1827 3015 civitates

229 3054 246 3086 ε
296 3036 363 3089 ad
392 3037 672 3092 civitatem
697 3054 859 3094 unam
888 3049 947 3094 ut
968 3040 1216 3100 biberent
1247 3061 1466 3117 aquam,
1493 3057 1546 3102 et
1571 3065 1678 3104 non
1701 3059 1828 3106 sunt

1937 493 2084 533 mere
2107 481 2331 552 dicitur,
2356 501 2518 556 quem
2543 489 2713 545 semel
2743 489 2914 545 inficit
2938 505 3046 546 non
3071 493 3352 562 deserens,
3392 506 3528 568 quot

1937 570 2100 629 habet
2127 574 2217 630 illa
2257 578 2415 648 pilos,
2449 591 2528 636 tot
2561 583 2726 640 habet
2755 593 2935 640 motus
2965 585 3082 640 haec
3109 587 3175 642 ad
3209 587 3386 646 inanis
3417 590 3530 662 glo-

1937 663 2031 720 riae
2059 665 2450 726 distensionem
2473 688 2687 743 pravos.
2735 669 2745 684 ⁸

2008 779 2175 836 Vens.
2202 784 2290 838 10.
2321 813 2392 823 -—
2420 805 2438 836 ι
2476 785 2594 842 Misi
2622 789 2676 843 in
2703 805 2801 846 vos
2829 801 3063 849 mortem
3088 793 3141 849 in
3173 795 3256 850 via
3280 795 3528 870 Egypti,

1941 889 1962 922 ε
2006 877 2253 944 percussi
2281 876 2333 931 in
2363 878 2542 948 gladio
2569 881 2797 951 juvenes
2823 895 3035 944 vestros
3061 903 3236 959 usque
3263 891 3330 946 ad
3355 893 3530 962 capti-

1942 981 1963 1014 ι
2011 965 2230 1023 vitalem
2284 986 2548 1040 equorum
2603 985 2937 1044 vestrorum;
2985 989 3041 1036 et
3087 985 3380 1040 ascendere
3425 985 3529 1042 feci

1941 1075 1960 1108 ι
2005 1059 2346 1128 putredinem
2369 1073 2674 1122 castrorum
2695 1078 3000 1125 vestrorum
3028 1072 3081 1126 in
3105 1090 3266 1132 nares
3280 1087 3524 1134 vestras:

1940 1170 1960 1202 ι
2007 1160 2062 1206 et
2099 1168 2206 1208 non
2249 1155 2472 1213 redistis
2511 1159 2577 1214 ad
2621 1175 2741 1227 me,
2772 1161 2903 1216 dicit
2944 1163 3222 1222 Dominus.
3271 1189 3290 1220 ι
3332 1169 3400 1224 In
3440 1171 3531 1225 via

1934 1244 2157 1316 Αἶρε]ρεὶ
2179 1259 2400 1303 mortem
2431 1252 2483 1306 in
2503 1267 2596 1308 eos
2623 1252 2764 1310 Deus
2790 1255 2974 1322 mittit,
2993 1272 3116 1312 cum
3147 1259 3200 1313 in
3227 1260 3530 1319 intentione

1935 1339 2207 1405 saeculari,
2236 1341 2290 1395 in
2325 1344 2484 1414 cujus
2511 1347 2734 1402 introitu
2767 1363 2913 1403 mors
2943 1359 3024 1404 est
3053 1351 3250 1421 posita,
3285 1355 3530 1410 scientiae

1933 1442 2136 1488 nostrae
2157 1433 2331 1490 lucem
2351 1441 2732 1495 contenebrari
2758 1443 3047 1512 permittit.
3063 1442 3288 1498 Iuvenes
3311 1455 3530 1501 nostros

1932 1540 2100 1595 usque
2139 1528 2210 1580 ad
2249 1531 2603 1600 captivitatem
2651 1549 2904 1603 equorum
2945 1535 3074 1590 inibi
3113 1538 3370 1607 percutit,
3403 1553 3532 1592 cum

1935 1617 2196 1688 quidquid
2228 1622 2330 1690 pia:
2368 1623 2676 1680 vivacitatis
2712 1637 2924 1681 constat
2956 1628 3009 1682 in
3050 1629 3228 1683 anima
3261 1645 3432 1700 usque
3457 1629 3531 1688 ad

1936 1708 2422 1782 incontinentiam,
2447 1733 2553 1786 qua
2587 1719 2930 1787 captivantur
2965 1736 3218 1790 corpora,
3251 1725 3532 1778 undecun-

1932 1819 2038 1874 que
2069 1806 2334 1876 disperire
2381 1809 2529 1864 sinit.
2568 1810 2705 1881 Equi
2735 1821 2790 1866 et
2813 1812 3060 1882 jumenta
3101 1831 3329 1886 corpora
3375 1824 3526 1886 sunt,

1934 1901 2080 1954 unde
2126 1909 2252 1956 est:
2298 1919 2318 1952 ε
2363 1901 2430 1956 Et
2460 1901 2705 1969 jumenta
2739 1919 2926 1960 eorum
2969 1907 3020 1960 in
3053 1918 3225 1962 morte
3263 1909 3531 1965 conclusit

1933 1990 2106 2063 (Psal.
2142 2010 2349 2063 Lxxvn,
2408 1995 2521 2068 50).
2558 2017 2576 2047 ι
2623 1995 2963 2054 Putredinem
3009 2012 3296 2056 castrorum
3336 2017 3530 2058 eorum

1929 2084 1987 2140 in
2013 2103 2170 2143 nares
2200 2089 2442 2159 ipsormn
2467 2093 2766 2148 ascendere
2795 2091 2945 2159 facit,
2976 2109 3098 2148 cum
3127 2095 3376 2165 fetorem,
3401 2112 3532 2167 pra-

1932 2193 2166 2250 vamque
2213 2183 2524 2252 opinionem
2573 2185 2940 2256 corporalium
2985 2204 3106 2258 qua;
3153 2190 3529 2246 commiserint

1931 2273 2214 2341 vitiorum,
2269 2292 2441 2346 usque
2493 2279 2558 2333 ad
2609 2280 2807 2335 foedum
2850 2281 2931 2335 sui
2984 2284 3220 2352 ipsorum
3262 2283 3527 2354 pudorem

1933 2366 2238 2423 redundare
2281 2372 2550 2426 concedit.
2602 2374 2792 2428 Castra
2833 2389 2931 2445 pro
2973 2377 3276 2446 corporibus
3322 2393 3529 2447 ponere

1933 2456 1988 2510 in
2019 2470 2272 2530 promptu
2305 2475 2408 2517 est.
2447 2483 2463 2514 ι
2502 2465 2875 2536 Egrediamur,
2904 2468 3100 2538 inquit,
3130 2470 3195 2523 ad
3218 2486 3338 2525 eum
3370 2479 3529 2528 extra

1931 2559 2112 2606 castra
2138 2553 2528 2626 improperium
2555 2559 2673 2628 ejus
2703 2571 2981 2630 portantes
3011 2561 3167 2634 (Πρὸ.
3201 2579 3322 2631 xm,
3352 2564 3466 2632 13).
3501 2586 3520 2618 ι

2004 2669 2166 2740 232
2196 2670 2358 2726 Vens.
2385 2671 2469 2726 ll.
2504 2705 2574 2714 -—
2605 2693 2624 2725 ι
2664 2674 2916 2731 Subvcrti
2949 2693 3064 2745 vos,
3093 2678 3232 2733 sicut
3261 2680 3528 2736 subvertit

1939 2780 1959 2813 ‹
2003 2761 2144 2817 Deus
2173 2763 2463 2821 Sodomam
2492 2777 2546 2823 et
2579 2767 2962 2838 Gomorrham,
2985 2772 3199 2827 et'facti
3223 2774 3353 2828 estis
3367 2774 3526 2845 quasi

1940 2873 1958 2904 ι
2005 2855 2170 2910 torris
2193 2866 2382 2926 raptus
2405 2859 2470 2914 de
2508 2857 2779 2918 incendio.
2820 2881 2838 2914 ι
2865 2861 3011 2918 Sicut
3036 2863 3322 2920 Sodomam
3343 2876 3391 2922 et
3420 2862 3525 2922 Go-

1932 2950 2204 3001 morrham
2245 2948 2387 3004 Deus
2419 2965 2510 3006 eos
2538 2953 2825 3022 subvertit,
2860 2970 2980 3009 cum
3012 2959 3327 3027 perpetuale
3357 2959 3528 3018 silen-

1934 3038 2092 3106 tium,
2118 3041 2172 3094 in
2201 3056 2308 3112 quo
2335 3043 2555 3100 rebellio
2581 3045 2725 3100 nulla
2747 3055 2849 3116 est,
2883 3058 3070 3104 contra
3096 3051 3308 3121 vitium,
3344 3063 3397 3109 et
3425 3070 3524 3124 per

228 3147 245 3178 ι
295 3128 544 3196 summa;
573 3139 630 3185 ει
667 3145 770 3185 non
802 3133 1019 3190 redistis
1047 3135 1116 3191 ad
1154 3152 1276 3204 me.
1298 3113 1458 3193 ’ὤρη
1479 3139 1760 3197 Dominus.
1800 3161 1819 3194 ,
1853 3113 1900 3178 C
1930 3129 2116 3199 populi
2147 3132 2538 3202 cogitationum
2567 3136 2889 3191 seditionem
2917 3153 3012 3194 eos
3037 3139 3330 3197 introrsum
3364 3144 3525 3202 dimi-

228 3219 362 3274 Duaz
408 3231 454 3274 et
498 3232 599 3276 tres
647 3223 882 3280 civitates
916 3225 986 3279 ad
1021 3242 1184 3281 unam
1221 3229 1445 3284 veniunt
1478 3231 1740 3286 civitatem
1766 3241 1826 3288 ut

227 3328 419 3382 aquam
449 3314 663 3382 bibant,
693 3331 818 3371 cum
857 3326 950 3372 aut
985 3317 1208 3375 affectus
1229 3361 1243 3388 ,
1270 3331 1363 3376 aut
1394 3323 1675 3389 voluntas,
1711 3326 1825 3382 sive

228 3405 393 3458 etiam
421 3415 478 3459 ut
511 3416 618 3464 tres
649 3398 783 3464 fiant
824 3411 1037 3466 ratione
1065 3413 1316 3483 adjuncta
1355 3415 1422 3469 ad
1464 3415 1820 3486 intellectum,

233 3496 319 3550 cui
346 3499 564 3570 proprie
593 3502 874 3572 proprium
899 3513 984 3559 est
1007 3504 1190 3560 divina
1218 3507 1446 3572 sentire,
1471 3508 1818 3582 confugiunt;

225 3600 288 3646 ut
309 3592 568 3647 nimirum
599 3594 730 3648 inibi
761 3596 1081 3652 combibaut
1115 3598 1395 3669 sapientia:
1420 3600 1674 3656 salutaris
1700 3602 1821 3658 stil-

222 3682 500 3752 licidium;
536 3687 629 3742 sed
656 3702 762 3742 non
791 3688 1082 3756 satiantur,
1113 3691 1240 3760 quia
1268 3692 1335 3748 ad
1364 3693 1564 3751 nullius
1586 3694 1823 3753 efﬁcien-

225 3777 312 3832 tia:
347 3779 784 3847 redundantiam,
816 3798 938 3853 quae
971 3791 1266 3842 aestuantes
1304 3787 1609 3860 refrigeret,
1645 3789 1820 3846 addu-

220 3880 440 3928 cuntur.

292 3965 455 4020 Vens.
474 3966 628 4022 9.-ι
662 3966 906 4026 Percussi
921 3985 1016 4026 vos
1040 3970 1092 4026 in
1110 3980 1271 4027 vento
1286 3983 1495 4040 urente,
1511 3983 1566 4028 et
1584 3975 1636 4029 in
1659 3989 1820 4030 auru-

226 4077 242 4108 ι
293 4059 415 4130 gine
439 4059 840 4118 multitudinem
872 4063 1150 4120 hortorum
1183 4075 1510 4132 vestrorum,
1545 4077 1602 4123 et
1628 4069 1818 4124 vinea-

225 4167 242 4198 ε
295 4167 411 4205 ι·ιιιιι
449 4161 772 4208 vestrarum.
809 4175 827 4207 ι
860 4155 937 4212 Ac
969 4157 1049 4212 sic
1080 4158 1314 4213 diceret:
1345 4159 1480 4226 Quia
1513 4175 1610 4216 nec
1645 4161 1724 4216 sic
1751 4163 1819 4217 ad

220 4260 309 4297 me
366 4245 581 4300 redistis
641 4250 873 4318 percussi
924 4267 1010 4305 vos
1065 4261 1215 4305 vento
1276 4262 1498 4319 urente,
1549 4253 1817 4309 desiderio

222 4337 436 4394 scilicet
461 4349 658 4409 praeter
684 4343 900 4398 modum
930 4353 1219 4411 aestuante,
1252 4346 1343 4416 qui
1380 4361 1485 4400 non
1519 4345 1692 4402 solum
1720 4363 1819 4403 suo

219 4429 416 4499 spiritu
460 4433 722 4487 interiora
748 4436 1042 4501 consiccet,
1083 4437 1178 4492 sed
1219 4439 1381 4494 etiam
1425 4439 1694 4495 exteriora
1727 4441 1812 4496 in-

221 4521 415 4578 fuscet.
462 4523 750 4581 Multitudo
788 4529 1097 4594 hortorum,
1141 4540 1190 4584 et
1234 4532 1503 4586 vinearum
1551 4536 1806 4605 aurugiue

220 4619 546 4686 percutitur,
574 4637 697 4675 cum
728 4621 994 4676 bonorum
1027 4623 1396 4692 originalium,
1434 4635 1486 4680 et
1518 4628 1810 4682 actualium

221 4707 558 4782 frequentia,
581 4713 673 4769 sed
706 4724 759 4769 et
792 4715 883 4770 illa
915 4730 1019 4786 qua
1046 4731 1110 4771 ex
1145 4717 1255 4772 Deo
1275 4717 1588 4773 debriamur
1612 4720 1812 4776 intelli-

221 4805 403 4876 gentia
441 4806 493 4860 in
524 4807 788 4878 pallorem
823 4808 1128 4881 hypocrisis
1168 4811 1497 4878 demutatur,
1528 4812 1642 4869 haec
1663 4815 1810 4868 enim

223 4905 416 4954 natura
454 4910 538 4956 est
583 4903 885 4972 auruginis,
928 4912 983 4956 ut
1030 4903 1082 4957 in
1113 4904 1349 4962 colorem
1383 4906 1724 4961 subalbidum
1756 4907 1810 4962 in

223 4991 538 5049 hominibus
567 5010 624 5050 se
662 5005 948 5051 convertat
975 5003 1028 5050 et
1056 4996 1259 5053 herbis.
1303 5018 1320 5050 ι
1365 4999 1573 5056 Oliveta
1605 5010 1806 5068 vestra,

225 5103 245 5138 ι
293 5097 346 5140 et
377 5088 533 5143 ficeta
563 5099 744 5145 vestra
775 5090 1013 5144 comedit
1044 5106 1204 5146 eruca
1234 5111 1246 5146 :
1275 5102 1328 5148 et
1353 5111 1462 5148 non
1495 5096 1710 5151 redistis
1741 5099 1808 5153 ad

227 5197 247 5230 ι
295 5195 401 5245 me,
425 5183 555 5236 dicit
585 5181 864 5239 Dominus.
896 5203 914 5236 ι
948 5183 1054 5240 Per
1080 5185 1286 5252 oliveta,
1313 5186 1465 5255 cujus
1494 5188 1702 5247 fructus
1726 5202 1809 5247 est

219 5269 456 5326 salubris
480 5284 530 5327 et
563 5274 885 5343 lucivomus,
915 5276 1303 5334 misericordia:
1330 5279 1473 5334 circa
1505 5298 1604 5338 nos
1629 5284 1808 5356 signa-

220 5369 307 5415 tur
331 5361 571 5420 alfectus.
607 5366 710 5422 Per
745 5367 930 5436 ﬁcem,
959 5384 1188 5438 quorum
1228 5385 1422 5426 succus
1461 5383 1544 5430 est
1581 5375 1804 5444 lacteus,

216 5453 391 5524 pietas
439 5467 562 5524 est,
615 5475 720 5530 qua
776 5461 1138 5517 amicabiliter
1183 5464 1451 5519 enutritur
1505 5472 1803 5538 proximus.

223 5565 242 5598 ‹
287 5547 568 5617 Miserere,
611 5553 806 5624 inquit,
851 5556 1046 5610 anin'ra:
1089 5565 1190 5610 ture
1229 5557 1447 5627 placens
1477 5560 1586 5615 Deo
1615 5560 1803 5633 (Eccli.
1862 5558 1871 5566 ’

216 5654 344 5703 xxx,
368 5641 484 5715 24).
526 5664 543 5695 ι
572 5644 682 5700 Nisi
719 5649 861 5701 enim
899 5650 1064 5705 nostri
1097 5649 1328 5721 primum
1366 5653 1804 5730 miserescamus,

219 5749 466 5799 proximo
509 5754 612 5792 non
667 5741 1173 5802 condescendimus.
1218 5743 1392 5803 Eruca
1441 5746 1710 5818 hispidum
1754 5761 1808 5806 ct

1929 3221 2070 3276 nuit.
2116 3221 2354 3278 Sodoma
2394 3226 2536 3280 enim
2578 3243 2734 3298 pecus
2761 3229 2950 3298 silens,
2988 3231 3288 3286 Gomorrha
3333 3236 3556 3289 seditiO'

1927 3314 2109 3382 populi
2135 3314 2360 3370 dicitur.
2387 3316 2552 3372 Fiunt
2588 3320 2739 3389 quasi
2768 3321 2926 3374 torris
2958 3332 3140 3391 raptus
3163 3323 3227 3376 de
3255 3323 3518 3394 incendio,

1928 3418 2054 3458 cum
2089 3406 2322 3462 ambusti
2355 3408 2711 3478 undecunque
2740 3410 2996 3466 vitiorum
3031 3413 3174 3483 rogis
3211 3414 3340 3468 nihil
3375 3415 3427 3469 in
3459 3433 3522 3472 se

1928 3497 2132 3552 habent
2155 3499 2355 3552 residui
2381 3501 2446 3553 de
2469 3515 2652 3567 succo,
2676 3510 2769 3556 aut
2793 3503 2998 3557 semine
3019 3505 3278 3575 genitivo.
3302 3505 3359 3559 ln
3385 3508 3520 3562 torri

1923 3589 2072 3644 enim
2099 3605 2274 3661 neque
2315 3607 2544 3660 succus,
2578 3609 2753 3662 neque
2782 3610 3002 3666 germen
3040 3607 3304 3651 remanet.
3341 3597 3414 3652 De
3440 3600 3520 3652 in-

1923 3681 2109 3735 cendio
2167 3691 2347 3738 autem
2379 3684 2610 3752 rapitur,
2646 3686 2737 3757 qui
2785 3701 2892 3740 non
2937 3702 3032 3757 per
3069 3704 3130 3743 se
3163 3704 3189 3740 a
3233 3689 3378 3743 vitiis
3419 3705 3517 3744 vo-

1923 3771 2159 3848 luntarie
2201 3776 2514 3845 cohibetur,
2546 3778 2638 3833 sed
2679 3779 2901 3834 alterius
2935 3779 3218 3851 disciplina
3253 3783 3519 3839 violenter

1827 3879 1834 3887 ’
1923 3866 2279 3946 abstrahitnr.
2320 3868 2432 3925 Nec
2483 3871 2713 3926 multum
2759 3872 3080 3942 fructificat,
3131 3877 3215 3930 cui
3266 3877 3516 3932 voluntas

1919 3959 2060 4016 bene
2080 3965 2338 4032 operandi
2373 3965 2616 4020 habitum
2649 3981 2717 4020 ex
2747 3967 3104 4025 delectatione
3127 3985 3233 4025 non
3270 3980 3512 4041 prrestat.

1992 4079 2157 4135 Vens.
2175 4081 2262 4148 1:7,,
2281 4081 2466 4148 15.-‹
2487 4085 2826 4156 Quapropter
2840 4084 2955 4142 haec
2970 4085 3165 4143 faciam
3185 4088 3300 4155 tibi,
3327 4088 3529 4146 lsrael.‘

1928 4190 1946 4223 ι
1988 4172 2278 4244 Postquam
2319 4187 2498 4232 autem
2551 4179 2666 4234 haec
2714 4178 2896 4234 fecero
2951 4181 3077 4248 tibi,
3125 4197 3432 4253 praeparare
3457 4185 3514 4239 in

1928 4285 1946 4320 ι
1984 4282 2268 4324 occursum
2286 4270 2377 4328 Dei
2407 4271 2706 4337 tui,lsrael.
2733 4273 3007 4341 Quiaecce
3023 4275 3263 4332 formans
3276 4288 3510 4346 montes,

1926 4379 1944 4412 ι
1988 4371 2043 4416 et
2078 4377 2270 4418 creans
2301 4373 2540 4433 ventum,
2566 4375 2621 4422 et
2646 4367 2973 4422 annuntians
3007 4367 3211 4422 homini
3237 4369 3512 4438 eloquium

1839 4493 1892 4554 Β
1927 4473 1944 4506 ι
1991 4469 2170 4522 suum,
2225 4455 2433 4513 faciens
2477 4459 2800 4516 matutinum
2848 4458 3124 4527 nebulam,
3165 4469 3218 4516 et
3259 4463 3510 4532 gradiens

1925 4564 1944 4597 ε
1987 4562 2152 4616 super
2199 4549 2413 4605 excelsa
2455 4558 2645 4617 terrae,
2690 4549 2949 4606 Dominus
2991 4551 3135 4606 Deus
3171 4556 3508 4612 exercituum

1923 4656 1940 4688 ‹
1989 4654 2187 4693 nomen
2214 4638 2354 4706 ejus.
2387 4660 2406 4692 ι
2432 4643 2508 4696 Ac
2529 4642 2570 4696 si
2591 4642 2798 4698 diceret
2819 4656 2832 4694 :
2856 4642 3007 4710 Quae,
3036 4643 3230 4714 inquit,
3258 4651 3502 4718 praedixi,

1915 4746 2017 4800 pro
2064 4732 2276 4787 meritis
2335 4733 2430 4788 tibi
2481 4734 2732 4804 inferam,
2781 4745 2856 4804 at,
2909 4748 3197 4810 postquam
3248 4741 3502 4812 intulero,

1917 4824 2086 4880 Deum
2149 4825 2244 4882 tibi
2293 4843 2389 4897 per
2442 4829 2646 4901 ﬂagella
2705 4832 3085 4892 adventantem
3137 4839 3278 4895 bono
3337 4843 3506 4898 animi

1915 4927 2176 4986 apparati)
2215 4920 2461 4990 suscipe,
2503 4937 2629 4980 ecce
2665 4924 2843 4993 enim,
2890 4927 2943 4981 id
2969 4937 3066 4983 est
3095 4940 3293 4999 praesto
3336 4932 3506 4990 habes

1913 5027 2034 5068 eum
2070 5013 2162 5083 qui
2190 5013 2446 5070 informat
2471 5017 2689 5073 virtutis
2719 5019 2966 5076 ubertate
2994 5025 3387 5099 magnanimes,
3411 5029 3506 5082 sed

1914 5105 2144 5162 subinde
2176 5108 2323 5164 novit
2363 5109 2761 5179 excellentiam,
2799 5127 2960 5182 quam
3002 5114 3226 5170 indulsit
3263 5134 3361 5188 per
3384 5130 3503 5174 ten-

1913 5200 2177 5256 tationum
2210 5201 2401 5259 rellare
2424 5205 2867 5274 vertigines,.nec
2897 5216 3076 5261 tamen
3107 5223 3137 5262 a
3170 5225 3228 5265 se
3261 5211 3502 5281 pulsatos

1913 5290 2142 5358 alienat,
2192 5295 2285 5350 sed
2328 5296 2534 5354 intimae
2574 5298 2959 5355 consolationis
2995 5301 3270 5372 eloquium
3319 5308 3398 5362 eis
3446 5307 3501 5360 in

1913 5387 2239 5444 necessitate
2279 5392 2616 5460 suppeditat,
2651 5391 2855 5448 faciens
2887 5395 3105 5464 quidem
3144 5398 3198 5452 in
3231 5401 3500 5455 matutino

1914 5477 2178 5546 nebulam,
2207 5492 2262 5533 ut
2281 5485 2575 5552 primordia
2605 5497 2789 5541 nostra
2809 5488 3132 5557 quibusdam
3168 5492 3500 5547 misceantur

1913 5571 2093 5639 malis,
2128 5573 2252 5641 quia
2285 5590 2443 5630 nemo
2470 5587 2691 5646 repente
2719 5580 2778 5636 ﬁt
2809 5597 3084 5651 summus,
3113 5593 3328 5655 oportet
3352 5585 3497 5640 enim

1914 5669 1973 5714 ut
1997 5662 2277 5732 gradiatur
2297 5683 2452 5735 super
2471 5669 2672 5723 excelsa
2697 5681 2873 5741 teme,
2891 5675 3148 5730 nimirum
3175 5675 3501 5747 eotuprim‘iit

1917 5756 2104 5811 rudem
2154 5755 2318 5826 illam,
2367 5769 2418 5815 et
2465 5768 2705 5822 teneram
2745 5767 3118 5825 excellentiam
3159 5767 3497 5824 .terrcnitatis
