3998 6326
502 278 598 337 431

1321 277 1384 331 V.
1427 270 1753 332 GUIBERTI
1790 270 2082 329 ABBATIS
2124 272 2183 330 S.
2225 271 2468 329 ΜΑΒΙᾸΕ
2507 271 2595 329 DE
2633 271 3030 331 NOVIGENTO

3657 287 3753 346 452

432 441 439 447 .
502 405 723 452 nostrae.
749 394 891 450 Deus
919 396 1236 451 exercituum
1269 408 1456 447 nomen
1486 391 1766 461 ejus,quia
1798 399 1988 463 potens
2008 400 2091 448 est
2118 398 2169 458 Α
2197 392 2587 462 interpretatur
2629 403 2985 463 augmentum.
3041 390 3381 449 Conscientia
3422 412 3569 469 ergo,
3614 404 3752 475 cujus

502 488 690 544 ulcisci
723 488 1180 559 transgressiones
1206 485 1451 539 criminis
1484 483 1729 555 alicujus.

1126 573 1352 630 CAPUT
1393 574 1457 630 V.

573 671 731 726 Vens.
768 673 818 725 1.
852 701 919 711 -
953 689 971 721 ι
1020 670 1213 725 Audite
1242 670 1467 725 verbum
1494 670 1638 726 istud
1661 671 1801 741 quod
1840 686 1939 743 ego
1968 670 2088 727 levo

502 787 522 818 ι
567 780 730 836 super
752 778 849 819 vos
875 763 1172 833 planctum,
1206 764 1399 819 domus
1425 764 1608 820 Israel.
1651 784 1668 816 ι
1704 763 1924 819 Verbum
1946 766 2086 835 quod

438 846 441 851 ’
494 876 653 929 super
692 873 785 913 eos
826 857 969 913 Deus
1018 857 1163 913 levat
1204 857 1468 927 jubentur
1511 858 1727 924 audire,
1765 874 1887 913 eum
1927 858 2086 913 infel-

493 951 778 1007 lcctualem
819 952 1024 1008 mentis
1065 952 1335 1019 ordinem,
1386 952 1670 1034 quomodo
1699 952 1903 1007 scilicet
1943 953 2084 1007 Deus

491 1044 764 1112 humiliat,
805 1053 860 1100 et
892 1046 1090 1117 quibus
1134 1044 1342 1101 solatiis
1379 1055 1617 1102 mentem
1653 1045 1929 1111 sublevat,
1963 1060 2080 1100 mo~

488 1147 692 1194 nentur
716 1136 1039 1211 intelligere.
1068 1137 1182 1194 Hoc
1205 1138 1412 1193 verbum
1436 1139 1622 1192 domus
1643 1136 1812 1192 Israel
1836 1137 2083 1208 planctus

430 1284 433 1291 ,
487 1237 593 1295 est,
632 1229 761 1301 quia
814 1230 1097 1295 nesciunt,
1138 1229 1195 1284 hi
1232 1230 1325 1299 qui
1365 1229 1429 1284 ad
1471 1228 1638 1284 Deum
1677 1228 1831 1300 dirigi
1873 1226 2079 1295 volunt,

489 1333 677 1379 utrum
719 1323 839 1394 ipsa
884 1324 1109 1380 tentatio
1160 1326 1339 1393 ruina,
1388 1340 1455 1379 an
1495 1323 1642 1380 salus
1688 1324 1776 1379 sit.
1822 1343 1839 1374 ι
1881 1321 2083 1378 Domus

494 1436 515 1471 ι
557 1417 726 1473 Israel
752 1419 968 1486 cecidit,
1000 1416 1342 1487 nonadjiciet
1364 1427 1421 1473 ut
1442 1427 1705 1490 resurgat.
1728 1438 1747 1470 ι
1778 1414 1965 1489 (Vens.
2000 1417 2078 1488 ἓ.)

494 1534 514 1567 ε
558 1513 724 1585 Virgo
756 1514 922 1570 Israel
949 1513 1190 1585 projecta
1220 1524 1303 1570 est
1333 1515 1386 1568 in
1419 1523 1618 1569 terram
1648 1530 1825 1581 suam,
1857 1529 1963 1569 non
1996 1521 2080 1568 est

490 1623 513 1656 ι
560 1605 651 1675 qui
691 1606 915 1660 suscitet
955 1619 1095 1659 eam.
1137 1623 1156 1657 ι
1197 1604 1392 1659 Domus
1431 1604 1603 1660 Israel
1646 1606 1810 1672 cadit,
1848 1620 1972 1660 cum
2008 1604 2075 1672 is,

486 1696 584 1765 qui
622 1709 745 1749 cum
789 1694 900 1749 Deo
932 1694 1077 1750 inter
1114 1702 1448 1750 tentamenla
1489 1694 1780 1767 principari
1818 1695 2080 1750 debuerat

2194 493 2305 539 tota
2350 485 2577 541 intentio
2606 484 2894 542 exterioris
2928 484 3083 541 fama:
3111 498 3396 558 augmento
3430 494 3750 567 commilitat,

2128 592 2131 593 ν
2192 577 2564 646 comburitur,
2619 593 2740 633 cum
2781 579 3236 649 concupiscentiis
3290 581 3429 638 intro
3475 585 3750 657 addicitur;

2190 669 2382 726 domus
2404 669 2523 739 Dei,
2555 671 2700 740 quod
2730 680 2815 725 est
2848 669 3035 726 Bethel
3071 687 3177 726 non
3210 688 3359 740 vera,
3387 677 3484 731 sed
3514 678 3755 752 imagina-

2189 765 2291 831 ria,
2325 766 2400 819 ita
2426 775 2611 821 utnon
2636 766 2729 832 sit,
2753 766 3068 835 devoratur,
3096 768 3224 838 quia
3253 784 3282 823 a
3310 769 3488 827 fructu
3506 775 3755 845 opinionis

2187 872 2399 927 magnae
2425 858 2689 927 privatur.

2259 950 2422 1004 Vens.
2453 949 2505 1016 7,
2548 950 2600 1004 8.
2642 979 2712 990 —
2753 969 2770 1001 ‹
2813 948 2912 1016 Qui
2977 952 3294 1008 eonvertitis
3335 953 3383 1008 in
3426 956 3753 1027 ahsynthium

2191 1060 2209 1094 ι
2246 1041 2541 1111 judicium,
2587 1053 2641 1098 et
2679 1042 2947 1111 justitiam
2995 1047 3050 1099 in
3100 1054 3243 1101 terra
3299 1046 3619 1119 relinquitis.
3663 1050 3755 1106 Fa-

2188 1155 2207 1187 ‹
2250 1136 2482 1191 cientem
2512 1136 2802 1191 Arcturum
2830 1181 2843 1205 ,
2876 1148 2930 1193 et
2954 1138 3243 1205 Orionem,
3277 1148 3333 1195 et
3369 1151 3755 1199 convertentem

2189 1246 2208 1278 ι
2256 1227 2311 1281 in
2365 1243 2525 1283 mane
2578 1228 2861 1297 tenebras,
2894 1240 2949 1285 et
2996 1231 3137 1286 diem
3182 1242 3342 1289 nocte
3382 1242 3694 1291 mutantem.
3733 1254 3751 1290 ι

2180 1315 2450 1371 Judicium
2475 1320 2529 1372 in
2554 1318 2888 1390 absynthium
2916 1331 3260 1392 convertunt,
3288 1323 3379 1393 qui
3409 1323 3755 1395 dulcedinem,

2182 1424 2289 1479 qua
2334 1409 2427 1464 Dei
2470 1411 2712 1466 suavitas
2741 1420 3141 1484 praegustatur,
3176 1415 3229 1468 in
3266 1417 3615 1484 temporalem
3654 1415 3758 1488 glo-

2182 1502 2342 1570 riam,
2377 1518 2481 1574 qua
2513 1504 2655 1560 Deus
2685 1506 3049 1575 amaricatur,
3083 1523 3339 1578 perverso
3374 1508 3580 1577 judicio
3607 1508 3759 1565 intor-

2180 1609 2350 1664 quere
2392 1612 2496 1651 non
2530 1601 2813 1653 metuunt.‘
2840 1599 3187 1671 Absyutltium
3227 1602 3371 1656 enim
3402 1611 3487 1657 est
3516 1602 3759 1672 quidquid

2184 1688 2524 1745 infructuoso
2548 1705 2836 1761 corporum
2862 1692 3123 1763 supplicio
3145 1693 3433 1763 qua'situm
3469 1704 3578 1752 est.
3602 1696 3759 1751 Justi-

479 1785 802 1853 subsistere,
838 1801 943 1841 non
985 1784 1221 1842 sufiicit:
1262 1786 1437 1840 Israel
1480 1786 1623 1841 enim
1667 1787 1918 1857 princeps
1953 1801 2075 1841 cum
2108 1777 2153 1836 B
2183 1781 2309 1833 (iam
2354 1781 2408 1834 in
2445 1788 2587 1834 terra
2621 1781 2951 1851 relinquunt,
2985 1799 3107 1837 cum
3144 1784 3198 1838 in
3237 1784 3474 1840 terrenis
3514 1787 3761 1855 cupiditao

480 1880 594 1935 Deo
626 1889 729 1935 est.
764 1877 891 1935 Non
936 1880 1122 1952 adjicit
1167 1889 1222 1934 ut
1268 1891 1540 1952 resurgat,
1583 1896 1705 1935 cum
1745 1896 1809 1936 ex
1855 1880 2073 1950 propria

480 1971 805 2027 lentitudine
831 1972 1150 2043 desperatus
1172 1988 1447 2042 nunquam
1470 1972 1536 2025 ad
1562 1971 1783 2027 meliora
1818 1972 2072 2042 respirat.

434 2128 437 2129 ν
497 2061 651 2134 Virgo
692 2062 865 2117 Israel
895 2064 948 2117 in
976 2073 1172 2118 terram
1208 2080 1359 2118 suam
1391 2063 1706 2135 projicitur,
1735 2079 1856 2119 cum
1886 2077 2075 2117 eorum

477 2158 740 2214 sterilitas
780 2158 946 2214 animi
992 2161 1093 2215 sub
1133 2160 1352 2230 propria
1393 2159 1705 2213 temeritate
1747 2158 2070 2212 demittitur.

477 2251 605 2307 Non
652 2262 726 2307 est
777 2254 868 2320 qui
918 2254 1128 2308 suscitet
1178 2270 1328 2319 eam,
1374 2252 1500 2322 quia
1559 2262 1738 2307 motus
1791 2248 2074 2305 rationalis

475 2345 866 2416 exstinguitur,
893 2346 985 2417 qui
1019 2345 1207 2401 talium
1236 2344 1405 2401 faciat
1434 2344 1767 2402 revirescere
1793 2343 2075 2401 conscien-

474 2436 627 2493 tiam.

549 2527 714 2583 Vens.
748 2528 802 2583 5.
827 2559 897 2569 --
924 2548 942 2581 ι
978 2528 1115 2596 Quia
1153 2530 1271 2586 haec
1307 2530 1439 2586 dicit
1474 2529 1771 2587 Dominus:
1802 2528 1966 2597 Urbs,
2005 2529 2072 2585 de

480 2636 502 2671 ι
551 2634 656 2689 qua
693 2621 1113 2692 egrediebantur
1148 2622 1324 2689 mille,
1359 2622 1739 2693 relinquentur
1768 2624 1821 2677 in
1852 2636 1912 2678 ea
1944 2638 2073 2678 ceu-

481 2732 504 2766 σ
546 2721 659 2771 tum
680 2732 693 2769 :
713 2725 767 2771 et
789 2716 854 2771 de
875 2731 979 2785 qua
1004 2715 1421 2785 egrediebantur
1441 2724 1678 2784 centum,
1697 2715 2071 2785 relinquentur

480 2822 503 2857 ι
552 2806 609 2861 in
640 2822 705 2861 ea
735 2805 920 2862 decem
951 2808 1003 2862 in
1034 2794 1195 2863 domo
1216 2807 1400 2864 Israel.
1437 2828 1455 2861 ι
1488 2807 1563 2863 De
1594 2807 1724 2863 urbe
1749 2807 1892 2862 mille
1918 2823 2069 2879 egre.

472 2894 719 2964 diuutur,
766 2913 891 2953 cum
942 2899 1016 2969 pii
1068 2900 1233 2955 studii
1279 2896 1615 2956 universitas
1653 2915 1684 2953 a
1735 2900 2068 2955 conscientia

436 2990 651 3048 'solida
693 2992 1000 3061 derivatur,
1038 3008 1159 3063 qua:
1195 2993 1475 3063 plenitudo
1518 2994 1585 3048 ad
1617 3004 1823 3049 centum
1865 2993 2067 3066 redigi-

470 3092 586 3151 tur,
619 3085 745 3141 dum
786 3094 992 3142 remota
1030 3087 1298 3157 spirituali
1333 3088 1686 3143 exuberantia
1717 3090 1784 3144 ad
1815 3100 2062 3157 externa,

469 3184 528 3232 et
556 3185 614 3231 ut
641 3176 719 3231 ita
749 3176 999 3246 dixerim,
1028 3177 1258 3247 publica:
1288 3179 1641 3234 humanitatis
1673 3180 1811 3235 bona
1841 3181 2067 3237 restrinu

470 3268 637 3339 gitur.
672 3267 1033 3326 Centenarius
1069 3271 1213 3325 enim
1245 3271 1533 3327 millenarii
1566 3288 1689 3342 pars
1715 3282 1799 3329 est
1831 3274 2064 3341 decima,

469 3364 529 3412 ct
575 3356 739 3413 houio
788 3360 1033 3415 decimus
1087 3376 1142 3416 ιιι
1196 3361 1449 3416 rationali
1505 3372 1774 3417 creatura.
1833 3363 2064 3419 Centum

469 3463 685 3520 quoque
711 3460 1073 3507 extenuantur
1104 3456 1157 3507 in
1183 3453 1391 3521 decem,
1425 3455 1639 3523 quando
1662 3455 1826 3511 etiam
1854 3456 2066 3525 abjecto

468 3542 589 3615 ipso
616 3545 887 3599 communi
910 3561 973 3601 ac
995 3547 1230 3601 naturali
1261 3547 1426 3613 bono,
1458 3549 1523 3603 ad
1556 3564 1747 3619 puram
1778 3549 2066 3620 deponitur

468 3635 846 3692 sensualitatis
876 3636 1280 3692 hebetudiuem.
1312 3637 1579 3693 Denarins
1614 3655 1848 3709 namque
1886 3639 1936 3694 id
1977 3640 2062 3694 in-

468 3745 642 3785 nuere
690 3731 998 3798 invenitur,
1040 3731 1168 3801 quia
1216 3730 1468 3787 videlicet
1515 3732 1630 3802 ipse
1677 3732 1961 3803 quinarius
2009 3733 2062 3787 in

467 3821 719 3876 interiori
761 3832 816 3876 et
852 3822 1110 3877 exteriori
1154 3822 1505 3878 sensualitate
1539 3823 1867 3893 geminatur.
1912 3821 2064 3878 Unde

469 3914 689 3969 cuidam
726 3914 860 3969 lucri
901 3915 983 3969 sui
1019 3915 1193 3985 gratia
1229 3914 1528 3970 dominium
1564 3929 1725 3986 super
1767 3917 1950 3970 decem
1986 3917 2064 3970 ci-

467 4004 671 4060 vitates
700 4005 1016 4060 attribuitur
1047 4005 1198 4077 (Luc.
1232 4022 1346 4074 χιχ,
1382 4007 1492 4078 17).

552 4098 711 4152 Vens.
733 4097 789 4165 4,
821 4098 874 4152 5.
910 4128 977 4137 -ι
1016 4117 1034 4150 ι
1076 4099 1313 4165 Quaerite
1344 4115 1432 4155 me
1465 4108 1519 4155 et
1547 4100 1757 4154 vtvelis.
1798 4100 1866 4155 Et
1897 4100 2063 4156 nolite

476 4210 497 4243 ι
541 4205 787 4265 quaerere
829 4190 1049 4259 Bethel,
1088 4200 1142 4246 et
1194 4192 1253 4246 in
1297 4176 1573 4263 Galgalatn
1623 4193 1791 4247 nolite
1831 4193 2057 4259 intrare,

476 4304 495 4338 ι
542 4295 595 4341 et
629 4286 682 4340 in
712 4284 983 4341 Bersabee
1010 4298 1117 4340 non
1158 4284 1493 4353 transibitis,
1531 4284 1659 4354 quia
1710 4283 1928 4355 Galgala
1970 4300 2061 4339 ea-

473 4396 492 4429 ι
540 4377 686 4447 ptiva
725 4377 982 4443 ducetur,
1015 4384 1069 4432 et
1098 4373 1289 4431 Bethel
1322 4375 1429 4430 erit
1458 4375 1683 4430 inutilis.
1726 4393 1743 4425 ι
1779 4375 1933 4441 Quod
1975 4384 2060 4431 est

466 4467 649 4523 dicere
678 4486 691 4522 :
723 4468 780 4523 Si
820 4482 945 4536 vos,
978 4467 1070 4538 qui
1104 4467 1173 4523 ad
1206 4467 1375 4523 Deum
1418 4466 1576 4537 dirigi
1614 4481 1793 4537 operte
1821 4466 2053 4537 pretium

465 4562 741 4616 msnmare
782 4562 1112 4628 debueratis,
1154 4576 1243 4617 me
1279 4561 1618 4632 quaareretis,
1664 4561 1826 4616 vitale
1869 4560 2057 4631 procul

466 4652 629 4710 dubio
667 4654 947 4723 saperetis.
983 4652 1156 4709 Porro
1180 4654 1307 4724 quia
1337 4655 1524 4709 domus
1555 4654 1652 4707 Dei
1688 4655 1857 4710 videri
1889 4656 2059 4726 hypo-

464 4746 617 4799 critis
664 4745 1089 4815 praisumptione
1136 4746 1377 4814 gestitis,
1425 4754 1480 4799 et
1526 4745 1665 4799 clam
1721 4745 2055 4802 iuvolvimini

464 4835 721 4890 vitiorum
761 4836 1080 4901 volutabris,
1125 4842 1181 4889 et
1224 4837 1289 4887 ad
1336 4844 1556 4905 puteum
1604 4836 1925 4906 septimum,
1965 4836 2057 4906 qui

462 4939 547 4985 est
592 4927 874 4997 Bersabee,
915 4928 1001 4983 vel
1034 4926 1198 4982 etiam
1221 4927 1459 4995 [puteum
1486 4927 1768 4993 satietatis,
1801 4926 1944 4995 quod
1975 4936 2057 4982 est

467 5021 827 5077 humanitatis
855 5034 1083 5089 vorago,
1128 5030 1251 5086 quae
1285 5018 1635 5085 quateruario
1668 5017 1959 5084 exteriori,
2001 5027 2057 5073 et

467 5116 721 5171 interiori
753 5113 989 5169 ternario
1028 5117 1272 5176 constat,
1303 5110 1501 5164 misera
1539 5124 1633 5164 vos
1670 5110 1926 5165 aviditate
1955 5111 2051 5165 im-

461 5208 710 5279 mergitis
736 5248 752 5274 ,
804 5204 987 5259 sciatis
1038 5200 1257 5257 indubie
1303 5202 1430 5272 quia
1472 5201 1818 5257 clandestinae
1860 5211 2054 5259 vestra:

459 5302 649 5358 sordes
691 5299 1044 5370 deprehensae
1093 5296 1358 5352 ducentur
1403 5296 1455 5351 in
1496 5296 1789 5368 publicum,
1832 5306 1885 5353 et
1923 5298 2052 5355 illud

458 5398 578 5465 Dei,
608 5395 756 5467 quod
785 5408 882 5449 vos
907 5408 1029 5450 esse
1063 5392 1337 5449 simulatis
1370 5393 1426 5449 in
1456 5393 1603 5451 nullo
1628 5395 1780 5451 vobis
1807 5396 2050 5467 proderit

458 5490 740 5559 templum.

531 5582 697 5637 Vens.
726 5579 778 5635 6.
826 5610 895 5619 —
929 5599 947 5630 ι
998 5579 1235 5648 Quaerite
1287 5580 1594 5647 Dominum,
1633 5590 1689 5636 et
1726 5582 1890 5639 vivite
1921 5600 1935 5637 :
1979 5600 2048 5642 ne

472 5694 490 5726 ι
541 5676 684 5732 forte
710 5674 1065 5731 comburatur
1092 5684 1149 5730 ut
1175 5674 1315 5747 ignis
1340 5677 1531 5733 domus
1550 5677 1769 5748 Ioseph,
1803 5687 1857 5733 et
1886 5678 2048 5736 devo-

463 5784 485 5820 ι
526 5769 690 5839 rabit,
721 5779 776 5827 et
800 5784 908 5827 non
936 5769 1041 5827 erit
1066 5768 1161 5841 qui
1202 5769 1513 5843 exstinguat
1540 5771 1746 5828 Bethel.
1787 5792 1806 5826 ι
1847 5771 2045 5844 Joseph

2178 1870 2325 1926 tibus
2359 1882 2708 1928 remanentes
2744 1888 2929 1928 veram
2976 1875 3145 1945 ipsrus
3183 1874 3433 1945 justitiae,
3477 1892 3597 1946 qua:
3635 1876 3761 1934 Deus

2177 1972 2291 2027 est,
2322 1963 2617 2018 essentiam
2664 1973 2949 2034 spernunt.
2991 1964 3119 2021 Haec
3154 1966 3364 2037 justitia
3405 1967 3688 2021 Arcturum
3718 1975 3760 2022 et

2180 2054 2430 2109 Orionem
2461 2054 2622 2122 facit,
2656 2070 2778 2110 cum
2814 2056 3072 2126 quidquid
3106 2055 3548 2127 praeclarissime
3578 2056 3761 2113 sancti-

2177 2147 2308 2202 tatis
2357 2156 2414 2203 ct
2458 2147 2512 2201 in
2558 2146 2798 2216 praelatis
2846 2149 3135 2217 reperitur,
3168 2157 3221 2203 et
3259 2148 3495 2204 subditis
3538 2158 3681 2205 creat
3712 2155 3764 2207 et

2175 2239 2337 2310 233
2370 2238 2609 2295 inStruit.
2653 2238 2770 2295 Non
2803 2240 2901 2296 abs
2938 2256 2996 2296 re
3026 2240 3169 2296 enim
3197 2241 3499 2296 Arcturum
3527 2242 3761 2312 prtelatos

2176 2332 2449 2405 intelligas
2484 2333 2528 2388 si
2561 2333 2774 2388 bootem
2800 2349 2923 2389 cum
2957 2333 3199 2405 plaustro
3226 2336 3569 2391 consideras.
3615 2334 3763 2390 Tene-

2174 2423 2296 2478 bras
2322 2426 2377 2479 iu
2407 2442 2560 2479 mane
2596 2425 2888 2492 convertit,
2919 2440 3041 2480 cum
3069 2426 3467 2481 obscuritatem
3499 2427 3760 2482 conscien-

2174 2517 2375 2572 tiarum
2412 2517 2466 2572 in
2505 2517 2885 2588 crepusculum
2927 2518 3280 2588 aspirationis
3310 2518 3514 2573 divina:
3546 2518 3758 2573 reducit.

2172 2611 2242 2667 At
2281 2611 2419 2666 diem
2464 2621 2610 2665 nocte
2655 2622 2849 2679 mutat,
2892 2626 3014 2666 eum
3060 2611 3402 2682 splendorem
3448 2611 3757 2683 hypocrisis,

2172 2713 2266 2757 aut
2306 2704 2358 2757 in
2404 2704 2656 2774 prmseuti
2688 2706 2919 2776 pmpriae
2962 2706 3259 2761 retectione
3300 2707 3564 2776 nequitiae
3603 2707 3679 2759 vel
3712 2706 3758 2760 in

2170 2794 2356 2851 futuro
2393 2809 2656 2868 perpetua
2709 2800 2954 2855 caecitate
3001 2801 3344 2855 condemnat.
3400 2819 3420 2852 ι
3468 2800 3571 2867 Qui
3615 2808 3759 2856 vocat

2175 2910 2194 2943 ι
2233 2905 2403 2960 aquas
2430 2892 2620 2959 maris,
2658 2901 2712 2947 et
2751 2891 2980 2947 etIundit
3011 2908 3103 2947 eas
3151 2908 3315 2963 super
3357 2893 3560 2948 faciem
3591 2901 3756 2958 terra),

2176 3001 2194 3035 ι
2241 2982 2504 3039 Dominus
2537 3000 2731 3040 nomen
2768 2985 2904 3054 ejus.
2945 3004 2964 3037 ι
2999 2986 3178 3057 Aquas
3207 2987 3370 3041 maris
3400 2998 3566 3043 vocat
3588 2987 3674 3058 qui
3700 2986 3761 3041 ad

2172 3080 2255 3134 sui
2301 3094 2539 3134 amorem
2584 3095 2773 3135 errore
2816 3079 3104 3148 fluitantia,
3149 3089 3204 3135 et
3247 3080 3484 3137 internis
3533 3080 3759 3152 pestibus

2173 3171 2501 3237 amaricata,
2536 3170 2627 3226 sed
2660 3181 2716 3226 et
2750 3172 3048 3241 cupiditate
3082 3172 3391 3243 inexplebili
3425 3172 3573 3227 salsa
3608 3164 3759 3228 corda

2171 3264 2445 3319 contrahit
2479 3274 2533 3319 et
2562 3265 2754 3320 elevat.
2795 3263 2967 3335 Super
2996 3266 3185 3335 faciem
3212 3277 3366 3322 terrte
3396 3283 3493 3321 eas
3525 3265 3761 3333 effundit,

2171 3371 2293 3410 cum
2341 3356 2407 3409 ad
2453 3357 2943 3412 considerationem
2986 3373 3098 3413 suae
3132 3358 3335 3414 veteris
3380 3357 3761 3429 delinquentiat

2171 3464 2360 3503 eorum
2411 3450 2898 3519 contemplationes
2939 3450 3202 3505 extendit.
3257 3449 3427 3505 Terra
3480 3450 3625 3505 enim
3672 3463 3760 3518 pro

2168 3551 2438 3610 peccatore
2473 3542 2717 3613 ponitur,
2752 3551 2811 3597 ut
2841 3552 2923 3599 est
2963 3558 2977 3597 :
3015 3561 3034 3595 ι
3089 3542 3256 3597 Terra
3302 3558 3388 3609 es;
3445 3562 3465 3596 ι
3514 3543 3758 3598 Dominus

2168 3631 2280 3694 eius
2304 3648 2487 3685 nomen
2519 3641 2637 3701 est,
2667 3634 2759 3703 qui
2790 3634 2935 3689 aliud
2977 3649 3069 3689 vas
3102 3635 3155 3689 in
3189 3635 3494 3702 honorem,
3528 3634 3673 3690 aliud
3708 3634 3757 3688 in

2168 3723 2552 3777 contumeliam
2579 3724 2759 3780 facere
2783 3735 2961 3796 potest
2986 3726 3164 3797 (Rom.
3190 3743 3267 3795 ix,
3290 3725 3404 3797 21).

2241 3814 2404 3869 Vens.
2437 3815 2489 3871 9.
2518 3846 2588 3855 —
2620 3836 2638 3867 ι
2675 3816 2777 3884 Qui
2818 3819 3062 3874 subridet
3097 3819 3405 3874 vastitatem
3463 3835 3633 3891 super
3667 3834 3751 3875 ro-

2172 3925 2191 3958 ι
2244 3906 2481 3974 bustum,
2537 3919 2592 3963 ct
2648 3909 3115 3979 depopulationem
3173 3925 3338 3982 super
3364 3920 3646 3982 potentem
3688 3910 3758 3965 af-

2172 4018 2189 4051 ι
2236 4000 2359 4054 fert.
2394 4020 2411 4051 ι
2452 4001 2624 4069 Super
2674 4002 2943 4056 robustum
2992 4004 3286 4057 vastitatem
3335 4003 3611 4072 subridet,
3642 4018 3758 4059 cum

2164 4107 2310 4158 eum,
2341 4093 2432 4163 qui
2467 4093 2691 4148 interna:
2718 4094 2821 4148 sibi
2870 4094 3202 4150 fortitudinis
3237 4095 3466 4166 gloriam
3522 4104 3755 4169 arrogat,

2164 4186 2232 4239 ad
2290 4186 2588 4257 pr0patula:
2643 4186 2994 4243 desolationis
3042 4187 3321 4242 infamiam
3380 4190 3756 4245 universorum

2164 4279 2447 4334 cachinnis
2472 4280 2791 4351 exponendo
2820 4280 3085 4338 declarat.
3116 4280 3587 4353 DepOpulatioaem
3610 4298 3757 4351 super

2161 4380 2420 4440 potentem
2462 4372 2641 4435 affert,
2695 4387 2817 4426 cum
2876 4372 3188 4437 interiores,
3248 4388 3383 4443 quas
3438 4388 3499 4427 se
3563 4374 3757 4429 habere

2089 4505 2134 4565 D
2162 4462 2383 4517 simulat
2428 4465 2688 4517 virtutum
2721 4465 2927 4533 copias,
2993 4466 3061 4521 ad
3108 4467 3438 4521 exteriorem
3492 4467 3756 4538 impoten-

2162 4553 2310 4618 tiatu,
2355 4563 2407 4608 et
2448 4554 2565 4608 vitii
2616 4555 2867 4609 inertiam
2904 4556 3196 4627 redigenda
3230 4557 3427 4626 deplet.

2235 4646 2396 4702 Vens.
2448 4648 2537 4701 10.
2573 4678 2643 4687 —
2694 4666 2711 4698 ι
2751 4648 2888 4703 Odio
2926 4626 3228 4703 habuerunt
3272 4650 3324 4703 iu
3383 4657 3543 4718 porta
3582 4664 3750 4706 corno

2166 4758 2183 4792 ‹
2226 4741 2486 4809 pientem,
2532 4749 2585 4794 et
2616 4740 2924 4811 loquentem
2954 4741 3193 4813 perfecte
3224 4741 3522 4797 abominati
3560 4752 3703 4797 sunt.
3730 4762 3748 4795 ι

2157 4832 2226 4887 In
2268 4845 2420 4903 porta
2478 4834 2727 4905 corripit,
2778 4836 2869 4907 qui
2925 4836 3257 4906 jttdieialiter
3303 4839 3614 4908 quempiam
3662 4853 3751 4892 co-

2156 4928 2356 4997 arguit.
2401 4926 2650 4997 luporta
2707 4928 2853 4983 enim
2915 4930 3219 5000 antiquitus
3273 4932 3517 4985 exerceri
3581 4930 3754 4987 solere

2150 5019 2356 5089 judicia
2389 5036 2494 5076 non
2552 5021 2759 5077 nemini
2795 5033 3005 5078 certum
3060 5034 3161 5078 est.
3214 5022 3347 5078 Odio
3378 5038 3506 5095 ergo
3556 5025 3752 5079 habent

2156 5115 2211 5169 in
2270 5125 2421 5183 porta
2469 5117 2854 5186 corripientem,
2888 5116 2978 5186 qui
3029 5132 3169 5188 aegre
3211 5116 3391 5171 ferunt
3432 5133 3535 5171 non
3576 5131 3643 5171 ex
3676 5125 3752 5170 te-

2154 5209 2428 5276 meritate,
2462 5211 2557 5264 sed
2609 5225 2677 5263 ex
2729 5210 2963 5264 veritate
3007 5218 3345 5265 eausantem.
3386 5208 3627 5279 Perfecle
3680 5208 3750 5260 lo—

2152 5316 2397 5377 quentem
2430 5306 2839 5371 abominantur,
2892 5320 3015 5360 cum
3053 5305 3284 5360 aliorum
3335 5304 3624 5360 lenociniis
3659 5318 3747 5357 as-

2155 5401 2322 5466 sueti,
2373 5415 2489 5466 eos,
2527 5400 2618 5470 qui
2653 5400 2863 5455 sincere
2910 5415 3004 5456 sua
3058 5399 3187 5454 vitia
3218 5399 3539 5470 corripiunt,
3592 5411 3748 5453 exse-

2151 5503 2388 5551 crantnr.

2223 5584 2390 5642 Vens.
2426 5587 2514 5640 Il.
2542 5617 2610 5627 -η
2654 5605 2672 5639 ‹
2700 5584 2930 5653 Idcirco,
2979 5601 3077 5657 pro
3109 5600 3174 5641 eo
3224 5584 3367 5655 quod
3404 5582 3747 5654 diripiebatis

2157 5699 2178 5733 ‹
2226 5695 2521 5752 pauperem
2573 5688 2625 5736 ct
2686 5680 2929 5751 praedam
2958 5679 3186 5735 electam
3237 5678 3506 5734 tollebatis
3542 5676 3614 5730 ab
3654 5689 3741 5739 eo,

2157 5792 2177 5829 ι
2222 5773 2411 5832 domos
2445 5772 2653 5845 quadro
2689 5772 2870 5845 lapide
2919 5770 3252 5830 tediticabitis
3278 5780 3357 5849 __et
3386 5786 3491 5828 non
3524 5766 3743 5824 habita-
