3952 6360
172 426 283 486 £33

822 417 1290 481 TROPOLOGIE
1331 424 1399 481 1N
1420 422 1619 494 OSEE,
1660 424 1849 484 ΑΜΟὸ
1888 426 1976 484 ΕΤ
2015 427 2161 485 JER.
2214 461 2283 471 —
2320 428 2448 487 LIB.
2488 431 2577 489 1V.
2620 432 2688 488 IN
2727 431 2937 494 AMOS.

3354 436 3460 491 454

179 570 199 599 ι
246 546 373 601 bitis
426 543 478 599 in
548 541 648 599 eis.
680 561 699 595 ι
760 539 1052 613 Pauperem
1116 542 1337 614 diripit,
1400 546 1490 614 qui
1544 561 1575 600 a
1629 545 1770 601 bona
1798 548 1847 609 Α
1876 560 1997 601 cum
2037 562 2144 601 non
2175 547 2348 603 solum
2382 550 2434 604 in
2473 549 2591 620 ipsa
2638 550 2850 606 enormi
2890 548 3204 605 dilatatione
3252 550 3463 606 animo-

179 634 479 693 intentione
517 634 828 706 quempiam
877 635 1106 705 dissipat
1134 644 1189 690 et
1233 636 1477 692 abducit.
1521 637 1770 693 Praedam

174 733 393 787 electam
424 732 487 785 ab
518 748 577 785 eo
608 728 766 793 tollit,
812 730 901 799 qui
936 729 1080 798 quod
1127 729 1415 798 pretiosius
1448 739 1501 786 et
1544 731 1770 787 electius

177 830 228 881 in
269 827 490 882 homine
530 835 646 893 est,
723 825 1031 895 spiritualia
1080 826 1268 895 utique
1321 827 1461 882 bona
1517 843 1771 897 perversa

174 921 557 975 deliortatione
590 919 878 975 subvertit.
925 918 1125 973 Domos
1160 920 1363 991 quadra
1403 922 1576 992 lapide
1606 922 1771 977 aediﬁ-

181 1022 332 1079 cant,
385 1029 509 1068 cum
559 1013 857 1068 virtutibus
906 1012 1233 1067 immutilata
1260 1013 1412 1083 quasi
1448 1016 1771 1070 auctoritate

177 1106 562 1160 constantibus
630 1106 991 1161 conscientias
1049 1120 1178 1161 suas
1248 1106 1491 1162 eminere
1548 1108 1771 1163 demort—

178 1207 405 1264 strant;
475 1199 569 1254 sed
603 1200 655 1253 in
710 1202 782 1255 eis
849 1217 950 1255 non
995 1201 1264 1267 habitant,
1310 1202 1433 1273 quia
1484 1203 1537 1258 in
1584 1218 1771 1258 earum

177 1290 446 1358 dominio,
489 1293 829 1348 Deo'eorum
886 1292 1015 1347 vitia
1070 1292 1375 1359 revelante,
1431 1294 1595 1350 nimis
1644 1310 1769 1365 per-

177 1380 456 1438 functorie
493 1393 861 1455 perseverant.

257 1472 423 1529 Vens.
462 1475 549 1530 12.
578 1506 648 1515 —
680 1496 699 1527 ι
736 1476 933 1532 Vincas
968 1476 1383 1535 amantissimas
1436 1479 1772 1551 plantabitis,

185 1583 205 1617 ς
255 1573 311 1620 et
353 1582 458 1620 non
507 1566 700 1622 bibetis
732 1568 916 1623 vinum
951 1584 1163 1636 earum,
1193 1571 1319 1640 quia
1348 1573 1574 1642 cognovi
1608 1572 1775 1627 multa

187 1673 208 1707 ι
255 1655 461 1711 scelera
508 1669 709 1724 vestra,
756 1668 811 1713 et
840 1658 1001 1715 fortia
1034 1669 1254 1731 peccata
1290 1671 1490 1721 vestra.
1527 1682 1544 1715 ι
1584 1661 1776 1717 Vincas

179 1747 578 1802 amantissimas
617 1748 886 1819 plantant,
927 1760 1075 1811 cum,
1099 1751 1403 1820 spiritualia
1438 1754 1576 1808 bona
1605 1753 1773 1807 mira-

172 1834 267 1890 bili
310 1836 637 1903 alacritate,
713 1850 768 1895 et
814 1841 981 1896 multa
1044 1843 1343 1898 videntium
1412 1844 1777 1915 gratulatione

1874 654 2017 705 rum,
2047 654 2167 707 quae
2207 640 2450 711 signatur
2495 643 2717 699 nomine
2748 643 3069 712 platearum,
3105 642 3198 699 sed
3230 643 3281 698 in
3312 643 3463 698 omni

1874 729 2143 786 forinseca
2199 732 2671 789 administratione
2728 735 2946 790 miseria
2985 735 3286 790 accersitur
3335 733 3464 805 (vel

1874 823 2330 894 congeminaturl
2380 826 2688 880 animarum
2735 834 2789 880 et
2842 843 3151 896 corporum.
3204 827 3457 897 Agricola

1874 917 1943 968 ad
1994 915 2193 972 lactant
2233 926 2477 984 vocatur,
2535 934 2658 974 cum
2712 920 2940 989 quilibet
2983 922 3323 992 praedicator,
3376 921 3464 976 cui

1874 1010 2139 1065 mentium
2179 1012 2359 1066 votiva
2398 1011 2608 1066 cultura
2638 1012 2991 1083 dignoscitur,
3021 1016 3133 1069 dira
3178 1030 3339 1084 super
3363 1014 3463 1069 ob-

1876 1103 2099 1157 duratos
2152 1102 2530 1173 compassione
2569 1114 2835 1159 movetur.
2881 1106 2981 1170 Qui
3014 1108 3185 1159 sciunt
3219 1106 3467 1176 plangere

1875 1204 2142 1249 vocantur
2171 1196 2239 1249 ad
2270 1194 2561 1265 planctum,
2591 1212 2714 1251 cum
2743 1196 2822 1261 lii,
2853 1197 3050 1265 quibus
3079 1212 3108 1250 a
3155 1196 3267 1251 Deo
3293 1198 3467 1267 pietas

1876 1297 1959 1342 est
1990 1287 2171 1355 insita,
2217 1288 2283 1343 ad
2323 1287 2559 1343 alienum
2608 1288 2995 1343 miserabiliter
3055 1287 3467 1358 illacrymantur

1876 1378 2122 1432 exilium.
2162 1377 2227 1432 In
2259 1379 2353 1433 viis
2404 1394 2621 1450 quoque
2680 1388 2762 1434 est
2809 1378 3072 1449 planctus,
3122 1379 3177 1432 in
3228 1379 3466 1432 omnibus

1878 1461 2142 1524 nimirum
2192 1470 2283 1541 qui
2329 1471 2465 1527 alios
2520 1471 2785 1542 exemplis
2829 1480 3034 1526 norunt
3064 1470 3280 1525 erudire
3324 1469 3467 1524 vita-

1877 1562 2040 1618 libus.
2086 1564 2228 1620 Deus
2256 1566 2311 1619 in
2339 1565 2510 1619 medio
2557 1581 2744 1621 eorum
2785 1566 3102 1636 pertransit,
3146 1580 3268 1619 cum
3300 1580 3368 1621 ne
3401 1563 3469 1620 ad

1880 1655 2151 1710 modicum
2197 1657 2415 1726 quidem
2444 1659 2497 1712 in
2529 1657 2691 1713 ullius
2726 1673 2913 1713 eorum
2940 1659 3103 1715 corde
3135 1659 3396 1715 substitit.

1959 1746 2120 1803 Vens.
2186 1749 2374 1805 18.—
2422 1749 2586 1821 234
2637 1768 2654 1800 ι
2696 1751 2783 1804 Va:
2836 1750 3271 1806 desiderantibus
3328 1750 3470 1805 diem

1885 1856 1904 1888 ‹
1952 1837 2191 1902 Domini,
2235 1839 2301 1892 ad
2331 1840 2457 1909 quid
2505 1855 2625 1894 eam
2678 1840 2876 1895 vobis?
2919 1840 3047 1895 Dies
3087 1841 3297 1896 Domini
3344 1841 3469 1905 ista,

170 1939 499 2000 propagant.
547 1931 653 1985 Sed
718 1932 896 1987 vinum
963 1950 1147 1988 earum
1203 1950 1307 1989 non
1360 1935 1573 2003 bibttnt,
1643 1935 1769 1990 dum

1888 1944 1904 1978 ι
1950 1928 2207 1993 tenebrae,
2256 1939 2309 1985 et
2357 1930 2469 1985 lux.
2508 1951 2526 1982 ›
2565 1930 2717 1985 Diem
2769 1931 2981 1986 Domini
3030 1932 3324 1998 desiderat,
3378 1931 3472 2001 qui

175 2019 329 2075 nulla
374 2023 677 2092 spiritualis
713 2025 981 2080 mercedis
1009 2025 1270 2080 exteriori
1306 2026 1499 2080 intenti
1533 2026 1771 2099 retribu—

174 2109 329 2166 tione
360 2128 482 2167 sese
511 2114 784 2169 reﬁciunt.
828 2114 997 2169 Multa
1025 2115 1221 2171 scelera
1250 2133 1436 2173 eorum
1470 2120 1770 2189 cognoscit,

181 2209 337 2256 tanto
388 2204 646 2259 nimirum
698 2206 878 2276 plura,
935 2217 1139 2278 quanto
1186 2211 1508 2279 occultiora,
1556 2221 1613 2267 et
1665 2227 1774 2283 quo

182 2296 531 2363 occultiora,
553 2314 618 2354 eo
661 2300 1132 2372 incorrigibiliora.
1167 2302 1395 2359 Peccata
1434 2321 1621 2361 eorum
1648 2316 1775 2361 sunt

178 2384 364 2455 fortia,
396 2390 525 2459 quia
582 2390 884 2461 spiritualia
915 2394 1172 2448 nimirum
1222 2395 1364 2450 sicut
1402 2396 1455 2450 in
1486 2396 1635 2451 nullo
1676 2412 1775 2468 pu-

179 2481 323 2547 dori,
362 2481 434 2536 ita
476 2491 531 2537 et
561 2485 887 2540 correctioni
938 2486 1252 2556 neutiquam
1299 2488 1561 2558 patentia.
1617 2506 1636 2538 ι
1670 2487 1776 2543 Ho-

186 2589 205 2621 ι
253 2573 519 2643 stcsjusti
551 2574 884 2646 accipientes
919 2593 1119 2631 munus
1155 2588 1207 2632 et
1249 2594 1515 2650 pauperes
1541 2579 1593 2633 in
1618 2589 1774 2650 porta

189 2680 209 2715 ι
258 2664 648 2734 deprimenles.
683 2687 702 2721 ›
763 2668 949 2725 Hostes
1001 2671 1146 2736 iusti,
1189 2672 1246 2725 id
1275 2680 1349 2725 est
1378 2670 1605 2742 justitia:
1627 2680 1773 2738 sunt,

178 2756 309 2826 quia
356 2774 553 2815 munus
591 2775 618 2814 a
649 2761 846 2818 ditiore
876 2764 1156 2833 accipiunt
1185 2770 1242 2819 et
1282 2764 1487 2820 idcirco
1517 2781 1773 2835 pauperes

178 2848 238 2904 in
271 2860 447 2917 porta,
492 2851 543 2906 id
573 2862 657 2907 est
676 2853 881 2923 judicio
908 2855 1240 2926 deprimunt.

257 2941 421 2997 Vens.
460 2944 547 2998 1'5.
571 2975 643 2984 —
674 2963 693 2997 ι
727 2946 849 3002 Ideo
879 2946 1119 3017 prudens
1144 2950 1196 3003 in
1233 2957 1477 3019 tempore
1507 2949 1597 3004 illo
1628 2958 1773 3005 tace-

190 3052 211 3086 ι
259 3033 360 3100 bit,
390 3037 519 3106 quia
554 3047 766 3109 tempus
814 3040 1018 3095 malum
1046 3050 1149 3096 est.
1187 3061 1205 3095 ι
1257 3042 1502 3099 Prudens
1551 3044 1605 3097 in
1647 3052 1776 3098 tem-

182 3140 310 3195 pore
347 3126 439 3179 illo
482 3137 661 3185 tacere
708 3130 952 3201 jubetur,
980 3132 1107 3201 quia
1133 3132 1185 3186 in
1217 3132 1477 3188 salicibus
1506 3134 1557 3201 in
1593 3133 1775 3188 medio

182 3213 475 3286 Babylonis
509 3220 873 3291 dispensative
897 3238 1100 3294 organa
1146 3224 1551 3293 suspenduntur
1576 3224 1595 3296 (
1621 3222 1773 3279 Psal.

1877 2020 2032 2075 vanis
2065 2018 2341 2077 favoribus
2387 2023 2730 2078 dementatus
2765 2023 2977 2094 qualem
3025 2040 3085 2079 se
3132 2024 3291 2094 vulgo
3334 2039 3474 2095 prae-

1832 2118 1843 2129 '
1879 2113 2051 2168 dicari
2096 2114 2248 2169 audit
2296 2131 2419 2171 esse
2467 2132 2526 2171 se
2572 2125 2750 2187 putat.
2789 2116 2869 2171 Ad
2900 2133 3058 2172 suum
3092 2132 3223 2189 ergo
3269 2132 3368 2184 vas,
3419 2124 3475 2172 et

1879 2205 1947 2261 ad
1986 2206 2236 2263 tenebras
2266 2217 2510 2278 exoptat,
2545 2210 2635 2280 qui
2664 2225 2769 2266 non
2818 2209 2887 2264 ad
2913 2209 3325 2273 conscientiam,
3376 2209 3474 2264 sed

1879 2300 1945 2355 ad
1979 2300 2222 2356 labulosa
2276 2312 2567 2373 respectat.
2625 2304 2829 2371 (Vens.
2887 2302 3000 2373 19.)
3034 2320 3052 2353 ι
3092 2301 3373 2369 Quomodo
3425 2301 3474 2357 si

1884 2411 1902 2444 ι
1950 2391 2171 2464 effugiat
2200 2392 2284 2449 vir
2314 2410 2344 2449 a
2375 2394 2512 2449 facie
2545 2394 2737 2460 leonis,
2783 2404 2840 2451 et
2884 2404 3142 2451 occurrat
3189 2397 3238 2451 ei
3287 2409 3472 2465 ursus,

1885 2504 1905 2537 ι
1952 2494 2006 2541 et
2060 2486 2398 2557 ingrediatur
2454 2489 2696 2555 domum,
2743 2496 2797 2541 et
2853 2488 3120 2541 innitatur
3170 2502 3331 2542 manu
3375 2502 3475 2543 sua

1885 2596 1905 2631 ι
1952 2594 2115 2648 super
2160 2578 2448 2649 parietem,
2483 2588 2537 2634 et
2565 2578 2812 2635 mordeat
2848 2594 2969 2636 eum
3010 2577 3279 2634 coluber?
3317 2597 3336 2631 ι
3387 2576 3476 2635 Vir

1880 2687 1913 2725 a
1969 2669 2105 2739 facie
2170 2670 2335 2725 leonis
2372 2668 2581 2742 effugit,
2625 2683 2757 2726 cum‘
2796 2668 2951 2724 multi
2994 2669 3222 2724 arduum
3259 2667 3476 2724 vivendi

1880 2772 2082 2820 statum
2114 2764 2331 2836 aggredi
2360 2772 2630 2830 metuunt,
2669 2772 2921 2819 verentes
2956 2762 3142 2832 utique
3170 2761 3237 2815 ad
3267 2776 3325 2815 se
3353 2773 3478 2814 ver-

1880 2870 1975 2912 sus
2044 2856 2305 2927 insrigare
2355 2855 2647 2923 diabolum,
2696 2855 2785 2924 qui
2830 2854 3021 2924 majori
3059 2867 3153 2909 eos
3184 2849 3300 2907 face
3349 2864 3477 2920 per-

1882 2954 2073 3015 urgeat
2110 2945 2492 3000 tentationum.
2540 2944 2703 3012 Quasi
2750 2959 2878 3015 ergo
2907 2942 3237 2999 evitantibus
3281 2940 3476 2997 diabo-

1883 3034 1993 3090 lum
2023 3037 2264 3091 occurrit
2293 3051 2472 3101 ursus,
2507 3034 2745 3089 carnalis
2774 3033 3027 3088 videlicet
3055 3031 3283 3103 quilibet
3312 3045 3477 3101 appe-

1884 3131 2035 3198 titus,
2089 3130 2246 3185 leone
2299 3130 2518 3200 quidem
2566 3128 2786 3195 lentior,
2861 3127 2955 3182 sed
3002 3124 3069 3180 ad
3120 3124 3476 3195 subigendum

1882 3223 2214 3289 pervalidus.
2289 3223 2459 3290 Quem
2530 3220 2759 3277 subinde
2825 3219 3209 3281 extimescens
3261 3217 3477 3270 domum

184 3326 410 3377 cxxxvt,
447 3312 544 3383 2).
594 3312 829 3385 Tempus
879 3316 1083 3371 malum
1134 3326 1240 3383 est,
1290 3332 1394 3371 non
1451 3316 1581 3371 illud
1632 3297 1851 3387 quodC
1885 3314 2210 3385 ingreditur,
2264 3306 2498 3369 cum‘ab
2548 3312 2809 3368 exteriori
2856 3310 3142 3366 diffusione
3172 3311 3314 3364 intra
3344 3323 3477 3363 con-

187 3401 452 3469 Domino,
495 3414 547 3461 et
604 3409 862 3464 membris
914 3409 1030 3479 eius
1081 3411 1314 3506 nond.um
1356 3409 1611 3473 advenit,
1683 3410 1778 3465 sed

186 3494 333 3562 quod
362 3496 604 3566 reprobis
648 3513 863 3570 semper
907 3509 1161 3570 paratum
1193 3494 1275 3555 e'st
1306 3502 1325 3571 (
1354 3501 1515 3555 Joan.
1557 3517 1655 3570 vit,
1684 3502 1774 3572 6).

266 3585 425 3642 Vens.
459 3588 547 3643 Μ.
576 3620 646 3630 -
703 3609 722 3642 ι
756 3592 991 3659 Quaerite
1053 3594 1253 3649 bonum
1299 3602 1352 3647 et
1413 3608 1520 3647 non
1574 3593 1775 3648 malum

188 3694 208 3728 ι
260 3687 318 3731 ut
364 3679 607 3748 vivatis;
665 3690 721 3737 et
756 3684 864 3737 erit
907 3683 1170 3739 Dominus
1208 3684 1544 3741 exercituum
1590 3683 1774 3741 vobis-

187 3785 206 3818 ε
235 3782 355 3823 cum
377 3768 770 3828 sicutdixistis.
803 3794 822 3826 ι
856 3773 933 3829 Ac
948 3775 994 3829 si
1021 3775 1227 3830 diceret
1258 3794 1270 3830 :
1302 3774 1410 3831 Vos
1432 3776 1584 3832 vobis
1609 3776 1776 3831 Deum

178 3857 239 3914 in
282 3861 437 3917 vobis
488 3863 735 3921 habitare
795 3866 1088 3931 ascribitis,
1138 3868 1280 3937 quod
1328 3868 1443 3937 jam
1494 3869 1546 3923 in
1599 3868 1775 3939 ﬁgura

177 3948 373 4007 Belbel
403 3952 652 4019 audistis,
690 3955 785 4010 sed
826 3956 880 4010 id
912 3956 1067 4011 falso.
1110 3956 1177 4012 At
1212 3973 1341 4013 vero
1394 3959 1622 4028 qumrite
1676 3962 1775 4015 bo-

179 4058 339 4109 num,
396 4054 452 4100 et
498 4061 604 4101 non
636 4047 837 4103 malum
870 4049 916 4104 si
953 4050 1136 4105 vivere
1166 4050 1345 4115 vultis,
1383 4061 1437 4107 et
1477 4061 1603 4108 tunc
1648 4068 1778 4109 vere

180 4133 329 4189 Deus
371 4153 478 4192 non
527 4140 700 4194 aberit
740 4140 911 4196 vobis.
967 4142 1172 4213 (Vens.
1206 4143 1317 4214 15.)
1347 4142 1603 4199 0dientes
1647 4160 1778 4216 ergo

181 4226 389 4281 malum
420 4229 632 4285 lumbos
658 4232 1072 4302 praecingentes,
1106 4233 1317 4305 diligite
1352 4234 1571 4297 bonum,
1605 4234 1780 4291 lucer-

184 4336 292 4375 nas
331 4330 599 4390 tenentes,
623 4327 677 4379 in
706 4337 870 4381 porta.
912 4327 963 4382 id
996 4338 1081 4384 est
1129 4330 1183 4383 in
1228 4328 1375 4384 aditu
1407 4330 1754 4398 cogitationis

186 4414 458 4484 judicium
490 4417 821 4474 discretionis
863 4422 1099 4487 statuite,
1148 4423 1192 4475 si
1244 4422 1377 4490 forte
1407 4426 1640 4496 reliquiis
1681 4425 1781 4479 Jo-

181 4508 314 4578 seph
354 4510 496 4566 Deus
540 4513 867 4583 misereatur,
916 4514 968 4569 id
1014 4515 1168 4571 estsi
1201 4515 1361 4572 alicui
1392 4516 1546 4573 bonae
1600 4520 1780 4574 inten-

184 4603 328 4657 tioni
380 4605 606 4660 residuae
656 4621 865 4673 eorum,
925 4608 1018 4677 qui
1070 4608 1437 4664 mundialibus
1470 4612 1777 4682 augmentis

1885 3410 2129 3467 scientiae
2182 3424 2293 3464 suae
2345 3410 2419 3464 ibi
2477 3415 2631 3478 septa
2675 3404 2963 3477 colligitur.
3029 3404 3107 3460 lbi
3159 3419 3321 3458 manu
3377 3416 3478 3455 sua

1885 3519 2042 3574 super
2079 3503 2328 3573 parietem
2377 3501 2648 3568 innititur,
2702 3515 2823 3555 cum
2863 3495 3146 3555 obstaculo
3193 3496 3345 3567 quasi
3393 3492 3479 3550 in-

1885 3592 2120 3650 visibilis
2168 3591 2520 3648 conscientize
2550 3590 2733 3663 operis
2776 3591 2857 3645 sui
2896 3589 3248 3646 intentionem
3283 3594 3477 3642 contu—

1886 3687 1987 3741 tari
2062 3701 2227 3757 posse
2289 3685 2605 3757 arbitratur.
2681 3683 2788 3740 Sed
2855 3683 3053 3738 ibidem
3120 3680 3398 3736 mordetur
3446 3693 3479 3732 τι

1884 3780 2130 3849 colubro,
2180 3796 2301 3836 cum
2365 3782 2431 3835 ad
2476 3779 2754 3835 hominum
2799 3777 2988 3835 oculos
3051 3791 3109 3832 se
3171 3777 3479 3831 subornatis

1885 3876 2167 3930 remissius
2209 3888 2369 3944 agere
2404 3872 2642 3942 disponit
2681 3872 2910 3927 interius
2938 3884 3122 3925 coram
3173 3869 3306 3933 Deo,
3367 3867 3477 3922 sic-

1883 3982 1989 4036 que
2018 3966 2145 4022 dum
2174 3966 2385 4037 singula
2417 3980 2647 4036 quaeque
2676 3973 2967 4035 praecavet,
3022 3961 3255 4032 torporis
3298 3959 3478 4015 intimi

1884 4058 2151 4129 contingit
2202 4058 2424 4113 sibimet
2469 4057 2697 4112 interire
2748 4070 2980 4110 veneno.
3019 4053 3172 4121 Quod
3205 4061 3375 4108 totum
3425 4053 3478 4105 in

1884 4150 2199 4221 bypocritas
2252 4149 2470 4214 militat,
2519 4147 2611 4218 qui
2659 4147 2785 4202 dum
2836 4146 3015 4211 veraci
3066 4144 3247 4199 studio
3285 4143 3481 4197 timent

1885 4244 2107 4298 irritare
2147 4242 2446 4307 diabolum,
2477 4240 2544 4295 ad
2601 4239 2851 4295 homines
2889 4237 3077 4293 habitu
3122 4235 3343 4304 pallialo
3388 4247 3480 4303 pa-

1885 4353 2007 4392 rum
2053 4345 2247 4392 curant
2301 4337 2442 4391 intra
2500 4333 2700 4389 mentis
2745 4347 2855 4388 suae
2910 4328 3094 4384 vitiari
3155 4338 3472 4381 recessum:

1880 4430 2027 4483 unde
2064 4430 2333 4499 sequitur.

1955 4522 2121 4579 Vens.
2163 4522 2259 4577 20.
2297 4551 2369 4563 -
2405 4539 2422 4571 ι
2457 4517 2710 4588 Nunquid
2751 4532 2859 4572 non
2918 4513 3155 4570 tenebrae
3211 4510 3327 4566 dies
3370 4509 3478 4565 Do-

1895 4634 1914 4668 ‹
1960 4615 2117 4680 mini,
2155 4623 2211 4669 et
2237 4604 2344 4667 non
2376 4613 2489 4676 lux,
2519 4619 2574 4663 et
2622 4609 2820 4679 caligo,
2867 4616 2921 4661 et
2962 4620 3069 4661 non
3100 4612 3184 4660 est
3226 4602 3482 4676 splendor

181 4682 434 4761 aspirant
486 4695 867 4751 adminiculari
929 4673 1202 4767 dignetur.
1257 4698 1410 4766 Quod
1460 4673 1589 4755 dicit
1643 4701 1779 4771 forte
1813 4673 1859 4729 Β
1894 4727 1912 4760 ι
1959 4708 2013 4761 in
2054 4673 2161 4760 ea?
2190 4726 2209 4758 ι
2272 4703 2425 4771 Quod
2473 4673 2558 4758 est
2602 4673 2842 4757 dicere:
2879 4698 2987 4756 Vos
3039 4698 3110 4754 de
3150 4673 3481 4765 die—iudicii

183 4780 440 4839 Hebraici
484 4785 650 4840 moris
704 4794 808 4851 est,
851 4796 912 4842 ut
952 4789 1264 4860 ambiguum
1322 4805 1419 4859 pro
1456 4800 1594 4845 certo
1656 4807 1778 4847 cer-

184 4884 304 4930 tum
357 4887 588 4946 ponatur
612 4893 708 4948 pro
741 4880 1008 4951 ambiguo,
1062 4893 1123 4936 ut
1168 4881 1296 4938 illud
1331 4901 1344 4937 :
1378 4882 1636 4940 Forsitan
1671 4886 1779 4941 ini-

181 4968 360 5025 micos
391 4986 577 5026 eorum
612 4971 977 5028 liumiliassem
1010 4974 1028 5047 (
1058 4973 1204 5030 Psal.
1244 4992 1407 5044 Lxxx,
1444 4978 1571 5046 15).

258 5061 423 5119 Vens.
454 5064 542 5119 16.
579 5095 638 5104 —
671 5084 688 5120 σ
726 5066 1018 5136 Propterea
1057 5068 1174 5123 haec
1220 5069 1349 5124 dicit
1383 5071 1639 5127 Dominus
1674 5088 1688 5126 :
1724 5075 1783 5128 ln

187 5171 210 5207 ι
260 5155 513 5211 omnibus
544 5156 736 5227 plateis
767 5158 1037 5227 planctus,
1072 5169 1129 5214 et
1159 5161 1209 5214 in
1243 5164 1457 5218 cunctis
1484 5180 1604 5233 qua:
1642 5164 1781 5221 foris

188 5269 209 5302 ι
259 5258 407 5315 sunt,
459 5250 672 5307 dicetur
698 5269 778 5307 va:
809 5268 917 5319 vae;
968 5261 1023 5308 et
1064 5256 1338 5310 vocabunt
1379 5258 1674 5326 agricolam
1708 5259 1782 5313 ad

185 5360 209 5395 ι
259 5342 483 5408 luctum,
516 5352 570 5399 et
599 5345 666 5400 ad
696 5345 970 5415 planctum
998 5361 1111 5414 eos,
1138 5348 1422 5417 quisciunt
1451 5349 1725 5418 plangere.
1754 5370 1775 5403 ι

178 5432 397 5506 (Vens.
427 5435 556 5507 17.)
603 5456 621 5488 ‹
658 5436 726 5491 Et
778 5437 833 5492 in
889 5439 1143 5495 omnibus
1186 5440 1289 5495 viis
1348 5441 1453 5495 erit
1508 5441 1780 5511 planctus,

184 5542 209 5576 ι
258 5526 386 5593 quia
415 5528 762 5597 pertransibo
794 5530 849 5583 in
903 5531 1083 5587 medio
1116 5533 1213 5599 tui,
1272 5530 1405 5588 dicit
1430 5531 1709 5590 Dominus.
1756 5554 1777 5587 ›

177 5614 254 5672 1η
301 5618 542 5674 omnibus
579 5620 765 5689 plateis
799 5622 1041 5692 planctus
1084 5633 1186 5691 est,
1215 5640 1337 5680 cum
1365 5625 1418 5679 in
1450 5626 1597 5681 omni
1631 5643 1789 5683 men—

176 5711 259 5766 tis
307 5718 362 5765 et
405 5720 560 5766 actus
615 5713 953 5784 dispersione
1022 5717 1158 5772 nihil
1209 5718 1275 5773 de
1324 5717 1521 5788 gaudio
1572 5717 1785 5774 caelesti

178 5802 511 5873 requiritur,
546 5807 639 5862 sed
690 5807 744 5862 in
774 5825 989 5881 quoque
1034 5812 1252 5883 negotio
1283 5812 1395 5868 sola
1438 5812 1582 5868 luctu
1620 5812 1783 5883 digna

181 5902 518 5952 tractantur.
558 5896 625 5953 In
654 5902 854 5956 cunctis
880 5918 997 5971 qum
1026 5902 1156 5971 foris
1183 5914 1321 5973 sunt,
1353 5922 1426 5961 me
1460 5923 1532 5961 va’
1558 5905 1785 5993 dicitur,

1890 4799 2041 4871 quasi
2074 4799 2140 4855 de
2193 4798 2384 4852 ultima
2433 4807 2613 4851 vestra
2671 4804 2817 4850 sorte
2860 4792 3131 4859 tractatis,
3203 4790 3296 4847 sed
3337 4790 3481 4846 diem

1892 4888 2107 4946 Domini
2163 4888 2216 4943 in
2264 4887 2521 4958 prtesenti
2559 4886 2841 4953 noveritis,
2892 4885 2984 4956 qui
3038 4899 3145 4938 non
3188 4881 3483 4937 salubriter

1888 4984 2046 5042 vobis
2095 4983 2394 5047 illucescat,
2457 4981 2553 5036 sed
2597 4995 2693 5052 per
2732 4979 3032 5036 illationem
3068 4990 3260 5031 sensus
3306 4974 3357 5029 in
3390 4986 3485 5027 vo-

1887 5076 1974 5132 bis
2007 5072 2220 5146 reprobi
2266 5073 2628 5128 tenebrescat.

1963 5164 2131 5220 Vens.
2158 5164 2249 5218 ‘21.
2273 5192 2342 5205 -ο
2370 5180 2387 5214 ‹
2426 5161 2547 5228 Odi,
2578 5170 2633 5216 et
2668 5160 2869 5232 projeci
2898 5158 3220 5215 festivitates
3238 5162 3480 5220 vestras;

1898 5280 1916 5312 ι
1966 5270 2022 5314 et
2050 5274 2157 5313 non
2188 5257 2398 5329 capiam
2428 5257 2650 5312 odorem
2680 5264 2915 5310 cmtuum
2942 5258 3271 5307 vestrorum.
3294 5267 3312 5300 ι
3343 5248 3485 5304 Deus

1895 5356 2204 5426 festivitates
2256 5370 2445 5409 eorum
2478 5353 2592 5408 odit
2621 5359 2675 5406 et
2716 5348 2951 5420 proiicit,
3000 5362 3123 5402 cum
3156 5361 3318 5418 opera
3362 5346 3483 5399 ina-

1895 5447 2011 5512 nia,
2068 5462 2187 5516 qna:
2234 5445 2375 5513 vulgi
2443 5441 2827 5511 conspectibus
2872 5439 3169 5510 hypocrita:
3222 5436 3484 5493 solemni-

1897 5546 2046 5602 zant,
2081 5551 2244 5590 exosa
2284 5550 2344 5589 se
2388 5534 2590 5588 habere
2623 5529 2914 5602 retegendo
2949 5545 3139 5587 eorum
3166 5529 3487 5600 iniquitates

1891 5626 2153 5683 ostendit.
2206 5625 2435 5679 Odorem
2490 5632 2715 5677 coetuum
2767 5636 2956 5677 eorum
2995 5637 3099 5676 non
3132 5621 3297 5691 capit,
3358 5635 3484 5677 cum

1898 5716 2165 5789 quidquid
2219 5714 2608 5769 beneﬁciorum
2662 5714 2875 5787 publice
2924 5728 3249 5769 coacervare
3297 5712 3485 5766 viden-

1893 5821 2001 5878 tur,
2049 5810 2244 5865 divincc
2276 5822 2467 5865 sensus
2517 5807 2817 5879 majestatis
2848 5820 2877 5863 a
2910 5822 2967 5863 se
3016 5807 3363 5876 indignanter
3390 5815 3486 5856 cx.

1891 5904 2079 5961 cludit.
