3998 6326
511 461 626 520 "55
1337 453 1396 509 ι’.
1423 455 1750 513 GUlBERTl
1794 457 2084 515 ABBATlS

2229 457 2467 516 MARME
2510 459 2597 516 ne
2625 455 3044 518 NOVIGENTO.
3119 413 3122 416 Α
3239 524 3248 532 ,
3671 467 3763 524 us

503 604 508 609 -
591 574 753 627 Vens.
792 573 972 626 21-
1004 569 1205 653 «Quod
1249 569 1292 622 si
1340 571 1634 624 attuleritis
1662 571 1792 626 mihi
1848 571 2105 628 bolocan-
2131 578 2181 636 Α
2211 572 2264 627 id
2309 583 2390 628 est
2421 575 2634 628 oculum
2668 575 2968 645 sanguinis,
2997 573 3259 628 excedere
3288 589 3381 630 eos
3411 575 3552 632 sinit.
3585 578 3766 638 Oculus

525 684 544 715 ι
591 671 841 726 stomata,
887 671 942 716 et
998 675 1221 714 munera
1265 667 1469 723 vestra,
1517 676 1624 715 non
1686 661 1979 732 suscipiam
2051 669 2108 716 et
2215 666 2359 720 enim
2401 667 2681 737 sanguinis
2721 667 2950 721 intentio
2988 676 3071 722 est
3099 666 3324 736 peccati.

525 773 542 804 ι
593 763 712 807 vota
752 751 1028 822 pinguium
1054 760 1361 806 vestrorum
1389 767 1495 806 non
1526 753 1837 822 respiciam.
1877 773 1896 806 ι
1942 753 2111 808 Halo-

516 820 954 898 canstomata—ab
1011 844 1089 898 eis
1135 844 1243 899 Deo
1297 820 1630 911 afferuntur,
1665 860 1789 899 cum
1844 844 1898 898 in
1961 846 2109 900 omni
2813 820 3040 878 CAPUT
3100 821 3188 878 Vl-

515 935 716 1004 specie,
776 942 833 994 et
879 950 976 1004 per
1033 951 1227 992 cruces
1289 937 1622 998 innumeras,
1671 953 1792 1007 quae
1840 937 1954 1004 vix,
2016 946 2110 990 aut
2285 935 2450 990 Vsus.
2504 936 2697 990 1.-ι
2732 933 2823 990 Va:
2855 936 2944 1006 qui
2985 936 3222 1006 opulenti
3273 937 3405 991 estis
3448 937 3499 991 in
3541 937 3682 1002 Sion,
3727 950 3772 996 et

523 1025 672 1080 nullo
724 1026 942 1081 modoa
973 1029 1180 1083 sanctis
1223 1028 1348 1085 l‘erri
1392 1030 1599 1094 videas,
1642 1045 1828 1085 eorum
1881 1044 2109 1099 conpora
2220 1045 2239 1078 ι
2289 1027 2564 1081 conliditis
2619 1028 2671 1082 in
2724 1037 2906 1081 monte
2958 1027 3236 1093 Samaria,
3285 1027 3572 1098 optimates
3616 1033 3771 1100 capita

510 1129 878 1175 macerantur.
901 1120 1011 1177 Nec
1039 1124 1250 1178 mireris
1270 1126 1410 1194 quod
1437 1126 1546 1178 Deo
1571 1122 1751 1178 oﬂ'erri
1784 1125 1897 1179 htcc
1927 1124 2111 1178 dicun-
2219 1139 2238 1171 ι
2284 1120 2631 1191 poliulorum,
2684 1121 3053 1191 ingredientes
3108 1123 3415 1192 pompatice
3465 1123 3673 1177 domum
3712 1125 3773 1178 ls-

511 1219 622 1278 tur,
667 1228 794 1268 cum
828 1230 935 1270 non
965 1215 1264 1272 oll‘erantur
1306 1218 1437 1284 Deo,
1467 1218 1951 1288 sedvulgo;scias
1982 1233 2109 1273 vero
2219 1232 2238 1263 ε
2287 1213 2435 1266 mel!
2472 1232 2488 1262 ι
2551 1211 2711 1284 235
2779 1211 3028 1283 Οριιίεηιὶ
3087 1221 3214 1266 Sum
3281 1213 3334 1266 in
3383 1211 3533 1278 350".
3588 1215 3672 1283 (ιιιί
3731 1217 3772 1268 in

509 1305 654 1374 quod
714 1307 768 1360 in
817 1306 1124 1378 Scripturis
1181 1310 1347 1364 multa
1393 1326 1498 1365 non
1532 1321 1588 1365 ut
1616 1320 1742 1365 sunt
1789 1312 1839 1364 in
1881 1323 1960 1374 re,
2015 1310 2108 1364 sed
2209 1304 2544 1374 plenitudine
2595 1305 2791 1358 divinae
2850 1303 3235 1372 speculationis
3279 1319 3400 1359 sese
3445 1307 3774 1374 pratemincre

509 1395 588 1449 uti
635 1406 765 1452 sunt
823 1399 879 1453 in
943 1401 1198 1468 opinione
1265 1411 1558 1472 ponantur.
1613 1402 1839 1456 Munera
1915 1417 2104 1456 eorum
2210 1395 2600 1466 pnescnlpunt,
2633 1403 2688 1448 et
2715 1397 2771 1448 in
2798 1404 2972 1448 monte
3012 1394 3295 1460 Samariaz,
3329 1395 3381 1448 id
3422 1394 3584 1450 estin
3615 1397 3774 1451 excel-

511 1504 618 1543 ηοη
670 1492 1058 1562 suscipiuntur,
1109 1502 1162 1547 et
1202 1506 1319 1548 rota
1349 1495 1619 1564 pinguium
1673 1513 1775 1550 non
1811 1495 2108 1564 respiciun-
2211 1489 2396 1544 lentiae
2437 1488 2727 1543 exterioris
2777 1487 3004 1542 cautela:
3046 1487 3347 1542 conﬁdunt.
3379 1486 3476 1542 llis
3501 1487 3656 1542 instat
3688 1505 3767 1553 vce,

510 1590 621 1647 tur,
673 1583 797 1652 quia
849 1585 1109 1654 quidquid
1161 1585 1262 1640 sub
1311 1585 1406 1640 Dei
1451 1587 1669 1640 nomine
1696 1586 1946 1655 quamvis
1989 1601 2106 1639 ma-
2207 1581 2469 1652 judicium
2503 1582 2689 1651 utique
2729 1579 3098 1634 damnationis
3125 1588 3363 1634 mternae.
3411 1577 3475 1633 lli
3507 1590 3626 1634 sunt
3662 1581 3768 1650 opti-

513 1686 622 1738 guo
667 1671 942 1741 impendio
970 1682 1284 1744 peragatur,
1337 1676 1598 1745 quidquid
1630 1675 1898 1730 uberioris
1941 1676 2107 1730 bene—
2208 1683 2376 1728 mates
2404 1675 2575 1743 capita
2603 1671 2938 1743 populorum,
2971 1673 3062 1742 qui
3101 1673 3168 1727 de
3213 1687 3272 1728 se
3303 1671 3437 1726 nihil
3481 1671 3580 1726 nisi
3609 1687 3775 1742 supre-

506 1760 741 1818 licentite
781 1763 959 1818 instar
1011 1766 1356 1836 pinguedinis
1395 1767 1448 1821 in
1491 1767 1798 1836 proximum
1835 1782 2108 1836 prmroga-
2209 1780 2360 1820 mum
2401 1766 2664 1836 cogitant,
2703 1773 2756 1818 et
2797 1779 3011 1832 semper
3065 1763 3409 1832 impatientes
3439 1763 3773 1829 consortium,

509 1860 620 1918 tur,
667 1854 795 1923 quia
816 1852 974 1922 juxta
1007 1856 1352 1927 Apostoltun,
1385 1867 1541 1912 extra
1569 1853 1900 1913 charitatem
1940 1857 2022 1923 ﬁt,
2075 1872 2104 1911 a
2215 1867 2324 1912 tam
2383 1857 2502 1913 loco
2549 1872 2710 1928 quam
2760 1857 3016 1926 opinione
3055 1856 3267 1911 cunctis
3307 1853 3550 1926 prmierri
3592 1854 3774 1912 deside-

506 1944 621 2000 Deo
649 1947 871 2003 minime
909 1959 1252 2019 respectatur
1281 1951 1297 2021 (
1324 1949 1349 2002 I
1381 1949 1505 2005 Cor.
1540 1966 1662 2016 xm,
1694 1951 1757 2021 5)
2140 1950 2184 2004 Β
2213 1959 2356 2006 rant.
2407 1953 2636 2005 Domum
2679 1947 2840 2003 lsrael
2889 1949 3182 2018 pompatice
3235 1946 3628 2016 ingrediuntur,
3668 1963 3772 2002 eum

583 2059 745 2114 vus.
778 2059 870 2115 25_
901 2091 970 2101 __
1006 2082 1022 2113 ε
1053 2062 1224 2117 Aufer
1263 2078 1294 2116 ἃ
1335 2079 1421 2118 me
1465 2063 1756 2117 tumultum
1799 2062 2099 2117 carminum
2213 2043 2475 2104 animum,
2522 2055 2681 2109 quem
2712 2039 2776 2092 ad
2821 2038 2987 2092 Deum
3033 2038 3307 2109 exporrigi
3344 2040 3621 2104 decuerat,
3662 2038 3773 2093 solis

514 2170 533 2202 ι
584 2161 842 2221 tuorum;
879 2155 1093 2212 cantica
1131 2157 1260 2228 lyra:
1312 2165 1415 2212 tuae
1469 2172 1573 2211 non
1607 2157 1843 2211 audiam.
1879 2175 1897 2208 ι
1935 2155 2102 2223 Quid—

2208 2150 2530 2205 pomparum
2568 2131 2948 2187 affectionibus
2976 2131 3247 2186 imbuunt.

506 2243 636 2312 quid
701 2219 999 2316 hypocrita:
1055 2219 1266 2303 ad'sui
1343 2249 1714 2319 protelandam
1780 2219 2100 2303 memoriam

2282 2223 2445 2279 Vens.
2479 2224 2533 2277 2.
2565 2253 2636 2263 -
2662 2242 2680 2274 ι
2714 2220 2966 2276 Transite
2994 2220 3046 2274 in
3073 2219 3275 2276 Calane
3337 2229 3392 2274 et
3416 2219 3610 2287 videte,
3645 2229 3774 2275 ettte

504 2331 676 2390 libros
711 2313 956 2393 cudendo
994 2340 1314 2407 conﬁciunt,
1344 2313 1407 2396 in
1449 2341 1542 2395 Dei
1593 2339 1816 2395 auribus
1844 2354 1949 2393 non
1995 2339 2098 2392 nisi
2215 2335 2236 2368 '
2284 2315 2407 2371 inde
2461 2317 2514 2369 in
2552 2315 2746 2370 Emam
2797 2329 3076 2384 magnam,
3133 2321 3187 2368 θί
3237 2313 3554 2368 descendi”
3583 2314 3632 2366 in
3659 2313 3773 2366 Gem

508 2434 776 2484 tumultus
798 2439 901 2497 est,
937 2447 1090 2498 ClljllS
1129 2444 1510 2489 momentanea
1536 2433 1655 2489 laus
1688 2433 1862 2486 solum
1893 2431 2104 2485 fructus

2218 2433 2238 2467 ο
2283 2413 2722 2477 Palaestinorum,
2761 2421 2817 2467 et
2854 2411 2920 2465 ad
2968 2411 3170 2480 optima
3215 2425 3380 2481 regna
3435 2425 3657 2480 quaeque
3693 2411 3775 2464 lto-

505 2529 608 2574 est.
661 2519 882 2576 Cantica
913 2523 1043 2592 lyra:
1078 2542 1181 2579 non
1213 2525 1524 2593 audiuntur,
1577 2541 1700 2581 eum
1725 2524 1976 2581 aﬁ‘ectata
2009 2539 2104 2578 eo-

2217 2527 2236 2560 ¢
2284 2524 2436 2574 rum;
2486 2523 2530 2561 SI
2579 2506 2742 2561 latior
2790 2505 3054 2560 terminus
3099 2518 3287 2558 eorum
3341 2501 3576 2557 termino
3620 2511 3778 2556 vestro

506 2627 630 2667 rum
677 2618 1006 2686 eloquentia,
1047 2634 1167 2688 qua:
1218 2618 1595 2689 ρπ-κάίοειῖοηί
1636 2619 1886 2684 inservit,
1930 2633 1959 2671 η
2005 2617 2100 2672 Dei
2217 2617 2238 2652 ι
2283 2606 2388 2654 est.
2436 2616 2453 2649 ι
2499 2597 2555 2651 lu
2583 2595 2785 2652 Calane
2813 2595 3072 2659 transire,
3113 2593 3393 2689 etvidere
3435 2592 3704 2689 iubentur,
3732 2601 3779 2646 ut

509 2719 643 2762 aure
697 2685 1433 2778 disploditurJQuo'comm
1477 2713 1693 2768 cuidam
1733 2711 1922 2766 ειεειαε
1965 2710 2100 2764 dici-
2210 2691 2472 2748 nimirum
2503 2698 2676 2744 status
2702 2696 3021 2743 exterarum
3046 2686 3287 2740 omnium
3341 2685 3603 2739 mentium
3627 2699 3770 2754 quan-

511 2807 600 2856 ιω·
627 2816 642 2854 ς
676 2821 692 2858 σ
729 2777 895 2858 sduci
931 2819 1032 2859 γοχ
1061 2777 1151 2858 μία
1194 2805 1247 2859 in
1282 2805 1507 2860 auribus
1535 2806 1694 2872 meis,
1720 2809 1846 2876 quia
1878 2819 1982 2860 νοχ
2011 2813 2100 2857 ωδ
2211 2793 2328 2840 tum
2358 2781 2460 2838 sibi
2482 2780 2735 2852 possibile
2756 2789 2859 2844 est,
2887 2779 3204 2834 metiantur.
3229 2777 3434 2833 Calane
3470 2777 3612 2876 enim
3636 2777 3777 2876 inite-r-

509 2893 685 2950 dulcis
727 2895 920 2967 (Cant.
965 2913 1023 2965 ιι,
1063 2897 1182 2970 14).
1223 2918 1240 2949 ι
1681 2867 1690 2872 ’
1735 2867 1756 2876 ⁸
2209 2885 2460 2948 pretatur
2485 2876 2674 2929 omnis.
2699 2873 2825 2928 Inde
2855 2871 3050 2926 Ematlt
3095 2885 3344 2942 magnam
3381 2886 3457 2970 .ae
3487 2870 3532 2924 si
3557 2867 3780 2970 speciali-

2211 2977 2300 3024 ter
2325 2979 2472 3032 eant,
2497 2978 2741 3036 quosque
2769 2962 2958 3035 procul
3000 2962 3165 3017 dubio
3215 2960 3536 3029 magniﬁcos
3558 2961 3609 3014 in
3633 2960 3780 3016 scele-

2211 3077 2333 3117 rum
2382 3059 2786 3131 perpetratione
2840 3055 3146 3111 attendant.
3181 3053 3378 3108 Emath
3425 3068 3559 3108 vero
3592 3053 3778 3123 sanguis

2214 3159 2430 3223 dieitur,
2462 3171 2516 3211 et
2569 3156 2792 3228 sanguis
2831 3163 3116 3226 peccatum
3164 3163 3265 3208 est.
3295 3152 3425 3207 lude
3464 3152 3518 3205 in
3545 3147 3666 3205 Cetlt
3693 3150 3780 3204 Pa-

2213 3249 2537 3304 laastinorum
2559 3247 2928 3312 descenditur,
2973 3261 3096 3301 cum
3129 3246 3194 3300 ad
3227 3261 3340 3310 eos,
3372 3244 3463 3314 qui
3499 3241 3781 3312 temporali-

2133 3325 2176 3383 ο
2211 3337 2315 3392 bus
2336 3338 2619 3393 desideriis
2651 3338 2989 3402 debriantur,
3021 3345 3075 3391 et
3116 3345 3296 3392 tamen
3348 3335 3497 3390 nulla
3543 3335 3638 3389 sibi
3667 3333 3781 3387 arri-

2215 3431 2368 3496 dent,
2397 3431 2499 3485 nisi
2528 3446 2648 3500 qua:
2669 3439 2764 3486 aut
2793 3431 2863 3495 vi,
2891 3439 2983 3485 aut
3025 3430 3184 3495 clam,
3212 3439 3305 3483 aut
3341 3428 3595 3499 precario
3628 3438 3782 3481 extor-

2213 3532 2471 3593 quentur,
2495 3522 2930 3577 consideratione
2957 3521 3190 3576 venitur.
3242 3519 3382 3575 Gelli
3422 3521 3783 3589 interpretatur

2212 3614 2469 3678 torcular,
2522 3613 2821 3680 Palaestini,
2875 3615 2962 3684 qui
3015 3621 3069 3668 et
3120 3611 3444 3676 Philisthzei,
3476 3611 3679 3681 potione
3705 3623 3782 3660 ca-

897 3702 936 3777 ςυ
976 3702 1166 3741 “Vm”
1195 3702 1568 3741 *"uw‘w'm"
1905 3780 1910 3781 ν
1941 3780 1944 3781 ν
2215 3709 2416 3762 dentes.
2467 3706 2679 3778 Optima
2707 3726 2924 3778 qua'que
2957 3711 3144 3764 [torum
3183 3727 3341 3781 regna
3380 3714 3508 3761 sunt
3539 3702 3782 3776 principa-

589 3778 754 3872 νειιξ·
784 3781 876 3836 25·
911 3812 982 3823 ··’
1027 3801 1047 3834 ⁸
1085 3782 1341 3854 Nunquid
1394 3783 1605 3839 ιιοειίίιε
1655 3791 1711 3837 ει
1777 3780 2105 3838 εδετίίίθίυιη
2213 3799 2350 3856 liora
2408 3815 2750 3870 quorumque
2801 3800 2924 3854 vitae
2965 3778 3262 3872 proposita.
3303 3796 3643 3868 Pcrpendere
3674 3803 3782 3860 ergo

519 3888 540 3923 ι
587 3871 864 3927 obtulistis
929 3873 1062 3928 mihi
1126 3874 1177 3928 in
1234 3874 1451 3930 deserto
1514 3873 1872 3944 quadraginta
1925 3873 2104 3939 annis,

2209 3893 2473 3964 jubentur
2531 3892 2577 3947 si
2621 3893 2873 3947 terminus
2909 3910 3090 3947 eorum
3151 3893 3371 3948 termino
3402 3888 3617 3943 illorum
3646 3883 3782 3938 latior

517 3982 537 4017 ι
583 3964 776 4022 domus
807 3965 972 4024 Israel
993 3967 1017 4018 ‘l’
1051 3985 1068 4018 ι
1105 3965 1324 4022 Hostias
1354 3977 1403 4021 et
1454 3968 1773 4037 sacriﬁcium
1819 3967 1875 4020 in
1903 3967 2106 4020 deserto

2216 3985 2318 4051 sit;
2363 3994 2545 4039 utrum
2591 3985 2777 4056 utique
2838 3987 3144 4057 arrogantia
3191 4001 3402 4047 eorum,
3452 3991 3510 4036 et
3547 3975 3781 4035 atrocitas

513 4057 702 4112 domus
740 4057 910 4113 Israel
948 4058 1304 4129 quadraginta
1337 4059 1492 4114 annis
1521 4073 1627 4114 non
1679 4057 1932 4126 oﬂ‘erunt,
1981 4073 2105 4113 cum

2216 4079 2549 4149 cupiditatis,
2593 4079 2686 4148 qui
2735 4078 2979 4134 facinora
3012 4089 3262 4152 patenter
3303 4077 3622 4138 admittunt,
3653 4079 3783 4126 tanta

515 4151 830 4245 desfere'l‘es
861 4150 1054 4245 Deum!
1101 4159 1166 4245 ἐξ
1199 4151 1404 4206 (ιθδθηί
1434 4168 1464 4205 ³
1493 4153 1604 4245 D9"
1641 4151 1765 4245 “Fel
1795 4152 2108 4245 θνίιηϐεἲιίθθ
2216 4172 2504 4239 habeatur,
2534 4182 2734 4243 quanta
2762 4173 2814 4227 in
2839 4150 3243 4245 hypocritarum
3271 4170 3551 4226 mentibus
3570 4165 3777 4223 eﬂerari.

514 4249 571 4295 οῖ
595 4240 844 4333 “Sillim?
870 4241 1390 4333 ViVe’e_V_ideam“rv
1424 4257 1520 4296 “ec
1557 4243 1814 4307 ¹¹⁰³¹Ῐ³¹¹¹ν
1845 4259 1948 4312 ¹Ιι¹³
1980 4244 2108 4333 Ῑξο⁵⁴
2217 4277 2281 4316 ac
2327 4240 2568 4316 dilatari'
2604 4240 2960 4333 dignoscitur.
3018 4263 3192 4319 Tanta
3249 4263 3394 4318 enim
3428 4269 3514 4316 est
3564 4256 3780 4318 latitudo,

516 4341 628 4388 tem
673 4332 947 4387 diabolum
987 4331 1258 4402 subigam,
1303 4347 1402 4388 nec
1452 4334 1806 4400 sacriﬁcium,
1852 4349 1959 4404 quo
1995 4332 2106 4388 Deo

2217 4361 2418 4426 quanta
2468 4331 2738 4423 opinionis
2788 4356 3148 4426 propaganda:
3203 4352 3444 4412 ambitio.
3479 4367 3598 4421 quae
3639 4349 3686 4403 in
3714 4344 3782 4400 bis

516 4429 812 4490 spontanee
857 4421 1174 4488 inserviant,
1226 4421 1452 4490 faciunt,
1493 4424 1583 4494 qui
1627 4424 1784 4494 quasi
1821 4425 1888 4478 ad
1936 4423 2106 4478 Deum

2215 4421 2483 4512 siquidem
2504 4421 2678 4499 inulto
2699 4421 2860 4514 quam
2888 4421 2946 4499 in
2961 4421 3175 4500 -Ειιιιιιιι
3200 4460 3420 4516 magna,
3449 4444 3565 4498 sive
3591 4445 3641 4496 in
3666 4435 3782 4494 Gelb

517 4513 816 4570 directanei
854 4513 1023 4571 videri
1050 4515 1254 4571 volunt.

2215 4535 2627 4593 Palaestinorum
2655 4538 2932 4594 invenitur
2961 4539 3156 4594 acrior.

593 4625 752 4679 Vsus.
811 4625 906 4692 26,
959 4625 1050 4681 27.
1103 4659 1171 4668 -
1213 4647 1231 4680 ι
1268 4628 1334 4684 Et
1372 4631 1633 4700 portastis
1695 4629 2105 4687 tabernaculum
2143 4695 2177 4702 Α
2291 4631 2459 4688 Vens.
2487 4631 2643 4686 5.-ι
2675 4631 2778 4700 Qui
2811 4633 3046 4702 separati
3074 4633 3205 4688 estis
3234 4631 3288 4687 in
3313 4632 3456 4686 diem
3487 4629 3704 4684 malum.
3739 4630 3782 4678 et

523 4735 542 4770 ι
585 4716 795 4774 Moloch
822 4728 1026 4786 vestro,
1054 4729 1110 4778 et
1141 4695 1432 4794 imaginem
1465 4723 1731 4780 idolorum
1770 4734 2102 4791 vestrorum,
2139 4695 2186 4753 Β
2222 4743 2244 4776 ε
2289 4695 2734 4796 appropinquatis
2762 4695 2898 4779 solio
2945 4724 3266 4795 iniquitatis.
3302 4743 3319 4776 ι
3355 4721 3424 4777 In
3451 4723 3588 4776 diem
3610 4719 3783 4774 malum

521 4827 540 4861 ι
586 4809 728 4866 ﬁdus
765 4810 850 4866 dei
908 4814 1071 4869 vestri
1100 4855 1115 4880 ,
1161 4830 1281 4886 quae
1326 4816 1530 4871 fecistis
1568 4814 1739 4871 vobis.
1776 4815 1844 4870 Et
1869 4817 2108 4887 migrare
2221 4825 2564 4886 separantur,
2597 4815 2688 4886 qui
2717 4829 2814 4885 per
2867 4815 3284 4886 discrepantiam
3327 4815 3379 4868 in
3421 4811 3784 4885 prresentimo-

520 4920 541 4954 ι
586 4917 684 4960 vos
745 4903 942 4961 faciam
992 4915 1143 4964 trans
1208 4908 1554 4966 Damascum.
1587 4929 1606 4963 ι
1681 4909 2106 4965 Tabernaculum
2220 4925 2342 4964 rum
2375 4909 2452 4964 sic
2486 4924 2514 4961 a
2547 4909 2702 4963 bonis
2732 4909 3117 4964 discernuntur
3141 4919 3200 4962 ut
3253 4907 3320 4963 ad
3344 4907 3487 4962 diem
3517 4906 3706 4961 malum
3729 4915 3782 4954 ex

518 4993 726 5052 Moloch
761 5013 862 5055 suo
893 5008 1134 5071 portant,
1181 5015 1304 5055 cum
1357 5002 1638 5058 delubrum
1671 5002 1909 5058 libidinis
1948 5017 2102 5058 men—
2222 5005 2327 5060 ltoc
2349 5001 2616 5072 perducti,
2645 5003 3036 5075 magisegregii
3065 5018 3130 5056 ex
3177 5001 3389 5071 integro
3419 5011 3544 5055 tunc
3575 5013 3603 5052 a
3639 4998 3781 5051 bono-

517 5099 624 5146 tem
669 5107 822 5148 suam
861 5092 1043 5148 facere
1083 5108 1189 5148 non
1220 5092 1533 5159 formidant,
1579 5095 1704 5150 licet
1756 5094 2108 5153 tabernaculo
2220 5111 2342 5151 rum
2366 5096 2629 5152 societate
2653 5096 2968 5151 reddantur.
3013 5093 3160 5149 Solio
3191 5095 3484 5165 iniquitatis
3519 5087 3781 5162 appropin-

517 5187 671 5256 quasi
735 5187 1069 5243 continentis
1128 5187 1372 5257 corporis
1433 5189 1574 5244 bono
1622 5189 1862 5246 exterius
1918 5189 2105 5246 habitu
2219 5197 2372 5262 quat,
2423 5191 2512 5260 qui
2547 5190 2786 5246 scienter
2833 5187 3032 5244 diaboli
3067 5203 3232 5259 regno
3261 5203 3406 5244 nunc
3448 5202 3506 5242 se
3535 5179 3782 5250 immergit

515 5281 646 5334 illud
715 5279 1032 5334 obvolvant.
1079 5276 1288 5334 Moloch
1343 5288 1524 5336 autem
1568 5281 1684 5352 ipse
1728 5290 1811 5338 est
1857 5279 2106 5353 Priapus.
2217 5292 2275 5340 et
2303 5282 2560 5351 implicat.

512 5371 746 5426 Portant
785 5369 951 5425 etiam
981 5369 1262 5441 imaginem
1285 5371 1550 5428 idolorum
1578 5391 1820 5443 suorum,
1875 5385 1928 5430 et
1957 5376 2107 5431 sidus
2294 5373 2456 5430 Vsus.
2481 5373 2535 5427 4.
2565 5405 2634 5414 -
2672 5393 2687 5425 ι
2734 5372 2836 5440 Qui
2887 5371 3134 5428 dormitis
3163 5373 3216 5428 in
3257 5372 3413 5427 lectis
3453 5366 3714 5431 eburneis,
3738 5370 3784 5418 et

514 5465 599 5518 dei
635 5464 716 5518 sui
736 5477 855 5532 quae
877 5462 978 5518 sibi
1004 5462 1410 5532 fecerunt,cum
1432 5479 1664 5526 mentem
1689 5480 1952 5540 occupant
1971 5487 2111 5544 pene
2223 5487 2246 5524 ‹
2288 5470 2548 5526 lascivitis
2605 5470 2658 5523 in
2713 5467 2899 5523 stratis
2954 5463 3172 5521 vestris.
3220 5486 3238 5519 ι
3287 5465 3355 5520 In
3388 5465 3531 5520 lectis
3565 5456 3782 5516 eburneis

518 5555 794 5612 indelebili
825 5555 1179 5615 aﬂ'ectatione
1222 5560 1501 5629 vitiorum,
1569 5563 1858 5634 specialius
1920 5576 2099 5621 tamen
2219 5563 2438 5627 dormit,
2472 5562 2560 5632 qui
2594 5561 2645 5615 in
2703 5560 2836 5614 falsa
2876 5559 3003 5612 dum
3037 5557 3240 5612 advivit
3279 5555 3547 5612 castitatis
3596 5547 3781 5606 securi-

517 5651 753 5720 quadam
787 5651 1034 5721 concepti
1077 5651 1248 5708 fastus
1277 5655 1438 5710 veluti
1465 5656 1671 5712 siderea
1708 5658 2106 5727 spectabilitatc
2218 5669 2332 5714 tate
2361 5657 2610 5728 quiescit.
2647 5654 2880 5726 Elepltas
2911 5655 3078 5720 enim,
3121 5653 3263 5708 unde
3294 5653 3450 5715 ebur,
3477 5648 3678 5718 frigida:
3702 5658 3780 5695 na-

517 5741 768 5813 insigniri
801 5758 861 5799 se
893 5749 1176 5814 appetunt.
1210 5744 1378 5802 Trans
1412 5747 1728 5804 Damascum
1758 5753 1988 5820 migrare
2008 5766 2106 5804 eos
2217 5761 2354 5803 turre
2383 5757 2464 5802 cst
2514 5748 2733 5802 animal.
2770 5747 2835 5800 1η
2866 5748 3046 5802 stratis
3075 5747 3188 5801 suis
3243 5744 3554 5803 lasciviunt,
3585 5755 3670 5809 qm
3697 5731 3782 5789 sub

517 5832 670 5899 facit,
731 5851 852 5892 cum
913 5837 1271 5896 intentionem
1335 5841 1640 5897 criminosa:
1686 5844 1982 5898 voluntatis
2035 5844 2103 5897 ad
2214 5841 2359 5896 fama
2391 5841 2734 5895 continentiae
2791 5850 2938 5895 tanto
2990 5841 3243 5896 licentius
3282 5836 3608 5911 petulantiae,
3639 5839 3782 5900 atque

520 5931 704 6001 operis
752 5933 1179 6000 exsecutionem,
1222 5933 1365 6005 quod
1417 5943 1503 5990 est
1556 5944 1702 5990 trans
1755 5935 2100 6000 Damascum,
2216 5930 2480 6000 voluptati
2505 5931 2765 5986 inservire
2794 5941 3120 6002 proponunt.

581 3012 748 3070 Vens.
795 3015 983 3070 24.—
1033 3035 1051 3067 ι
1089 3017 1154 3071 Et
1201 3018 1529 3074 revelabitur
1570 3018 1726 3090 quasi
1776 3032 1915 3088 aqua
1959 3015 2104 3085 judi-

515 3107 742 3176 qcium,
789 3117 843 3163 et
895 3106 1105 3177 justitia
1163 3111 1319 3180 quasi
1375 3119 1589 3167 torrens
1650 3110 1825 3166 fortis.
1861 3129 1880 3162 ι
1937 3107 2106 3176 Quasi

509 3213 648 3268 aqua
699 3197 968 3266 judicium
1013 3199 1306 3267 revelatur,
1363 3215 1485 3256 cum
1541 3201 1743 3256 veritas
1784 3209 1962 3256 status
2013 3213 2106 3254 eo-

507 3305 630 3362 rum
692 3289 1020 3346 instabiliter
1073 3291 1320 3363 palliata,
1369 3309 1433 3348 ac
1495 3294 1539 3349 si
1591 3293 1746 3364 aquis
1815 3291 2106 3363 superﬁcie

507 3391 668 3437 tenus
696 3384 976 3454 adoperta,
1005 3386 1116 3441 cito
1144 3385 1296 3456 lapsu
1329 3385 1659 3441 denudatur.
1701 3383 1922 3438 Iustitia
1952 3383 2106 3453 quasi

510 3480 714 3527 torrens
747 3475 897 3542 fortis
937 3473 1190 3540 cﬂicitur,
1241 3492 1366 3531 cum
1397 3477 1545 3547 justo
1592 3475 1686 3530 Dei
1720 3474 1972 3530 examine
2023 3483 2106 3528 to-

511 3564 622 3621 tius
683 3566 844 3635 bujus
903 3569 1094 3624 fucatae
1148 3569 1458 3625 sanctitatis
1525 3568 1902 3634 simulacrum,
1951 3566 2106 3637 quasi

512 3666 748 3736 quodam
789 3665 936 3722 ﬂuxu
976 3669 1166 3741 rapido
1194 3670 1568 3741 proturbatur.
