3952 6360
53 259 226 318 ιδτ

767 324 772 328 ,
815 245 1277 307 TROPOLOGLE
1319 244 1384 301 IN
1414 242 1614 310 OSEE,
1656 239 1799 297 AMO

1917 239 1970 296 '.T
1994 239 2224 332 ,ΙΕξῐίξ-ι
2252 239 2380 296 Llll.
2425 235 2510 294 IV.
2544 231 2612 293 lN
2650 235 2858 293 AMOS.

3403 229 3510 284 4'53

186 379 418 434 Vzns.
458 376 522 432 5.
559 406 623 416 -
659 392 678 425 ‹
717 371 818 440 Qui
871 367 1156 426 comeditis
1201 378 1399 436 agnum
1445 361 1509 415 de
1542 372 1721 431 grege,
1748 365 1804 411 et
1833 357 1881 416 Α
1908 355 2114 424 eﬂ'erat,
2142 352 2406 423 quidquid
2431 350 2682 405 videlicet
2707 344 2985 403 interioris
3011 339 3224 400 duritia:
3256 339 3388 394 latet
3415 356 3513 410 per

69 493 101 526 ι
180 469 466 526 vitulos
508 469 574 523 de
607 466 786 522 medio
835 460 1092 517 armenti.
1140 457 1242 525 Qui
1275 455 1472 512 canitis
1504 455 1570 507 ad
1614 465 1800 506 vocem

69 581 102 617 ε
182 559 544 634 psalterii.
581 580 598 611 ι
632 558 841 630 Agnum
884 556 948 610 de
987 569 1141 627 grege
1181 549 1434 607 comedit.
1470 547 1560 617 qui
1603 545 1670 600 ad
1693 559 1803 600 suae

59 653 568 711 isuitationem
615 650 874 720 nequitia:
922 655 977 702 et
1030 644 1165 700 alios
1207 654 1452 714 quosque
1505 640 1670 693 rudes
1700 635 1804 693 sibi

57 747 558 817 incorporare
585 742 883 798 contendit.
929 737 1134 792 Vitulos
1175 736 1240 790 de
1264 733 1434 787 medio
1465 730 1687 784 armenti
1715 744 1806 784 co-

67 838 362 902 nsedit,
410 836 523 906 qui
565 835 836 904 quoslibet
869 817 1116 893 hebetes,
1164 836 1218 882 et
1265 824 1496 880 lascivos
1523 821 1590 877 de
1615 836 1802 877 eorum

73 928 610 992 confer-unitate,
672 926 764 996 qui
810 939 918 978 non
954 928 1155 976 norunt
1202 917 1303 972 nisi
1341 925 1552 970 matura
1602 913 1805 970 sentire

81 1023 462 1086 sublatos,
493 1037 605 1074 sua:
626 1029 785 1074 sectae
823 1015 1063 1081 asciscit.
1094 1013 1175 1066 Ad
1217 1027 1390 1066 vocem
1417 1007 1652 1080 psalterii
1708 1008 1803 1061 sed

81 1129 248 1169 non
292 1113 364 1166 in
439 1111 709 1181 psalterio
755 1117 978 1174 canunt,
1027 1105 1119 1176 qui
1170 1105 1308 1159 bona
1336 1115 1528 1172 opera,
1560 1100 1656 1154 sed
1694 1115 1802 1155 non

92 1222 243 1277 pro
283 1205 453 1259 boui
490 1205 678 1274 operis
709 1202 1010 1258 intentione
1050 1198 1360 1270 perficiunt.
1394 1194 1634 1249 Psallere
1656 1194 1802 1248 enim

97 1315 237 1370 pro
295 1298 467 1351 bono
508 1314 658 1367 opere
705 1296 832 1366 poni
881 1292 1148 1364 reperitur
1197 1291 1397 1360 ubique
1444 1287 1802 1359 psalmorum.

117 1409 144 1440 ι
216 1390 418 1444 Sicut
447 1389 626 1444 David
661 1397 991 1460 putaverunt
1019 1401 1078 1441 se
1118 1385 1319 1439 habere
1356 1398 1484 1436 vasa
1513 1381 1732 1436 cantici.
1782 1401 1800 1434 ι

118 1478 228 1534 Ac
267 1479 323 1533 si
371 1479 605 1534 diceret
639 1499 651 1534 :
684 1479 836 1548 Quod
867 1478 1035 1531 David
1074 1477 1332 1542 instituit,
1380 1476 1488 1529 imo
1513 1483 1806 1529 exsecutus

132 1570 218 1624 ad
257 1580 511 1625 sanctae
557 1571 975 1640 significantium
1029 1569 1362 1640 operationis
1386 1608 1400 1631 ,
1436 1567 1540 1622 hoc
1579 1566 1670 1620 isti
1702 1566 1803 1621 sibi

139 1665 496 1719 ascribunt
525 1665 592 1719 ad
618 1681 831 1720 causam
862 1663 1144 1735 jactantize
1175 1671 1227 1718 et
1251 1661 1523 1716 elationis.

232 1760 436 1815 Vens.
479 1759 534 1813 6,
561 1789 629 1799 —
649 1778 666 1810 σ
701 1761 956 1815 Bibentes
990 1759 1041 1813 in
1070 1755 1269 1828 pbialis
1291 1756 1499 1822 vinum,
1521 1764 1576 1810 et
1601 1753 1806 1824 optimo

149 1872 172 1905 α
227 1862 552 1923 unguento
579 1851 826 1919 delibuti,
857 1861 912 1907 et
941 1849 1073 1905 nihil
1101 1850 1450 1921 patiebantur
1480 1862 1642 1918 super
1669 1861 1803 1901 con-

155 1962 178 1994 ι
238 1944 499 1996 tritione
551 1943 772 2014 Josepb.
803 1965 821 1998 ι
866 1946 931 2001 1η
977 1942 1170 2014 phialis
1224 1945 1400 1996 vinum
1438 1939 1651 2002 bibunt,
1682 1954 1803 1994 cum

156 2031 236 2085 dc
264 2034 550 2103 exemplo
583 2034 762 2108 fragili
791 2038 1101 2108 temporalis
1131 2035 1418 2090 materiam
1445 2030 1805 2102 jucundilatis

162 2138 240 2178 ex
271 2140 396 2193 qua
433 2126 756 2184 debrientur
795 2133 858 2185 ad
895 2132 993 2186 Dei
1024 2129 1347 2184 oblivionem
1400 2135 1704 2181 assumunt.
1739 2127 1806 2182 Et;

164 2213 290 2269 hoc
344 2215 571 2271 faciunt
609 2232 873 2290 unguento
907 2226 1096 2290 optimo
1145 2221 1395 2286 delibuti,
1428 2221 1586 2290 plane
1617 2218 1807 2274 simili-

167 2307 386 2362 tudine
443 2309 669 2365 virtutis
701 2327 805 2366 non
859 2313 973 2382 ipsa
1014 2313 1213 2366 virtute
1264 2321 1522 2382 tanquam
1578 2310 1808 2380 superfl-

168 2399 327 2453 ciem
363 2401 521 2455 cutis
549 2403 750 2456 ornati.
777 2401 946 2472 Super
990 2406 1300 2459 contritione
1331 2403 1526 2474 Joseph
1559 2402 1691 2457 nihil
1713 2419 1808 2474 pa-

176 2487 435 2556 tiuntur,
471 2493 564 2561 qui
603 2494 672 2548 ad
705 2504 1055 2566 augmentum
1086 2497 1346 2552 smeulare
1395 2493 1676 2552 tendentes
1713 2511 1810 2550 ne-

178 2592 482 2649 quaquam
530 2601 694 2642 suoer
721 2589 991 2645 commodi
1024 2590 1328 2660 spiritualis
1361 2589 1688 2645 detrimento
1712 2589 1807 2644 tri-

181 2681 442 2728 stantur.

268 2763 446 2825 Vens.
480 2767 534 2822 7.
567 2801 638 2811 —
681 2791 700 2824 ί
737 2773 1080 2845 Quapropter
1103 2789 1246 2828 nunc
1296 2775 1610 2846 migrabunt
1639 2775 1693 2830 in
1717 2790 1806 2830 ca-

196 2874 218 2908 s
264 2858 382 2927 pitc
432 2865 962 2934 transmigrantium,
1011 2874 1066 2921 et
1125 2865 1403 2920 auferetur
1435 2864 1600 2921 factio
1645 2865 1806 2921 lasci-

202 2968 225 3000 ι
274 2953 564 3012 vientium.
609 2980 628 3012 ι
666 2959 735 3016 In
778 2965 945 3033 capite
1005 2961 1496 3032 trmtsmigrantimn
1546 2961 1802 3032 migrant,

197 3045 296 3114 qui
328 3063 440 3116 pra:
467 3052 684 3108 caeteris
717 3047 1212 3127 transgressoribus
1243 3063 1296 3109 et
1327 3053 1804 3122 transgrediuntur

202 3146 263 3193 et
290 3154 536 3210 peccant.
563 3143 612 3199 F
616 3149 756 3203 actio
792 3149 1174 3204 lascivientium
1221 3147 1490 3216 aufertur,
1525 3163 1646 3202 cum
1688 3154 1803 3201 tota

210 3233 489 3294 simulatio
518 3254 735 3306 eorum,
786 3244 876 3312 qui
906 3244 1005 3298 sub
1031 3242 1248 3310 jactura
1292 3243 1514 3312 pudoris
1549 3242 1616 3296 de
1642 3241 1804 3294 casti-

215 3337 330 3384 tate
373 3347 430 3388 se
475 3331 754 3401 jactitant,
805 3335 873 3390 ad
905 3336 1192 3390 veritatem
1244 3335 1325 3391 sui
1359 3335 1529 3405 turpis
1587 3333 1805 3388 habitus

216 3419 535 3480 denudatur.
1209 3411 1220 3424 ³

293 3513 452 3572 Vens.
470 3515 523 3572 8.
553 3549 625 3558 —
655 3538 674 3572 ι
707 3518 922 3575 Juravit
946 3519 1208 3576 Dominus
1231 3519 1284 3574 in
1317 3519 1496 3575 anima
1526 3533 1644 3584 sua,
1675 3517 1806 3574 dicit

231 3621 254 3656 ι
296 3605 544 3668 Dominus
592 3614 984 3670 exercituum:
1036 3614 1286 3670 Detestor
1339 3629 1439 3686 ego
1491 3613 1800 3684 superbiam

232 3715 254 3748 ι
295 3697 465 3771 Jacob,
494 3713 548 3758 et
580 3704 770 3762 domos
817 3704 934 3775 ejus
978 3706 1088 3774 odi,
1145 3716 1198 3762 et
1258 3707 1467 3762 tradam
1524 3705 1802 3762 civitatem

236 3810 258 3843 ι
303 3809 414 3850 cum
437 3797 831 3855 habitatoribus
868 3801 1002 3855 suis.
1057 3820 1074 3853 ι
1119 3800 1186 3854 1η
1218 3801 1396 3854 anima
1427 3818 1523 3854 sua
1557 3799 1804 3868 Deusjtt-

233 3894 338 3952 rat,
363 3902 469 3943 cum
497 3890 563 3943 ad
610 3888 701 3960 jus
733 3892 1031 3949 voluntatis
1073 3909 1185 3949 suae
1224 3892 1360 3947 tales
1403 3893 1622 3947 tandem
1657 3892 1796 3961 aspic

237 3980 394 4036 rando
430 3993 660 4039 revocat.
722 3985 1036 4054 Superbiam
1089 3987 1256 4041 Iacob
1310 3986 1635 4050 detestatur,
1675 3999 1800 4038 cum

237 4089 428 4137 eorum,
465 4078 552 4146 qui
595 4095 689 4134 sua
727 4094 786 4134 se
834 4080 963 4134 vitia
1007 4081 1358 4151 supplantare
1383 4079 1486 4136 sibi
1517 4087 1799 4150 arrogant,

243 4164 565 4237 sibimetipsis
599 4171 794 4240 dignos
817 4171 1178 4228 detestatione
1209 4173 1571 4228 demonstrat.
1604 4171 1801 4226 Domos

245 4257 350 4326 ejus
397 4261 511 4327 odit,
563 4279 685 4318 cum
729 4265 992 4318 mentium
1037 4264 1445 4334 conceptacula,
1499 4263 1551 4318 in
1604 4264 1803 4333 quibus

250 4352 374 4421 apud
399 4367 446 4408 se
463 4353 523 4409 de
560 4369 620 4409 se
659 4355 945 4425 gloriatur,
979 4357 1104 4413 odio
1155 4357 1316 4428 digna
1359 4359 1617 4413 ostendit.
1646 4357 1803 4414 Unde

1911 444 2316 500 confessionem
2351 444 2500 500 foras
2521 443 2793 499 excludat.

1980 538 2146 592 Vens.
2185 538 2271 590 M.
2302 566 2368 578 -—
2399 555 2417 586 ι
2465 537 2534 590 Ει
2573 537 2719 590 dicet
2759 534 2833 598 ei,
2885 531 2977 600 qui
3037 529 3090 583 in
3142 525 3514 597 penetralibus

1913 651 1933 684 ‹
1975 632 2171 687 domus
2199 639 2280 686 est
2315 648 2327 684 :
2360 629 2615 698 Nunquid
2662 627 2839 681 adlmc
2891 633 2975 679 est
3014 637 3182 692 penes
3216 622 3300 676 te?
3326 621 3393 674 Et
3419 636 3510 676 re-
3579 645 3581 649 -

1914 743 1933 778 ι
1976 724 2261 796 spondebit
2294 742 2306 777 :
2342 722 2493 776 Finis
2521 729 2624 777 est.
2655 720 2722 774 Et
2743 719 2890 774 dicet
2919 719 2968 772 ei
3011 734 3023 770 :
3056 715 3218 782 Tace,
3252 724 3306 770 et
3336 730 3401 768 ne
3427 730 3512 769 re-

1915 838 1934 872 ι
1981 818 2228 875 corderis
2270 815 2508 872 nominis
2559 813 2797 869 Domini.
2839 831 2855 863 ›
2895 812 3056 877 Dicit,
3103 808 3247 864 haud
3288 807 3509 862 dubium

1906 911 2040 981 quin
2071 909 2439 982 pr0pinquus,
2468 916 2654 962 noster
2681 905 2867 974 utique
2890 905 3113 974 spiritus
3136 903 3204 969 ei,
3236 901 3326 972 qui
3351 910 3432 955 est
3458 901 3510 955 in

1907 1003 2296 1074 penetralibus,
2329 1001 2538 1058 scilicet
2569 999 2809 1055 carnalis
2830 997 3051 1051 allectus
3078 996 3279 1050 nostris
3306 993 3513 1049 medul-

1907 1094 1976 1150 lis
1999 1095 2293 1166 ingenitns.
2326 1094 2628 1165 Interrogat
2661 1090 2704 1144 si
2732 1099 2817 1143 est
2842 1088 3020 1142 adhuc
3048 1104 3200 1156 penes
3231 1102 3376 1152 cum,
3409 1085 3510 1139 ali-

1909 1187 2040 1258 quid
2072 1186 2328 1240 videlicet
2354 1185 2420 1238 de
2469 1181 2726 1252 scrupulo
2751 1177 2981 1251 peccati,
3009 1178 3148 1246 quod
3184 1177 3510 1231 intrinsecus

1909 1279 2160 1335 mordeat
2183 1294 2326 1332 eum.
2368 1276 2459 1331 llle
2494 1273 2821 1339 respondebit
2855 1286 2872 1323 :
2905 1269 3061 1324 Finis
3095 1279 3190 1335 est,
3221 1271 3347 1338 quia
3373 1270 3510 1340 ignis

1911 1371 2481 1442 concupiscentiarum
2511 1369 2720 1439 scpitus
2748 1375 2850 1422 est.
2899 1365 2995 1420 Cui
3033 1364 3121 1418 ille
3149 1361 3312 1416 infert
3337 1372 3394 1416 ut
3436 1373 3513 1418 ta-

1911 1475 2054 1532 ceat,
2085 1465 2346 1520 nimirum
2376 1473 2436 1518 ut
2463 1462 2610 1517 nullo
2637 1461 2795 1516 modo
2817 1473 2916 1530 pro
2942 1457 3173 1524 tantilla,
3208 1467 3262 1511 et
3286 1455 3510 1510 forsitan

1911 1567 2293 1612 momentanea
2339 1555 2506 1610 animi
2558 1554 2740 1624 quiete
2778 1567 2836 1606 se
2870 1551 3061 1621 erigat.
3089 1547 3386 1604 Recordari
3419 1563 3514 1600 no—
3575 1580 3580 1586 -

1911 1649 2070 1702 minis
2099 1648 2313 1702 Domini
2368 1663 2490 1702 eum
2522 1643 2700 1709 vetat;
2733 1644 2875 1714 quod
2908 1660 3016 1697 non
3065 1651 3151 1698 est
3200 1641 3367 1705 aliud,
3403 1640 3513 1695 uisi

1910 1740 2054 1808 quod
2085 1739 2345 1792 oblivioni
2377 1739 2478 1792 hoc
2500 1738 2673 1807 ipsum
2699 1735 3005 1790 nullatenus
3037 1733 3237 1787 tradat.
3265 1733 3507 1798 Quorum

1909 1833 2057 1890 enim
2095 1831 2495 1894 obliviscimur,
2525 1829 2806 1899 recordari
2848 1827 3099 1882 dicimur.
3133 1825 3245 1892 Qui,
3277 1841 3407 1898 ergo
3431 1827 3512 1880 iii-

1911 1927 2125 1984 terdum
2159 1925 2361 1979 oblitus
2389 1923 2605 1978 tandem
2633 1920 2746 1989 ejus
2791 1936 2911 1976 sese
2938 1926 3350 1982 commemorat,
3383 1932 3512 1987 pro-

1911 2021 1998 2076 cul
2028 2019 2194 2075 dubio
2243 2017 2361 2072 sine
2391 2015 2796 2088 intermissione
2849 2029 2958 2070 non
2989 2021 3132 2070 orat.
3166 2011 3303 2066 Eum
3350 2009 3514 2081 plane

1912 2109 2140 2164 nominis
2169 2107 2382 2162 Domini
2412 2122 2522 2160 non
2547 2106 2760 2160 :estimo
2819 2105 3192 2169 recordatum,
3231 2103 3322 2173 qui
3353 2101 3510 2172 quasi

1914 2207 2188 2254 tumentes
2211 2212 2374 2270 super
2395 2213 2454 2253 se
2482 2196 2677 2252 ﬂuctus
2705 2197 2902 2266 legitur
2934 2195 3182 2251 timuisse.
3212 2195 3399 2249 Deum.

1986 2311 2154 2367 Vens.
2184 2313 2269 2368 η.
2305 2341 2380 2356 ο-
2412 2331 2431 2364 ι
2469 2312 2606 2380 Quia
2661 2325 2790 2366 ecce
2818 2310 3084 2366 Dominus
3115 2307 3414 2375 mandabit,
3457 2316 3514 2366 et

1921 2421 1942 2455 s
1985 2403 2258 2473 percutiet
2305 2402 2527 2458 domum
2560 2403 2821 2474 majorem
2855 2400 3053 2465 ruinis,
3077 2408 3132 2454 et
3163 2398 3380 2454 domum
3413 2398 3515 2452 mi-

1917 2513 1936 2546 s
1987 2508 2175 2549 norem
2211 2494 2584 2549 scissionibus.
2628 2514 2646 2547 ι
2685 2493 2941 2547 Dominus
2993 2491 3216 2546 mandat
3253 2505 3374 2544 cum
3399 2488 3510 2546 cle-

1913 2595 2126 2640 menter
2175 2585 2398 2655 aspirat.
2455 2584 2678 2639 Domum
2712 2584 2969 2654 utajorem
3030 2582 3200 2636 ruinis
3251 2580 3511 2648 percutit,

1913 2693 2037 2732 cum
2079 2674 2413 2731 diiinsiorem
2439 2684 2492 2731 et
2520 2677 2897 2746 spatiosiorern
2931 2675 3080 2730 illum
3130 2673 3327 2728 mentis
3357 2672 3509 2727 nabi-

1911 2778 2051 2830 tum,
2082 2767 2176 2837 qui
2228 2765 2467 2822 carnalis
2523 2767 2726 2820 dicitur
2780 2767 3070 2837 appetitus,
3104 2771 3513 2833 conquassatet

1911 2858 2114 2914 obruit.
2141 2857 2367 2912 Domum
2398 2857 2652 2912 minorem
2683 2857 3020 2911 scissionibus
3066 2856 3332 2925 percutit,
3384 2871 3510 2912 cutn

1912 2950 2084 3021 ipsam
2129 2950 2394 3005 rationem
2443 2966 2562 3019 quae
2603 2949 2871 3008 subtilior,
2903 2957 2958 3002 et
2986 2963 3049 3000 ex
3082 2958 3271 3002 natura
3305 2947 3511 3002 intimae

1913 3043 2263 3099 discretionis
2317 3041 2716 3112 quodammodo
2751 3040 3031 3110 augustior
3084 3049 3187 3104 est,
3246 3041 3512 3098 adversus

1909 3151 2034 3192 suos
2089 3144 2268 3190 motus
2304 3134 2359 3188 in
2389 3133 2566 3204 seipsa
2603 3132 2859 3187 continua
2885 3131 3154 3186 ducllione
3185 3131 3504 3187 subdividit.

1985 3248 2149 3303 Vens.
2183 3249 2274 3302 15.
2302 3278 2370 3288 -
2397 3267 2416 3298 ε
2458 3246 2712 3317 Nunquid
2769 3259 2990 3302 currere
3019 3255 3226 3316 queunt
3255 3245 3306 3300 in
3337 3247 3510 3316 petris

1915 3362 1933 3396 ι
1983 3344 2131 3414 equi,
2157 3351 2249 3397 aut
2271 3343 2416 3396 arari
2464 3351 2640 3411 potest
2671 3342 2723 3396 in
2773 3341 3019 3396 bubalis?
3053 3360 3070 3393 ι
3105 3339 3170 3394 In
3199 3341 3358 3410 petris
3390 3343 3510 3411 equi

1909 3451 2017 3491 non
2081 3444 2328 3501 currunt,
2370 3450 2493 3490 cum
2539 3436 2590 3489 in
2644 3436 2921 3490 mentibus
2975 3445 3258 3505 postquam
3292 3450 3358 3489 ex
3398 3434 3508 3489 Deo

1911 3538 2101 3585 contra
2123 3528 2251 3583 vitia
2278 3528 2639 3594 induruerint,
2667 3528 2864 3583 ferales
2888 3543 2952 3583 ac
2984 3527 3166 3583 lascivi
3198 3535 3374 3583 motus
3399 3543 3508 3581 non

1911 3639 1971 3680 se
1998 3625 2266 3695 ingerunt.
2308 3622 2376 3678 In
2403 3623 2606 3677 bubulis
2639 3637 2742 3677 non
2785 3631 2994 3688 aratur,
3027 3638 3148 3678 cum
3199 3638 3298 3692 per
3325 3632 3508 3677 motus

1909 3715 2168 3784 efl'i-enos,
2199 3727 2255 3771 et
2283 3714 2753 3786 impatientesjugi
2785 3731 2936 3770 mens
2969 3713 3277 3770 nullatenus
3328 3713 3507 3783 aliqua

1911 3808 2269 3864 subversione
2297 3809 2397 3879 pia:
2426 3808 2774 3876 cOgitationis
2808 3808 3112 3878 attingitur.

1983 3898 2147 3954 Vens.
2180 3899 2264 3953 M.
2288 3929 2356 3940 --
2382 3919 2400 3951 ι
2440 3899 2703 3966 Quoniam
2757 3897 3104 3954 convertistis
3145 3896 3198 3951 in
3251 3895 3510 3950 amaritu-

1921 4008 1942 4040 ι
1989 3990 2170 4044 dinem
2223 3990 2510 4060 judicium,
2562 3999 2616 4045 et
2663 3990 2899 4046 fructum
2950 3988 3181 4059 justitiae
3217 3988 3272 4042 in
3307 3988 3508 4059 absyn-

1917 4099 1937 4132 ι
1985 4082 2189 4136 tliiuin?
2217 4081 2317 4148 Qui
2369 4082 2625 4138 laatamini
2664 4083 2718 4138 in
2749 4081 2941 4147 nihilo,
2986 4081 3076 4152 qui
3111 4080 3293 4135 dicitis
3321 4097 3332 4132 :
3358 4078 3508 4132 Nun-

1923 4192 1942 4225 ι
1993 4176 2122 4244 quid
2150 4190 2254 4230 non
2290 4176 2342 4230 in
2372 4176 2683 4231 fortitudine
2714 4187 2899 4232 nostra
2932 4159 3326 4245 assumpsi-mus
3354 4172 3510 4227 nobis

1919 4285 1938 4317 ι
1986 4267 2234 4321 cornua?
2274 4286 2292 4318 ι
2323 4267 2404 4322 Ac
2441 4266 2485 4322 si
2515 4267 2722 4322 diceret
2754 4283 2769 4321 :
2809 4267 3115 4338 Aliquando
3165 4281 3284 4321 cum
3331 4263 3510 4319 adhuc

1912 4376 2120 4416 morem
2178 4362 2374 4416 saaculo
2415 4361 2702 4431 gereretis,
2744 4370 2940 4416 vestra:
2995 4359 3222 4414 rationis
3267 4358 3510 4413 dulcedi-

253 4445 472 4500 civitatem
515 4462 632 4499 cum
661 4447 1046 4503 habitatoribus
1091 4450 1277 4515 tradit,
1305 4464 1428 4504 cum
1469 4451 1642 4520 ipsam
1675 4465 1806 4506 con—
1840 4467 1886 4522 ι)
1915 4467 2040 4508 nem
2074 4455 2126 4507 in
2171 4454 2510 4508 saecularium
2550 4453 2892 4520 negotiorum
2938 4451 3356 4505 amaritudinem
3388 4466 3509 4504 ver-

255 4535 492 4592 scientiam
523 4553 650 4594 cum
688 4538 960 4594 universis
995 4541 1106 4594 suis
1163 4541 1406 4598 moribus
1455 4558 1552 4612 per
1581 4540 1800 4598 confes-

257 4629 431 4686 sionem
461 4633 522 4687 ad
549 4632 633 4688 sui
665 4632 1030 4702 proditionem
1062 4634 1228 4705 cogit.

324 4724 529 4793 Vsas.9,
559 4725 642 4780 1.0.
683 4754 752 4766 —
779 4745 798 4777 ‹
841 4723 997 4792 Quod
1049 4727 1092 4782 si
1135 4727 1332 4797 reliqui
1371 4726 1572 4782 fuerint
1607 4728 1796 4784 decem

269 4837 286 4874 ι
324 4819 406 4874 viri
423 4819 463 4873 in
487 4819 645 4874 domo
677 4834 805 4887 una,
836 4827 891 4874 et
923 4819 1024 4890 ipsi
1059 4822 1397 4876 morientur?
1431 4821 1495 4876 Et
1525 4821 1675 4877 tollet
1704 4838 1798 4878 eos

271 4931 290 4963 ι
326 4912 611 4982 propinquus
654 4928 823 4977 suus,
874 4922 932 4968 et
972 4915 1253 4970 comburet
1299 4931 1448 4982 eum,
1511 4925 1569 4969 ut
1605 4915 1800 4972 efferat

276 5022 293 5054 ο
329 5020 420 5060 ossa
443 5007 496 5060 de
521 5008 702 5061 domo.
744 5027 761 5058 ι
803 5006 870 5061 In
899 5007 1056 5061 domo
1103 5025 1208 5061 una
1258 5017 1435 5063 decem
1491 5011 1588 5064 viri
1612 5010 1799 5080 reliqui

271 5105 504 5162 suut,cum
541 5097 593 5152 in
625 5113 734 5154 una
756 5097 1096 5155 conscientia
1133 5101 1238 5154 duo
1261 5101 1498 5170 quinarii
1533 5101 1800 5157 sensuali-

277 5199 426 5257 latum,
447 5203 660 5247 vacante
676 5192 790 5260 jam
841 5209 1009 5263 pravo
1040 5201 1162 5262 post
1190 5193 1586 5250 confessionem
1611 5209 1798 5266 opere,

279 5292 476 5349 tanquam
504 5283 600 5338 soli
623 5283 875 5340 subsunt.
903 5285 971 5338 Et
1002 5285 1100 5354 ipsi
1123 5286 1440 5350 moriuntur,
1471 5303 1592 5341 cum
1617 5303 1646 5342 a
1672 5303 1802 5342 con-

279 5381 396 5428 sueta
418 5389 491 5428 sua
517 5375 771 5430 aviditate
804 5377 1164 5448 perimuntur.
1197 5375 1528 5447 Propinquus
1559 5396 1686 5434 suus
1711 5397 1799 5435 eos

284 5463 710 5539 tollit,cuii1236
739 5469 806 5522 ab
854 5468 1042 5524 infimo
1082 5485 1175 5524 eas
1220 5470 1458 5538 appetitu
1499 5471 1638 5526 ratio
1665 5471 1799 5527 lide-

285 5553 364 5607 lius
399 5556 572 5612 caeteris
617 5558 695 5612 eis
749 5562 1056 5630 propinqua
1119 5563 1372 5617 sustollit.
1416 5562 1524 5618 Eos
1577 5580 1798 5635 quoque

289 5644 506 5716 ciiiilurit,
553 5665 672 5704 cum
727 5652 802 5722 pii
837 5653 1096 5710 desiderii
1139 5664 1274 5710 aestu
1327 5656 1470 5727 ipsas
1505 5658 1572 5712 ad
1599 5675 1800 5729 purum

293 5741 526 5796 examinare
557 5745 852 5800 contendit.
911 5745 975 5800 Et
1003 5747 1106 5802 hoc
1136 5747 1287 5815 facit,
1313 5761 1366 5804 ut
1404 5768 1520 5807 ossa
1551 5751 1614 5807 de
1640 5753 1796 5810 domo

1909 4545 2125 4604 tebatis,
2153 4553 2207 4598 et
2225 4544 2356 4600 inde
2405 4544 2640 4598 suboriri
2673 4542 2828 4598 vobis
2871 4551 3084 4613 poterat
3120 4543 3325 4597 fructus
3354 4540 3508 4602 iusti-

1911 4636 2015 4700 tia),
2047 4635 2150 4689 hoc
2188 4635 2239 4688 in
2291 4634 2671 4706 absynthium,
2724 4634 2869 4704 quod
2917 4634 3042 4688 alibi
3087 4649 3269 4705 cepas,
3299 4644 3354 4689 et
3383 4633 3506 4687 allia

1906 4735 2069 4783 vocat
2093 4725 2373 4796 Scriptura
2402 4725 2593 4795 (Num.
2629 4741 2709 4792 xr,
2731 4725 2809 4798 5),
2845 4725 3105 4782 solebatis
3129 4726 3420 4788 invertere,
3453 4725 3504 4778 in

1906 4820 2012 4876 hac
2051 4835 2172 4892 quae
2201 4817 2332 4874 nihil
2361 4818 2463 4873 dici
2493 4828 2666 4889 potest
2687 4818 3085 4889 temporalitate
3103 4832 3202 4887 pro
3225 4825 3504 4873 momento

1907 4912 2176 4978 laetantes,
2205 4920 2259 4966 et
2277 4911 2638 4981 potentiarum
2664 4925 2924 4966 manuum
2953 4925 3154 4966 cornua
3180 4909 3294 4964 solo
3319 4918 3508 4964 vestro
3545 4933 3550 4936 -

1909 5011 2125 5070 robore,
2154 5014 2208 5060 et
2251 5003 2451 5074 ingenii
2493 5004 2740 5059 acumine
2771 5018 2867 5059 vos
2894 5001 3258 5072 assumpsisse
3284 4999 3502 5070 jactan-

1911 5109 2013 5155 tes.
2062 5099 2250 5170 (Vens.
2295 5097 2407 5168 15.)
2440 5116 2458 5148 ‹
2498 5097 2636 5152 Ecce
2681 5112 2780 5168 ego
2839 5095 3117 5152 suscitabo
3161 5109 3324 5163 super
3377 5109 3504 5156 vos,

1917 5213 1937 5244 ε
1980 5194 2174 5249 domus
2201 5192 2386 5258 Israel,
2420 5191 2550 5245 dicit
2580 5190 2836 5246 Dominus
2876 5189 3236 5254 exercituum,
3262 5195 3502 5260 gentem,

1916 5305 1936 5338 ι
1984 5295 2039 5341 et
2075 5292 2362 5340 conterent
2399 5297 2496 5336 vos
2527 5283 2594 5335 ab
2622 5281 2843 5337 introitu
2866 5281 3057 5336 Emath
3088 5296 3258 5350 usque
3285 5281 3350 5335 ad
3386 5288 3500 5334 tor-

1917 5397 1936 5430 I
1985 5386 2190 5433 rentum
2219 5374 2440 5431 deserti.
2473 5392 2492 5426 ι
2525 5374 2664 5427 Deus
2686 5384 2887 5442 gentem
2911 5388 3075 5444 super
3094 5372 3317 5427 domum
3332 5369 3502 5426 Israel

1911 5470 2164 5538 suscitat,
2188 5485 2311 5525 cum
2342 5483 2495 5526 novae
2527 5466 2872 5537 cogitationis
2900 5482 3068 5538 genus
3095 5467 3148 5520 in
3173 5467 3352 5520 animo
3375 5480 3502 5520 curn

1911 5565 2025 5622 Deo
2061 5565 2224 5636 dirigi
2269 5563 2502 5628 volente,
2557 5561 2893 5632 paenitudine
2928 5570 3212 5630 concepta.
3243 5558 3500 5613 vivificat.

1911 5659 2132 5725 Emath,
2162 5667 2226 5714 ut
2267 5657 2517 5728 superius
2543 5655 2674 5721 dixi,
2721 5657 2934 5726 sanguis
2983 5655 3391 5722 interpretatur.
3421 5647 3498 5702 Ab

1910 5755 2133 5812 introitu
2159 5768 2289 5825 ergo
2328 5752 2520 5809 Emam
2570 5768 2730 5824 usque
2752 5750 2819 5805 ad
2841 5755 3120 5800 torrentem
3152 5742 3342 5798 deserti
3365 5755 3496 5795 con-
