3952 6360
30 358 182 422 ut
570 326 577 331 ”
744 341 1209 408 meaemeae
1238 349 1304 405 ις
1334 344 1532 419 esse,
1559 344 1750 406 suos
1780 345 1870 405 ET
1909 346 2261 405 περι-ιω.
2293 326 2383 405 Iv.
2411 346 2481 405 11v
2514 347 2720 406 suos.
3272 349 3374 405 tta

41 484 211 554 quis
272 471 562 549 hypocrita
619 469 779 526 fortis
840 483 1032 540 opere,
1086 469 1178 524 sed
1220 468 1447 541 frigidus
1477 480 1677 536 inente,
1708 471 1756 526 Α
1787 483 1805 516 ι
1854 464 2006 519 Sicut
2026 480 2156 521 oves
2182 467 2234 520 in
2259 464 2643 537 infernopositi
2661 462 2978 534 sunt(Psal.
3006 464 3321 538 mut,l5).
3350 487 3369 520 ι

45 590 315 631 sacrum
342 572 614 635 ducatum,
649 580 712 622 ac
739 564 782 619 si
812 563 905 619 Dei
934 564 1005 618 sit
1030 562 1311 633 templum,
1357 562 1600 633 praebere
1628 578 1687 619 se
1797 578 1817 613 ι
1864 560 1934 615 Ει
1971 560 2107 615 dixit
2143 559 2406 616 Dominus
2443 560 2511 615 ad
2547 575 2634 617 me
2667 578 2680 615 :
2717 558 3149 629 Vadepropheta
3180 559 3246 615 ad
3275 574 3375 630 po-

47 683 255 740 posse
281 664 594 737 pollicetur;
613 659 703 731 qui
722 661 789 713 ad
809 656 1092 712 Jeroboam
1115 672 1283 727 regem
1305 654 1476 711 Israel
1498 657 1682 727 mittit,
1795 670 1815 705 ε
1860 651 2045 723 pulum
2073 644 2251 707 meum
2282 651 2490 740 Israel.
2513 671 2531 703 ιι
2561 652 2820 708 Dominus
2847 649 3001 719 dicit,
3032 666 3152 707 cum
3176 651 3371 707 rationi

54 739 214 817 eum
257 774 319 813 se
356 758 403 813 ei
435 771 500 811 ex
527 751 943 825 temporalitatis
966 764 1171 817 amore,
1199 748 1351 819 cujus
1375 750 1683 821 regiminio,
1790 742 2075 799 sentienda
2103 742 2407 812 instinguit.
2448 739 2614 809 Vade,
2648 742 2845 812 inquit,
2874 742 2943 797 ab
2970 741 3146 813 inepta
3172 741 3375 813 simpli~

54 869 211 910 cum
248 868 281 906 a
315 851 425 905 Deo
462 848 685 904 deberet
721 843 914 915 dirigi,
956 857 1014 898 se
1040 841 1305 919 meminit
1346 841 1685 913 dirigendum
1789 834 1971 901 citate,
1996 842 2050 890 et
2079 834 2279 906 populo
2305 834 2696 905 cogitationum
2737 850 2860 892 cum
2898 834 3010 893 Deo
3044 836 3201 908 dirigi
3229 852 3376 908 quie-

57 944 420 1012 tradidisse,
463 937 773 997 committit.
827 936 1011 1002 Amos,
1050 934 1248 1005 inquit,
1298 944 1481 989 contra
1511 944 1564 990 te
1602 948 1681 989 re-

1789 923 2026 980 rentium
2064 923 2131 978 ad
2163 922 2433 979 cautelam
2459 923 2700 993 provide.

52 1036 256 1092 liellat
286 1036 346 1089 in
376 1035 545 1090 medio
581 1038 767 1087 domus
807 1027 1001 1095 Israel,
1030 1035 1119 1082 tua
1144 1027 1402 1082 nimirum
1429 1027 1687 1100 cogitatio
1861 1013 2024 1071 VERS-
2066 1014 2151 1069 16·
2194 1046 2265 1055 -
2308 1034 2326 1067 ί
2370 1013 2524 1070 Nunc
2562 1014 2686 1070 andi
2721 1015 2949 1072 Verbum
2980 1015 3194 1072 Domini
3223 1031 3238 1071 ³
3292 1016 3374 1073 Tu

59 1145 98 1182 ει
134 1106 347 1182 mundi
375 1125 564 1181 volens
593 1122 749 1179 avelli
789 1118 1027 1175 lasciviis
1054 1118 1150 1174 tibi
1194 1119 1296 1189 ipsi
1325 1119 1465 1173 intra
1507 1125 1561 1175 te
1606 1132 1681 1173 re-

1794 1123 1815 1157 i
1860 1103 2036 1160 dicis:
2064 1104 2181 1161 Non
2214 1104 2567 1178 prophetabis
2598 1120 2761 1177 super
2794 1106 2982 1174 Israel,
3023 1116 3077 1162 et
3123 1123 3229 1165 non
3260 1107 3377 1164 stil-

56 1220 252 1276 hellis
275 1227 382 1274 est.
428 1216 548 1272 Non
580 1215 768 1286 poterit
793 1223 933 1269 terra
961 1212 1217 1268 sustinere
1249 1229 1513 1267 sermones
1544 1212 1681 1282 ejus,
1795 1213 1815 1247 ⁴
1861 1194 1999 1251 labis
2048 1210 2211 1286 5"???
2251 1197 2469 1252 domum
2512 1195 2661 1252 Ῑδοίίο
2696 1215 2715 1249 ³
2787 1195 3015 1286 verbum
3062 1199 3231 1265 and“:
3283 1200 3376 1269 (ιιιί

66 1327 196 1366 non
225 1310 435 1383 poterit
450 1310 638 1381 utique
659 1306 879 1363 humani
900 1305 1145 1378 corporis
1167 1304 1432 1377 fragilitas
1454 1304 1681 1361 tolerare

1790 1286 2065 1359 intelligit.
2108 1285 2234 1341 Non
2288 1288 2581 1359 prophetat
2650 1304 2805 1358 super
2844 1285 3039 1354 Israel,
3086 1288 3176 1358 qui
3229 1287 3374 1343 nulla

71 1380 437 1459 nimietatem
464 1400 922 1458 continentiam“,
954 1397 1088 1468 eius.
1788 1390 2025 1436 mentem
2060 1381 2369 1451 provisione
2414 1382 2666 1453 castigat.
2718 1380 2843 1437 Non
2892 1380 3064 1438 stillat
3094 1397 3252 1452 super
3280 1382 3375 1436 doc

1788 1488 1932 1527 mum
1956 1473 2107 1541 idoli,
2131 1473 2443 1545 quicunque
2472 1473 2739 1544 paulatim
2761 1488 2869 1529 non
2897 1471 3175 1530 inﬂectere
3195 1473 3378 1529 studet

1788 1568 2176 1624 conscientiam
2233 1569 2463 1639 peccatL
2519 1567 2737 1625 Stillare
2801 1568 2946 1624 enim
3001 1582 3101 1639 pro
3138 1567 3377 1623 decidere

1788 1660 1925 1717 solet
1955 1662 2105 1731 poni.
2153 1660 2324 1732 Super
2352 1661 2566 1715 domum
2597 1675 2725 1731 ergo
2768 1661 2895 1716 idoli
2935 1660 3123 1730 stillat,
3178 1660 3272 1732 qui
3319 1660 3373 1715 in

1788 1769 1884 1811 sua
1909 1755 2341 1810 consideratione
2371 1754 2676 1826 hypocrisis
2703 1754 2847 1811 vires
2874 1763 3154 1810 extenuat.

154 1493 335 1551 Vens.
370 1496 457 1550 ll.
488 1524 557 1536 --
592 1512 610 1546 ι
656 1492 783 1551 Haec
827 1493 969 1549 enim
1011 1491 1141 1548 dicit
1168 1493 1373 1549 Amos:
1419 1491 1476 1547 In
1510 1491 1687 1564 gladio

81 1605 104 1639 ι
157 1598 434 1643 morietur
470 1586 776 1654 Jeroboam,
805 1594 861 1642 et
884 1585 1048 1641 Israel
1074 1585 1318 1656 captivus
1342 1585 1597 1657 migrabit
1619 1585 1686 1641 de

82 1700 104 1735 ι
147 1693 307 1738 terra
348 1697 466 1738 sua.
510 1702 529 1735 ι
569 1682 649 1737 Ac
682 1680 728 1738 si
776 1680 1022 1736 diceret:
1062 1678 1500 1750 Temporalitatis
1531 1693 1687 1733 amor

75 1776 134 1830 in
165 1775 378 1831 malum
402 1791 616 1846 semper.
642 1772 876 1845 capitale
902 1772 1183 1839 relabitur,
1202 1771 1433 1827 etlsrael
1459 1771 1685 1827 ﬁctitius

74 1867 339 1937 corporis
360 1867 444 1922 sui
471 1867 724 1923 libertate
748 1864 1068 1937 emigrando
1104 1864 1434 1936 privabitur.
1487 1863 1679 1933 (Vens.
1712 1854 1762 1914 B
1860 1847 2026 1903 Vens.
2054 1846 2140 1901 17.
2170 1877 2238 1887 -—
2274 1866 2292 1899 ι
2325 1847 2550 1919 Propter
2580 1848 2704 1915 Ῑιοεν
2744 1848 2861 1902 hi“
2904 1847 3035 1903 die“
3064 1847 3371 1906 θοηιίηυεε

74 1962 175 2029 12,
203 1962 327 2033 1³5.)
362 1982 380 2015 ‹
427 1962 497 2017 Et
530 1963 669 2018 dixit
714 1962 965 2018 Amasias
1013 1961 1081 2018 ad
1123 1960 1334 2017 Amos:
1374 1961 1477 2030 Qui
1505 1965 1681 2031 vides,

85 2069 106 2103 ‹
162 2053 424 2122 gradere,
468 2062 523 2107 et
568 2051 693 2123 fuge
732 2053 785 2106 in
816 2060 1015 2107 terram
1053 2050 1212 2119 Iuda,
1259 2062 1316 2108 et
1344 2054 1567 2110 comede
1610 2053 1686 2108 ibi

87 2160 110 2194 ι
158 2157 389 2212 panem,
448 2151 505 2198 et
562 2143 635 2198 ibi
667 2143 1039 2215 prophetabis.
1112 2143 1180 2199 Et
1232 2143 1287 2199 in
1340 2144 1528 2201 Bethel
1578 2161 1686 2201 non

91 2251 115 2287 ι
167 2234 405 2306 adjicies
426 2234 565 2290 ultra
589 2244 649 2291 ut
667 2236 978 2306 prophetes,
1004 2236 1129 2307 quia
1159 2235 1523 2293 sanctiﬁcatio
1544 2238 1686 2310 regis

90 2346 115 2384 ι
162 2341 290 2398 est,
334 2339 389 2387 et
429 2333 620 2388 domus
668 2332 821 2403 regni
868 2332 1006 2404 ejus.
1044 2350 1065 2384 ι
1118 2331 1223 2398 Qui
1273 2332 1457 2400 vides,
1514 2332 1688 2403 inquit

81 2420 366 2488 Amasias,
407 2422 649 2492 gradere,
676 2420 727 2475 id
756 2430 859 2489 est,
892 2422 985 2491 qui
1015 2420 1282 2492 prospicis
1301 2436 1490 2477 omnes
1514 2422 1687 2493 paeni-

87 2513 306 2568 tentiali
347 2514 691 2570 confessione
714 2513 781 2568 ‘in
810 2514 918 2569 ﬁne
942 2528 1100 2584 posse
1145 2512 1367 2582 salvari,
1407 2514 1513 2570 tuis
1540 2514 1682 2571 inte-

86 2606 197 2660 rim
236 2605 364 2660 dum
398 2621 583 2677 sospes
631 2622 692 2662 es
724 2605 935 2677 legibus
968 2615 1143 2662 utere.
1198 2604 1343 2677 Fuge
1377 2608 1433 2662 in
1488 2617 1683 2663 terram

85 2692 242 2749 Iuda
273 2738 287 2762 ,
350 2695 578 2751 salutem
616 2704 765 2751 tuam
813 2696 1019 2753 ultima:
1067 2696 1399 2754 confessioni
1438 2713 1681 2753 reserva.

86 2783 181 2839 Ibi
214 2802 406 2857 panem
447 2788 677 2855 comede,
709 2787 762 2843 in
792 2787 895 2843 hac
918 2787 1171 2844 videlicet
1218 2787 1516 2844 intentione
1547 2797 1686 2844 tem-

84 2877 369 2948 poralibus
391 2876 825 2947 jocunditatibus
846 2880 1066 2935 satiare.
1091 2879 1179 2935 Ibi
1197 2881 1551 2951 prophetabis,
1581 2882 1682 2937 sub

90 2968 256 3038 hujus
282 2970 471 3041 procul
493 2971 657 3027 dubio
684 2973 796 3041 spei
823 2972 1163 3043 providentia
1193 2973 1358 3044 238
1390 2988 1683 3044 permane-2

89 3061 196 3119 bis.
232 3062 295 3118 In
321 3063 502 3119 Bethet
523 3080 626 3119 non
652 3064 871 3133 adjicies
908 3064 1048 3119 ultra
1075 3074 1133 3119 ut
1159 3066 1451 3136 prophetes,
1491 3075 1680 3122 contra

91 3170 273 3213 mores
311 3158 497 3227 utique
545 3157 637 3227 qui
698 3156 911 3226 hospite
974 3157 1085 3213 Deo
1128 3157 1274 3229 digni
1314 3159 1382 3215 ab
1425 3159 1679 3216 omnibus

1794 1958 1814 1992 ι
1861 1939 2013 1995 Uxor
2050 1949 2138 1996 tua
2191 1941 2245 1996 in
2286 1941 2506 1997 civitate
2543 1939 2926 2009 fornicabitur,
2966 1951 3021 1997 et
3054 1940 3150 1997 lilii
3194 1942 3269 1997 tui
3321 1949 3379 1997 et

1794 2051 1813 2085 ε
1862 2032 1986 2089 ﬁlice
2016 2034 2068 2088 in
2106 2033 2284 2106 gladio
2323 2035 2541 2103 cadent,
2582 2043 2637 2090 et
2666 2034 2864 2090 humus
2915 2042 3005 2090 tua
3038 2037 3091 2090 in
3133 2034 3376 2093 funiculo

1793 2141 1814 2175 ι
1858 2124 2156 2193 metietur,
2222 2133 2277 2179 et
2314 2135 2370 2180 tu
2421 2125 2475 2180 in
2536 2135 2680 2181 terra
2731 2125 2937 2197 polluta
2978 2126 3263 2196 morieris,
3320 2134 3379 2182 et

1793 2230 1814 2265 ‹
1866 2213 2031 2269 israel
2084 2215 2332 2285 captivus
2373 2215 2627 2287 migrabit
2676 2217 2742 2272 de
2794 2224 2939 2271 terra
2988 2231 3104 2272 sua.
3144 2235 3165 2270 ι
3225 2216 3374 2272 Uxor

1786 2305 2093 2377 hypocrisis
2114 2306 2400 2365 delectatio
2430 2316 2511 2365 est
2538 2306 2853 2363 voluntatis.
2887 2307 3012 2363 Haec
3055 2310 3111 2362 in
3159 2308 3371 2363 civitate

1786 2396 2111 2467 fornicatur,
2150 2416 2272 2456 cum
2321 2401 2388 2457 ad
2427 2402 2614 2459 laudes
2653 2402 2922 2458 extrarias
2952 2403 3006 2457 in
3040 2412 3222 2459 mente
3253 2416 3373 2472 pro-

1788 2491 2054 2547 stituitur.
2088 2490 2219 2546 Filii
2244 2503 2291 2548 et
2325 2493 2455 2562 ﬁlia:
2492 2493 2547 2548 in
2572 2493 2749 2564 gladio
2787 2494 3009 2562 cadunt,
3039 2509 3161 2550 cum
3203 2492 3372 2549 fortes

1786 2592 1841 2639 et
1870 2582 2074 2638 inﬁrmi
2105 2584 2323 2640 habitus
2360 2586 2526 2641 animi
2560 2585 2661 2641 sub
2712 2586 2960 2643 criminis
2989 2586 3131 2641 malo
3159 2595 3324 2641 ruunt
3350 2602 3364 2640 :

1786 2672 1998 2729 Humus
2036 2674 2153 2745 ejus
2183 2675 2236 2731 in
2259 2676 2496 2746 funiculo
2531 2678 2773 2747 metitur,
2817 2694 2940 2735 cum
2984 2679 3049 2735 ad
3100 2678 3377 2749 quantita-

1788 2773 1893 2820 tem
1930 2765 2230 2838 cujuspiam
2262 2770 2609 2840 perpetrandi
2639 2771 2846 2841 peccati
2870 2770 3113 2841 corporis
3135 2769 3371 2828 cilicium

1784 2872 1891 2914 non
1915 2868 2165 2931 negatur.
2200 2860 2265 2915 In
2288 2871 2428 2916 terra
2459 2862 2660 2933 polluta
2687 2863 2937 2932 moritur,
2972 2880 3094 2920 cum
3130 2864 3185 2920 in
3212 2879 3372 2921 exse-

1783 2948 1999 3005 cutione
2030 2949 2264 3006 carnalis
2310 2951 2566 3008 desiderii
2601 2954 2822 3023 spiritus
2860 2956 3036 3011 omnis
3060 2955 3361 3027 exstingui-

1785 3052 1894 3101 tur.
1919 3045 2093 3101 Israel
2116 3049 2349 3117 captivus
2378 3048 2441 3104 de
2467 3058 2605 3103 terra
2635 3067 2734 3105 sua
2761 3050 2978 3122 migrat,
3008 3067 3129 3107 cum
3160 3050 3376 3108 animus

1784 3150 1815 3190 a
1855 3137 2157 3194 directione
2191 3137 2470 3206 deﬁciens,
2511 3155 2542 3195 a
2581 3156 2676 3197 sua
2717 3140 2987 3199 soliditate
3039 3142 3252 3198 interna
3290 3140 3373 3196 di-

90 3221 425 3318 judicantur,
452 3221 744 3307 contentus
772 3221 980 3305 honore
1006 3221 1354 3322 praesentium
1388 3252 1455 3308 de
1480 3251 1679 3310 futuris
1707 3221 1752 3284 Ο
1784 3229 2021 3298 dum",
2062 3232 2206 3301 (1³οά
2237 3241 2378 3288 ‘em‘
2405 3232 2697 3303 Signiam"

100 3348 338 3396 tractare
387 3343 639 3398 desistes.
680 3341 821 3411 Quia
879 3346 1230 3417 sanctiﬁcatio
1285 3347 1420 3419 regis
1474 3358 1570 3417 est,
1631 3355 1680 3404 et

105 3432 293 3487 domus
316 3438 462 3507 regni
483 3455 618 3508 ejus,
651 3440 791 3510 quod
822 3450 906 3496 est
933 3459 947 3494 :
971 3439 1084 3495 Nisi
1125 3439 1284 3511 plane
1331 3456 1451 3511 nos,
1482 3444 1573 3514 qui
1606 3444 1680 3499 ita

102 3521 407 3595 laudamur,
462 3543 560 3598 pro
599 3532 804 3587 sanctis
835 3530 975 3586 Deus
1028 3530 1289 3601 haberet,
1335 3542 1391 3589 et
1421 3534 1474 3589 in
1526 3534 1681 3591 nobis

103 3632 332 3689 regnare
379 3620 683 3692 deligeret,
736 3641 1015 3697 nunquam
1056 3625 1263 3682 nostris
1309 3626 1518 3684 actibus
1563 3628 1681 3687 laus

108 3719 253 3766 tanta
287 3714 623 3771 succederet.

175 3804 337 3863 Vens.
377 3808 464 3877 14,
497 3809 585 3865 l5.
614 3840 689 3852 —
719 3829 737 3864 ι
772 3811 840 3868 Et
882 3812 1020 3868 dixit
1046 3814 1212 3871 Amos
1242 3815 1311 3871 ad
1358 3816 1675 3872 Amaziam:

109 3916 130 3951 ι
178 3896 288 3955 Non
334 3916 453 3955 sum
499 3904 787 3975 propheta,
831 3913 886 3961 et
912 3922 1019 3962 non
1050 3923 1167 3963 sum
1208 3908 1349 3965 ﬁlius
1378 3909 1675 3980 prophetm,

114 4009 132 4042 ι
179 3992 266 4048 sed
302 3995 666 4051 armentarius
705 4012 804 4068 ego
858 4013 975 4054 sum
1026 4000 1288 4057 vellicans
1343 4018 1678 4074 sycomoros.

116 4100 134 4134 ι
178 4083 241 4138 Et
290 4086 408 4141 tulit
454 4103 539 4143 me
588 4089 848 4146 Dominus
888 4106 1010 4147 cum
1058 4106 1319 4164 sequerer
1366 4111 1604 4167 gregem.
1655 4116 1675 4150 ι

106 4176 261 4231 Amos
310 4180 378 4232 ad
426 4183 697 4236 Amasiam
737 4183 1013 4254 loquitur,
1065 4202 1186 4242 cum
1238 4188 1459 4257 spiritus
1494 4198 1681 4245 noster

113 4264 359 4322 instinctu
406 4269 713 4342 hypocrisis
766 4275 922 4344 quasi
974 4276 1304 4333 ratiocinans
1354 4278 1678 4350 refragatur.

113 4354 232 4411 Non
271 4375 403 4427 sum,
436 4362 631 4432 inquit,
672 4366 943 4436 propheta,
986 4367 1131 4423 nulla
1167 4369 1346 4439 plane,
1386 4380 1443 4424 ut
1472 4372 1535 4426 de
1557 4387 1679 4427 meo

2376 3342 2780 3404 οκρϋτεανιιι.

1859 3437 2022 3495 Vens.
2076 3439 2129 3507 l,
2175 3439 2232 3493 2.
2278 3469 2348 3480 —
2409 3459 2426 3492 (
2461 3439 2588 3497 Ilaec
2632 3439 2871 3497 ostendit
2920 3439 3055 3496 mihi
3103 3440 3368 3499 Dominus

1792 3549 1811 3584 ι
1858 3529 2024 3598 Deus,
2058 3541 2114 3586 et
2139 3546 2267 3587 ecce
2297 3532 2528 3589 uncinus
2552 3548 2837 3605 pomorum
2869 3550 2883 3587 :
2916 3532 2984 3588 Et
3014 3532 3150 3588 dixit
3177 3549 3191 3586 :
3222 3531 3366 3600 Quid

1789 3641 1809 3677 ι
1857 3633 1915 3679 tu
1954 3625 2109 3681 vides
2146 3625 2349 3681 Amos?
2374 3633 2431 3681 et
2463 3625 2574 3682 dixi
2610 3641 2625 3681 :
2660 3626 2926 3684 Uncinum
2963 3642 3273 3699 pomorum.
3303 3626 3372 3682 Et

1790 3732 1810 3767 ι
1857 3715 1996 3771 dixit
2027 3716 2290 3773 Dominus
2313 3717 2379 3774 ad
2412 3733 2500 3773 me
2528 3737 2541 3773 :
2583 3717 2740 3774 Venit
2777 3718 2901 3776 ﬁnis
2928 3734 3089 3791 super
3112 3716 3372 3792 populum

1789 3826 1807 3859 ι
1856 3825 2033 3864 meum
2067 3809 2252 3866 Israel.
2287 3832 2305 3865 ι
2341 3812 2603 3869 Dominus
2634 3814 2749 3869 haec
2776 3813 3013 3871 ostendit
3047 3828 3169 3871 cum
3199 3811 3370 3868 menti

1783 3900 2126 3975 intelligenda
2172 3906 2447 3976 proponit.
2502 3905 2571 3961 Et
2603 3923 2717 3961 ecce
2760 3908 2985 3964 uncinus
3054 3922 3328 3978 pomorum
3354 3948 3371 3975 ,

1784 3994 1909 4064 quia
1949 3995 2127 4051 subito
2173 3997 2346 4067 pulsat
2380 3997 2653 4066 animum,
2709 3998 2836 4055 dum
2896 3999 3020 4056 talia
3063 3999 3376 4071 cogitantur

1784 4087 2240 4159 qualimncnnque
2260 4089 2665 4161 reprmsentatio
2687 4092 3028 4165 meritorum.
3049 4090 3213 4160 Quasi
3231 4105 3374 4148 unco

1783 4179 1928 4234 enim
1957 4179 2165 4235 fructus
2202 4182 2455 4251 trahitur,
2486 4199 2608 4239 cum
2638 4194 2819 4241 mente
2850 4185 3043 4241 timore
3067 4193 3370 4254 contracta,

1784 4270 1838 4325 in
1877 4287 2038 4342 quam
2068 4283 2269 4327 sortem
2302 4274 2373 4328 sit
2400 4275 2699 4330 deventura
2747 4277 3096 4347 prospicitur.
3129 4278 3375 4332 Interro-

1787 4371 1944 4432 gatur
1994 4363 2122 4433 quid
2176 4363 2380 4432 videat,
2441 4381 2561 4421 cum
2599 4366 2667 4421 ad
2715 4367 2809 4422 Dei
2863 4366 3150 4437 cogitando
3196 4366 3373 4421 delata

112 4446 217 4502 ﬁne
237 4449 608 4522 determinem,
648 4459 975 4527 praeemineo
1014 4459 1375 4531 providentia.
1412 4460 1536 4515 Non
1560 4478 1677 4516 sum

1789 4455 2066 4524 iudicium,
2095 4458 2236 4526 apud
2268 4472 2327 4512 se
2347 4458 2656 4524 discutitur,
2682 4458 2811 4528 quid
2842 4458 2907 4513 de
2929 4472 2988 4513 se
3017 4456 3244 4523 sentiat;
3274 4455 3369 4512 sed

110 4536 249 4607 ﬁlius
271 4544 551 4612 prophetia,
598 4548 724 4617 quia
776 4563 877 4605 nec
924 4551 1274 4605 seminarium
1307 4551 1503 4606 nedum
1550 4569 1678 4623 pru-
1708 4582 1758 4642 υ
1784 4562 1910 4602 mox
1941 4548 1990 4602 ei
2021 4549 2287 4619 ingeritur
2316 4565 2476 4619 quem
2501 4566 2613 4607 sua:
2633 4551 2865 4606 fructum
2913 4550 3144 4607 actionis
3182 4563 3376 4620 exspe-

113 4636 242 4692 dens
276 4638 373 4693 sim
408 4643 590 4713 accepi
634 4645 954 4714 prudentiae.
998 4646 1365 4703 Armentarius
1394 4663 1523 4705 vero
1561 4666 1677 4705 sum

115 4727 347 4784 vellicari:
398 4750 726 4804 sycomoros,
776 4738 1130 4796 discretiones
1177 4740 1362 4811 procul
1408 4744 1573 4800 dubio
1622 4751 1682 4800 et

115 4821 339 4891 pondera
364 4842 703 4899 quorumque
725 4832 1049 4901 sapientium
1074 4848 1409 4905 prosequens
1433 4838 1484 4891 in
1516 4851 1682 4907 opere

116 4924 169 4968 ct
201 4918 369 4973 verbo.
405 4920 739 4992 Sycomoros,
790 4941 925 4996 quos
965 4930 1157 4986 beatus
1188 4931 1550 5007 Hieronymus
1591 4951 1682 4990 ru-

120 5008 214 5063 bos
240 5010 378 5081 dicit,
414 5016 678 5084 vellicant,
735 5035 842 5075 non
886 5021 953 5077 de
998 5021 1195 5080 futuris
1243 5040 1362 5096 quae
1416 5029 1683 5101 attingere

121 5100 326 5171 nescio,
376 5108 469 5160 sed
500 5108 567 5163 de
610 5111 938 5169 instantibus
984 5114 1151 5169 animi
1188 5119 1290 5172 mei
1337 5100 1681 5188 passionibus

120 5191 380 5249 moraliter
424 5212 635 5255 mecum
690 5210 949 5260 tractans.
983 5204 1099 5261 Non
1140 5208 1285 5262 enim
1335 5210 1401 5265 de
1439 5212 1680 5268 crastino

118 5282 336 5351 cogitare
362 5284 444 5343 fas
470 5299 571 5357 est,
613 5292 703 5347 ubi
736 5293 1005 5352 suﬁiciens
1042 5298 1147 5353 diei
1188 5298 1391 5355 malitia
1424 5318 1519 5356 sua
1574 5312 1679 5359 est.

122 5368 272 5427 Recte
300 5391 394 5445 per
430 5381 625 5436 rubum
657 5392 876 5441 notatur
901 5389 1101 5459 passio,
1131 5406 1290 5460 quem
1314 5407 1435 5448 esse
1465 5403 1683 5451 constat

122 5463 241 5520 lolio
271 5480 321 5524 et
348 5469 525 5530 fructu
555 5475 745 5534 rubeo.
780 5478 919 5535 Tulit
962 5500 1043 5538 me
1070 5484 1328 5539 Dominus
1357 5502 1475 5540 cum
1502 5504 1681 5558 seque-

121 5580 202 5619 rer
227 5581 451 5638 gregem,
502 5569 719 5627 sustulit
756 5573 946 5643 utique
976 5590 1062 5631 me
1098 5591 1128 5630 a
1178 5575 1381 5631 mundo
1428 5593 1549 5631 cum
1582 5580 1676 5634 de-

123 5654 378 5724 spiciendo
408 5660 477 5715 ab
500 5660 618 5731 ipso
647 5662 964 5719 satcularem
984 5680 1242 5735 sequerer
1269 5666 1675 5723 hebetudinem.

123 5745 254 5802 Grex
285 5751 424 5804 enim
470 5755 692 5824 proprie
747 5756 930 5810 ovium
977 5757 1205 5826 dicitur,
1245 5760 1323 5814 sic
1372 5770 1675 5816 armentum

127 5840 309 5914 buunt,
358 5855 423 5902 er
464 5860 595 5903 oves
645 5862 746 5921 pro
786 5847 1031 5906 latuitate
1077 5860 1352 5924 ponuntur
1380 5896 1393 5923 ,
1450 5863 1508 5912 ut
1555 5864 1673 5911 est:

1789 4652 1923 4697 ctat.
1959 4642 2129 4713 Super
2170 4645 2441 4714 populum,
2488 4645 2661 4717 inquit
2709 4645 2990 4712 Dominus,
3032 4662 3204 4702 meum
3250 4644 3373 4715 ﬁnis

1782 4734 1935 4799 venit,
1970 4748 2091 4788 cum
2138 4749 2411 4804 perversa:
2456 4737 2806 4809 cogitationi,
2856 4752 2977 4808 quae
3024 4746 3251 4796 eatenus
3304 4753 3367 4796 se

1782 4827 1932 4883 cordi
1963 4825 2272 4906 ingesserjt,
2304 4829 2658 4886 cohibitorius
2686 4833 2877 4886 modus
2901 4831 3134 4888 accedit.

1837 4936 1997 4996 Vens.
2016 4941 2172 5000 3,—i
2193 4941 2309 4997 Non
2323 4943 2569 5011 adjiciam
2583 4942 2742 5011 ultra,
2760 4953 2818 5018 ut
2834 4954 3207 5016 pertranseam
3223 4959 3368 5000 eum.

1790 5047 1810 5081 ι
1830 5029 2210 5088 Etstridebunt
2229 5033 2481 5089 cardines
2511 5034 2716 5106 templi.
2747 5055 2765 5088 ι
2786 5034 2937 5090 Ultra
2963 5034 3101 5090 Deus
3121 5050 3240 5088 eum
3264 5050 3368 5087 non

1784 5126 2115 5194 pertransit,
2145 5141 2306 5196 quem
2338 5126 2496 5182 locali
2536 5128 2647 5199 jam
2693 5128 3025 5198 aspiratione
3066 5124 3367 5197 perfundit.

1785 5213 2038 5270 Cardines
2070 5217 2244 5288 templi
2277 5219 2530 5283 strident,
2570 5234 2693 5274 cum
2723 5214 3189 5288 praecordialiores
3215 5217 3369 5271 bona

1785 5308 2135 5363 conscientiae
2183 5323 2376 5365 sensus
2412 5326 2441 5364 a
2496 5308 2635 5366 facie
2676 5308 2893 5379 pristini
2937 5307 3142 5362 erroris
3182 5306 3373 5363 exulu-

1783 5398 1918 5454 lant.
1954 5400 2178 5477 Καρδίαν
2210 5402 2353 5456 enim
2385 5401 2601 5467 Graece,
2634 5403 2778 5457 unde
2812 5408 2867 5456 et
2894 5400 3146 5457 cardines
3170 5401 3366 5457 dicun-

1786 5499 1894 5556 tur,
1926 5506 2017 5544 cor
2041 5501 2284 5546 vocatur.
2319 5510 2338 5544 ι
2384 5491 2439 5546 In
2480 5491 2567 5546 illa
2599 5492 2706 5556 die,
2735 5491 2866 5547 dicit
2896 5491 3177 5558 Dominus,
3213 5489 3370 5548 multi

1789 5598 1807 5630 ι
1838 5579 2162 5645 morientur,
2190 5581 2240 5634 in
2255 5582 2402 5635 omni
2427 5581 2547 5636 loco
2579 5581 2891 5653 projicietur
2916 5583 3213 5639 silentium.
3250 5599 3268 5634 ι
3296 5580 3369 5641 In

1782 5670 1874 5723 illa
1897 5669 1980 5723 die
2003 5670 2155 5723 multi
2186 5671 2512 5739 moriuntur,
2545 5672 2671 5743 quia
2718 5675 2769 5728 in
2817 5674 2907 5729 illa
2956 5673 3231 5730 interioris
3264 5670 3374 5732 ιιὸι-

1785 5766 1945 5821 minis
1984 5766 2380 5823 illuminatione
2428 5770 2488 5825 ﬁt
2530 5788 2737 5844 praepes
2776 5774 3028 5831 interitus
3070 5772 3370 5845 superﬂua:

1784 5859 2147 5932 cogitationis.
2186 5848 2467 5919 Silentium
2499 5867 2551 5921 in
2579 5868 2873 5939 Scripturis
2897 5869 3119 5935 dicitur,
3145 5867 3368 5947 quando
