3998 6326
530 311 640 399 n5

1391 331 1457 388 v.
1487 300 1817 387 GUiBERTI
1843 318 2136 381 ABBATIS
2176 319 2233 376 s.
2269 316 2510 376 manu
2542 317 2631 376 DE
2664 315 3064 375 NOVIGENTO

3681 318 3767 377 HL

532 474 711 532 neque
729 471 890 530 prece
917 437 1211 526 nequevita
1235 450 1521 521 quisquam
1551 449 1659 504 Deo
1679 442 2117 516 loquitur.'l)nde
2146 441 2189 498 A
2223 457 2243 491 ε
2290 439 2437 494 bitur
2482 445 2660 506 terra,
2709 444 2763 492 et
2795 435 2997 504 lugebit
3048 431 3224 490 omnis
3269 432 3541 488 habitator
3587 434 3715 501 ejus?
3749 461 3764 492 ι

536 566 612 612 est
641 573 653 608 :
684 573 702 605 ι
736 553 869 607 Dum
898 550 1129 606 medium
1160 546 1434 602 silentium
1461 550 1713 600 tenerent
1744 541 1924 596 omnia
1960 537 2116 610 (Sap.

537 663 690 714 xvm,
727 646 834 718 l5).
876 664 895 698 ι
942 643 1052 698 Hoc
1080 643 1354 698 silentium
1386 642 1437 696 in
1463 641 1610 696 omni
1652 639 1771 694 loco
1800 634 2118 706 projicitur,

536 753 656 794 cum
679 737 746 791 ab
761 735 909 791 omni
927 743 1109 789 mente
1131 749 1252 804 quae
1273 748 1376 788 non
1397 734 1529 788 hora
1539 731 1615 786 rie
1633 729 1725 787 sed
1749 727 1997 784 localiter
2011 726 2122 782 Deo

535 832 718 894 servit,
752 831 866 884 haec
905 843 1070 899 prava
1097 828 1444 884 taciturnitas
1467 823 1832 882 exsocrationi
1867 822 2118 876 habetur.

606 922 767 992 Vens.
799 923 930 977 4.-
959 943 978 975 ‹
1017 923 1213 978 Audite
1243 923 1344 976 hoc
1369 921 1458 991 qui
1485 920 1769 976 conteritis
1803 917 2116 989 pauperem,

541 1036 558 1068 ι
593 1026 649 1072 et
675 1013 910 1071 deiicere
937 1013 1116 1070 faeitis
1138 1028 1338 1085 egenos
1371 1023 1545 1068 terrae.
1581 1033 1597 1065 ι
1617 1010 1771 1078 Quod
1797 1017 1882 1065 est
1908 1009 2118 1064 dicere:

535 1111 839 1183 lntelligant
883 1111 998 1165 ham
1043 1111 1132 1178 qui
1189 1115 1567 1178 paupertatem
1613 1105 1838 1176 spiritus
1876 1119 1974 1174 per
2029 1118 2123 1156 su-

534 1201 778 1272 perbiam
811 1200 1115 1272 hypocrisis
1145 1198 1421 1262 obteruut,
1463 1209 1516 1253 et
1553 1211 1646 1252 eos
1691 1203 1890 1259 motus,
1921 1193 2012 1263 qui
2064 1208 2123 1248 se

535 1293 701 1350 divini
733 1293 921 1348 auxilii
955 1293 1197 1348 fatentur
1217 1307 1439 1362 egenos,
1472 1300 1526 1345 et
1573 1290 1640 1345 de
1670 1305 1765 1344 sua
1791 1288 1985 1344 crebro
2015 1295 2122 1340 ter-

545 1387 776 1442 renitate
807 1394 1120 1451 causantur,
1161 1401 1188 1438 a
1216 1384 1328 1439 Deo
1352 1383 1585 1438 deiicere
1612 1382 1839 1436 faciunt.
2065 1365 2070 1369 ’

616 1481 777 1534 Vnus.
803 1479 854 1533 5.
887 1508 954 1519 -
987 1496 1006 1528 ‹
1041 1475 1286 1545 Quando,
1323 1475 1604 1546 inquiunt,
1637 1472 1887 1528 transibit
1919 1468 2124 1525 mensis

551 1594 582 1626 ί·
614 1583 665 1628 et
693 1570 1123 1627 venundahimus
1159 1583 1390 1626 merces.
1445 1590 1461 1619 ι
1501 1566 1738 1622 Mensem
1771 1565 2005 1618 transire
2031 1563 2125 1616 de-

541 1664 782 1720 siderant
821 1662 985 1734 239
1015 1649 1106 1733 qui
1135 1662 1277 1718 hanc
1319 1661 1584 1716 virtutum
1611 1659 1986 1714 collectionem
2010 1655 2126 1711 exi-

538 1758 716 1814 naniri
753 1757 893 1812 intra
929 1756 1106 1811 sinum
1153 1755 1352 1810 mentis
1380 1761 1660 1824 excptant,
1689 1752 1754 1806 ad
1796 1750 1938 1820 quod
1968 1749 2126 1819 plane

540 1861 772 1909 aestuare
793 1847 1212 1904 aifectualitates
1241 1845 1440 1901 solent.
1488 1843 1642 1898 Tunc
1687 1857 1883 1897 merces
1916 1855 2122 1894 venun-

541 1946 694 2012 dant,
747 1961 869 2000 cum
922 1944 1077 1998 bona:
1109 1939 1462 1996 exhibitionis
1492 1953 1656 2008 opera
1696 1943 1904 1991 mentes
1953 1932 2129 1987 laudis

540 2051 752 2100 avaras,
783 2037 1026 2108 ejusdem
1054 2049 1219 2090 causa
1250 2031 1594 2102 recipiendce,
1624 2045 1724 2101 pro
1748 2027 1925 2102 pretio
1947 2035 2132 2080 osten-

540 2136 672 2184 tant.
724 2147 741 2179 ι
776 2127 841 2182 Ει
877 2125 1196 2192 sabbatum,
1249 2123 1532 2196 (subaudis
1578 2122 1796 2191 quando
1828 2115 2028 2186 veniet)
2073 2125 2130 2171 ct

544 2240 560 2272 ι
609 2220 915 2291 aperiemus
974 2218 1340 2284 frumentum,
1373 2224 1432 2272 ut
1480 2215 1865 2271 imminuamus
1905 2225 2130 2266 mensu-

547 2311 578 2364 ι’
614 2328 757 2376 ram,
791 2321 845 2367 et
875 2326 1170 2382 augeamus
1196 2310 1421 2373 siclum,
1460 2317 1513 2362 et
1559 2319 1928 2378 supponamus
1959 2311 2128 2358 state-

545 2421 563 2454 ε
611 2418 702 2458 ras
744 2403 998 2458 dolosas?
1037 2421 1054 2454 ι
1121 2401 1411 2456 Sabbatum
1441 2400 1723 2471 quarritur,
1767 2413 1887 2453 cum
1920 2412 1984 2452 ex
2017 2397 2133 2465 lege

543 2495 913 2550 membrorum
949 2511 979 2550 a
1021 2495 1164 2549 hono
1189 2508 1354 2564 opere
1376 2493 1593 2562 requies
1616 2491 1924 2546 miseranda
1949 2496 2132 2558 capta-

543 2596 655 2643 tur.
706 2586 859 2643 Tunc
911 2587 1238 2656 frumentum
1290 2585 1559 2654 aperitur,
1615 2599 1738 2639 cum
1779 2581 2134 2636 fructuositas

545 2679 772 2734 interior
796 2681 862 2734 ad
888 2679 1036 2734 lucra
1074 2676 1275 2732 favoris
1300 2676 1646 2746 expanditur.
1674 2672 1926 2728 Mensura
1952 2671 2133 2725 immi-

547 2773 756 2838 nuitur,
787 2787 908 2828 cum
934 2772 1108 2828 sancti
1138 2770 1397 2842 propositi
1433 2769 1624 2824 modus
1652 2768 1700 2821 in
1737 2767 1852 2836 ipsa
1881 2763 2139 2819 intentio-

546 2880 617 2919 ne
646 2865 954 2935 deponitur.
1003 2861 1182 2918 Siclus
1234 2870 1485 2932 augetur,
1537 2873 1658 2914 cum
1689 2854 1976 2910 diabolica:
2007 2869 2138 2923 sug-

545 2957 807 3026 gestionis
861 2971 1115 3012 nummus
1144 2955 1211 3010 ad
1257 2969 1442 3009 mores
1492 2958 1770 3024 gratanter
1811 2947 2135 3002 admittitur.

548 3051 766 3104 Statera
788 3049 976 3105 dolosa
997 3048 1334 3120 supponitur,
1365 3061 1484 3102 cum
1515 3047 1580 3100 ad
1604 3043 1944 3099 excusandas
1971 3055 2138 3096 excu-

546 3141 789 3197 sationes
839 3141 895 3196 in
946 3141 1188 3210 peccatis
1240 3138 1551 3210 Scripturas
1603 3136 1924 3191 adhibemus
1959 3131 2134 3203 (Psal.
2167 3161 2209 3218 Ο

547 3249 670 3298 cxc,
711 3233 790 3303 4).
822 3234 1051 3288 Statera:
1095 3232 1240 3287 enim
1273 3231 1395 3287 ideo
1425 3231 1478 3286 in
1507 3230 1716 3302 psalmo
1744 3237 2045 3299 ponuntur,
2081 3235 2140 3279 ut

549 3335 677 3381 est:
727 3345 745 3377 ε
785 3324 1076 3381 Mendaccs
1108 3325 1202 3380 lilii
1247 3324 1528 3381 hominum
1585 3324 1638 3378 in
1695 3323 1916 3378 stateris
1961 3317 2136 3392 (Psal.

547 3433 662 3485 th,
695 3417 806 3488 10).
838 3436 857 3470 ι
893 3417 972 3472 lbi
1007 3417 1168 3472 enim
1205 3425 1392 3472 nostra
1443 3415 1588 3471 facta
1616 3415 1996 3484 appenditnus.
2036 3412 2138 3467 So-

547 3510 724 3566 lemus
763 3511 1019 3566 nimirum
1047 3525 1169 3565 cum
1200 3525 1230 3564 a
1264 3509 1353 3580 pio
1394 3509 1575 3565 smdio
1615 3517 1830 3578 torpere
1867 3506 2140 3571 volumus,

554 3600 738 3656 dicere
769 3600 902 3656 illud
931 3599 1196 3671 sapientis
1230 3617 1243 3653 :
1275 3597 1462 3666 Onus,
1507 3599 1704 3669 inquit,
1763 3613 1926 3668 super
1977 3606 2028 3651 tc
2075 3610 2146 3650 ne

555 3689 839 3756 levaveris,
872 3705 998 3746 cum
1046 3690 1278 3746 necdum
1333 3688 1578 3760 profecto
1629 3689 1755 3744 boni
1807 3687 1946 3744 initii
1999 3685 2148 3741 rudi-

557 3791 740 3839 menta
769 3783 1118 3854 coeperimus.

627 3872 794 3932 Vens.
834 3875 886 3930 6.
912 3903 980 3918 -η
1013 3895 1030 3928 ι
1069 3875 1139 3930 Et
1168 3883 1228 3930 ut
1253 3876 1632 3946 possideamus
1665 3875 1717 3928 in
1754 3881 1978 3943 argento
2022 3887 2148 3943 ege-

565 3985 587 4024 ε
632 3984 732 4026 nos
763 3979 816 4024 et
838 3985 1105 4040 pauperes
1131 3983 1228 4040 pro
1273 3969 1678 4036 calceamentis,
1727 3978 1780 4022 ct
1825 3965 2148 4038 quisquilias

563 4080 588 4117 ε
629 4061 886 4117 frumenti
913 4063 1226 4118 vendamus.
1255 4082 1272 4114 ι
1301 4060 1368 4115 In
1389 4072 1604 4132 argento
1626 4077 1810 4130 egenos
1838 4058 2142 4130 possident,

561 4171 683 4220 cum
723 4171 819 4226 per
851 4154 1016 4211 falsas
1055 4154 1462 4225 Scripturarnm
1510 4152 2026 4223 interpretationes,
2080 4151 2152 4208 ad

559 4247 930 4304 retnissiorem
979 4247 1148 4302 vitam
1203 4245 1476 4316 quoslibet
1521 4245 1780 4301 doctrina:
1825 4252 1879 4300 et
1925 4241 2154 4298 rationis

559 4341 900 4410 intorquent,
929 4355 1028 4411 per
1057 4341 1204 4412 quod
1249 4355 1342 4395 cos
1395 4338 1498 4394 sibi
1540 4337 1941 4407 incorporando
1979 4335 2153 4406 possi-

561 4433 710 4489 dent.
777 4433 1047 4504 Pauperes
1093 4450 1186 4502 pro
1239 4431 1604 4488 calceamentis
1632 4429 1818 4484 itidem
1851 4427 2149 4499 possident,

2224 527 2394 599 Super
2442 529 2585 586 istud
2636 539 2776 582 terra
2815 535 3090 592 movetur,
3131 540 3264 579 .cum
3315 523 3459 578 nulla
3499 540 3598 580 non
3646 544 3771 586 mens

2221 621 2524 695 peccatoris
2587 620 2690 676 sub
2731 629 2881 676 tanta
2955 617 3378 674 comminatione
3440 624 3676 673 terretur.
3720 621 3775 676 Et

2227 714 2354 784 quid
2399 714 2596 768 mirum
2640 713 2685 768 si
2731 720 2985 782 peccator
3023 712 3205 777 timet,
3254 725 3378 764 cum
3431 708 3589 763 etiam
3636 715 3775 768 omnis

2223 806 2490 861 habitator
2512 805 2754 874 ejusdem
2786 814 2968 869 terrae,
3000 802 3052 856 id
3079 809 3163 856 est
3199 800 3291 870 qui
3325 800 3426 871 ipsi
3483 811 3685 868 peccato
3724 805 3777 860 ad

2223 896 2494 969 integrum
2524 895 2866 962 dominatur,
2919 894 3122 964 fugiet?
3173 892 3336 968 Terra
3389 891 3529 948 enim
3572 908 3662 962 pro
3691 912 3764 964 pec

2225 997 2396 1054 caute,
2420 994 2476 1043 et
2494 987 2731 1041 habitare
2754 1001 2851 1057 pro
2875 986 3139 1040 dominari
3161 985 3299 1042 solet
3319 985 3466 1054 poni.
3500 1003 3518 1035 ι
3542 985 3605 1039 Et
3625 1001 3762 1042 ascen

2231 1099 2251 1134 ‹
2294 1081 2383 1135 dct
2413 1080 2568 1152 quasi
2597 1079 2791 1134 ﬂuvius
2817 1081 3124 1145 universus,
3149 1087 3204 1133 et
3248 1078 3519 1148 ejicietur,
3545 1087 3598 1133 et
3616 1078 3783 1136 detinet

2233 1191 2252 1225 ι
2299 1173 2454 1244 quasi
2505 1173 2654 1228 rivus
2707 1171 2950 1244 IEgypti.
2997 1191 3014 1222 ι
3074 1171 3242 1237 Ωιιαεὶ
3297 1172 3494 1241 ﬂuuius
3549 1172 3784 1229 universus

2227 1264 2494 1332 ascendit,
2527 1280 2650 1319 cum
2681 1264 2794 1332 ipse
2821 1264 3090 1318 habitator
3121 1279 3227 1318 non
3257 1263 3538 1331 dimidius,
3579 1264 3664 1318 sed
3684 1267 3782 1321 uni-

2225 1375 2405 1413 versus
2441 1358 2615 1412 instar
2643 1355 2788 1411 ﬂuvii
2825 1357 3006 1411 omnia
3037 1355 3432 1428 praecipitantia
3464 1355 3697 1423 adversa,
3731 1359 3784 1412 ad

2228 1466 2465 1520 superna
2490 1450 2707 1504 virtutis
2737 1450 2994 1518 erumpit.
3027 1449 3094 1504 Et
3125 1450 3295 1506 isdem
3341 1449 3579 1519 ejicitnr,
3617 1465 3723 1504 cum
3765 1466 3786 1504 a

2227 1541 2458 1612 pristina
2491 1542 2830 1607 terrenitate,
2885 1540 2970 1596 vel
3011 1550 3238 1610 peccato
3291 1539 3609 1596 secluditur.
3651 1540 3788 1606 Quasi

2227 1636 2369 1690 rivus
2397 1635 2636 1706 .Egypti,
2665 1635 2809 1693 haud
2837 1634 3060 1689 dubium
3083 1635 3214 1705 quin
3249 1644 3418 1701 terra,
3462 1651 3580 1706 quae
3610 1635 3788 1690 inhabi-

2231 1726 2361 1793 tari,
2394 1726 2445 1780 id
2475 1736 2557 1781 cst
2582 1726 2845 1796 possideri
2875 1727 3052 1790 debet,
3079 1726 3289 1794 defluit,
3320 1743 3442 1782 cum
3493 1727 3686 1794 peccati
3720 1727 3773 1781 de

2157 1800 2202 1859 Β
2231 1819 2474 1884 lectatio,
2510 1835 2632 1889 qua:
2656 1819 2722 1875 de
2747 1820 3038 1890 praesentis
3060 1819 3247 1875 saeculi
3271 1819 3509 1906 Egypto
3531 1819 3790 1886 derivatur,

2235 1910 2290 1964 in
2321 1911 2498 1980 seipsa
2524 1911 2728 1966 deficit.

2311 2003 2470 2060 Vsus.
2511 2003 2566 2072 9,
2600 2005 2688 2061 10.
2710 2025 2805 2058 -—-t
2843 2006 2911 2060 Et
2932 2009 3038 2062 erit
3064 2005 3114 2060 in
3139 2006 3225 2061 die
3250 2004 3338 2060 illa
3368 2004 3502 2060 dicit
3527 2003 3792 2058 Dominus:

2239 2115 2258 2150 ι
2305 2095 2527 2153 Occidet
2569 2097 2648 2152 sol
2697 2099 2748 2152 in
2787 2097 3049 2164 meridie,
3112 2105 3168 2153 et
3218 2097 3600 2152 tenebrescere
3635 2095 3798 2150 faciant

2240 2210 2258 2243 ι
2307 2197 2507 2247 terram
2541 2191 2595 2247 in
2619 2191 2706 2247 die
2733 2192 2974 2271 luminis.
3017 2212 3036 2245 ι
3069 2189 3214 2260 Erit,
3248 2207 3377 2247 vera
3412 2191 3621 2247 scilicet
3643 2205 3797 2246 esseu-

2237 2283 2314 2338 tia
2339 2283 2628 2350 constabit,
2657 2283 2814 2338 indie
2846 2283 2962 2350 illa,
2994 2283 3047 2339 id
3090 2292 3175 2340 cst
3216 2283 3272 2338 in
3302 2282 3425 2338 luce
3475 2282 3680 2336 interna
3712 2295 3800 2350 pra:

2235 2373 2410 2430 oculis
2437 2389 2652 2446 semper
2679 2374 2950 2440 habenda,
2991 2384 3047 2431 et
3089 2375 3213 2430 ideo
3257 2372 3582 2445 pronomine
3613 2371 3800 2426 demon-

2237 2467 2468 2524 SIrativo
2499 2475 2709 2522 notata.
2760 2465 2972 2520 Occidet
3009 2465 3088 2520 sol
3117 2466 3356 2534 meridie,
3400 2475 3566 2522 :estus
3585 2463 3802 2520 videlicet

2240 2559 2560 2614 tentationis
2582 2559 2798 2615 decidet
2821 2559 2922 2616 sub
2951 2559 3136 2615 calore
3177 2558 3528 2629 aspirationis
3567 2571 3800 2626 superum.

2242 2650 2310 2706 In
2333 2653 2417 2706 die
2447 2651 2662 2706 luminis
2704 2662 2846 2708 terra
2875 2653 3212 2719 tenebratur,
3261 2667 3385 2706 cum
3409 2649 3803 2706 excandescente

2242 2745 2308 2800 ad
2341 2744 2435 2798 Dei
2463 2759 2706 2800 amorem
2735 2745 3072 2801 conscientia
3115 2744 3358 2810 sordent,
3414 2751 3470 2798 et
3513 2741 3804 2796 erubescere

2241 2836 2454 2892 faciunt
2480 2837 2756 2892 hominem
2801 2834 3150 2891 tenebrarum
3203 2849 3324 2905 qua:
3365 2832 3611 2889 exercuit
3648 2847 3802 2900 opera.

2249 2947 2268 2981 ι
2314 2927 2383 2983 Εῑ
2426 2936 2746 2983 convertam
2801 2926 3130 2982 festivitates
3177 2932 3390 2980 vestras
3441 2924 3498 2978 in
3549 2923 3751 2978 luctum.
3783 2939 3800 2974 ι

2245 3020 2381 3076 Cum
2423 3021 2617 3092 gaudia
2667 3020 2854 3076 saeculi
2903 3017 3341 3090 compunctionis
3408 3017 3716 3086 rediguntur
3752 3012 3806 3066 ad

2247 3114 2547 3170 stimulum.
2588 3131 2608 3164 ‹
2646 3111 2868 3168 Cantica
2893 3119 3181 3166 vertuntur
3213 3107 3266 3164 in
3308 3107 3612 3178 planctum,
3649 3123 3666 3155 ι
3708 3118 3806 3158 cum

2245 3206 2638 3268 delectationes
2670 3204 2726 3259 in
2769 3218 3093 3274 quacunque
3139 3216 3196 3256 re
3243 3199 3574 3266 mundiales,
3635 3195 3807 3250 nullum

2247 3313 2486 3353 arnttrcaa
2509 3295 2810 3366 spiritualis
2860 3293 3042 3348 valent
3081 3291 3322 3363 reperire
3360 3289 3666 3360 suffugium.
3713 3305 3728 3336 ‹
3756 3283 3808 3337 Et

2253 3411 2270 3442 ‹
2316 3391 2566 3445 inducam
2597 3403 2761 3460 super
2782 3402 2945 3443 onme
2968 3387 3190 3442 dorsum
3235 3393 3478 3440 vestrum
3519 3397 3742 3446 saccum,
3765 3387 3809 3434 et

2253 3503 2272 3536 ι
2319 3497 2482 3553 super
2531 3497 2692 3536 omne
2735 3491 2898 3550 caput
2948 3479 3228 3535 calvitium
3273 3495 3286 3531 :
3337 3487 3391 3534 et
3449 3491 3644 3548 ponam
3682 3473 3809 3543 quasi

2257 3593 2274 3627 ι
2322 3575 2524 3630 luctum
2554 3573 2842 3645 unigeniti,
2875 3581 2928 3626 et
2981 3572 3272 3626 novissima
3326 3570 3443 3641 ejus
3498 3567 3650 3640 quasi
3691 3565 3809 3620 dictu

2256 3685 2276 3719 (
2323 3683 2589 3722 amarum.
2633 3686 2652 3717 ι
2714 3665 2888 3736 Super
2938 3681 3089 3718 omne
3143 3665 3359 3716 dorsum
3401 3678 3584 3716 eorum
3624 3673 3808 3714 saccum

2251 3761 2396 3816 Deus
2417 3761 2646 3828 inducit,
2676 3775 2799 3814 cum
2828 3759 2881 3813 iu
2921 3773 3177 3830 perversa
3202 3771 3392 3812 eorum
3421 3753 3676 3824 patientia
3695 3794 3708 3818 ,
3728 3764 3813 3820 qua

2247 3855 2402 3925 juxta
2423 3854 2586 3910 alium
2614 3853 2958 3923 prophetam,
2974 3866 3189 3922 semper
3210 3850 3278 3904 ad
3307 3847 3642 3904 diabolorum
3665 3855 3806 3900 trans-

2253 3950 2390 4005 itum
2439 3949 2791 4003 incurvantur
2847 3944 2984 4016 (Ira.
3037 3943 3259 4010 “,25);
3295 3942 3397 3996 hoc
3427 3940 3574 3994 enim
3625 3938 3814 3993 dorsum

2255 4042 2558 4112 signiﬁcat;
2599 4035 2972 4109 peccatijugis
2996 4035 3263 4104 aSperitas
3295 4029 3648 4088 confricatur.
3678 4026 3818 4096 Super

2257 4151 2409 4192 omne
2462 4141 2618 4204 caput
2667 4130 2936 4185 calvitium
2990 4127 3291 4192 inducitur,
3345 4140 3469 4178 cum
3541 4117 3816 4177 discretim:

2257 4227 2640 4300 cogitationes,
2668 4219 3009 4294 quae-pudori
3055 4225 3243 4274 nostro
3269 4213 3582 4279 consulunt,
3613 4220 3665 4267 ct
3693 4224 3747 4264 ac
3783 4203 3818 4260 si

2258 4303 2440 4392 capilli
2472 4321 2704 4374 frontem
2757 4315 3032 4381 muniunt,
3087 4329 3118 4367 a
3169 4319 3374 4377 mente,
3410 4325 3533 4380 qua:
3561 4309 3819 4378 caputcst,

2259 4414 2622 4488 ignominiose
2646 4410 2924 4466 excidunt.
2962 4407 3128 4474 Quasi
3177 4407 3378 4461 luctum
3419 4401 3672 4472 unigcniti
3710 4397 3822 4450 Deus

562 4545 684 4586 eum
712 4547 854 4587 vera:
882 4531 1208 4586 humilitatis
1237 4530 1445 4585 amicos
1493 4529 1780 4584 verborum
1811 4539 2033 4582 suorum
2071 4525 2154 4579 le-
2183 4520 2235 4580 D
2263 4525 2384 4565 eam
2414 4508 2587 4578 Ρουίῐ,
2616 4520 2738 4561 cum
2759 4503 2924 4570 illam:
2955 4517 3075 4572 (ιυίο
3105 4516 3204 4571 Per
3226 4506 3389 4570 caput
3414 4494 3712 4566 Signiﬁcat“
3737 4498 3820 4551 ⁸⁵⁵³

565 4623 804 4690 nociuio,
837 4622 1068 4677 mortuis
1093 4621 1351 4692 operibus
1392 4619 1644 4676 addicere
1697 4619 1939 4674 student.
1999 4615 2157 4682 Quis-

566 4713 757 4783 quilias
787 4712 1034 4780 frumenti
1091 4713 1361 4778 vendunt,
1417 4727 1540 4768 cum
1589 4720 1864 4776 extrema,
1905 4717 1959 4765 et
2003 4706 2159 4778 quasi

570 4804 862 4861 carnaliter
888 4805 1034 4860 dicta
1065 4804 1472 4876 Scripturarum
1498 4805 1744 4876 exempla
1767 4849 1782 4872 ,
1839 4805 1908 4859 ad
1934 4803 2160 4858 audien-

574 4897 708 4952 tium
740 4879 1136 4952 traductionem
1164 4906 1462 4968 exponunt.

647 4991 809 5049 Vens.
852 4992 905 5048 7.
928 5021 998 5032 —
1032 5010 1050 5042 ι
1078 4991 1291 5048 .luravit
1317 4977 1576 5047 Dominus
1607 4993 1656 5047 in
1686 4989 1935 5061 superbia
1973 4987 2160 5044 Jacob.

580 5104 599 5142 ι
647 5085 705 5142 Si
758 5084 961 5141 oblitus
1009 5082 1164 5139 fuero
1214 5098 1384 5152 usque
1441 5084 1507 5136 ad
1567 5082 1728 5136 tinem
1782 5080 1964 5135 omnia
1999 5093 2163 5150 opera

581 5199 598 5228 ι
643 5193 853 5233 eorum.
895 5196 914 5229 ι
959 5174 1027 5231 1η
1070 5175 1314 5246 superbia
1340 5173 1507 5229 Jacob
1541 5174 1679 5230 Deus
1719 5171 1886 5241 jurat,
1939 5187 2060 5227 cum
2097 5171 2167 5224 ti—

576 5288 781 5327 morem
811 5287 1024 5340 eorum,
1052 5271 1145 5342 qui
1175 5270 1242 5326 de
1263 5269 1701 5341 supplantatione
1754 5267 2007 5322 vitiorum
2053 5265 2170 5337 glo-

581 5365 826 5431 riautur,
887 5363 955 5418 ad
1002 5362 1092 5432 jus
1143 5363 1338 5420 debitae
1409 5363 1631 5420 ultionis
1700 5361 1943 5416 vocando
1994 5360 2168 5414 retlat.

585 5451 776 5506 Omnia
808 5470 963 5521 opera
989 5471 1169 5510 eorum
1201 5473 1361 5526 usque
1389 5457 1456 5509 ad
1481 5456 1638 5524 ﬁnem
1671 5471 1778 5509 non
1809 5451 2170 5518 obliviscitur,

581 5545 707 5614 quia
733 5546 834 5610 etsi
862 5547 1082 5603 interim
1124 5550 1335 5604 videtur
1364 5547 1630 5613 oblivisci,
1667 5548 1722 5603 in
1766 5547 1930 5602 finem
1967 5553 2172 5611 tamen,

588 5637 642 5695 id
671 5649 755 5696 est
774 5639 1103 5696 omnimodis
1133 5641 1200 5698 ab
1220 5639 1336 5710 ejus
1363 5657 1707 5713 nequaquam
1746 5641 1952 5713 judicio
1983 5639 2178 5696 oblite-

579 5731 698 5787 .rari
727 5731 1134 5800 permittuntur.

583 5881 588 5888 .
663 5823 822 5914 Vens.
865 5825 918 5883 8.
945 5854 1016 5869 --
1044 5845 1062 5878 ι
1099 5823 1356 5897 Nunquid
1379 5842 1538 5900 super
1565 5825 1709 5885 istud
1735 5840 1844 5884 non
1871 5839 2178 5882 commove-

2262 4601 2656 4658 conscientiam
2680 4597 2942 4670 singulari
2974 4599 3137 4666 lapsae
3170 4593 3397 4649 rationis
3428 4591 3631 4644 damno
3660 4597 3824 4655 suppo'

2263 4698 2364 4752 nit.
2395 4694 2532 4751 Nota
2581 4693 2725 4764 quod
2763 4693 2829 4747 de
2880 4705 3079 4763 genere
3122 4688 3318 4744 transit
3361 4685 3430 4739 ad
3472 4698 3674 4755 genus,
3713 4678 3828 4732 sicut

2264 4790 2395 4848 illud
2421 4798 2524 4855 est,
2553 4787 2698 4858 quod
2721 4785 2890 4840 David
2929 4798 3180 4856 qumrens
3226 4776 3636 4834 tabernaculum
3680 4769 3830 4828 Domi-

2266 4899 2360 4950 no,
2386 4898 2440 4936 tn
2469 4880 2706 4950 Ephrata
2749 4876 2948 4932 dicitur
2996 4874 3268 4930 invenisse
3298 4886 3422 4926 eam
3465 4865 3640 4940 (Psal.
3672 4877 3830 4926 cxxxt,

2267 4974 2322 5040 5,
2340 4973 2422 5044 6);
2444 4987 2540 5043 pro
2568 4969 2900 5041 signiﬁcante
2925 4968 3257 5022 interserens
3277 4961 3649 5034 signiﬁcatam.
3672 4954 3832 5011 Novis-

2270 5067 2402 5122 sima
2436 5066 2549 5136 ejus
2580 5063 2731 5136 quasi
2761 5064 2900 5116 diem
2929 5075 3170 5114 amarum
3199 5057 3371 5129 ponit,
3406 5070 3531 5110 cum
3561 5052 3834 5108 satietatem

2269 5159 2511 5232 peccati,
2550 5172 2710 5228 quam
2764 5152 3119 5226 paenitudinis
3171 5149 3464 5208 acerbitas.
3495 5146 3632 5202 solet
3679 5137 3834 5210 sequi,

2276 5230 2614 5308 amarissime
2664 5248 2795 5304 facit
2840 5246 3119 5302 doloribus
3169 5239 3499 5312 suspicionis
3550 5235 3740 5292 addici.
3784 5230 3837 5283 Et

2277 5356 2425 5401 recte
2475 5345 2590 5398 dies
2640 5355 2890 5407 amarus,
2937 5335 3230 5408 voluptatis
3291 5332 3544 5389 hilaritas
3591 5325 3836 5402 praemissa

2280 5442 2627 5498 mterorihus.

2350 5537 2514 5592 Vens.
2559 5534 2645 5588 Η.
2668 5563 2737 5572 -
2769 5550 2787 5583 ι
2824 5529 2968 5587 Ecce
2996 5527 3111 5584 dies
3142 5524 3386 5592 veniunt,
3417 5523 3551 5580 dicit
3589 5516 3834 5574 Dominus,

2286 5651 2304 5684 1
2353 5637 2409 5685 ct.
2431 5629 2676 5684 emittam
2709 5624 2906 5679 famem
2956 5622 3010 5678 in
3057 5629 3235 5686 terra,
3278 5632 3386 5673 non
3430 5614 3630 5670 famem
3685 5605 3834 5680 panis,

2289 5743 2308 5778 ⁸
2358 5738 2534 5792 neque
2581 5721 2728 5776 Sitim
2777 5733 2954 5790 aquae,
3008 5715 3103 5772 sed
3137 5709 3390 5770 audiendi
3428 5706 3650 5763 verbum
3678 5698 3777 5792 Dei.
3815 5711 3830 5742 ι

2287 5789 2461 5888 Ecce,
2480 5817 2533 5874 id
2561 5823 2646 5873 est
2671 5814 2726 5872 in
2745 5789 2865 5870 hoc
2913 5811 3034 5884 ipso
3061 5808 3194 5868 tanti
3241 5802 3476 5894 torporis
3498 5797 3702 5864 habitu,
3726 5789 3834 5851 diu.
