  <div class='ocr_page' id='page_1' title='image "/cluster/home/n/w/nwhite01/storage/ocr_20150623/156/hvd.32044010683712/228.png"; bbox 0 0 3998 6326; ppageno 0'>
   <div class='ocr_carea' id='block_1_1' title="bbox 215 398 328 456">
    <p class='ocr_par' dir='ltr' id='par_1_1' title="bbox 215 398 328 456">
     <span class='ocr_line' id='line_1_1' title="bbox 215 398 328 456; baseline 0.009 -2"><span class='ocrx_word' id='word_1_1' title='bbox 215 398 328 456; x_wconf 69' lang='lat'><strong>“5</strong></span> 
     </span>
    </p>
   </div>
   <div class='ocr_carea' id='block_1_2' title="bbox 912 387 1818 460">
    <p class='ocr_par' dir='ltr' id='par_1_2' title="bbox 912 389 1818 460">
     <span class='ocr_line' id='line_1_2' title="bbox 912 389 1818 460; baseline -0.008 -9"><span class='ocrx_word' id='word_1_2' title='bbox 912 392 1371 454; x_wconf 65' lang='lat' dir='ltr'><strong>TROPOLOGIE</strong></span> <span class='ocrx_word' id='word_1_3' title='bbox 1403 393 1469 449; x_wconf 80' lang='lat' dir='ltr'><strong>IN</strong></span> <span class='ocrx_word' id='word_1_4' title='bbox 1502 391 1700 460; x_wconf 85' lang='lat' dir='ltr'><strong>OSEE,</strong></span> <span class='ocrx_word' id='word_1_5' title='bbox 1735 389 1818 445; x_wconf 71' lang='lat' dir='ltr'><strong>AM</strong></span> 
     </span>
    </p>
   </div>
   <div class='ocr_carea' id='block_1_3' title="bbox 1930 387 2928 460">
    <p class='ocr_par' dir='ltr' id='par_1_3' title="bbox 1962 389 2928 448">
     <span class='ocr_line' id='line_1_3' title="bbox 1962 389 2928 448; baseline -0.001 -2"><span class='ocrx_word' id='word_1_6' title='bbox 1962 390 2048 446; x_wconf 83' lang='lat' dir='ltr'><strong>ET</strong></span> <span class='ocrx_word' id='word_1_7' title='bbox 2076 389 2447 448; x_wconf 57' lang='grc' dir='ltr'><strong>πελ-ιω.</strong></span> <span class='ocrx_word' id='word_1_8' title='bbox 2487 389 2577 448; x_wconf 84' lang='lat' dir='ltr'><strong>IV.</strong></span> <span class='ocrx_word' id='word_1_9' title='bbox 2615 389 2683 447; x_wconf 86' lang='lat' dir='ltr'><strong>IN</strong></span> <span class='ocrx_word' id='word_1_10' title='bbox 2721 390 2928 448; x_wconf 83' lang='lat' dir='ltr'><strong>AMOS.</strong></span> 
     </span>
    </p>
   </div>
   <div class='ocr_carea' id='block_1_4' title="bbox 3404 390 3501 445">
    <p class='ocr_par' dir='ltr' id='par_1_4' title="bbox 3404 390 3501 445">
     <span class='ocr_line' id='line_1_4' title="bbox 3404 390 3501 445; baseline 0 0"><span class='ocrx_word' id='word_1_11' title='bbox 3404 390 3501 445; x_wconf 64' lang='lat'><strong>“6</strong></span> 
     </span>
    </p>
   </div>
   <div class='ocr_carea' id='block_1_5' title="bbox 215 501 3501 579">
    <p class='ocr_par' dir='ltr' id='par_1_5' title="bbox 215 501 3501 579">
     <span class='ocr_line' id='line_1_5' title="bbox 215 501 3501 579; baseline -0.004 -9"><span class='ocrx_word' id='word_1_12' title='bbox 215 528 330 570; x_wconf 89' lang='lat' dir='ltr'><strong>non</strong></span> <span class='ocrx_word' id='word_1_13' title='bbox 357 510 662 579; x_wconf 75' lang='lat' dir='ltr'><strong>claritatis,</strong></span> <span class='ocrx_word' id='word_1_14' title='bbox 692 512 786 568; x_wconf 86' lang='lat' dir='ltr'><strong>sed</strong></span> <span class='ocrx_word' id='word_1_15' title='bbox 816 511 1080 566; x_wconf 86' lang='lat' dir='ltr'><strong>malorum</strong></span> <span class='ocrx_word' id='word_1_16' title='bbox 1100 508 1553 566; x_wconf 88' lang='lat' dir='ltr'><strong>manifestationis</strong></span> <span class='ocrx_word' id='word_1_17' title='bbox 1573 507 1815 569; x_wconf 80' lang='lat' dir='ltr'><strong>veniunt;</strong></span> <span class='ocrx_word' id='word_1_18' title='bbox 1844 507 1898 566; x_wconf 79' lang='grc' dir='ltr'><strong>Α</strong></span> <span class='ocrx_word' id='word_1_19' title='bbox 1923 502 2045 558; x_wconf 80' lang='lat' dir='ltr'><strong>istic</strong></span> <span class='ocrx_word' id='word_1_20' title='bbox 2068 511 2247 572; x_wconf 85' lang='lat' dir='ltr'><strong>caput,</strong></span> <span class='ocrx_word' id='word_1_21' title='bbox 2278 504 2420 572; x_wconf 84' lang='lat' dir='ltr'><strong>quod</strong></span> <span class='ocrx_word' id='word_1_22' title='bbox 2444 504 2890 573; x_wconf 81' lang='lat' dir='ltr'><strong>superliminaria,</strong></span> <span class='ocrx_word' id='word_1_23' title='bbox 2926 502 3027 558; x_wconf 89' lang='lat' dir='ltr'><strong>hoc</strong></span> <span class='ocrx_word' id='word_1_24' title='bbox 3055 502 3142 557; x_wconf 90' lang='lat' dir='ltr'><strong>hic</strong></span> <span class='ocrx_word' id='word_1_25' title='bbox 3166 501 3501 557; x_wconf 74' lang='lat' dir='ltr'><strong>novissimum</strong></span> 
     </span>
    </p>
   </div>
   <div class='ocr_carea' id='block_1_6' title="bbox 214 602 1821 672">
    <p class='ocr_par' dir='ltr' id='par_1_6' title="bbox 214 602 1821 672">
     <span class='ocr_line' id='line_1_6' title="bbox 214 602 1821 672; baseline -0.005 -10"><span class='ocrx_word' id='word_1_26' title='bbox 214 614 271 662; x_wconf 88' lang='lat' dir='ltr'><strong>et</strong></span> <span class='ocrx_word' id='word_1_27' title='bbox 308 606 381 661; x_wconf 86' lang='lat' dir='ltr'><strong>ab</strong></span> <span class='ocrx_word' id='word_1_28' title='bbox 434 606 692 662; x_wconf 90' lang='lat' dir='ltr'><strong>interiori</strong></span> <span class='ocrx_word' id='word_1_29' title='bbox 742 606 959 661; x_wconf 83' lang='lat' dir='ltr'><strong>miseria</strong></span> <span class='ocrx_word' id='word_1_30' title='bbox 1013 607 1247 659; x_wconf 86' lang='lat' dir='ltr'><strong>emittam</strong></span> <span class='ocrx_word' id='word_1_31' title='bbox 1299 602 1537 672; x_wconf 79' lang='lat' dir='ltr'><strong>inopiam</strong></span> <span class='ocrx_word' id='word_1_32' title='bbox 1580 610 1821 655; x_wconf 83' lang='lat' dir='ltr'><strong>externae</strong></span> 
     </span>
    </p>
   </div>
   <div class='ocr_carea' id='block_1_7' title="bbox 213 696 1817 770">
    <p class='ocr_par' dir='ltr' id='par_1_7' title="bbox 213 696 1817 770">
     <span class='ocr_line' id='line_1_7' title="bbox 213 696 1817 770; baseline -0.006 -14"><span class='ocrx_word' id='word_1_33' title='bbox 213 699 587 756; x_wconf 87' lang='lat' dir='ltr'><strong>desolationis</strong></span> <span class='ocrx_word' id='word_1_34' title='bbox 617 699 670 754; x_wconf 92' lang='lat' dir='ltr'><strong>in</strong></span> <span class='ocrx_word' id='word_1_35' title='bbox 694 715 880 770; x_wconf 84' lang='lat' dir='ltr'><strong>opera,</strong></span> <span class='ocrx_word' id='word_1_36' title='bbox 909 700 1000 755; x_wconf 88' lang='lat' dir='ltr'><strong>ubi</strong></span> <span class='ocrx_word' id='word_1_37' title='bbox 1033 716 1062 754; x_wconf 92' lang='lat' dir='ltr'><strong>a</strong></span> <span class='ocrx_word' id='word_1_38' title='bbox 1088 700 1304 754; x_wconf 89' lang='lat' dir='ltr'><strong>nemine</strong></span> <span class='ocrx_word' id='word_1_39' title='bbox 1333 696 1685 766; x_wconf 78' lang='lat' dir='ltr'><strong>intelligatur,</strong></span> <span class='ocrx_word' id='word_1_40' title='bbox 1713 710 1817 749; x_wconf 91' lang='lat' dir='ltr'><strong>non</strong></span> 
     </span>
    </p>
   </div>
   <div class='ocr_carea' id='block_1_8' title="bbox 208 790 1820 866">
    <p class='ocr_par' dir='ltr' id='par_1_8' title="bbox 208 790 1820 866">
     <span class='ocr_line' id='line_1_8' title="bbox 208 790 1820 866; baseline -0.002 -19"><span class='ocrx_word' id='word_1_41' title='bbox 208 794 398 848; x_wconf 79' lang='lat' dir='ltr'><strong>victus</strong></span> <span class='ocrx_word' id='word_1_42' title='bbox 424 794 737 863; x_wconf 80' lang='lat' dir='ltr'><strong>corporalis</strong></span> <span class='ocrx_word' id='word_1_43' title='bbox 765 793 928 866; x_wconf 58' lang='lat'><strong>25.0</strong></span> <span class='ocrx_word' id='word_1_44' title='bbox 954 793 1153 859; x_wconf 88' lang='lat' dir='ltr'><strong>inedia,</strong></span> <span class='ocrx_word' id='word_1_45' title='bbox 1186 793 1280 847; x_wconf 90' lang='lat' dir='ltr'><strong>sed</strong></span> <span class='ocrx_word' id='word_1_46' title='bbox 1322 790 1473 845; x_wconf 84' lang='lat' dir='ltr'><strong>verbi</strong></span> <span class='ocrx_word' id='word_1_47' title='bbox 1500 790 1617 855; x_wconf 88' lang='lat' dir='ltr'><strong>Dei,</strong></span> <span class='ocrx_word' id='word_1_48' title='bbox 1647 790 1701 844; x_wconf 79' lang='lat' dir='ltr'><strong>i&#39;d</strong></span> <span class='ocrx_word' id='word_1_49' title='bbox 1735 798 1820 845; x_wconf 86' lang='lat' dir='ltr'><strong>est</strong></span> 
     </span>
    </p>
   </div>
   <div class='ocr_carea' id='block_1_9' title="bbox 209 884 1745 954">
    <p class='ocr_par' dir='ltr' id='par_1_9' title="bbox 209 884 1745 954">
     <span class='ocr_line' id='line_1_9' title="bbox 209 884 1745 954; baseline -0.002 -15"><span class='ocrx_word' id='word_1_50' title='bbox 209 885 458 939; x_wconf 66' lang='lat' dir='ltr'><strong>internae</strong></span> <span class='ocrx_word' id='word_1_51' title='bbox 482 886 788 940; x_wconf 86' lang='lat' dir='ltr'><strong>dulcedinis</strong></span> <span class='ocrx_word' id='word_1_52' title='bbox 817 886 1129 941; x_wconf 78' lang='lat' dir='ltr'><strong>medullitus</strong></span> <span class='ocrx_word' id='word_1_53' title='bbox 1167 884 1447 954; x_wconf 77' lang='lat' dir='ltr'><strong>gustandas</strong></span> <span class='ocrx_word' id='word_1_54' title='bbox 1496 884 1745 951; x_wconf 88' lang='lat' dir='ltr'><strong>penuria.</strong></span> 
     </span>
    </p>
   </div>
   <div class='ocr_carea' id='block_1_10' title="bbox 281 976 1819 1045">
    <p class='ocr_par' dir='ltr' id='par_1_10' title="bbox 281 976 1819 1045">
     <span class='ocr_line' id='line_1_10' title="bbox 281 976 1819 1045; baseline -0.001 -14"><span class='ocrx_word' id='word_1_55' title='bbox 281 976 463 1031; x_wconf 74' lang='lat' dir='ltr'><strong>Vsus.</strong></span> <span class='ocrx_word' id='word_1_56' title='bbox 510 977 602 1032; x_wconf 78' lang='lat' dir='ltr'><strong>l2.</strong></span> <span class='ocrx_word' id='word_1_57' title='bbox 632 1008 702 1019; x_wconf 90' lang='lat'><strong>-—</strong></span> <span class='ocrx_word' id='word_1_58' title='bbox 732 997 751 1030; x_wconf 72' lang='grc' dir='ltr'>ι</span> <span class='ocrx_word' id='word_1_59' title='bbox 786 978 853 1032; x_wconf 84' lang='grc' dir='ltr'>Ει</span> <span class='ocrx_word' id='word_1_60' title='bbox 893 978 1381 1034; x_wconf 90' lang='lat' dir='ltr'><strong>commovebuntur</strong></span> <span class='ocrx_word' id='word_1_61' title='bbox 1424 992 1453 1030; x_wconf 91' lang='lat' dir='ltr'><strong>a</strong></span> <span class='ocrx_word' id='word_1_62' title='bbox 1485 976 1620 1030; x_wconf 86' lang='lat' dir='ltr'><strong>mari</strong></span> <span class='ocrx_word' id='word_1_63' title='bbox 1648 990 1819 1045; x_wconf 91' lang='lat' dir='ltr'><strong>usque</strong></span> 
     </span>
    </p>
   </div>
   <div class='ocr_carea' id='block_1_11' title="bbox 214 1067 1813 1139">
    <p class='ocr_par' dir='ltr' id='par_1_11' title="bbox 214 1067 1813 1139">
     <span class='ocr_line' id='line_1_11' title="bbox 214 1067 1813 1139; baseline 0 -21"><span class='ocrx_word' id='word_1_64' title='bbox 214 1086 234 1118; x_wconf 74' lang='grc' dir='ltr'>ι</span> <span class='ocrx_word' id='word_1_65' title='bbox 280 1070 351 1122; x_wconf 89' lang='lat' dir='ltr'><strong>ad</strong></span> <span class='ocrx_word' id='word_1_66' title='bbox 380 1085 569 1137; x_wconf 87' lang='lat' dir='ltr'><strong>mare,</strong></span> <span class='ocrx_word' id='word_1_67' title='bbox 598 1080 654 1126; x_wconf 87' lang='lat' dir='ltr'><strong>et</strong></span> <span class='ocrx_word' id='word_1_68' title='bbox 681 1072 750 1126; x_wconf 89' lang='lat' dir='ltr'><strong>ab</strong></span> <span class='ocrx_word' id='word_1_69' title='bbox 788 1070 1043 1139; x_wconf 81' lang='lat' dir='ltr'><strong>aquilone</strong></span> <span class='ocrx_word' id='word_1_70' title='bbox 1070 1084 1240 1138; x_wconf 86' lang='lat' dir='ltr'><strong>usque</strong></span> <span class='ocrx_word' id='word_1_71' title='bbox 1263 1069 1330 1123; x_wconf 91' lang='lat' dir='ltr'><strong>ad</strong></span> <span class='ocrx_word' id='word_1_72' title='bbox 1358 1068 1639 1123; x_wconf 79' lang='lat' dir='ltr'><strong>orientem.</strong></span> <span class='ocrx_word' id='word_1_73' title='bbox 1700 1086 1719 1118; x_wconf 76' lang='grc' dir='ltr'><strong>ι</strong></span> <span class='ocrx_word' id='word_1_74' title='bbox 1772 1067 1813 1119; x_wconf 81' lang='grc' dir='ltr'><em>Α</em></span> 
     </span>
    </p>
   </div>
   <div class='ocr_carea' id='block_1_12' title="bbox 206 1160 1818 1229">
    <p class='ocr_par' dir='ltr' id='par_1_12' title="bbox 206 1160 1818 1229">
     <span class='ocr_line' id='line_1_12' title="bbox 206 1160 1818 1229; baseline 0.001 -16"><span class='ocrx_word' id='word_1_75' title='bbox 206 1161 346 1213; x_wconf 77' lang='lat' dir='ltr'><strong>mari</strong></span> <span class='ocrx_word' id='word_1_76' title='bbox 372 1178 552 1225; x_wconf 83' lang='lat' dir='ltr'><strong>usque</strong></span> <span class='ocrx_word' id='word_1_77' title='bbox 574 1165 643 1217; x_wconf 87' lang='lat' dir='ltr'><strong>ad</strong></span> <span class='ocrx_word' id='word_1_78' title='bbox 669 1179 812 1217; x_wconf 84' lang='lat' dir='ltr'><strong>mare</strong></span> <span class='ocrx_word' id='word_1_79' title='bbox 833 1173 1264 1229; x_wconf 83' lang='lat' dir='ltr'><strong>commoventur,</strong></span> <span class='ocrx_word' id='word_1_80' title='bbox 1297 1177 1421 1217; x_wconf 88' lang='lat' dir='ltr'><strong>cum</strong></span> <span class='ocrx_word' id='word_1_81' title='bbox 1451 1163 1520 1216; x_wconf 89' lang='lat' dir='ltr'><strong>ab</strong></span> <span class='ocrx_word' id='word_1_82' title='bbox 1544 1160 1818 1215; x_wconf 82' lang='lat' dir='ltr'><strong>anxietate</strong></span> 
     </span>
    </p>
   </div>
   <div class='ocr_carea' id='block_1_13' title="bbox 206 1252 1818 1329">
    <p class='ocr_par' dir='ltr' id='par_1_13' title="bbox 206 1252 1818 1329">
     <span class='ocr_line' id='line_1_13' title="bbox 206 1252 1818 1329; baseline 0.003 -23"><span class='ocrx_word' id='word_1_83' title='bbox 206 1252 488 1310; x_wconf 83' lang='lat' dir='ltr'><strong>facinoris</strong></span> <span class='ocrx_word' id='word_1_84' title='bbox 513 1259 838 1328; x_wconf 86' lang='lat' dir='ltr'><strong>perpetrati,</strong></span> <span class='ocrx_word' id='word_1_85' title='bbox 871 1273 1045 1329; x_wconf 89' lang='lat' dir='ltr'><strong>usque</strong></span> <span class='ocrx_word' id='word_1_86' title='bbox 1073 1260 1139 1313; x_wconf 90' lang='lat' dir='ltr'><strong>ad</strong></span> <span class='ocrx_word' id='word_1_87' title='bbox 1172 1260 1404 1314; x_wconf 83' lang='lat' dir='ltr'><strong>extremi</strong></span> <span class='ocrx_word' id='word_1_88' title='bbox 1458 1260 1703 1314; x_wconf 89' lang='lat' dir='ltr'><strong>timorem</strong></span> <span class='ocrx_word' id='word_1_89' title='bbox 1736 1261 1818 1325; x_wconf 83' lang='lat' dir='ltr'><strong>ju-</strong></span> 
     </span>
    </p>
   </div>
   <div class='ocr_carea' id='block_1_14' title="bbox 205 1343 1818 1419">
    <p class='ocr_par' dir='ltr' id='par_1_14' title="bbox 205 1343 1818 1419">
     <span class='ocr_line' id='line_1_14' title="bbox 205 1343 1818 1419; baseline 0.002 -21"><span class='ocrx_word' id='word_1_90' title='bbox 205 1343 333 1398; x_wconf 91' lang='lat' dir='ltr'><strong>dicii</strong></span> <span class='ocrx_word' id='word_1_91' title='bbox 384 1348 656 1402; x_wconf 89' lang='lat' dir='ltr'><strong>continua</strong></span> <span class='ocrx_word' id='word_1_92' title='bbox 688 1350 932 1403; x_wconf 91' lang='lat' dir='ltr'><strong>cordium</strong></span> <span class='ocrx_word' id='word_1_93' title='bbox 980 1351 1320 1405; x_wconf 87' lang='lat' dir='ltr'><strong>discursione</strong></span> <span class='ocrx_word' id='word_1_94' title='bbox 1347 1350 1606 1404; x_wconf 86' lang='lat' dir='ltr'><strong>citantur.</strong></span> <span class='ocrx_word' id='word_1_95' title='bbox 1642 1347 1818 1419; x_wconf 83' lang='lat' dir='ltr'><strong>Usque</strong></span> 
     </span>
    </p>
   </div>
   <div class='ocr_carea' id='block_1_15' title="bbox 202 1435 1815 1512">
    <p class='ocr_par' dir='ltr' id='par_1_15' title="bbox 202 1435 1815 1512">
     <span class='ocr_line' id='line_1_15' title="bbox 202 1435 1815 1512; baseline 0.004 -23"><span class='ocrx_word' id='word_1_96' title='bbox 202 1435 273 1489; x_wconf 83' lang='lat' dir='ltr'><strong>ad</strong></span> <span class='ocrx_word' id='word_1_97' title='bbox 300 1439 575 1493; x_wconf 82' lang='lat' dir='ltr'><strong>orientem</strong></span> <span class='ocrx_word' id='word_1_98' title='bbox 604 1456 821 1511; x_wconf 89' lang='lat' dir='ltr'><strong>quoque</strong></span> <span class='ocrx_word' id='word_1_99' title='bbox 871 1444 936 1495; x_wconf 86' lang='lat' dir='ltr'><strong>ab</strong></span> <span class='ocrx_word' id='word_1_100' title='bbox 979 1442 1226 1512; x_wconf 79' lang='lat' dir='ltr'><strong>aquilone</strong></span> <span class='ocrx_word' id='word_1_101' title='bbox 1278 1442 1601 1512; x_wconf 89' lang='lat' dir='ltr'><strong>procedunt,</strong></span> <span class='ocrx_word' id='word_1_102' title='bbox 1633 1457 1754 1495; x_wconf 88' lang='lat' dir='ltr'><strong>cum</strong></span> <span class='ocrx_word' id='word_1_103' title='bbox 1786 1458 1815 1495; x_wconf 90' lang='lat' dir='ltr'><strong>a</strong></span> 
     </span>
    </p>
   </div>
   <div class='ocr_carea' id='block_1_16' title="bbox 203 1526 1818 1601">
    <p class='ocr_par' dir='ltr' id='par_1_16' title="bbox 203 1526 1818 1601">
     <span class='ocr_line' id='line_1_16' title="bbox 203 1526 1818 1601; baseline 0.003 -22"><span class='ocrx_word' id='word_1_104' title='bbox 203 1526 511 1584; x_wconf 61' lang='lat' dir='ltr'><strong>diabolica:</strong></span> <span class='ocrx_word' id='word_1_105' title='bbox 539 1532 934 1601; x_wconf 84' lang='lat' dir='ltr'><strong>desperationis</strong></span> <span class='ocrx_word' id='word_1_106' title='bbox 984 1532 1106 1601; x_wconf 90' lang='lat' dir='ltr'><strong>gelu</strong></span> <span class='ocrx_word' id='word_1_107' title='bbox 1161 1533 1227 1586; x_wconf 88' lang='lat' dir='ltr'><strong>ad</strong></span> <span class='ocrx_word' id='word_1_108' title='bbox 1287 1532 1380 1586; x_wconf 88' lang='lat' dir='ltr'><strong>Dei</strong></span> <span class='ocrx_word' id='word_1_109' title='bbox 1429 1532 1818 1587; x_wconf 68' lang='lat' dir='ltr'><strong>misericordiae</strong></span> 
     </span>
    </p>
   </div>
   <div class='ocr_carea' id='block_1_17' title="bbox 203 1618 1819 1690">
    <p class='ocr_par' dir='ltr' id='par_1_17' title="bbox 203 1618 1819 1690">
     <span class='ocr_line' id='line_1_17' title="bbox 203 1618 1819 1690; baseline 0.001 -18"><span class='ocrx_word' id='word_1_110' title='bbox 203 1618 500 1674; x_wconf 74' lang='lat' dir='ltr'><strong>orientem</strong></span> <span class='ocrx_word' id='word_1_111' title='bbox 528 1622 801 1690; x_wconf 86' lang='lat' dir='ltr'><strong>respirare</strong></span> <span class='ocrx_word' id='word_1_112' title='bbox 830 1622 1185 1676; x_wconf 89' lang='lat' dir='ltr'><strong>contendunt.</strong></span> <span class='ocrx_word' id='word_1_113' title='bbox 1235 1640 1253 1673; x_wconf 84' lang='grc'><strong>‹</strong></span> <span class='ocrx_word' id='word_1_114' title='bbox 1301 1620 1623 1679; x_wconf 85' lang='lat' dir='ltr'><strong>Circuibunt</strong></span> <span class='ocrx_word' id='word_1_115' title='bbox 1670 1636 1819 1690; x_wconf 69' lang='lat' dir='ltr'><strong>qure-</strong></span> 
     </span>
    </p>
   </div>
   <div class='ocr_carea' id='block_1_18' title="bbox 208 1712 1814 1781">
    <p class='ocr_par' dir='ltr' id='par_1_18' title="bbox 208 1712 1814 1781">
     <span class='ocr_line' id='line_1_18' title="bbox 208 1712 1814 1781; baseline 0.003 -21"><span class='ocrx_word' id='word_1_116' title='bbox 208 1729 226 1759; x_wconf 78' lang='grc' dir='ltr'>ι</span> <span class='ocrx_word' id='word_1_117' title='bbox 271 1721 480 1767; x_wconf 86' lang='lat' dir='ltr'><strong>rentes</strong></span> <span class='ocrx_word' id='word_1_118' title='bbox 508 1714 736 1768; x_wconf 84' lang='lat' dir='ltr'><strong>verbum</strong></span> <span class='ocrx_word' id='word_1_119' title='bbox 767 1713 1001 1781; x_wconf 86' lang='lat' dir='ltr'><strong>Domini,</strong></span> <span class='ocrx_word' id='word_1_120' title='bbox 1036 1724 1089 1768; x_wconf 89' lang='lat' dir='ltr'><strong>et</strong></span> <span class='ocrx_word' id='word_1_121' title='bbox 1120 1730 1226 1768; x_wconf 89' lang='lat' dir='ltr'><strong>non</strong></span> <span class='ocrx_word' id='word_1_122' title='bbox 1259 1714 1558 1770; x_wconf 86' lang='lat' dir='ltr'><strong>invenient.</strong></span> <span class='ocrx_word' id='word_1_123' title='bbox 1601 1734 1619 1765; x_wconf 76' lang='grc' dir='ltr'><strong><em>ι</em></strong></span> <span class='ocrx_word' id='word_1_124' title='bbox 1683 1712 1814 1766; x_wconf 82' lang='lat' dir='ltr'><strong>Ver-</strong></span> 
     </span>
    </p>
   </div>
   <div class='ocr_carea' id='block_1_19' title="bbox 202 1804 1815 1875">
    <p class='ocr_par' dir='ltr' id='par_1_19' title="bbox 202 1804 1815 1875">
     <span class='ocr_line' id='line_1_19' title="bbox 202 1804 1815 1875; baseline 0.002 -19"><span class='ocrx_word' id='word_1_125' title='bbox 202 1804 327 1857; x_wconf 70' lang='lat' dir='ltr'><strong>bum</strong></span> <span class='ocrx_word' id='word_1_126' title='bbox 365 1805 594 1860; x_wconf 84' lang='lat' dir='ltr'><strong>Domini</strong></span> <span class='ocrx_word' id='word_1_127' title='bbox 620 1808 913 1875; x_wconf 77' lang='lat' dir='ltr'><strong>qnzereudo</strong></span> <span class='ocrx_word' id='word_1_128' title='bbox 938 1807 1312 1873; x_wconf 89' lang='lat' dir='ltr'><strong>circumeunt,</strong></span> <span class='ocrx_word' id='word_1_129' title='bbox 1366 1807 1460 1861; x_wconf 89' lang='lat' dir='ltr'><strong>sed</strong></span> <span class='ocrx_word' id='word_1_130' title='bbox 1510 1821 1617 1861; x_wconf 91' lang='lat' dir='ltr'><strong>non</strong></span> <span class='ocrx_word' id='word_1_131' title='bbox 1668 1806 1815 1860; x_wconf 82' lang='lat' dir='ltr'><strong>inve-</strong></span> 
     </span>
    </p>
   </div>
   <div class='ocr_carea' id='block_1_20' title="bbox 202 1897 1814 1967">
    <p class='ocr_par' dir='ltr' id='par_1_20' title="bbox 202 1897 1814 1967">
     <span class='ocr_line' id='line_1_20' title="bbox 202 1897 1814 1967; baseline 0.001 -19"><span class='ocrx_word' id='word_1_132' title='bbox 202 1897 396 1959; x_wconf 88' lang='lat' dir='ltr'><strong>ninut,</strong></span> <span class='ocrx_word' id='word_1_133' title='bbox 434 1913 565 1951; x_wconf 91' lang='lat' dir='ltr'><strong>cum</strong></span> <span class='ocrx_word' id='word_1_134' title='bbox 598 1897 862 1953; x_wconf 89' lang='lat' dir='ltr'><strong>divinitus</strong></span> <span class='ocrx_word' id='word_1_135' title='bbox 883 1898 984 1953; x_wconf 87' lang='lat' dir='ltr'><strong>sibi</strong></span> <span class='ocrx_word' id='word_1_136' title='bbox 1018 1898 1189 1952; x_wconf 88' lang='lat' dir='ltr'><strong>Deum</strong></span> <span class='ocrx_word' id='word_1_137' title='bbox 1218 1897 1364 1952; x_wconf 82' lang='lat' dir='ltr'><strong>illabi</strong></span> <span class='ocrx_word' id='word_1_138' title='bbox 1394 1906 1677 1967; x_wconf 89' lang='lat' dir='ltr'><strong>appetunt,</strong></span> <span class='ocrx_word' id='word_1_139' title='bbox 1720 1898 1814 1952; x_wconf 85' lang='lat' dir='ltr'><strong>sed</strong></span> 
     </span>
    </p>
   </div>
   <div class='ocr_carea' id='block_1_21' title="bbox 200 1991 1817 2062">
    <p class='ocr_par' dir='ltr' id='par_1_21' title="bbox 200 1991 1817 2062">
     <span class='ocr_line' id='line_1_21' title="bbox 200 1991 1817 2062; baseline 0.003 -20"><span class='ocrx_word' id='word_1_140' title='bbox 200 2004 298 2059; x_wconf 91' lang='lat' dir='ltr'><strong>per</strong></span> <span class='ocrx_word' id='word_1_141' title='bbox 326 1991 535 2044; x_wconf 86' lang='lat' dir='ltr'><strong>mundi</strong></span> <span class='ocrx_word' id='word_1_142' title='bbox 570 1992 837 2060; x_wconf 85' lang='lat' dir='ltr'><strong>appetitus</strong></span> <span class='ocrx_word' id='word_1_143' title='bbox 860 1991 1150 2046; x_wconf 88' lang='lat' dir='ltr'><strong>circumire</strong></span> <span class='ocrx_word' id='word_1_144' title='bbox 1202 2008 1308 2047; x_wconf 91' lang='lat' dir='ltr'><strong>non</strong></span> <span class='ocrx_word' id='word_1_145' title='bbox 1340 1992 1624 2058; x_wconf 88' lang='lat' dir='ltr'><strong>desinunt;</strong></span> <span class='ocrx_word' id='word_1_146' title='bbox 1657 2008 1817 2062; x_wconf 87' lang='lat' dir='ltr'><strong>quem</strong></span> 
     </span>
    </p>
   </div>
   <div class='ocr_carea' id='block_1_22' title="bbox 201 2079 1815 2152">
    <p class='ocr_par' dir='ltr' id='par_1_22' title="bbox 201 2079 1815 2152">
     <span class='ocr_line' id='line_1_22' title="bbox 201 2079 1815 2152; baseline 0.002 -19"><span class='ocrx_word' id='word_1_147' title='bbox 201 2079 442 2147; x_wconf 82' lang='lat' dir='ltr'><strong>quidem</strong></span> <span class='ocrx_word' id='word_1_148' title='bbox 475 2095 583 2135; x_wconf 91' lang='lat' dir='ltr'><strong>non</strong></span> <span class='ocrx_word' id='word_1_149' title='bbox 624 2082 923 2146; x_wconf 89' lang='lat' dir='ltr'><strong>inveniunt,</strong></span> <span class='ocrx_word' id='word_1_150' title='bbox 955 2081 1080 2151; x_wconf 87' lang='lat' dir='ltr'><strong>quia</strong></span> <span class='ocrx_word' id='word_1_151' title='bbox 1097 2081 1431 2138; x_wconf 83' lang='lat' dir='ltr'><strong>dissimiliter</strong></span> <span class='ocrx_word' id='word_1_152' title='bbox 1457 2098 1618 2152; x_wconf 89' lang='lat' dir='ltr'><strong>quam</strong></span> <span class='ocrx_word' id='word_1_153' title='bbox 1651 2082 1815 2151; x_wconf 62' lang='lat' dir='ltr'><strong>quaeri</strong></span> 
     </span>
    </p>
   </div>
   <div class='ocr_carea' id='block_1_23' title="bbox 202 2170 885 2241">
    <p class='ocr_par' dir='ltr' id='par_1_23' title="bbox 202 2170 885 2241">
     <span class='ocr_line' id='line_1_23' title="bbox 202 2170 885 2241; baseline 0.003 -15"><span class='ocrx_word' id='word_1_154' title='bbox 202 2170 513 2239; x_wconf 86' lang='lat' dir='ltr'><strong>debuerat,</strong></span> <span class='ocrx_word' id='word_1_155' title='bbox 539 2182 806 2241; x_wconf 65' lang='lat' dir='ltr'><strong>quierunt.</strong></span> <span class='ocrx_word' id='word_1_156' title='bbox 882 2176 885 2179; x_wconf 72' lang='grc'><em>’</em></span> 
     </span>
    </p>
   </div>
   <div class='ocr_carea' id='block_1_24' title="bbox 273 2262 1818 2333">
    <p class='ocr_par' dir='ltr' id='par_1_24' title="bbox 273 2262 1818 2333">
     <span class='ocr_line' id='line_1_24' title="bbox 273 2262 1818 2333; baseline 0.001 -16"><span class='ocrx_word' id='word_1_157' title='bbox 273 2262 469 2319; x_wconf 71' lang='lat' dir='ltr'><strong>Vens.</strong></span> <span class='ocrx_word' id='word_1_158' title='bbox 512 2264 600 2320; x_wconf 78' lang='grc' dir='ltr'><strong>η.</strong></span> <span class='ocrx_word' id='word_1_159' title='bbox 624 2295 696 2306; x_wconf 89' lang='grc'><strong><em>-</em></strong></span> <span class='ocrx_word' id='word_1_160' title='bbox 730 2283 748 2316; x_wconf 76' lang='lat' dir='ltr'><strong>t</strong></span> <span class='ocrx_word' id='word_1_161' title='bbox 781 2266 836 2319; x_wconf 92' lang='lat' dir='ltr'><strong>In</strong></span> <span class='ocrx_word' id='word_1_162' title='bbox 869 2266 956 2321; x_wconf 89' lang='lat' dir='ltr'><strong>die</strong></span> <span class='ocrx_word' id='word_1_163' title='bbox 995 2265 1085 2320; x_wconf 87' lang='lat' dir='ltr'><strong>illa</strong></span> <span class='ocrx_word' id='word_1_164' title='bbox 1132 2265 1384 2321; x_wconf 85' lang='lat' dir='ltr'><strong>deﬁcient</strong></span> <span class='ocrx_word' id='word_1_165' title='bbox 1423 2265 1662 2333; x_wconf 77' lang='lat' dir='ltr'><strong>virgines</strong></span> <span class='ocrx_word' id='word_1_166' title='bbox 1698 2265 1818 2333; x_wconf 86' lang='lat' dir='ltr'><strong>pul-</strong></span> 
     </span>
    </p>
   </div>
   <div class='ocr_carea' id='block_1_25' title="bbox 207 2356 1818 2422">
    <p class='ocr_par' dir='ltr' id='par_1_25' title="bbox 207 2356 1818 2422">
     <span class='ocr_line' id='line_1_25' title="bbox 207 2356 1818 2422; baseline 0.004 -14"><span class='ocrx_word' id='word_1_167' title='bbox 207 2374 226 2408; x_wconf 80' lang='grc' dir='ltr'>σ</span> <span class='ocrx_word' id='word_1_168' title='bbox 268 2356 464 2422; x_wconf 69' lang='lat' dir='ltr'><strong>clarae,</strong></span> <span class='ocrx_word' id='word_1_169' title='bbox 508 2367 565 2412; x_wconf 91' lang='lat' dir='ltr'><strong>et</strong></span> <span class='ocrx_word' id='word_1_170' title='bbox 618 2358 991 2414; x_wconf 86' lang='lat' dir='ltr'><strong>adolescentes</strong></span> <span class='ocrx_word' id='word_1_171' title='bbox 1022 2359 1075 2412; x_wconf 92' lang='lat' dir='ltr'><strong>in</strong></span> <span class='ocrx_word' id='word_1_172' title='bbox 1107 2359 1217 2414; x_wconf 88' lang='lat' dir='ltr'><strong>siti.</strong></span> <span class='ocrx_word' id='word_1_173' title='bbox 1256 2378 1276 2411; x_wconf 77' lang='grc' dir='ltr'><strong><em>ι</em></strong></span> <span class='ocrx_word' id='word_1_174' title='bbox 1333 2358 1400 2413; x_wconf 85' lang='lat' dir='ltr'><strong>In</strong></span> <span class='ocrx_word' id='word_1_175' title='bbox 1440 2359 1525 2413; x_wconf 81' lang='lat' dir='ltr'><strong>die</strong></span> <span class='ocrx_word' id='word_1_176' title='bbox 1573 2360 1665 2412; x_wconf 84' lang='lat' dir='ltr'><strong>illa</strong></span> <span class='ocrx_word' id='word_1_177' title='bbox 1711 2376 1818 2414; x_wconf 83' lang='lat' dir='ltr'><strong>non</strong></span> 
     </span>
    </p>
   </div>
   <div class='ocr_carea' id='block_1_26' title="bbox 201 2449 1819 2522">
    <p class='ocr_par' dir='ltr' id='par_1_26' title="bbox 201 2449 1819 2522">
     <span class='ocr_line' id='line_1_26' title="bbox 201 2449 1819 2522; baseline 0.003 -18"><span class='ocrx_word' id='word_1_178' title='bbox 201 2449 431 2505; x_wconf 69' lang='lat' dir='ltr'><strong>intima:</strong></span> <span class='ocrx_word' id='word_1_179' title='bbox 460 2449 618 2513; x_wconf 90' lang='lat' dir='ltr'><strong>lueis,</strong></span> <span class='ocrx_word' id='word_1_180' title='bbox 649 2452 743 2505; x_wconf 85' lang='lat' dir='ltr'><strong>sed</strong></span> <span class='ocrx_word' id='word_1_181' title='bbox 767 2451 984 2506; x_wconf 90' lang='lat' dir='ltr'><strong>ultionis</strong></span> <span class='ocrx_word' id='word_1_182' title='bbox 1012 2451 1567 2522; x_wconf 69' lang='lat' dir='ltr'><strong>manifestm,virgines</strong></span> <span class='ocrx_word' id='word_1_183' title='bbox 1588 2454 1819 2522; x_wconf 79' lang='lat' dir='ltr'><strong>pulchra:</strong></span> 
     </span>
    </p>
   </div>
   <div class='ocr_carea' id='block_1_27' title="bbox 202 2541 1820 2614">
    <p class='ocr_par' dir='ltr' id='par_1_27' title="bbox 202 2541 1820 2614">
     <span class='ocr_line' id='line_1_27' title="bbox 202 2541 1820 2614; baseline 0.002 -19"><span class='ocrx_word' id='word_1_184' title='bbox 202 2541 514 2606; x_wconf 85' lang='lat' dir='ltr'><strong>deﬁciunt,</strong></span> <span class='ocrx_word' id='word_1_185' title='bbox 544 2558 667 2597; x_wconf 90' lang='lat' dir='ltr'><strong>cum</strong></span> <span class='ocrx_word' id='word_1_186' title='bbox 696 2543 999 2607; x_wconf 87' lang='lat' dir='ltr'><strong>subtiliora,</strong></span> <span class='ocrx_word' id='word_1_187' title='bbox 1043 2554 1098 2598; x_wconf 90' lang='lat' dir='ltr'><strong>et</strong></span> <span class='ocrx_word' id='word_1_188' title='bbox 1144 2545 1297 2614; x_wconf 87' lang='lat' dir='ltr'><strong>quasi</strong></span> <span class='ocrx_word' id='word_1_189' title='bbox 1338 2543 1673 2610; x_wconf 88' lang='lat' dir='ltr'><strong>delicatiora,</strong></span> <span class='ocrx_word' id='word_1_190' title='bbox 1700 2560 1820 2614; x_wconf 81' lang='lat' dir='ltr'><strong>qua:</strong></span> 
     </span>
    </p>
   </div>
   <div class='ocr_carea' id='block_1_28' title="bbox 203 2631 1816 2705">
    <p class='ocr_par' dir='ltr' id='par_1_28' title="bbox 203 2631 1816 2705">
     <span class='ocr_line' id='line_1_28' title="bbox 203 2631 1816 2705; baseline 0.003 -20"><span class='ocrx_word' id='word_1_191' title='bbox 203 2631 530 2701; x_wconf 79' lang='lat' dir='ltr'><strong>Apostolus</strong></span> <span class='ocrx_word' id='word_1_192' title='bbox 551 2642 709 2688; x_wconf 92' lang='lat' dir='ltr'><strong>vocat</strong></span> <span class='ocrx_word' id='word_1_193' title='bbox 734 2636 1062 2690; x_wconf 82' lang='lat' dir='ltr'><strong>charismata</strong></span> <span class='ocrx_word' id='word_1_194' title='bbox 1093 2635 1315 2692; x_wconf 84' lang='lat' dir='ltr'><strong>meliora</strong></span> <span class='ocrx_word' id='word_1_195' title='bbox 1339 2636 1390 2703; x_wconf 91' lang='grc'><strong>(1</strong></span> <span class='ocrx_word' id='word_1_196' title='bbox 1422 2637 1542 2690; x_wconf 81' lang='lat' dir='ltr'><strong>Cor.</strong></span> <span class='ocrx_word' id='word_1_197' title='bbox 1576 2651 1673 2702; x_wconf 95' lang='lat' dir='ltr'><strong>xu,</strong></span> <span class='ocrx_word' id='word_1_198' title='bbox 1702 2637 1816 2705; x_wconf 79' lang='grc'><strong>51),</strong></span> 
     </span>
    </p>
   </div>
   <div class='ocr_carea' id='block_1_29' title="bbox 201 2716 1817 2799">
    <p class='ocr_par' dir='ltr' id='par_1_29' title="bbox 201 2716 1817 2799">
     <span class='ocr_line' id='line_1_29' title="bbox 201 2716 1817 2799; baseline 0.004 -20"><span class='ocrx_word' id='word_1_199' title='bbox 201 2716 463 2794; x_wconf 85' lang='lat' dir='ltr'><strong>spiritus</strong></span> <span class='ocrx_word' id='word_1_200' title='bbox 481 2727 652 2782; x_wconf 89' lang='lat' dir='ltr'><strong>nostri</strong></span> <span class='ocrx_word' id='word_1_201' title='bbox 682 2728 821 2783; x_wconf 88' lang='lat' dir='ltr'><strong>dona</strong></span> <span class='ocrx_word' id='word_1_202' title='bbox 866 2729 1197 2799; x_wconf 89' lang='lat' dir='ltr'><strong>dispereunt.</strong></span> <span class='ocrx_word' id='word_1_203' title='bbox 1246 2730 1609 2786; x_wconf 75' lang='lat' dir='ltr'><strong>Adolescentes</strong></span> <span class='ocrx_word' id='word_1_204' title='bbox 1655 2732 1817 2786; x_wconf 88' lang='lat' dir='ltr'><strong>etiam</strong></span> 
     </span>
    </p>
   </div>
   <div class='ocr_carea' id='block_1_30' title="bbox 200 2812 1821 2895">
    <p class='ocr_par' dir='ltr' id='par_1_30' title="bbox 200 2812 1821 2895">
     <span class='ocr_line' id='line_1_30' title="bbox 200 2812 1821 2895; baseline 0.008 -27"><span class='ocrx_word' id='word_1_205' title='bbox 200 2817 257 2871; x_wconf 79' lang='lat' dir='ltr'><strong>in</strong></span> <span class='ocrx_word' id='word_1_206' title='bbox 283 2819 391 2872; x_wconf 78' lang='lat' dir='ltr'><strong>siti</strong></span> <span class='ocrx_word' id='word_1_207' title='bbox 422 2819 707 2887; x_wconf 91' lang='lat' dir='ltr'><strong>deﬁciunt,</strong></span> <span class='ocrx_word' id='word_1_208' title='bbox 740 2837 864 2876; x_wconf 92' lang='lat' dir='ltr'><strong>cum</strong></span> <span class='ocrx_word' id='word_1_209' title='bbox 906 2812 1066 2877; x_wconf 86' lang='lat' dir='ltr'><strong>fortia</strong></span> <span class='ocrx_word' id='word_1_210' title='bbox 1111 2838 1358 2893; x_wconf 63' lang='lat' dir='ltr'><strong>quaeque,</strong></span> <span class='ocrx_word' id='word_1_211' title='bbox 1405 2825 1500 2879; x_wconf 87' lang='lat' dir='ltr'><strong>sed</strong></span> <span class='ocrx_word' id='word_1_212' title='bbox 1521 2840 1619 2893; x_wconf 88' lang='lat' dir='ltr'><strong>per</strong></span> <span class='ocrx_word' id='word_1_213' title='bbox 1653 2825 1821 2895; x_wconf 87' lang='lat' dir='ltr'><strong>hypo-</strong></span> 
     </span>
    </p>
   </div>
   <div class='ocr_carea' id='block_1_31' title="bbox 201 2910 1566 2977">
    <p class='ocr_par' dir='ltr' id='par_1_31' title="bbox 201 2910 1566 2977">
     <span class='ocr_line' id='line_1_31' title="bbox 201 2910 1566 2977; baseline 0.005 -13"><span class='ocrx_word' id='word_1_214' title='bbox 201 2910 415 2965; x_wconf 84' lang='lat' dir='ltr'><strong>crisim</strong></span> <span class='ocrx_word' id='word_1_215' title='bbox 444 2911 618 2977; x_wconf 84' lang='lat' dir='ltr'><strong>facta,</strong></span> <span class='ocrx_word' id='word_1_216' title='bbox 651 2913 719 2968; x_wconf 86' lang='lat' dir='ltr'><strong>ab</strong></span> <span class='ocrx_word' id='word_1_217' title='bbox 746 2913 960 2968; x_wconf 89' lang='lat' dir='ltr'><strong>interna</strong></span> <span class='ocrx_word' id='word_1_218' title='bbox 988 2915 1241 2970; x_wconf 87' lang='lat' dir='ltr'><strong>ariditate</strong></span> <span class='ocrx_word' id='word_1_219' title='bbox 1261 2916 1566 2972; x_wconf 89' lang='lat' dir='ltr'><strong>subsidunt.</strong></span> 
     </span>
    </p>
   </div>
   <div class='ocr_carea' id='block_1_32' title="bbox 283 3002 1813 3076">
    <p class='ocr_par' dir='ltr' id='par_1_32' title="bbox 283 3002 1813 3076">
     <span class='ocr_line' id='line_1_32' title="bbox 283 3002 1813 3076; baseline 0.004 -19"><span class='ocrx_word' id='word_1_220' title='bbox 283 3002 472 3058; x_wconf 66' lang='lat' dir='ltr'><strong>Vens.</strong></span> <span class='ocrx_word' id='word_1_221' title='bbox 518 3004 604 3058; x_wconf 76' lang='lat' dir='ltr'><strong>M.</strong></span> <span class='ocrx_word' id='word_1_222' title='bbox 628 3035 699 3047; x_wconf 89' lang='lat'><strong>—-</strong></span> <span class='ocrx_word' id='word_1_223' title='bbox 732 3024 751 3058; x_wconf 74' lang='grc' dir='ltr'><strong><em>ι</em></strong></span> <span class='ocrx_word' id='word_1_224' title='bbox 790 3006 891 3074; x_wconf 93' lang='lat' dir='ltr'><strong>Qui</strong></span> <span class='ocrx_word' id='word_1_225' title='bbox 918 3006 1104 3076; x_wconf 89' lang='lat' dir='ltr'><strong>jurant</strong></span> <span class='ocrx_word' id='word_1_226' title='bbox 1135 3008 1186 3062; x_wconf 91' lang='lat' dir='ltr'><strong>in</strong></span> <span class='ocrx_word' id='word_1_227' title='bbox 1237 3009 1436 3066; x_wconf 91' lang='lat' dir='ltr'><strong>delicto</strong></span> <span class='ocrx_word' id='word_1_228' title='bbox 1480 3010 1758 3076; x_wconf 71' lang='lat' dir='ltr'><strong>Samariae,</strong></span> <span class='ocrx_word' id='word_1_229' title='bbox 1793 3030 1813 3063; x_wconf 75' lang='grc' dir='ltr'><strong><em>ι</em></strong></span> 
     </span>
    </p>
   </div>
   <div class='ocr_carea' id='block_1_33' title="bbox 202 3093 1817 3169">
    <p class='ocr_par' dir='ltr' id='par_1_33' title="bbox 202 3093 1817 3169">
     <span class='ocr_line' id='line_1_33' title="bbox 202 3093 1817 3169; baseline 0.008 -22"><span class='ocrx_word' id='word_1_230' title='bbox 202 3093 353 3163; x_wconf 85' lang='lat' dir='ltr'><strong>quia</strong></span> <span class='ocrx_word' id='word_1_231' title='bbox 378 3094 614 3152; x_wconf 88' lang='lat' dir='ltr'><strong>ﬁrmiter</strong></span> <span class='ocrx_word' id='word_1_232' title='bbox 642 3113 992 3169; x_wconf 85' lang='lat' dir='ltr'><strong>perseverare</strong></span> <span class='ocrx_word' id='word_1_233' title='bbox 1026 3102 1143 3157; x_wconf 89' lang='lat' dir='ltr'><strong>sine</strong></span> <span class='ocrx_word' id='word_1_234' title='bbox 1184 3101 1363 3158; x_wconf 88' lang='lat' dir='ltr'><strong>fructu</strong></span> <span class='ocrx_word' id='word_1_235' title='bbox 1414 3104 1655 3159; x_wconf 88' lang='lat' dir='ltr'><strong>interiori</strong></span> <span class='ocrx_word' id='word_1_236' title='bbox 1683 3105 1817 3160; x_wconf 82' lang='lat' dir='ltr'><strong>deli-</strong></span> 
     </span>
    </p>
   </div>
   <div class='ocr_carea' id='block_1_34' title="bbox 1925 595 3502 665">
    <p class='ocr_par' dir='ltr' id='par_1_34' title="bbox 1925 595 3502 665">
     <span class='ocr_line' id='line_1_34' title="bbox 1925 595 3502 665; baseline 0 -15"><span class='ocrx_word' id='word_1_237' title='bbox 1925 595 2173 665; x_wconf 82' lang='lat' dir='ltr'><strong>appellat.</strong></span> <span class='ocrx_word' id='word_1_238' title='bbox 2212 595 2448 649; x_wconf 84' lang='lat' dir='ltr'><strong>Avaritia</strong></span> <span class='ocrx_word' id='word_1_239' title='bbox 2480 598 2532 650; x_wconf 89' lang='lat' dir='ltr'><strong>in</strong></span> <span class='ocrx_word' id='word_1_240' title='bbox 2556 598 2719 665; x_wconf 84' lang='lat' dir='ltr'><strong>capite</strong></span> <span class='ocrx_word' id='word_1_241' title='bbox 2746 597 2975 650; x_wconf 85' lang='lat' dir='ltr'><strong>omnium</strong></span> <span class='ocrx_word' id='word_1_242' title='bbox 2995 605 3099 660; x_wconf 88' lang='lat' dir='ltr'><strong>est,</strong></span> <span class='ocrx_word' id='word_1_243' title='bbox 3133 611 3252 650; x_wconf 89' lang='lat' dir='ltr'><strong>eum</strong></span> <span class='ocrx_word' id='word_1_244' title='bbox 3285 596 3502 650; x_wconf 82' lang='lat' dir='ltr'><strong>honoris</strong></span> 
     </span>
    </p>
   </div>
   <div class='ocr_carea' id='block_1_35' title="bbox 1922 686 3500 759">
    <p class='ocr_par' dir='ltr' id='par_1_35' title="bbox 1922 686 3500 759">
     <span class='ocr_line' id='line_1_35' title="bbox 1922 686 3500 759; baseline 0.001 -17"><span class='ocrx_word' id='word_1_245' title='bbox 1922 696 1979 742; x_wconf 89' lang='lat' dir='ltr'><strong>et</strong></span> <span class='ocrx_word' id='word_1_246' title='bbox 2020 686 2220 743; x_wconf 83' lang='lat' dir='ltr'><strong>favoris</strong></span> <span class='ocrx_word' id='word_1_247' title='bbox 2275 689 2497 742; x_wconf 88' lang='lat' dir='ltr'><strong>ambitio</strong></span> <span class='ocrx_word' id='word_1_248' title='bbox 2550 689 2831 759; x_wconf 85' lang='lat' dir='ltr'><strong>principali</strong></span> <span class='ocrx_word' id='word_1_249' title='bbox 2894 690 3156 744; x_wconf 87' lang='lat' dir='ltr'><strong>mentium</strong></span> <span class='ocrx_word' id='word_1_250' title='bbox 3216 689 3500 743; x_wconf 88' lang='lat' dir='ltr'><strong>intentioni</strong></span> 
     </span>
    </p>
   </div>
   <div class='ocr_carea' id='block_1_36' title="bbox 1924 780 3502 853">
    <p class='ocr_par' dir='ltr' id='par_1_36' title="bbox 1924 780 3502 853">
     <span class='ocr_line' id='line_1_36' title="bbox 1924 780 3502 853; baseline 0 -16"><span class='ocrx_word' id='word_1_251' title='bbox 1924 781 2126 837; x_wconf 86' lang='lat' dir='ltr'><strong>subest.</strong></span> <span class='ocrx_word' id='word_1_252' title='bbox 2190 780 2546 851; x_wconf 75' lang='lat' dir='ltr'><strong>Nouissimam</strong></span> <span class='ocrx_word' id='word_1_253' title='bbox 2601 798 2780 837; x_wconf 83' lang='lat' dir='ltr'><strong>eorum</strong></span> <span class='ocrx_word' id='word_1_254' title='bbox 2827 784 2880 836; x_wconf 90' lang='lat' dir='ltr'><strong>in</strong></span> <span class='ocrx_word' id='word_1_255' title='bbox 2929 782 3108 853; x_wconf 80' lang='lat' dir='ltr'><strong>gladio</strong></span> <span class='ocrx_word' id='word_1_256' title='bbox 3159 782 3502 849; x_wconf 88' lang='lat' dir='ltr'><strong>interﬁcitur,</strong></span> 
     </span>
    </p>
   </div>
   <div class='ocr_carea' id='block_1_37' title="bbox 1924 873 3505 944">
    <p class='ocr_par' dir='ltr' id='par_1_37' title="bbox 1924 873 3505 944">
     <span class='ocr_line' id='line_1_37' title="bbox 1924 873 3505 944; baseline -0.001 -14"><span class='ocrx_word' id='word_1_257' title='bbox 1924 889 2045 930; x_wconf 91' lang='lat' dir='ltr'><strong>eum</strong></span> <span class='ocrx_word' id='word_1_258' title='bbox 2068 888 2282 944; x_wconf 84' lang='lat' dir='ltr'><strong>corpus,</strong></span> <span class='ocrx_word' id='word_1_259' title='bbox 2316 873 2457 943; x_wconf 89' lang='lat' dir='ltr'><strong>quod</strong></span> <span class='ocrx_word' id='word_1_260' title='bbox 2486 873 2605 929; x_wconf 77' lang='lat' dir='ltr'><strong>ideo</strong></span> <span class='ocrx_word' id='word_1_261' title='bbox 2635 874 2969 929; x_wconf 82' lang='lat' dir='ltr'><strong>novissimum</strong></span> <span class='ocrx_word' id='word_1_262' title='bbox 2996 876 3216 941; x_wconf 89' lang='lat' dir='ltr'><strong>dicitur,</strong></span> <span class='ocrx_word' id='word_1_263' title='bbox 3239 875 3363 944; x_wconf 88' lang='lat' dir='ltr'><strong>quia</strong></span> <span class='ocrx_word' id='word_1_264' title='bbox 3390 890 3505 929; x_wconf 90' lang='lat' dir='ltr'><strong>ma-</strong></span> 
     </span>
    </p>
   </div>
   <div class='ocr_carea' id='block_1_38' title="bbox 1923 964 3504 1035">
    <p class='ocr_par' dir='ltr' id='par_1_38' title="bbox 1923 964 3504 1035">
     <span class='ocr_line' id='line_1_38' title="bbox 1923 964 3504 1035; baseline 0.001 -18"><span class='ocrx_word' id='word_1_265' title='bbox 1923 964 2004 1033; x_wconf 91' lang='lat' dir='ltr'><strong>gis</strong></span> <span class='ocrx_word' id='word_1_266' title='bbox 2041 979 2199 1033; x_wconf 89' lang='lat' dir='ltr'><strong>quam</strong></span> <span class='ocrx_word' id='word_1_267' title='bbox 2236 979 2390 1020; x_wconf 89' lang='lat' dir='ltr'><strong>mens</strong></span> <span class='ocrx_word' id='word_1_268' title='bbox 2417 964 2728 1030; x_wconf 72' lang='lat' dir='ltr'><strong>contiguum</strong></span> <span class='ocrx_word' id='word_1_269' title='bbox 2756 980 2874 1021; x_wconf 89' lang='lat' dir='ltr'><strong>esse</strong></span> <span class='ocrx_word' id='word_1_270' title='bbox 2920 966 3271 1035; x_wconf 80' lang='lat' dir='ltr'><strong>dignoscitur,</strong></span> <span class='ocrx_word' id='word_1_271' title='bbox 3320 965 3504 1022; x_wconf 85' lang='lat' dir='ltr'><strong>lethali</strong></span> 
     </span>
    </p>
   </div>
   <div class='ocr_carea' id='block_1_39' title="bbox 1923 1056 3507 1129">
    <p class='ocr_par' dir='ltr' id='par_1_39' title="bbox 1923 1056 3507 1129">
     <span class='ocr_line' id='line_1_39' title="bbox 1923 1056 3507 1129; baseline 0.001 -19"><span class='ocrx_word' id='word_1_272' title='bbox 1923 1064 2147 1125; x_wconf 89' lang='lat' dir='ltr'><strong>peccato</strong></span> <span class='ocrx_word' id='word_1_273' title='bbox 2174 1056 2458 1112; x_wconf 87' lang='lat' dir='ltr'><strong>addicitur.</strong></span> <span class='ocrx_word' id='word_1_274' title='bbox 2497 1075 2515 1107; x_wconf 82' lang='lat'><strong>¢</strong></span> <span class='ocrx_word' id='word_1_275' title='bbox 2563 1056 2678 1110; x_wconf 79' lang='lat' dir='ltr'><strong>Non</strong></span> <span class='ocrx_word' id='word_1_276' title='bbox 2732 1057 2835 1115; x_wconf 92' lang='lat' dir='ltr'><strong>erit</strong></span> <span class='ocrx_word' id='word_1_277' title='bbox 2887 1057 3010 1127; x_wconf 89' lang='lat' dir='ltr'><strong>fuga</strong></span> <span class='ocrx_word' id='word_1_278' title='bbox 3069 1060 3168 1114; x_wconf 90' lang='lat' dir='ltr'><strong>eis.</strong></span> <span class='ocrx_word' id='word_1_279' title='bbox 3211 1060 3424 1129; x_wconf 83' lang='lat' dir='ltr'><strong>Fugiet,</strong></span> <span class='ocrx_word' id='word_1_280' title='bbox 3452 1067 3507 1112; x_wconf 86' lang='lat' dir='ltr'><strong>et</strong></span> 
     </span>
    </p>
   </div>
   <div class='ocr_carea' id='block_1_40' title="bbox 1929 1147 3508 1220">
    <p class='ocr_par' dir='ltr' id='par_1_40' title="bbox 1929 1147 3508 1220">
     <span class='ocr_line' id='line_1_40' title="bbox 1929 1147 3508 1220; baseline 0.003 -22"><span class='ocrx_word' id='word_1_281' title='bbox 1929 1166 1947 1198; x_wconf 75' lang='grc' dir='ltr'>ι</span> <span class='ocrx_word' id='word_1_282' title='bbox 1994 1163 2099 1202; x_wconf 88' lang='lat' dir='ltr'><strong>nou</strong></span> <span class='ocrx_word' id='word_1_283' title='bbox 2130 1148 2426 1203; x_wconf 86' lang='lat' dir='ltr'><strong>salvahitur</strong></span> <span class='ocrx_word' id='word_1_284' title='bbox 2472 1162 2538 1203; x_wconf 82' lang='lat' dir='ltr'><strong>cx</strong></span> <span class='ocrx_word' id='word_1_285' title='bbox 2577 1148 2656 1201; x_wconf 88' lang='lat' dir='ltr'><strong>eis</strong></span> <span class='ocrx_word' id='word_1_286' title='bbox 2683 1147 2773 1217; x_wconf 89' lang='lat' dir='ltr'><strong>qui</strong></span> <span class='ocrx_word' id='word_1_287' title='bbox 2828 1147 3040 1216; x_wconf 83' lang='lat' dir='ltr'><strong>fugerit.</strong></span> <span class='ocrx_word' id='word_1_288' title='bbox 3082 1158 3111 1199; x_wconf 75' lang='grc'><strong>»⁸</strong></span> <span class='ocrx_word' id='word_1_289' title='bbox 3144 1150 3289 1220; x_wconf 82' lang='lat' dir='ltr'><strong>Fuga</strong></span> <span class='ocrx_word' id='word_1_290' title='bbox 3336 1151 3508 1220; x_wconf 81' lang='lat' dir='ltr'><strong>hypo-</strong></span> 
     </span>
    </p>
   </div>
   <div class='ocr_carea' id='block_1_41' title="bbox 1922 1237 3506 1307">
    <p class='ocr_par' dir='ltr' id='par_1_41' title="bbox 1922 1237 3506 1307">
     <span class='ocr_line' id='line_1_41' title="bbox 1922 1237 3506 1307; baseline 0 -13"><span class='ocrx_word' id='word_1_291' title='bbox 1922 1238 2075 1294; x_wconf 89' lang='lat' dir='ltr'><strong>eritis</strong></span> <span class='ocrx_word' id='word_1_292' title='bbox 2105 1254 2210 1293; x_wconf 93' lang='lat' dir='ltr'><strong>non</strong></span> <span class='ocrx_word' id='word_1_293' title='bbox 2242 1247 2345 1301; x_wconf 90' lang='lat' dir='ltr'><strong>est,</strong></span> <span class='ocrx_word' id='word_1_294' title='bbox 2379 1254 2500 1292; x_wconf 92' lang='lat' dir='ltr'><strong>cum</strong></span> <span class='ocrx_word' id='word_1_295' title='bbox 2530 1237 2637 1293; x_wconf 91' lang='lat' dir='ltr'><strong>illic</strong></span> <span class='ocrx_word' id='word_1_296' title='bbox 2667 1239 2861 1292; x_wconf 86' lang='lat' dir='ltr'><strong>timore</strong></span> <span class='ocrx_word' id='word_1_297' title='bbox 2889 1238 3179 1307; x_wconf 82' lang='lat' dir='ltr'><strong>trepidant,</strong></span> <span class='ocrx_word' id='word_1_298' title='bbox 3218 1240 3306 1293; x_wconf 88' lang='lat' dir='ltr'><strong>ubi</strong></span> <span class='ocrx_word' id='word_1_299' title='bbox 3342 1240 3506 1294; x_wconf 90' lang='lat' dir='ltr'><strong>timor</strong></span> 
     </span>
    </p>
   </div>
   <div class='ocr_carea' id='block_1_42' title="bbox 1923 1329 3509 1401">
    <p class='ocr_par' dir='ltr' id='par_1_42' title="bbox 1923 1329 3509 1401">
     <span class='ocr_line' id='line_1_42' title="bbox 1923 1329 3509 1401; baseline -0.001 -15"><span class='ocrx_word' id='word_1_300' title='bbox 1923 1347 2028 1386; x_wconf 90' lang='lat' dir='ltr'><strong>non</strong></span> <span class='ocrx_word' id='word_1_301' title='bbox 2062 1340 2163 1387; x_wconf 88' lang='lat' dir='ltr'><strong>est.</strong></span> <span class='ocrx_word' id='word_1_302' title='bbox 2204 1330 2348 1401; x_wconf 86' lang='lat' dir='ltr'><strong>Fuga</strong></span> <span class='ocrx_word' id='word_1_303' title='bbox 2376 1347 2607 1401; x_wconf 86' lang='lat' dir='ltr'><strong>namque</strong></span> <span class='ocrx_word' id='word_1_304' title='bbox 2636 1330 2800 1385; x_wconf 89' lang='lat' dir='ltr'><strong>animi</strong></span> <span class='ocrx_word' id='word_1_305' title='bbox 2846 1330 3008 1385; x_wconf 89' lang='lat' dir='ltr'><strong>timor</strong></span> <span class='ocrx_word' id='word_1_306' title='bbox 3053 1340 3156 1384; x_wconf 88' lang='lat' dir='ltr'><strong>cst.</strong></span> <span class='ocrx_word' id='word_1_307' title='bbox 3193 1329 3392 1385; x_wconf 89' lang='lat' dir='ltr'><strong>Tamen</strong></span> <span class='ocrx_word' id='word_1_308' title='bbox 3426 1333 3509 1385; x_wconf 87' lang='lat' dir='ltr'><strong>fu-</strong></span> 
     </span>
    </p>
   </div>
   <div class='ocr_carea' id='block_1_43' title="bbox 1922 1419 3499 1491">
    <p class='ocr_par' dir='ltr' id='par_1_43' title="bbox 1922 1419 3499 1491">
     <span class='ocr_line' id='line_1_43' title="bbox 1922 1419 3499 1491; baseline -0.001 -16"><span class='ocrx_word' id='word_1_309' title='bbox 1922 1422 2095 1491; x_wconf 89' lang='lat' dir='ltr'><strong>giunt,</strong></span> <span class='ocrx_word' id='word_1_310' title='bbox 2143 1422 2266 1491; x_wconf 86' lang='lat' dir='ltr'><strong>quia</strong></span> <span class='ocrx_word' id='word_1_311' title='bbox 2309 1436 2420 1475; x_wconf 65' lang='lat' dir='ltr'><strong>suae</strong></span> <span class='ocrx_word' id='word_1_312' title='bbox 2466 1420 2638 1476; x_wconf 87' lang='lat' dir='ltr'><strong>laudis</strong></span> <span class='ocrx_word' id='word_1_313' title='bbox 2680 1420 2789 1475; x_wconf 91' lang='lat' dir='ltr'><strong>sola</strong></span> <span class='ocrx_word' id='word_1_314' title='bbox 2838 1420 3031 1475; x_wconf 87' lang='lat' dir='ltr'><strong>damna</strong></span> <span class='ocrx_word' id='word_1_315' title='bbox 3082 1429 3346 1475; x_wconf 88' lang='lat' dir='ltr'><strong>metuunt.</strong></span> <span class='ocrx_word' id='word_1_316' title='bbox 3398 1419 3499 1486; x_wconf 88' lang='lat' dir='ltr'><strong>Qui</strong></span> 
     </span>
    </p>
   </div>
   <div class='ocr_carea' id='block_1_44' title="bbox 1922 1512 3510 1584">
    <p class='ocr_par' dir='ltr' id='par_1_44' title="bbox 1922 1512 3510 1584">
     <span class='ocr_line' id='line_1_44' title="bbox 1922 1512 3510 1584; baseline -0.002 -18"><span class='ocrx_word' id='word_1_317' title='bbox 1922 1528 2052 1568; x_wconf 87' lang='lat' dir='ltr'><strong>vero</strong></span> <span class='ocrx_word' id='word_1_318' title='bbox 2106 1513 2324 1584; x_wconf 91' lang='lat' dir='ltr'><strong>fugerit,</strong></span> <span class='ocrx_word' id='word_1_319' title='bbox 2359 1528 2465 1566; x_wconf 91' lang='lat' dir='ltr'><strong>non</strong></span> <span class='ocrx_word' id='word_1_320' title='bbox 2500 1512 2761 1577; x_wconf 86' lang='lat' dir='ltr'><strong>salvatur,</strong></span> <span class='ocrx_word' id='word_1_321' title='bbox 2791 1512 2916 1581; x_wconf 87' lang='lat' dir='ltr'><strong>quia</strong></span> <span class='ocrx_word' id='word_1_322' title='bbox 2950 1512 3193 1582; x_wconf 89' lang='lat' dir='ltr'><strong>quisquis</strong></span> <span class='ocrx_word' id='word_1_323' title='bbox 3217 1512 3317 1567; x_wconf 91' lang='lat' dir='ltr'><strong>hoc</strong></span> <span class='ocrx_word' id='word_1_324' title='bbox 3352 1512 3510 1567; x_wconf 86' lang='lat' dir='ltr'><strong>modo</strong></span> 
     </span>
    </p>
   </div>
   <div class='ocr_carea' id='block_1_45' title="bbox 1924 1604 3510 1675">
    <p class='ocr_par' dir='ltr' id='par_1_45' title="bbox 1924 1604 3510 1675">
     <span class='ocr_line' id='line_1_45' title="bbox 1924 1604 3510 1675; baseline 0.001 -17"><span class='ocrx_word' id='word_1_325' title='bbox 1924 1604 2182 1670; x_wconf 89' lang='lat' dir='ltr'><strong>timuerit,</strong></span> <span class='ocrx_word' id='word_1_326' title='bbox 2213 1620 2553 1674; x_wconf 86' lang='lat' dir='ltr'><strong>nequaquam</strong></span> <span class='ocrx_word' id='word_1_327' title='bbox 2581 1620 2609 1657; x_wconf 89' lang='lat' dir='ltr'><strong>a</strong></span> <span class='ocrx_word' id='word_1_328' title='bbox 2642 1604 2733 1658; x_wconf 91' lang='lat' dir='ltr'><strong>Dei</strong></span> <span class='ocrx_word' id='word_1_329' title='bbox 2760 1605 2984 1674; x_wconf 89' lang='lat' dir='ltr'><strong>judicio,</strong></span> <span class='ocrx_word' id='word_1_330' title='bbox 3017 1606 3157 1675; x_wconf 90' lang='lat' dir='ltr'><strong>quod</strong></span> <span class='ocrx_word' id='word_1_331' title='bbox 3192 1604 3510 1675; x_wconf 87' lang='lat' dir='ltr'><strong>plerumque</strong></span> 
     </span>
    </p>
   </div>
   <div class='ocr_carea' id='block_1_46' title="bbox 1921 1692 2776 1763">
    <p class='ocr_par' dir='ltr' id='par_1_46' title="bbox 1921 1692 2776 1763">
     <span class='ocr_line' id='line_1_46' title="bbox 1921 1692 2776 1763; baseline -0.002 -16"><span class='ocrx_word' id='word_1_332' title='bbox 1921 1703 2141 1761; x_wconf 87' lang='lat' dir='ltr'><strong>peccata</strong></span> <span class='ocrx_word' id='word_1_333' title='bbox 2166 1692 2432 1763; x_wconf 87' lang='lat' dir='ltr'><strong>propalat,</strong></span> <span class='ocrx_word' id='word_1_334' title='bbox 2459 1702 2776 1748; x_wconf 84' lang='lat' dir='ltr'><strong>contutatur</strong></span> 
     </span>
    </p>
   </div>
   <div class='ocr_carea' id='block_1_47' title="bbox 1992 1804 3509 1875">
    <p class='ocr_par' dir='ltr' id='par_1_47' title="bbox 1992 1804 3509 1875">
     <span class='ocr_line' id='line_1_47' title="bbox 1992 1804 3509 1875; baseline -0.001 -17"><span class='ocrx_word' id='word_1_335' title='bbox 1992 1806 2157 1861; x_wconf 77' lang='lat' dir='ltr'><strong>Vens.</strong></span> <span class='ocrx_word' id='word_1_336' title='bbox 2196 1807 2250 1860; x_wconf 94' lang='lat'><strong>2.</strong></span> <span class='ocrx_word' id='word_1_337' title='bbox 2275 1825 2382 1856; x_wconf 78' lang='grc' dir='ltr'><strong>-ι</strong></span> <span class='ocrx_word' id='word_1_338' title='bbox 2426 1805 2482 1860; x_wconf 91' lang='lat' dir='ltr'><strong>Si</strong></span> <span class='ocrx_word' id='word_1_339' title='bbox 2533 1806 2907 1861; x_wconf 85' lang='lat' dir='ltr'><strong>descenderint</strong></span> <span class='ocrx_word' id='word_1_340' title='bbox 2928 1821 3095 1875; x_wconf 89' lang='lat' dir='ltr'><strong>usque</strong></span> <span class='ocrx_word' id='word_1_341' title='bbox 3118 1804 3181 1858; x_wconf 90' lang='lat' dir='ltr'><strong>ad</strong></span> <span class='ocrx_word' id='word_1_342' title='bbox 3209 1804 3509 1869; x_wconf 88' lang='lat' dir='ltr'><strong>infernum,</strong></span> 
     </span>
    </p>
   </div>
   <div class='ocr_carea' id='block_1_48' title="bbox 1927 1897 3509 1967">
    <p class='ocr_par' dir='ltr' id='par_1_48' title="bbox 1927 1897 3509 1967">
     <span class='ocr_line' id='line_1_48' title="bbox 1927 1897 3509 1967; baseline 0.001 -17"><span class='ocrx_word' id='word_1_343' title='bbox 1927 1918 1945 1950; x_wconf 73' lang='grc' dir='ltr'>ι</span> <span class='ocrx_word' id='word_1_344' title='bbox 1994 1898 2120 1953; x_wconf 90' lang='lat' dir='ltr'><strong>inde</strong></span> <span class='ocrx_word' id='word_1_345' title='bbox 2148 1914 2338 1953; x_wconf 87' lang='lat' dir='ltr'><strong>manus</strong></span> <span class='ocrx_word' id='word_1_346' title='bbox 2370 1914 2488 1953; x_wconf 90' lang='lat' dir='ltr'><strong>mea</strong></span> <span class='ocrx_word' id='word_1_347' title='bbox 2520 1900 2716 1953; x_wconf 88' lang='lat' dir='ltr'><strong>educet</strong></span> <span class='ocrx_word' id='word_1_348' title='bbox 2761 1914 2874 1954; x_wconf 91' lang='lat' dir='ltr'><strong>eos.</strong></span> <span class='ocrx_word' id='word_1_349' title='bbox 2928 1919 2945 1950; x_wconf 86' lang='grc'><strong>›</strong></span> <span class='ocrx_word' id='word_1_350' title='bbox 2984 1900 3063 1952; x_wconf 79' lang='lat' dir='ltr'><strong>Ad</strong></span> <span class='ocrx_word' id='word_1_351' title='bbox 3111 1899 3376 1967; x_wconf 68' lang='lat' dir='ltr'><strong>infernum</strong></span> <span class='ocrx_word' id='word_1_352' title='bbox 3413 1897 3509 1952; x_wconf 87' lang='lat' dir='ltr'><strong>de-</strong></span> 
     </span>
    </p>
   </div>
   <div class='ocr_carea' id='block_1_49' title="bbox 1922 1990 3506 2060">
    <p class='ocr_par' dir='ltr' id='par_1_49' title="bbox 1922 1990 3506 2060">
     <span class='ocr_line' id='line_1_49' title="bbox 1922 1990 3506 2060; baseline -0.001 -16"><span class='ocrx_word' id='word_1_353' title='bbox 1922 1992 2210 2055; x_wconf 89' lang='lat' dir='ltr'><strong>scendunt,</strong></span> <span class='ocrx_word' id='word_1_354' title='bbox 2235 1991 2324 2059; x_wconf 92' lang='lat' dir='ltr'><strong>qui</strong></span> <span class='ocrx_word' id='word_1_355' title='bbox 2357 1990 2498 2044; x_wconf 90' lang='lat' dir='ltr'><strong>nulla</strong></span> <span class='ocrx_word' id='word_1_356' title='bbox 2529 1991 2725 2060; x_wconf 85' lang='lat' dir='ltr'><strong>pietate</strong></span> <span class='ocrx_word' id='word_1_357' title='bbox 2749 1991 2815 2045; x_wconf 90' lang='lat' dir='ltr'><strong>ad</strong></span> <span class='ocrx_word' id='word_1_358' title='bbox 2842 1992 3128 2046; x_wconf 90' lang='lat' dir='ltr'><strong>Dominum</strong></span> <span class='ocrx_word' id='word_1_359' title='bbox 3162 1990 3506 2058; x_wconf 89' lang='lat' dir='ltr'><strong>resipiscunt.</strong></span> 
     </span>
    </p>
   </div>
   <div class='ocr_carea' id='block_1_50' title="bbox 1920 2081 3514 2153">
    <p class='ocr_par' dir='ltr' id='par_1_50' title="bbox 1920 2081 3514 2153">
     <span class='ocr_line' id='line_1_50' title="bbox 1920 2081 3514 2153; baseline 0.001 -18"><span class='ocrx_word' id='word_1_360' title='bbox 1920 2081 2050 2136; x_wconf 86' lang='lat' dir='ltr'><strong>Inde</strong></span> <span class='ocrx_word' id='word_1_361' title='bbox 2078 2098 2265 2135; x_wconf 85' lang='lat' dir='ltr'><strong>manus</strong></span> <span class='ocrx_word' id='word_1_362' title='bbox 2311 2081 2407 2138; x_wconf 91' lang='lat' dir='ltr'><strong>Dei</strong></span> <span class='ocrx_word' id='word_1_363' title='bbox 2439 2099 2527 2137; x_wconf 76' lang='lat' dir='ltr'><strong>eos</strong></span> <span class='ocrx_word' id='word_1_364' title='bbox 2580 2084 2779 2149; x_wconf 88' lang='lat' dir='ltr'><strong>educit,</strong></span> <span class='ocrx_word' id='word_1_365' title='bbox 2815 2097 2936 2137; x_wconf 92' lang='lat' dir='ltr'><strong>cum</strong></span> <span class='ocrx_word' id='word_1_366' title='bbox 2970 2099 3079 2152; x_wconf 91' lang='lat' dir='ltr'><strong>quo</strong></span> <span class='ocrx_word' id='word_1_367' title='bbox 3117 2083 3514 2153; x_wconf 87' lang='lat' dir='ltr'><strong>desperatiores</strong></span> 
     </span>
    </p>
   </div>
   <div class='ocr_carea' id='block_1_51' title="bbox 1922 2173 3539 2242">
    <p class='ocr_par' dir='ltr' id='par_1_51' title="bbox 1922 2173 3539 2242">
     <span class='ocr_line' id='line_1_51' title="bbox 1922 2173 3539 2242; baseline -0.001 -13"><span class='ocrx_word' id='word_1_368' title='bbox 1922 2181 2069 2239; x_wconf 89' lang='lat' dir='ltr'><strong>sunt,</strong></span> <span class='ocrx_word' id='word_1_369' title='bbox 2103 2183 2251 2228; x_wconf 88' lang='lat' dir='ltr'><strong>tanto</strong></span> <span class='ocrx_word' id='word_1_370' title='bbox 2286 2173 2498 2228; x_wconf 84' lang='lat' dir='ltr'><strong>facilius</strong></span> <span class='ocrx_word' id='word_1_371' title='bbox 2528 2176 2593 2229; x_wconf 91' lang='lat' dir='ltr'><strong>is.</strong></span> <span class='ocrx_word' id='word_1_372' title='bbox 2635 2175 2734 2242; x_wconf 90' lang='lat' dir='ltr'><strong>Qui</strong></span> <span class='ocrx_word' id='word_1_373' title='bbox 2768 2175 2952 2229; x_wconf 91' lang='lat' dir='ltr'><strong>educit</strong></span> <span class='ocrx_word' id='word_1_374' title='bbox 2977 2175 3185 2229; x_wconf 88' lang='lat' dir='ltr'><strong>vinctos</strong></span> <span class='ocrx_word' id='word_1_375' title='bbox 3216 2176 3268 2228; x_wconf 91' lang='lat' dir='ltr'><strong>in</strong></span> <span class='ocrx_word' id='word_1_376' title='bbox 3293 2175 3539 2229; x_wconf 24' lang='lat' dir='ltr'><strong>fortitu-A</strong></span> 
     </span>
    </p>
   </div>
   <div class='ocr_carea' id='block_1_52' title="bbox 1921 2266 3508 2338">
    <p class='ocr_par' dir='ltr' id='par_1_52' title="bbox 1921 2266 3508 2338">
     <span class='ocr_line' id='line_1_52' title="bbox 1921 2266 3508 2338; baseline 0.001 -18"><span class='ocrx_word' id='word_1_377' title='bbox 1921 2266 2068 2327; x_wconf 89' lang='lat' dir='ltr'><strong>dine,</strong></span> <span class='ocrx_word' id='word_1_378' title='bbox 2092 2275 2147 2321; x_wconf 90' lang='lat' dir='ltr'><strong>et</strong></span> <span class='ocrx_word' id='word_1_379' title='bbox 2168 2267 2221 2320; x_wconf 90' lang='lat' dir='ltr'><strong>in</strong></span> <span class='ocrx_word' id='word_1_380' title='bbox 2245 2268 2508 2336; x_wconf 89' lang='lat' dir='ltr'><strong>sepulcris</strong></span> <span class='ocrx_word' id='word_1_381' title='bbox 2535 2268 2840 2322; x_wconf 83' lang='lat' dir='ltr'><strong>habitantes</strong></span> <span class='ocrx_word' id='word_1_382' title='bbox 2863 2283 2955 2322; x_wconf 89' lang='lat' dir='ltr'><strong>eos</strong></span> <span class='ocrx_word' id='word_1_383' title='bbox 2976 2269 3120 2323; x_wconf 84' lang='lat' dir='ltr'><strong>eruit</strong></span> <span class='ocrx_word' id='word_1_384' title='bbox 3150 2266 3323 2338; x_wconf 81' lang='lat' dir='ltr'><strong>(Psal.</strong></span> <span class='ocrx_word' id='word_1_385' title='bbox 3342 2283 3508 2333; x_wconf 81' lang='lat' dir='ltr'><strong>vau,</strong></span> 
     </span>
    </p>
   </div>
   <div class='ocr_carea' id='block_1_53' title="bbox 1924 2359 3515 2430">
    <p class='ocr_par' dir='ltr' id='par_1_53' title="bbox 1924 2359 3515 2430">
     <span class='ocr_line' id='line_1_53' title="bbox 1924 2359 3515 2430; baseline 0.002 -18"><span class='ocrx_word' id='word_1_386' title='bbox 1924 2360 1998 2430; x_wconf 89' lang='lat'><strong>7).</strong></span> <span class='ocrx_word' id='word_1_387' title='bbox 2037 2379 2054 2411; x_wconf 76' lang='grc' dir='ltr'><strong><em>ι</em></strong></span> <span class='ocrx_word' id='word_1_388' title='bbox 2093 2359 2160 2413; x_wconf 86' lang='lat' dir='ltr'><strong>Et</strong></span> <span class='ocrx_word' id='word_1_389' title='bbox 2188 2359 2232 2413; x_wconf 93' lang='lat' dir='ltr'><strong>si</strong></span> <span class='ocrx_word' id='word_1_390' title='bbox 2265 2359 2641 2415; x_wconf 86' lang='lat' dir='ltr'><strong>descenderint</strong></span> <span class='ocrx_word' id='word_1_391' title='bbox 2665 2376 2833 2430; x_wconf 89' lang='lat' dir='ltr'><strong>usque</strong></span> <span class='ocrx_word' id='word_1_392' title='bbox 2856 2360 2921 2415; x_wconf 89' lang='lat' dir='ltr'><strong>ad</strong></span> <span class='ocrx_word' id='word_1_393' title='bbox 2954 2360 3169 2425; x_wconf 62' lang='lat' dir='ltr'><strong>coelum,</strong></span> <span class='ocrx_word' id='word_1_394' title='bbox 3198 2362 3320 2416; x_wconf 91' lang='lat' dir='ltr'><strong>inde</strong></span> <span class='ocrx_word' id='word_1_395' title='bbox 3334 2363 3515 2415; x_wconf 86' lang='lat' dir='ltr'><strong>detra-</strong></span> 
     </span>
    </p>
   </div>
   <div class='ocr_carea' id='block_1_54' title="bbox 1929 2451 3505 2519">
    <p class='ocr_par' dir='ltr' id='par_1_54' title="bbox 1929 2451 3505 2519">
     <span class='ocr_line' id='line_1_54' title="bbox 1929 2451 3505 2519; baseline 0.003 -17"><span class='ocrx_word' id='word_1_396' title='bbox 1929 2471 1946 2502; x_wconf 78' lang='grc' dir='ltr'>ι</span> <span class='ocrx_word' id='word_1_397' title='bbox 1987 2452 2111 2506; x_wconf 89' lang='lat' dir='ltr'><strong>ham</strong></span> <span class='ocrx_word' id='word_1_398' title='bbox 2139 2465 2252 2505; x_wconf 92' lang='lat' dir='ltr'><strong>eos.</strong></span> <span class='ocrx_word' id='word_1_399' title='bbox 2291 2470 2309 2502; x_wconf 76' lang='grc' dir='ltr'><strong>ι</strong></span> <span class='ocrx_word' id='word_1_400' title='bbox 2344 2451 2425 2504; x_wconf 81' lang='lat' dir='ltr'><strong>Ad</strong></span> <span class='ocrx_word' id='word_1_401' title='bbox 2454 2451 2637 2506; x_wconf 70' lang='lat' dir='ltr'><strong>cretum</strong></span> <span class='ocrx_word' id='word_1_402' title='bbox 2669 2453 2965 2509; x_wconf 85' lang='lat' dir='ltr'><strong>ascendens</strong></span> <span class='ocrx_word' id='word_1_403' title='bbox 3006 2453 3129 2507; x_wconf 87' lang='lat' dir='ltr'><strong>inde</strong></span> <span class='ocrx_word' id='word_1_404' title='bbox 3181 2453 3505 2519; x_wconf 80' lang='lat' dir='ltr'><strong>detrahitur,</strong></span> 
     </span>
    </p>
   </div>
   <div class='ocr_carea' id='block_1_55' title="bbox 1923 2544 3513 2617">
    <p class='ocr_par' dir='ltr' id='par_1_55' title="bbox 1923 2544 3513 2617">
     <span class='ocr_line' id='line_1_55' title="bbox 1923 2544 3513 2617; baseline 0.001 -17"><span class='ocrx_word' id='word_1_405' title='bbox 1923 2546 2016 2616; x_wconf 88' lang='lat' dir='ltr'><strong>qui</strong></span> <span class='ocrx_word' id='word_1_406' title='bbox 2059 2546 2234 2601; x_wconf 90' lang='lat' dir='ltr'><strong>elatus</strong></span> <span class='ocrx_word' id='word_1_407' title='bbox 2264 2548 2318 2601; x_wconf 91' lang='lat' dir='ltr'><strong>in</strong></span> <span class='ocrx_word' id='word_1_408' title='bbox 2348 2546 2656 2616; x_wconf 88' lang='lat' dir='ltr'><strong>superbiam</strong></span> <span class='ocrx_word' id='word_1_409' title='bbox 2702 2554 2792 2611; x_wconf 91' lang='lat' dir='ltr'><strong>ut,</strong></span> <span class='ocrx_word' id='word_1_410' title='bbox 2839 2544 2992 2612; x_wconf 81' lang='lat' dir='ltr'><strong>juxta</strong></span> <span class='ocrx_word' id='word_1_411' title='bbox 3040 2544 3159 2610; x_wconf 82' lang='lat' dir='ltr'><strong>Job,</strong></span> <span class='ocrx_word' id='word_1_412' title='bbox 3209 2544 3513 2617; x_wconf 76' lang='lat' dir='ltr'><strong>caputeius</strong></span> 
     </span>
    </p>
   </div>
   <div class='ocr_carea' id='block_1_56' title="bbox 1902 2637 3511 2709">
    <p class='ocr_par' dir='ltr' id='par_1_56' title="bbox 1902 2637 3511 2709">
     <span class='ocr_line' id='line_1_56' title="bbox 1902 2637 3511 2709; baseline 0.001 -18"><span class='ocrx_word' id='word_1_413' title='bbox 1902 2638 2095 2693; x_wconf 79' lang='lat' dir='ltr'><strong>‘nubes</strong></span> <span class='ocrx_word' id='word_1_414' title='bbox 2126 2646 2311 2709; x_wconf 79' lang='lat' dir='ltr'><strong>tangat</strong></span> <span class='ocrx_word' id='word_1_415' title='bbox 2361 2638 2482 2708; x_wconf 81' lang='lat' dir='ltr'><strong>(Job</strong></span> <span class='ocrx_word' id='word_1_416' title='bbox 2538 2653 2628 2704; x_wconf 83' lang='lat' dir='ltr'><strong>xx,</strong></span> <span class='ocrx_word' id='word_1_417' title='bbox 2686 2637 2764 2707; x_wconf 84' lang='lat'><strong>6),</strong></span> <span class='ocrx_word' id='word_1_418' title='bbox 2809 2638 2963 2707; x_wconf 89' lang='lat' dir='ltr'><strong>quasi</strong></span> <span class='ocrx_word' id='word_1_419' title='bbox 3012 2639 3412 2709; x_wconf 85' lang='lat' dir='ltr'><strong>sterquilinium</strong></span> <span class='ocrx_word' id='word_1_420' title='bbox 3458 2640 3511 2693; x_wconf 91' lang='lat' dir='ltr'><strong>in</strong></span> 
     </span>
    </p>
   </div>
   <div class='ocr_carea' id='block_1_57' title="bbox 1924 2729 2409 2800">
    <p class='ocr_par' dir='ltr' id='par_1_57' title="bbox 1924 2729 2409 2800">
     <span class='ocr_line' id='line_1_57' title="bbox 1924 2729 2409 2800; baseline -0.002 -16"><span class='ocrx_word' id='word_1_421' title='bbox 1924 2729 2033 2785; x_wconf 91' lang='lat' dir='ltr'><strong>ﬁne</strong></span> <span class='ocrx_word' id='word_1_422' title='bbox 2057 2730 2409 2800; x_wconf 89' lang='lat' dir='ltr'><strong>disperditur.</strong></span> 
     </span>
    </p>
   </div>
   <div class='ocr_carea' id='block_1_58' title="bbox 1997 2836 3512 2896">
    <p class='ocr_par' dir='ltr' id='par_1_58' title="bbox 1997 2836 3512 2896">
     <span class='ocr_line' id='line_1_58' title="bbox 1997 2836 3512 2896; baseline -0.005 0"><span class='ocrx_word' id='word_1_423' title='bbox 1997 2842 2163 2896; x_wconf 79' lang='lat' dir='ltr'><strong>Vens.</strong></span> <span class='ocrx_word' id='word_1_424' title='bbox 2204 2841 2258 2895; x_wconf 79' lang='grc'><strong>5.</strong></span> <span class='ocrx_word' id='word_1_425' title='bbox 2307 2869 2376 2879; x_wconf 86' lang='lat'><strong>-—</strong></span> <span class='ocrx_word' id='word_1_426' title='bbox 2409 2857 2429 2891; x_wconf 70' lang='grc' dir='ltr'>ι</span> <span class='ocrx_word' id='word_1_427' title='bbox 2470 2838 2583 2894; x_wconf 89' lang='lat' dir='ltr'><strong>Etsi</strong></span> <span class='ocrx_word' id='word_1_428' title='bbox 2609 2837 2908 2894; x_wconf 87' lang='lat' dir='ltr'><strong>absconditi</strong></span> <span class='ocrx_word' id='word_1_429' title='bbox 2951 2837 3151 2893; x_wconf 85' lang='lat' dir='ltr'><strong>fuerint</strong></span> <span class='ocrx_word' id='word_1_430' title='bbox 3199 2836 3251 2891; x_wconf 92' lang='lat' dir='ltr'><strong>in</strong></span> <span class='ocrx_word' id='word_1_431' title='bbox 3311 2844 3512 2891; x_wconf 82' lang='lat' dir='ltr'><strong>vertice</strong></span> 
     </span>
    </p>
   </div>
   <div class='ocr_carea' id='block_1_59' title="bbox 1930 2927 3514 2999">
    <p class='ocr_par' dir='ltr' id='par_1_59' title="bbox 1930 2927 3514 2999">
     <span class='ocr_line' id='line_1_59' title="bbox 1930 2927 3514 2999; baseline -0.001 -15"><span class='ocrx_word' id='word_1_432' title='bbox 1930 2952 1950 2984; x_wconf 87' lang='grc'><em>‹</em></span> <span class='ocrx_word' id='word_1_433' title='bbox 1993 2933 2249 2999; x_wconf 86' lang='lat' dir='ltr'><strong>Carmeli,</strong></span> <span class='ocrx_word' id='word_1_434' title='bbox 2298 2932 2422 2988; x_wconf 87' lang='lat' dir='ltr'><strong>inde</strong></span> <span class='ocrx_word' id='word_1_435' title='bbox 2472 2939 2725 2987; x_wconf 89' lang='lat' dir='ltr'><strong>scrutans</strong></span> <span class='ocrx_word' id='word_1_436' title='bbox 2767 2930 3007 2985; x_wconf 85' lang='lat' dir='ltr'><strong>auferam</strong></span> <span class='ocrx_word' id='word_1_437' title='bbox 3032 2944 3145 2985; x_wconf 91' lang='lat' dir='ltr'><strong>eos.</strong></span> <span class='ocrx_word' id='word_1_438' title='bbox 3181 2948 3200 2981; x_wconf 76' lang='grc' dir='ltr'><strong><em>ι</em></strong></span> <span class='ocrx_word' id='word_1_439' title='bbox 3236 2927 3514 2984; x_wconf 88' lang='lat' dir='ltr'><strong>Carmelus</strong></span> 
     </span>
    </p>
   </div>
   <div class='ocr_carea' id='block_1_60' title="bbox 1924 3020 3512 3096">
    <p class='ocr_par' dir='ltr' id='par_1_60' title="bbox 1924 3020 3512 3096">
     <span class='ocr_line' id='line_1_60' title="bbox 1924 3020 3512 3096; baseline -0.004 -17"><span class='ocrx_word' id='word_1_440' title='bbox 1924 3025 2318 3096; x_wconf 89' lang='lat' dir='ltr'><strong>interpretatur</strong></span> <span class='ocrx_word' id='word_1_441' title='bbox 2343 3024 2548 3089; x_wconf 76' lang='lat' dir='ltr'><strong>mollis;</strong></span> <span class='ocrx_word' id='word_1_442' title='bbox 2578 3032 2765 3078; x_wconf 82' lang='lat' dir='ltr'><strong>vertex</strong></span> <span class='ocrx_word' id='word_1_443' title='bbox 2794 3031 2975 3077; x_wconf 89' lang='lat' dir='ltr'><strong>autem</strong></span> <span class='ocrx_word' id='word_1_444' title='bbox 2997 3021 3290 3091; x_wconf 77' lang='lat' dir='ltr'><strong>superbiam</strong></span> <span class='ocrx_word' id='word_1_445' title='bbox 3316 3020 3512 3090; x_wconf 88' lang='lat' dir='ltr'><strong>signat,</strong></span> 
     </span>
    </p>
   </div>
   <div class='ocr_carea' id='block_1_61' title="bbox 1926 3112 3517 3193">
    <p class='ocr_par' dir='ltr' id='par_1_61' title="bbox 1926 3112 3517 3193">
     <span class='ocr_line' id='line_1_61' title="bbox 1926 3112 3517 3193; baseline -0.004 -20"><span class='ocrx_word' id='word_1_446' title='bbox 1926 3129 1987 3174; x_wconf 90' lang='lat' dir='ltr'><strong>ut</strong></span> <span class='ocrx_word' id='word_1_447' title='bbox 2030 3128 2114 3174; x_wconf 88' lang='lat' dir='ltr'><strong>est</strong></span> <span class='ocrx_word' id='word_1_448' title='bbox 2171 3118 2300 3174; x_wconf 88' lang='lat' dir='ltr'><strong>illud</strong></span> <span class='ocrx_word' id='word_1_449' title='bbox 2335 3117 2476 3189; x_wconf 89' lang='lat' dir='ltr'><strong>quod</strong></span> <span class='ocrx_word' id='word_1_450' title='bbox 2508 3117 2747 3185; x_wconf 85' lang='lat' dir='ltr'><strong>psalmus</strong></span> <span class='ocrx_word' id='word_1_451' title='bbox 2774 3117 3033 3171; x_wconf 89' lang='lat' dir='ltr'><strong>verticem</strong></span> <span class='ocrx_word' id='word_1_452' title='bbox 3074 3113 3250 3185; x_wconf 89' lang='lat' dir='ltr'><strong>capilli</strong></span> <span class='ocrx_word' id='word_1_453' title='bbox 3282 3112 3517 3193; x_wconf 82' lang='lat' dir='ltr'><strong>appellat</strong></span> 
     </span>
    </p>
   </div>
   <div class='ocr_carea' id='block_1_62' title="bbox 205 3188 3511 3284">
    <p class='ocr_par' dir='ltr' id='par_1_62' title="bbox 205 3188 3511 3284">
     <span class='ocr_line' id='line_1_62' title="bbox 205 3188 3511 3284; baseline 0.001 -27"><span class='ocrx_word' id='word_1_454' title='bbox 205 3196 361 3257; x_wconf 76' lang='grc' dir='ltr'><strong>ευηι</strong></span> <span class='ocrx_word' id='word_1_455' title='bbox 391 3188 449 3284; x_wconf 51' lang='grc' dir='ltr'><strong>ξιξ</strong></span> <span class='ocrx_word' id='word_1_456' title='bbox 479 3189 768 3284; x_wconf 43' lang='lat' dir='ltr'><strong>“inmitem</strong></span> <span class='ocrx_word' id='word_1_457' title='bbox 790 3193 1077 3250; x_wconf 68' lang='grc' dir='ltr'><strong>θιῑετίοΐίε</strong></span> <span class='ocrx_word' id='word_1_458' title='bbox 1105 3197 1382 3252; x_wconf 63' lang='grc' dir='ltr'><strong>ουδιοάίωο</strong></span> <span class='ocrx_word' id='word_1_459' title='bbox 1408 3196 1652 3251; x_wconf 68' lang='lat' dir='ltr'><strong>Samaria</strong></span> <span class='ocrx_word' id='word_1_460' title='bbox 1673 3198 1817 3252; x_wconf 73' lang='lat' dir='ltr'><strong>enim</strong></span> <span class='ocrx_word' id='word_1_461' title='bbox 1852 3228 1893 3284; x_wconf 70' lang='grc' dir='ltr'>ο</span> <span class='ocrx_word' id='word_1_462' title='bbox 1929 3210 2102 3282; x_wconf 82' lang='lat' dir='ltr'><strong>(Psal.</strong></span> <span class='ocrx_word' id='word_1_463' title='bbox 2142 3226 2309 3275; x_wconf 79' lang='lat' dir='ltr'><strong>vau,</strong></span> <span class='ocrx_word' id='word_1_464' title='bbox 2341 3188 2454 3279; x_wconf 87' lang='lat'><strong>22).</strong></span> <span class='ocrx_word' id='word_1_465' title='bbox 2485 3209 2540 3263; x_wconf 91' lang='lat' dir='ltr'><strong>In</strong></span> <span class='ocrx_word' id='word_1_466' title='bbox 2573 3210 2776 3264; x_wconf 89' lang='lat' dir='ltr'><strong>vertice</strong></span> <span class='ocrx_word' id='word_1_467' title='bbox 2823 3208 3054 3263; x_wconf 83' lang='lat' dir='ltr'><strong>Carmeli</strong></span> <span class='ocrx_word' id='word_1_468' title='bbox 3083 3190 3511 3271; x_wconf 81' lang='lat' dir='ltr'><strong>abscondantur,</strong></span> 
     </span>
    </p>
   </div>
   <div class='ocr_carea' id='block_1_63' title="bbox 207 3280 1817 3359">
    <p class='ocr_par' dir='ltr' id='par_1_63' title="bbox 207 3280 1817 3359">
     <span class='ocr_line' id='line_1_63' title="bbox 207 3280 1817 3359; baseline 0.009 -27"><span class='ocrx_word' id='word_1_469' title='bbox 207 3280 475 3334; x_wconf 74' lang='lat' dir='ltr'><strong>custodia</strong></span> <span class='ocrx_word' id='word_1_470' title='bbox 501 3282 715 3338; x_wconf 91' lang='lat' dir='ltr'><strong>dicitur.</strong></span> <span class='ocrx_word' id='word_1_471' title='bbox 770 3305 789 3337; x_wconf 75' lang='grc' dir='ltr'>ι</span> <span class='ocrx_word' id='word_1_472' title='bbox 830 3285 993 3354; x_wconf 84' lang='lat' dir='ltr'><strong>Vivit,</strong></span> <span class='ocrx_word' id='word_1_473' title='bbox 1036 3287 1304 3359; x_wconf 91' lang='lat' dir='ltr'><strong>inquiunt,</strong></span> <span class='ocrx_word' id='word_1_474' title='bbox 1355 3290 1495 3346; x_wconf 90' lang='lat' dir='ltr'><strong>Deus</strong></span> <span class='ocrx_word' id='word_1_475' title='bbox 1529 3301 1649 3345; x_wconf 87' lang='lat' dir='ltr'><strong>tuus</strong></span> <span class='ocrx_word' id='word_1_476' title='bbox 1681 3292 1817 3357; x_wconf 89' lang='lat' dir='ltr'><strong>Dan,</strong></span> 
     </span>
    </p>
   </div>
   <div class='ocr_carea' id='block_1_64' title="bbox 214 3375 1820 3455">
    <p class='ocr_par' dir='ltr' id='par_1_64' title="bbox 214 3375 1820 3455">
     <span class='ocr_line' id='line_1_64' title="bbox 214 3375 1820 3455; baseline 0.009 -29"><span class='ocrx_word' id='word_1_477' title='bbox 214 3390 236 3426; x_wconf 81' lang='grc' dir='ltr'>ι</span> <span class='ocrx_word' id='word_1_478' title='bbox 277 3382 350 3430; x_wconf 86' lang='lat' dir='ltr'><strong>et</strong></span> <span class='ocrx_word' id='word_1_479' title='bbox 382 3375 521 3430; x_wconf 83' lang='lat' dir='ltr'><strong>vivit</strong></span> <span class='ocrx_word' id='word_1_480' title='bbox 551 3377 633 3431; x_wconf 86' lang='lat' dir='ltr'><strong>via</strong></span> <span class='ocrx_word' id='word_1_481' title='bbox 662 3377 952 3446; x_wconf 88' lang='lat' dir='ltr'><strong>Bersabee,</strong></span> <span class='ocrx_word' id='word_1_482' title='bbox 979 3392 1035 3436; x_wconf 90' lang='lat' dir='ltr'><strong>et</strong></span> <span class='ocrx_word' id='word_1_483' title='bbox 1061 3382 1274 3449; x_wconf 88' lang='lat' dir='ltr'><strong>cadent,</strong></span> <span class='ocrx_word' id='word_1_484' title='bbox 1303 3392 1358 3439; x_wconf 89' lang='lat' dir='ltr'><strong>et</strong></span> <span class='ocrx_word' id='word_1_485' title='bbox 1405 3400 1509 3439; x_wconf 91' lang='lat' dir='ltr'><strong>non</strong></span> <span class='ocrx_word' id='word_1_486' title='bbox 1538 3395 1820 3455; x_wconf 86' lang='lat' dir='ltr'><strong>resurgeut</strong></span> 
     </span>
    </p>
   </div>
   <div class='ocr_carea' id='block_1_65' title="bbox 215 3465 1820 3546">
    <p class='ocr_par' dir='ltr' id='par_1_65' title="bbox 215 3465 1820 3546">
     <span class='ocr_line' id='line_1_65' title="bbox 215 3465 1820 3546; baseline 0.01 -29"><span class='ocrx_word' id='word_1_487' title='bbox 215 3482 237 3517; x_wconf 75' lang='grc' dir='ltr'>ι</span> <span class='ocrx_word' id='word_1_488' title='bbox 288 3465 472 3521; x_wconf 87' lang='lat' dir='ltr'><strong>ultra.</strong></span> <span class='ocrx_word' id='word_1_489' title='bbox 514 3487 534 3521; x_wconf 75' lang='grc' dir='ltr'><strong><em>ι</em></strong></span> <span class='ocrx_word' id='word_1_490' title='bbox 593 3469 708 3524; x_wconf 85' lang='lat' dir='ltr'><strong>Dan</strong></span> <span class='ocrx_word' id='word_1_491' title='bbox 768 3472 1161 3544; x_wconf 88' lang='lat' dir='ltr'><strong>interpretatur</strong></span> <span class='ocrx_word' id='word_1_492' title='bbox 1202 3475 1487 3546; x_wconf 85' lang='lat' dir='ltr'><strong>judicium.</strong></span> <span class='ocrx_word' id='word_1_493' title='bbox 1551 3476 1820 3534; x_wconf 88' lang='lat' dir='ltr'><strong>Bersabee</strong></span> 
     </span>
    </p>
   </div>
   <div class='ocr_carea' id='block_1_66' title="bbox 209 3565 1818 3639">
    <p class='ocr_par' dir='ltr' id='par_1_66' title="bbox 209 3565 1818 3639">
     <span class='ocr_line' id='line_1_66' title="bbox 209 3565 1818 3639; baseline 0.006 -26"><span class='ocrx_word' id='word_1_494' title='bbox 209 3568 415 3615; x_wconf 80' lang='lat' dir='ltr'><strong>autem</strong></span> <span class='ocrx_word' id='word_1_495' title='bbox 442 3570 630 3628; x_wconf 76' lang='lat' dir='ltr'><strong>puteus</strong></span> <span class='ocrx_word' id='word_1_496' title='bbox 661 3565 937 3620; x_wconf 73' lang='lat' dir='ltr'><strong>satietatis.</strong></span> <span class='ocrx_word' id='word_1_497' title='bbox 974 3565 1053 3622; x_wconf 84' lang='lat' dir='ltr'><strong>Ac</strong></span> <span class='ocrx_word' id='word_1_498' title='bbox 1088 3567 1133 3621; x_wconf 80' lang='lat' dir='ltr'><strong>si</strong></span> <span class='ocrx_word' id='word_1_499' title='bbox 1174 3568 1454 3622; x_wconf 88' lang='lat' dir='ltr'><strong>dicerent:</strong></span> <span class='ocrx_word' id='word_1_500' title='bbox 1490 3567 1554 3622; x_wconf 91' lang='lat' dir='ltr'><strong>Hi</strong></span> <span class='ocrx_word' id='word_1_501' title='bbox 1591 3570 1682 3639; x_wconf 90' lang='lat' dir='ltr'><strong>qui</strong></span> <span class='ocrx_word' id='word_1_502' title='bbox 1715 3570 1818 3623; x_wconf 89' lang='lat' dir='ltr'><strong>sibi</strong></span> 
     </span>
    </p>
   </div>
   <div class='ocr_carea' id='block_1_67' title="bbox 211 3648 1814 3731">
    <p class='ocr_par' dir='ltr' id='par_1_67' title="bbox 211 3648 1814 3731">
     <span class='ocr_line' id='line_1_67' title="bbox 211 3648 1814 3731; baseline 0.006 -27"><span class='ocrx_word' id='word_1_503' title='bbox 211 3648 325 3705; x_wconf 86' lang='lat' dir='ltr'><strong>Dei</strong></span> <span class='ocrx_word' id='word_1_504' title='bbox 377 3652 809 3710; x_wconf 88' lang='lat' dir='ltr'><strong>misericordiam</strong></span> <span class='ocrx_word' id='word_1_505' title='bbox 861 3668 984 3728; x_wconf 89' lang='lat' dir='ltr'><strong>post</strong></span> <span class='ocrx_word' id='word_1_506' title='bbox 1034 3658 1245 3730; x_wconf 78' lang='lat' dir='ltr'><strong>longam</strong></span> <span class='ocrx_word' id='word_1_507' title='bbox 1297 3661 1624 3731; x_wconf 89' lang='lat' dir='ltr'><strong>hypocrisim</strong></span> <span class='ocrx_word' id='word_1_508' title='bbox 1674 3663 1814 3717; x_wconf 83' lang='lat' dir='ltr'><strong>circa</strong></span> 
     </span>
    </p>
   </div>
   <div class='ocr_carea' id='block_1_68' title="bbox 216 3742 1815 3820">
    <p class='ocr_par' dir='ltr' id='par_1_68' title="bbox 216 3742 1815 3820">
     <span class='ocr_line' id='line_1_68' title="bbox 216 3742 1815 3820; baseline 0.006 -24"><span class='ocrx_word' id='word_1_509' title='bbox 216 3742 399 3797; x_wconf 86' lang='lat' dir='ltr'><strong>ﬁnem</strong></span> <span class='ocrx_word' id='word_1_510' title='bbox 448 3745 791 3813; x_wconf 84' lang='lat' dir='ltr'><strong>pollicentur,</strong></span> <span class='ocrx_word' id='word_1_511' title='bbox 843 3764 876 3802; x_wconf 89' lang='grc' dir='ltr'>ο</span> <span class='ocrx_word' id='word_1_512' title='bbox 925 3749 1164 3805; x_wconf 85' lang='lat' dir='ltr'><strong>terribile</strong></span> <span class='ocrx_word' id='word_1_513' title='bbox 1191 3751 1474 3820; x_wconf 86' lang='lat' dir='ltr'><strong>judicium,</strong></span> <span class='ocrx_word' id='word_1_514' title='bbox 1511 3752 1651 3806; x_wconf 80' lang='lat' dir='ltr'><strong>Deus</strong></span> <span class='ocrx_word' id='word_1_515' title='bbox 1676 3762 1815 3816; x_wconf 78' lang='lat' dir='ltr'><strong>tuus,</strong></span> 
     </span>
    </p>
   </div>
   <div class='ocr_carea' id='block_1_69' title="bbox 214 3833 1821 3912">
    <p class='ocr_par' dir='ltr' id='par_1_69' title="bbox 214 3833 1821 3912">
     <span class='ocr_line' id='line_1_69' title="bbox 214 3833 1821 3912; baseline 0.004 -22"><span class='ocrx_word' id='word_1_516' title='bbox 214 3836 320 3904; x_wconf 86' lang='lat' dir='ltr'><strong>qui</strong></span> <span class='ocrx_word' id='word_1_517' title='bbox 374 3835 608 3892; x_wconf 81' lang='lat' dir='ltr'><strong>salutem</strong></span> <span class='ocrx_word' id='word_1_518' title='bbox 647 3838 867 3895; x_wconf 85' lang='lat' dir='ltr'><strong>cuilibet</strong></span> <span class='ocrx_word' id='word_1_519' title='bbox 909 3855 1230 3911; x_wconf 90' lang='lat' dir='ltr'><strong>quacunque</strong></span> <span class='ocrx_word' id='word_1_520' title='bbox 1286 3842 1418 3896; x_wconf 91' lang='lat' dir='ltr'><strong>hora</strong></span> <span class='ocrx_word' id='word_1_521' title='bbox 1473 3833 1821 3912; x_wconf 77' lang='lat' dir='ltr'><strong>ingemuisset</strong></span> 
     </span>
    </p>
   </div>
   <div class='ocr_carea' id='block_1_70' title="bbox 217 3928 1818 4005">
    <p class='ocr_par' dir='ltr' id='par_1_70' title="bbox 217 3928 1818 4005">
     <span class='ocr_line' id='line_1_70' title="bbox 217 3928 1818 4005; baseline 0.003 -19"><span class='ocrx_word' id='word_1_522' title='bbox 217 3928 544 4001; x_wconf 85' lang='lat' dir='ltr'><strong>spopondit,</strong></span> <span class='ocrx_word' id='word_1_523' title='bbox 578 3932 716 3996; x_wconf 83' lang='lat' dir='ltr'><strong>vivit,</strong></span> <span class='ocrx_word' id='word_1_524' title='bbox 749 3933 873 4000; x_wconf 89' lang='lat' dir='ltr'><strong>quia</strong></span> <span class='ocrx_word' id='word_1_525' title='bbox 917 3933 1032 3988; x_wconf 88' lang='lat' dir='ltr'><strong>heri</strong></span> <span class='ocrx_word' id='word_1_526' title='bbox 1082 3945 1136 3989; x_wconf 92' lang='lat' dir='ltr'><strong>et</strong></span> <span class='ocrx_word' id='word_1_527' title='bbox 1164 3935 1319 3990; x_wconf 89' lang='lat' dir='ltr'><strong>hodie</strong></span> <span class='ocrx_word' id='word_1_528' title='bbox 1366 3936 1479 4005; x_wconf 85' lang='lat' dir='ltr'><strong>ipse</strong></span> <span class='ocrx_word' id='word_1_529' title='bbox 1505 3946 1590 3991; x_wconf 87' lang='lat' dir='ltr'><strong>est</strong></span> <span class='ocrx_word' id='word_1_530' title='bbox 1628 3935 1818 4001; x_wconf 79' lang='lat' dir='ltr'><strong>(Hebr.</strong></span> 
     </span>
    </p>
   </div>
   <div class='ocr_carea' id='block_1_71' title="bbox 216 4024 1819 4099">
    <p class='ocr_par' dir='ltr' id='par_1_71' title="bbox 216 4024 1819 4099">
     <span class='ocr_line' id='line_1_71' title="bbox 216 4024 1819 4099; baseline 0.002 -21"><span class='ocrx_word' id='word_1_531' title='bbox 216 4039 356 4089; x_wconf 76' lang='lat' dir='ltr'><strong>xm,</strong></span> <span class='ocrx_word' id='word_1_532' title='bbox 390 4024 486 4094; x_wconf 82' lang='lat'><strong>8);</strong></span> <span class='ocrx_word' id='word_1_533' title='bbox 528 4025 668 4079; x_wconf 89' lang='lat' dir='ltr'><strong>idem</strong></span> <span class='ocrx_word' id='word_1_534' title='bbox 694 4027 838 4096; x_wconf 91' lang='lat' dir='ltr'><strong>quod</strong></span> <span class='ocrx_word' id='word_1_535' title='bbox 869 4027 1119 4096; x_wconf 90' lang='lat' dir='ltr'><strong>promisit</strong></span> <span class='ocrx_word' id='word_1_536' title='bbox 1152 4028 1331 4084; x_wconf 80' lang='lat' dir='ltr'><strong>facere</strong></span> <span class='ocrx_word' id='word_1_537' title='bbox 1362 4041 1581 4099; x_wconf 89' lang='lat' dir='ltr'><strong>potens;</strong></span> <span class='ocrx_word' id='word_1_538' title='bbox 1639 4043 1730 4085; x_wconf 86' lang='lat' dir='ltr'><strong>seu</strong></span> <span class='ocrx_word' id='word_1_539' title='bbox 1767 4039 1819 4085; x_wconf 89' lang='lat' dir='ltr'><strong>et</strong></span> 
     </span>
    </p>
   </div>
   <div class='ocr_carea' id='block_1_72' title="bbox 218 4117 1820 4193">
    <p class='ocr_par' dir='ltr' id='par_1_72' title="bbox 218 4117 1820 4193">
     <span class='ocr_line' id='line_1_72' title="bbox 218 4117 1820 4193; baseline 0.004 -23"><span class='ocrx_word' id='word_1_540' title='bbox 218 4117 338 4183; x_wconf 66' lang='lat' dir='ltr'><strong>via,</strong></span> <span class='ocrx_word' id='word_1_541' title='bbox 372 4117 427 4172; x_wconf 92' lang='lat' dir='ltr'><strong>id</strong></span> <span class='ocrx_word' id='word_1_542' title='bbox 456 4128 539 4173; x_wconf 90' lang='lat' dir='ltr'><strong>est</strong></span> <span class='ocrx_word' id='word_1_543' title='bbox 576 4118 718 4173; x_wconf 89' lang='lat' dir='ltr'><strong>actio</strong></span> <span class='ocrx_word' id='word_1_544' title='bbox 760 4120 908 4191; x_wconf 86' lang='lat' dir='ltr'><strong>putei</strong></span> <span class='ocrx_word' id='word_1_545' title='bbox 948 4121 1238 4187; x_wconf 88' lang='lat' dir='ltr'><strong>satietatis,</strong></span> <span class='ocrx_word' id='word_1_546' title='bbox 1294 4123 1345 4176; x_wconf 91' lang='lat' dir='ltr'><strong>id</strong></span> <span class='ocrx_word' id='word_1_547' title='bbox 1372 4132 1455 4178; x_wconf 90' lang='lat' dir='ltr'><strong>est</strong></span> <span class='ocrx_word' id='word_1_548' title='bbox 1478 4123 1661 4193; x_wconf 58' lang='lat' dir='ltr'><strong>gloria</strong></span> <span class='ocrx_word' id='word_1_549' title='bbox 1688 4134 1820 4178; x_wconf 90' lang='lat' dir='ltr'><strong>tem-</strong></span> 
     </span>
    </p>
   </div>
   <div class='ocr_carea' id='block_1_73' title="bbox 222 4210 1820 4281">
    <p class='ocr_par' dir='ltr' id='par_1_73' title="bbox 222 4210 1820 4281">
     <span class='ocr_line' id='line_1_73' title="bbox 222 4210 1820 4281; baseline 0.004 -18"><span class='ocrx_word' id='word_1_550' title='bbox 222 4210 440 4281; x_wconf 86' lang='lat' dir='ltr'><strong>poralis</strong></span> <span class='ocrx_word' id='word_1_551' title='bbox 467 4212 693 4278; x_wconf 89' lang='lat' dir='ltr'><strong>advivit,</strong></span> <span class='ocrx_word' id='word_1_552' title='bbox 724 4212 1014 4281; x_wconf 88' lang='lat' dir='ltr'><strong>plurimum</strong></span> <span class='ocrx_word' id='word_1_553' title='bbox 1038 4215 1264 4270; x_wconf 85' lang='lat' dir='ltr'><strong>inﬁrmis</strong></span> <span class='ocrx_word' id='word_1_554' title='bbox 1290 4214 1558 4270; x_wconf 84' lang='lat' dir='ltr'><strong>mentibus</strong></span> <span class='ocrx_word' id='word_1_555' title='bbox 1571 4215 1653 4271; x_wconf 91' lang='lat' dir='ltr'><strong>sui</strong></span> <span class='ocrx_word' id='word_1_556' title='bbox 1674 4231 1820 4271; x_wconf 86' lang='lat' dir='ltr'><strong>com-</strong></span> 
     </span>
    </p>
   </div>
   <div class='ocr_carea' id='block_1_74' title="bbox 225 4304 1820 4377">
    <p class='ocr_par' dir='ltr' id='par_1_74' title="bbox 225 4304 1820 4377">
     <span class='ocr_line' id='line_1_74' title="bbox 225 4304 1820 4377; baseline 0.001 -19"><span class='ocrx_word' id='word_1_557' title='bbox 225 4304 499 4358; x_wconf 86' lang='lat' dir='ltr'><strong>moditate</strong></span> <span class='ocrx_word' id='word_1_558' title='bbox 527 4304 732 4360; x_wconf 84' lang='lat' dir='ltr'><strong>valens.</strong></span> <span class='ocrx_word' id='word_1_559' title='bbox 780 4305 921 4369; x_wconf 82' lang='lat' dir='ltr'><strong>Ideo,</strong></span> <span class='ocrx_word' id='word_1_560' title='bbox 975 4306 1053 4361; x_wconf 89' lang='lat' dir='ltr'><strong>ait</strong></span> <span class='ocrx_word' id='word_1_561' title='bbox 1104 4308 1383 4377; x_wconf 88' lang='lat' dir='ltr'><strong>propheta,</strong></span> <span class='ocrx_word' id='word_1_562' title='bbox 1418 4310 1602 4360; x_wconf 85' lang='lat' dir='ltr'><strong>cadent</strong></span> <span class='ocrx_word' id='word_1_563' title='bbox 1640 4318 1687 4360; x_wconf 88' lang='lat' dir='ltr'><strong>et</strong></span> <span class='ocrx_word' id='word_1_564' title='bbox 1718 4322 1820 4361; x_wconf 85' lang='lat' dir='ltr'><strong>non</strong></span> 
     </span>
    </p>
   </div>
   <div class='ocr_carea' id='block_1_75' title="bbox 227 4395 1821 4468">
    <p class='ocr_par' dir='ltr' id='par_1_75' title="bbox 227 4395 1821 4468">
     <span class='ocr_line' id='line_1_75' title="bbox 227 4395 1821 4468; baseline 0.003 -19"><span class='ocrx_word' id='word_1_565' title='bbox 227 4404 507 4463; x_wconf 56' lang='lat' dir='ltr'><strong>«surgent</strong></span> <span class='ocrx_word' id='word_1_566' title='bbox 535 4395 687 4449; x_wconf 80' lang='lat' dir='ltr'><strong>ultra.</strong></span> <span class='ocrx_word' id='word_1_567' title='bbox 739 4397 864 4467; x_wconf 91' lang='lat' dir='ltr'><strong>quia</strong></span> <span class='ocrx_word' id='word_1_568' title='bbox 895 4412 1002 4453; x_wconf 89' lang='lat' dir='ltr'><strong>non</strong></span> <span class='ocrx_word' id='word_1_569' title='bbox 1050 4398 1243 4453; x_wconf 88' lang='lat' dir='ltr'><strong>debent</strong></span> <span class='ocrx_word' id='word_1_570' title='bbox 1287 4398 1467 4453; x_wconf 86' lang='lat' dir='ltr'><strong>divina</strong></span> <span class='ocrx_word' id='word_1_571' title='bbox 1495 4398 1821 4468; x_wconf 87' lang='lat' dir='ltr'><strong>restringere</strong></span> 
     </span>
    </p>
   </div>
   <div class='ocr_carea' id='block_1_76' title="bbox 231 4486 879 4559">
    <p class='ocr_par' dir='ltr' id='par_1_76' title="bbox 231 4486 879 4559">
     <span class='ocr_line' id='line_1_76' title="bbox 231 4486 879 4559; baseline 0.003 -16"><span class='ocrx_word' id='word_1_572' title='bbox 231 4486 339 4543; x_wconf 85' lang='lat' dir='ltr'><strong>sub</strong></span> <span class='ocrx_word' id='word_1_573' title='bbox 376 4502 479 4542; x_wconf 90' lang='lat' dir='ltr'><strong>suo</strong></span> <span class='ocrx_word' id='word_1_574' title='bbox 501 4487 640 4543; x_wconf 83' lang='lat' dir='ltr'><strong>vede</strong></span> <span class='ocrx_word' id='word_1_575' title='bbox 658 4488 879 4559; x_wconf 83' lang='lat' dir='ltr'><strong>judicia.</strong></span> 
     </span>
    </p>
   </div>
   <div class='ocr_carea' id='block_1_77' title="bbox 853 4626 1210 4683">
    <p class='ocr_par' dir='ltr' id='par_1_77' title="bbox 853 4626 1210 4683">
     <span class='ocr_line' id='line_1_77' title="bbox 853 4626 1210 4683; baseline -0.006 0"><span class='ocrx_word' id='word_1_576' title='bbox 853 4627 1080 4683; x_wconf 81' lang='lat' dir='ltr'><strong>CAPUT</strong></span> <span class='ocrx_word' id='word_1_577' title='bbox 1120 4626 1210 4682; x_wconf 83' lang='lat' dir='ltr'><strong>IX.</strong></span> 
     </span>
    </p>
   </div>
   <div class='ocr_carea' id='block_1_78' title="bbox 306 4740 1819 4816">
    <p class='ocr_par' dir='ltr' id='par_1_78' title="bbox 306 4740 1819 4816">
     <span class='ocr_line' id='line_1_78' title="bbox 306 4740 1819 4816; baseline 0.002 -19"><span class='ocrx_word' id='word_1_578' title='bbox 306 4740 473 4797; x_wconf 73' lang='lat' dir='ltr'><strong>Vitas.</strong></span> <span class='ocrx_word' id='word_1_579' title='bbox 516 4743 569 4797; x_wconf 76' lang='grc'><strong>1.</strong></span> <span class='ocrx_word' id='word_1_580' title='bbox 591 4772 660 4782; x_wconf 91' lang='lat'><strong>—</strong></span> <span class='ocrx_word' id='word_1_581' title='bbox 685 4761 704 4796; x_wconf 76' lang='grc' dir='ltr'><strong><em>ι</em></strong></span> <span class='ocrx_word' id='word_1_582' title='bbox 741 4743 861 4799; x_wconf 90' lang='lat' dir='ltr'><strong>Vidi</strong></span> <span class='ocrx_word' id='word_1_583' title='bbox 882 4743 1167 4800; x_wconf 91' lang='lat' dir='ltr'><strong>Dominum</strong></span> <span class='ocrx_word' id='word_1_584' title='bbox 1193 4753 1422 4799; x_wconf 88' lang='lat' dir='ltr'><strong>stantem</strong></span> <span class='ocrx_word' id='word_1_585' title='bbox 1451 4761 1612 4816; x_wconf 88' lang='lat' dir='ltr'><strong>super</strong></span> <span class='ocrx_word' id='word_1_586' title='bbox 1631 4745 1819 4813; x_wconf 86' lang='lat' dir='ltr'><strong>altare,</strong></span> 
     </span>
    </p>
   </div>
   <div class='ocr_carea' id='block_1_79' title="bbox 242 4835 1823 4906">
    <p class='ocr_par' dir='ltr' id='par_1_79' title="bbox 242 4835 1823 4906">
     <span class='ocr_line' id='line_1_79' title="bbox 242 4835 1823 4906; baseline 0.005 -20"><span class='ocrx_word' id='word_1_587' title='bbox 242 4851 263 4886; x_wconf 72' lang='grc' dir='ltr'>ι</span> <span class='ocrx_word' id='word_1_588' title='bbox 308 4842 364 4891; x_wconf 90' lang='lat' dir='ltr'><strong>et</strong></span> <span class='ocrx_word' id='word_1_589' title='bbox 393 4835 584 4892; x_wconf 85' lang='lat' dir='ltr'><strong>dixit:</strong></span> <span class='ocrx_word' id='word_1_590' title='bbox 632 4836 860 4893; x_wconf 87' lang='lat' dir='ltr'><strong>Percute</strong></span> <span class='ocrx_word' id='word_1_591' title='bbox 909 4838 1217 4906; x_wconf 89' lang='lat' dir='ltr'><strong>cardinem,</strong></span> <span class='ocrx_word' id='word_1_592' title='bbox 1269 4848 1322 4893; x_wconf 92' lang='lat' dir='ltr'><strong>et</strong></span> <span class='ocrx_word' id='word_1_593' title='bbox 1379 4851 1823 4896; x_wconf 87' lang='lat' dir='ltr'><strong>commoveantur</strong></span> 
     </span>
    </p>
   </div>
   <div class='ocr_carea' id='block_1_80' title="bbox 244 4929 1823 5001">
    <p class='ocr_par' dir='ltr' id='par_1_80' title="bbox 244 4929 1823 5001">
     <span class='ocr_line' id='line_1_80' title="bbox 244 4929 1823 5001; baseline 0.006 -22"><span class='ocrx_word' id='word_1_594' title='bbox 244 4945 265 4979; x_wconf 77' lang='grc' dir='ltr'>ι</span> <span class='ocrx_word' id='word_1_595' title='bbox 310 4929 770 4999; x_wconf 85' lang='lat' dir='ltr'><strong>superliminaria.</strong></span> <span class='ocrx_word' id='word_1_596' title='bbox 810 4952 827 4983; x_wconf 77' lang='grc' dir='ltr'><strong><em>ι</em></strong></span> <span class='ocrx_word' id='word_1_597' title='bbox 871 4931 1129 4987; x_wconf 88' lang='lat' dir='ltr'><strong>Dominus</strong></span> <span class='ocrx_word' id='word_1_598' title='bbox 1162 4948 1319 5001; x_wconf 76' lang='lat' dir='ltr'><strong>super</strong></span> <span class='ocrx_word' id='word_1_599' title='bbox 1351 4933 1520 4987; x_wconf 84' lang='lat' dir='ltr'><strong>altare</strong></span> <span class='ocrx_word' id='word_1_600' title='bbox 1544 4941 1675 4999; x_wconf 88' lang='lat' dir='ltr'><strong>stat,</strong></span> <span class='ocrx_word' id='word_1_601' title='bbox 1701 4949 1823 4989; x_wconf 89' lang='lat' dir='ltr'><strong>cum</strong></span> 
     </span>
    </p>
   </div>
   <div class='ocr_carea' id='block_1_81' title="bbox 241 5022 1823 5097">
    <p class='ocr_par' dir='ltr' id='par_1_81' title="bbox 241 5022 1823 5097">
     <span class='ocr_line' id='line_1_81' title="bbox 241 5022 1823 5097; baseline 0.003 -19"><span class='ocrx_word' id='word_1_602' title='bbox 241 5036 382 5095; x_wconf 60' lang='lat' dir='ltr'><strong>agre</strong></span> <span class='ocrx_word' id='word_1_603' title='bbox 412 5022 593 5079; x_wconf 89' lang='lat' dir='ltr'><strong>ferens</strong></span> <span class='ocrx_word' id='word_1_604' title='bbox 615 5025 747 5079; x_wconf 87' lang='lat' dir='ltr'><strong>dura</strong></span> <span class='ocrx_word' id='word_1_605' title='bbox 776 5026 1245 5081; x_wconf 80' lang='lat' dir='ltr'><strong>animadversioiie</strong></span> <span class='ocrx_word' id='word_1_606' title='bbox 1273 5028 1547 5097; x_wconf 81' lang='lat' dir='ltr'><strong>pmposita</strong></span> <span class='ocrx_word' id='word_1_607' title='bbox 1573 5043 1823 5097; x_wconf 80' lang='lat' dir='ltr'><strong>perversa</strong></span> 
     </span>
    </p>
   </div>
   <div class='ocr_carea' id='block_1_82' title="bbox 244 5114 1827 5191">
    <p class='ocr_par' dir='ltr' id='par_1_82' title="bbox 244 5114 1827 5191">
     <span class='ocr_line' id='line_1_82' title="bbox 244 5114 1827 5191; baseline 0.004 -22"><span class='ocrx_word' id='word_1_608' title='bbox 244 5114 543 5186; x_wconf 83' lang='lat' dir='ltr'><strong>impugnat.</strong></span> <span class='ocrx_word' id='word_1_609' title='bbox 585 5116 692 5171; x_wconf 85' lang='lat' dir='ltr'><strong>Pro</strong></span> <span class='ocrx_word' id='word_1_610' title='bbox 716 5117 873 5173; x_wconf 84' lang='lat' dir='ltr'><strong>altari</strong></span> <span class='ocrx_word' id='word_1_611' title='bbox 903 5119 1047 5173; x_wconf 91' lang='lat' dir='ltr'><strong>enim</strong></span> <span class='ocrx_word' id='word_1_612' title='bbox 1081 5120 1297 5181; x_wconf 88' lang='lat' dir='ltr'><strong>habent,</strong></span> <span class='ocrx_word' id='word_1_613' title='bbox 1360 5120 1618 5189; x_wconf 88' lang='lat' dir='ltr'><strong>quidquid</strong></span> <span class='ocrx_word' id='word_1_614' title='bbox 1660 5122 1827 5191; x_wconf 88' lang='lat' dir='ltr'><strong>hypo-</strong></span> 
     </span>
    </p>
   </div>
   <div class='ocr_carea' id='block_1_83' title="bbox 247 5208 1822 5281">
    <p class='ocr_par' dir='ltr' id='par_1_83' title="bbox 247 5208 1822 5281">
     <span class='ocr_line' id='line_1_83' title="bbox 247 5208 1822 5281; baseline -0.001 -16"><span class='ocrx_word' id='word_1_615' title='bbox 247 5208 397 5265; x_wconf 68' lang='lat' dir='ltr'><strong>crita:</strong></span> <span class='ocrx_word' id='word_1_616' title='bbox 428 5210 554 5266; x_wconf 89' lang='lat' dir='ltr'><strong>novi</strong></span> <span class='ocrx_word' id='word_1_617' title='bbox 603 5210 831 5266; x_wconf 87' lang='lat' dir='ltr'><strong>instituti</strong></span> <span class='ocrx_word' id='word_1_618' title='bbox 877 5228 1131 5281; x_wconf 89' lang='lat' dir='ltr'><strong>maguum</strong></span> <span class='ocrx_word' id='word_1_619' title='bbox 1159 5211 1299 5281; x_wconf 88' lang='lat' dir='ltr'><strong>apud</strong></span> <span class='ocrx_word' id='word_1_620' title='bbox 1330 5227 1387 5266; x_wconf 92' lang='lat' dir='ltr'><strong>sc</strong></span> <span class='ocrx_word' id='word_1_621' title='bbox 1416 5220 1635 5266; x_wconf 89' lang='lat' dir='ltr'><strong>censent</strong></span> <span class='ocrx_word' id='word_1_622' title='bbox 1672 5230 1682 5265; x_wconf 93' lang='lat'>:</span> <span class='ocrx_word' id='word_1_623' title='bbox 1724 5212 1822 5279; x_wconf 91' lang='lat' dir='ltr'><strong>Qui</strong></span> 
     </span>
    </p>
   </div>
   <div class='ocr_carea' id='block_1_84' title="bbox 250 5301 1828 5373">
    <p class='ocr_par' dir='ltr' id='par_1_84' title="bbox 250 5301 1828 5373">
     <span class='ocr_line' id='line_1_84' title="bbox 250 5301 1828 5373; baseline -0.001 -16"><span class='ocrx_word' id='word_1_624' title='bbox 250 5303 389 5357; x_wconf 83' lang='lat' dir='ltr'><strong>enim</strong></span> <span class='ocrx_word' id='word_1_625' title='bbox 418 5311 530 5358; x_wconf 89' lang='lat' dir='ltr'><strong>stat</strong></span> <span class='ocrx_word' id='word_1_626' title='bbox 574 5302 629 5356; x_wconf 91' lang='lat' dir='ltr'><strong>in</strong></span> <span class='ocrx_word' id='word_1_627' title='bbox 683 5301 962 5373; x_wconf 83' lang='lat' dir='ltr'><strong>Synagoga</strong></span> <span class='ocrx_word' id='word_1_628' title='bbox 1002 5303 1255 5369; x_wconf 89' lang='lat' dir='ltr'><strong>Deorum,</strong></span> <span class='ocrx_word' id='word_1_629' title='bbox 1294 5303 1407 5373; x_wconf 87' lang='lat' dir='ltr'><strong>ipse</strong></span> <span class='ocrx_word' id='word_1_630' title='bbox 1431 5302 1595 5357; x_wconf 91' lang='lat' dir='ltr'><strong>etiam</strong></span> <span class='ocrx_word' id='word_1_631' title='bbox 1632 5303 1828 5372; x_wconf 88' lang='lat' dir='ltr'><strong>dijudi-</strong></span> 
     </span>
    </p>
   </div>
   <div class='ocr_carea' id='block_1_85' title="bbox 252 5392 1825 5467">
    <p class='ocr_par' dir='ltr' id='par_1_85' title="bbox 252 5392 1825 5467">
     <span class='ocr_line' id='line_1_85' title="bbox 252 5392 1825 5467; baseline -0.002 -19"><span class='ocrx_word' id='word_1_632' title='bbox 252 5403 334 5448; x_wconf 89' lang='lat' dir='ltr'><strong>cat</strong></span> <span class='ocrx_word' id='word_1_633' title='bbox 361 5392 536 5467; x_wconf 79' lang='lat' dir='ltr'><strong>(Psal.</strong></span> <span class='ocrx_word' id='word_1_634' title='bbox 568 5411 756 5459; x_wconf 80' lang='lat' dir='ltr'><strong>Lxxxt,</strong></span> <span class='ocrx_word' id='word_1_635' title='bbox 780 5396 853 5466; x_wconf 85' lang='lat' dir='ltr'><strong>l).</strong></span> <span class='ocrx_word' id='word_1_636' title='bbox 888 5394 1103 5450; x_wconf 89' lang='lat' dir='ltr'><strong>Pereuti</strong></span> <span class='ocrx_word' id='word_1_637' title='bbox 1130 5395 1394 5449; x_wconf 83' lang='lat' dir='ltr'><strong>cardinem</strong></span> <span class='ocrx_word' id='word_1_638' title='bbox 1421 5392 1595 5461; x_wconf 88' lang='lat' dir='ltr'><strong>jubet,</strong></span> <span class='ocrx_word' id='word_1_639' title='bbox 1632 5400 1689 5445; x_wconf 91' lang='lat' dir='ltr'><strong>ut</strong></span> <span class='ocrx_word' id='word_1_640' title='bbox 1731 5409 1825 5446; x_wconf 78' lang='lat' dir='ltr'><strong>su-</strong></span> 
     </span>
    </p>
   </div>
   <div class='ocr_carea' id='block_1_86' title="bbox 250 5485 1833 5556">
    <p class='ocr_par' dir='ltr' id='par_1_86' title="bbox 250 5485 1833 5556">
     <span class='ocr_line' id='line_1_86' title="bbox 250 5485 1833 5556; baseline -0.003 -17"><span class='ocrx_word' id='word_1_641' title='bbox 250 5488 605 5554; x_wconf 83' lang='lat' dir='ltr'><strong>perliminaria</strong></span> <span class='ocrx_word' id='word_1_642' title='bbox 633 5497 1072 5552; x_wconf 73' lang='lat' dir='ltr'><strong>commoveantur,</strong></span> <span class='ocrx_word' id='word_1_643' title='bbox 1101 5502 1224 5543; x_wconf 91' lang='lat' dir='ltr'><strong>cum</strong></span> <span class='ocrx_word' id='word_1_644' title='bbox 1250 5486 1693 5556; x_wconf 62' lang='lat' dir='ltr'><strong>prmdicationum</strong></span> <span class='ocrx_word' id='word_1_645' title='bbox 1718 5485 1833 5553; x_wconf 89' lang='lat' dir='ltr'><strong>spi-.</strong></span> 
     </span>
    </p>
   </div>
   <div class='ocr_carea' id='block_1_87' title="bbox 250 5580 1822 5652">
    <p class='ocr_par' dir='ltr' id='par_1_87' title="bbox 250 5580 1822 5652">
     <span class='ocr_line' id='line_1_87' title="bbox 250 5580 1822 5652; baseline -0.002 -18"><span class='ocrx_word' id='word_1_646' title='bbox 250 5580 378 5636; x_wconf 84' lang='lat' dir='ltr'><strong>culis</strong></span> <span class='ocrx_word' id='word_1_647' title='bbox 411 5583 578 5637; x_wconf 88' lang='lat' dir='ltr'><strong>corda</strong></span> <span class='ocrx_word' id='word_1_648' title='bbox 608 5583 852 5652; x_wconf 73' lang='lat' dir='ltr'><strong>pmcipit</strong></span> <span class='ocrx_word' id='word_1_649' title='bbox 886 5582 1179 5648; x_wconf 86' lang='lat' dir='ltr'><strong>vulnerari,</strong></span> <span class='ocrx_word' id='word_1_650' title='bbox 1213 5584 1264 5637; x_wconf 90' lang='lat' dir='ltr'><strong>in</strong></span> <span class='ocrx_word' id='word_1_651' title='bbox 1296 5590 1502 5636; x_wconf 89' lang='lat' dir='ltr'><strong>tantum</strong></span> <span class='ocrx_word' id='word_1_652' title='bbox 1535 5581 1822 5649; x_wconf 85' lang='lat' dir='ltr'><strong>siquidem,</strong></span> 
     </span>
    </p>
   </div>
   <div class='ocr_carea' id='block_1_88' title="bbox 251 5673 1825 5731">
    <p class='ocr_par' dir='ltr' id='par_1_88' title="bbox 251 5673 1825 5731">
     <span class='ocr_line' id='line_1_88' title="bbox 251 5673 1825 5731; baseline -0.001 -4"><span class='ocrx_word' id='word_1_653' title='bbox 251 5676 495 5730; x_wconf 90' lang='lat' dir='ltr'><strong>utetiam</strong></span> <span class='ocrx_word' id='word_1_654' title='bbox 534 5676 771 5730; x_wconf 81' lang='lat' dir='ltr'><strong>exterior</strong></span> <span class='ocrx_word' id='word_1_655' title='bbox 824 5677 1039 5731; x_wconf 82' lang='lat' dir='ltr'><strong>habitus</strong></span> <span class='ocrx_word' id='word_1_656' title='bbox 1094 5686 1474 5731; x_wconf 87' lang='lat' dir='ltr'><strong>commutetur.</strong></span> <span class='ocrx_word' id='word_1_657' title='bbox 1514 5694 1531 5725; x_wconf 86' lang='grc'><strong><em>‹</em></strong></span> <span class='ocrx_word' id='word_1_658' title='bbox 1580 5673 1825 5728; x_wconf 82' lang='lat' dir='ltr'><strong>Avaritia</strong></span> 
     </span>
    </p>
   </div>
   <div class='ocr_carea' id='block_1_89' title="bbox 255 5765 1825 5837">
    <p class='ocr_par' dir='ltr' id='par_1_89' title="bbox 255 5765 1825 5837">
     <span class='ocr_line' id='line_1_89' title="bbox 255 5765 1825 5837; baseline -0.001 -18"><span class='ocrx_word' id='word_1_659' title='bbox 255 5786 273 5819; x_wconf 75' lang='grc' dir='ltr'>ι</span> <span class='ocrx_word' id='word_1_660' title='bbox 311 5770 453 5824; x_wconf 89' lang='lat' dir='ltr'><strong>enim</strong></span> <span class='ocrx_word' id='word_1_661' title='bbox 486 5769 540 5823; x_wconf 91' lang='lat' dir='ltr'><strong>in</strong></span> <span class='ocrx_word' id='word_1_662' title='bbox 568 5769 748 5837; x_wconf 88' lang='lat' dir='ltr'><strong>capite</strong></span> <span class='ocrx_word' id='word_1_663' title='bbox 775 5770 1032 5831; x_wconf 86' lang='lat' dir='ltr'><strong>omnium,</strong></span> <span class='ocrx_word' id='word_1_664' title='bbox 1077 5779 1132 5823; x_wconf 92' lang='lat' dir='ltr'><strong>et</strong></span> <span class='ocrx_word' id='word_1_665' title='bbox 1166 5769 1513 5825; x_wconf 90' lang='lat' dir='ltr'><strong>novissimum</strong></span> <span class='ocrx_word' id='word_1_666' title='bbox 1546 5781 1732 5822; x_wconf 89' lang='lat' dir='ltr'><strong>eorum</strong></span> <span class='ocrx_word' id='word_1_667' title='bbox 1774 5765 1825 5817; x_wconf 91' lang='lat' dir='ltr'><strong>in</strong></span> 
     </span>
    </p>
   </div>
   <div class='ocr_carea' id='block_1_90' title="bbox 255 5858 1827 5934">
    <p class='ocr_par' dir='ltr' id='par_1_90' title="bbox 255 5858 1827 5934">
     <span class='ocr_line' id='line_1_90' title="bbox 255 5858 1827 5934; baseline -0.005 -14"><span class='ocrx_word' id='word_1_668' title='bbox 255 5878 275 5913; x_wconf 77' lang='grc' dir='ltr'>ι</span> <span class='ocrx_word' id='word_1_669' title='bbox 309 5861 487 5933; x_wconf 82' lang='lat' dir='ltr'><strong>gladio</strong></span> <span class='ocrx_word' id='word_1_670' title='bbox 513 5861 859 5919; x_wconf 83' lang='lat' dir='ltr'><strong>interﬁciam.</strong></span> <span class='ocrx_word' id='word_1_671' title='bbox 892 5882 911 5916; x_wconf 74' lang='grc' dir='ltr'><strong><em>ι</em></strong></span> <span class='ocrx_word' id='word_1_672' title='bbox 963 5862 1118 5931; x_wconf 85' lang='lat' dir='ltr'><strong>Quod</strong></span> <span class='ocrx_word' id='word_1_673' title='bbox 1163 5877 1325 5934; x_wconf 89' lang='lat' dir='ltr'><strong>super</strong></span> <span class='ocrx_word' id='word_1_674' title='bbox 1378 5861 1666 5927; x_wconf 83' lang='lat' dir='ltr'><strong>cardinem,</strong></span> <span class='ocrx_word' id='word_1_675' title='bbox 1725 5858 1827 5913; x_wconf 88' lang='lat' dir='ltr'><strong>hoc</strong></span> 
     </span>
    </p>
   </div>
   <div class='ocr_carea' id='block_1_91' title="bbox 1927 3299 3510 3374">
    <p class='ocr_par' dir='ltr' id='par_1_91' title="bbox 1927 3299 3510 3374">
     <span class='ocr_line' id='line_1_91' title="bbox 1927 3299 3510 3374; baseline -0.003 -16"><span class='ocrx_word' id='word_1_676' title='bbox 1927 3302 2018 3373; x_wconf 89' lang='lat' dir='ltr'><strong>qui</strong></span> <span class='ocrx_word' id='word_1_677' title='bbox 2047 3303 2114 3357; x_wconf 90' lang='lat' dir='ltr'><strong>de</strong></span> <span class='ocrx_word' id='word_1_678' title='bbox 2133 3317 2233 3359; x_wconf 86' lang='lat' dir='ltr'><strong>suo</strong></span> <span class='ocrx_word' id='word_1_679' title='bbox 2263 3302 2440 3374; x_wconf 89' lang='lat' dir='ltr'><strong>fragili</strong></span> <span class='ocrx_word' id='word_1_680' title='bbox 2468 3316 2633 3370; x_wconf 87' lang='lat' dir='ltr'><strong>opere</strong></span> <span class='ocrx_word' id='word_1_681' title='bbox 2667 3301 2721 3355; x_wconf 92' lang='lat' dir='ltr'><strong>in</strong></span> <span class='ocrx_word' id='word_1_682' title='bbox 2752 3317 2848 3355; x_wconf 90' lang='lat' dir='ltr'><strong>sua</strong></span> <span class='ocrx_word' id='word_1_683' title='bbox 2880 3300 3207 3371; x_wconf 89' lang='lat' dir='ltr'><strong>cogitatione</strong></span> <span class='ocrx_word' id='word_1_684' title='bbox 3236 3299 3510 3354; x_wconf 68' lang='lat' dir='ltr'><strong>laetantur.</strong></span> 
     </span>
    </p>
   </div>
   <div class='ocr_carea' id='block_1_92' title="bbox 1926 3391 3517 3455">
    <p class='ocr_par' dir='ltr' id='par_1_92' title="bbox 1926 3391 3517 3455">
     <span class='ocr_line' id='line_1_92' title="bbox 1926 3391 3517 3455; baseline -0.004 -6"><span class='ocrx_word' id='word_1_685' title='bbox 1926 3394 2053 3449; x_wconf 88' lang='lat' dir='ltr'><strong>Inde</strong></span> <span class='ocrx_word' id='word_1_686' title='bbox 2077 3406 2320 3449; x_wconf 77' lang='lat' dir='ltr'><strong>scrutaris</strong></span> <span class='ocrx_word' id='word_1_687' title='bbox 2346 3410 2431 3448; x_wconf 82' lang='lat' dir='ltr'><strong>eos</strong></span> <span class='ocrx_word' id='word_1_688' title='bbox 2462 3394 2604 3447; x_wconf 89' lang='lat' dir='ltr'><strong>Deus</strong></span> <span class='ocrx_word' id='word_1_689' title='bbox 2630 3391 2828 3455; x_wconf 87' lang='lat' dir='ltr'><strong>aufert,</strong></span> <span class='ocrx_word' id='word_1_690' title='bbox 2862 3407 2984 3446; x_wconf 89' lang='lat' dir='ltr'><strong>eum</strong></span> <span class='ocrx_word' id='word_1_691' title='bbox 3019 3406 3112 3445; x_wconf 92' lang='lat' dir='ltr'><strong>eos</strong></span> <span class='ocrx_word' id='word_1_692' title='bbox 3146 3391 3287 3444; x_wconf 90' lang='lat' dir='ltr'><strong>intra</strong></span> <span class='ocrx_word' id='word_1_693' title='bbox 3316 3405 3375 3445; x_wconf 92' lang='lat' dir='ltr'><strong>se</strong></span> <span class='ocrx_word' id='word_1_694' title='bbox 3404 3404 3517 3443; x_wconf 88' lang='lat' dir='ltr'><strong>me—</strong></span> 
     </span>
    </p>
   </div>
   <div class='ocr_carea' id='block_1_93' title="bbox 1926 3482 3516 3561">
    <p class='ocr_par' dir='ltr' id='par_1_93' title="bbox 1926 3482 3516 3561">
     <span class='ocr_line' id='line_1_93' title="bbox 1926 3482 3516 3561; baseline -0.003 -22"><span class='ocrx_word' id='word_1_695' title='bbox 1926 3486 2015 3539; x_wconf 89' lang='lat' dir='ltr'><strong>dia</strong></span> <span class='ocrx_word' id='word_1_696' title='bbox 2039 3485 2251 3539; x_wconf 89' lang='lat' dir='ltr'><strong>ratione</strong></span> <span class='ocrx_word' id='word_1_697' title='bbox 2274 3500 2437 3561; x_wconf 84' lang='lat' dir='ltr'><strong>super</strong></span> <span class='ocrx_word' id='word_1_698' title='bbox 2460 3499 2557 3540; x_wconf 87' lang='lat' dir='ltr'><strong>suo</strong></span> <span class='ocrx_word' id='word_1_699' title='bbox 2590 3484 2730 3553; x_wconf 87' lang='lat' dir='ltr'><strong>turpi</strong></span> <span class='ocrx_word' id='word_1_700' title='bbox 2758 3493 2881 3539; x_wconf 90' lang='lat' dir='ltr'><strong>actu</strong></span> <span class='ocrx_word' id='word_1_701' title='bbox 2915 3484 3231 3547; x_wconf 89' lang='lat' dir='ltr'><strong>discutiens,</strong></span> <span class='ocrx_word' id='word_1_702' title='bbox 3262 3498 3290 3535; x_wconf 88' lang='lat' dir='ltr'><strong>a</strong></span> <span class='ocrx_word' id='word_1_703' title='bbox 3333 3482 3516 3551; x_wconf 86' lang='lat' dir='ltr'><strong>pristi-</strong></span> 
     </span>
    </p>
   </div>
   <div class='ocr_carea' id='block_1_94' title="bbox 1926 3573 3514 3633">
    <p class='ocr_par' dir='ltr' id='par_1_94' title="bbox 1926 3573 3514 3633">
     <span class='ocr_line' id='line_1_94' title="bbox 1926 3573 3514 3633; baseline -0.003 -1"><span class='ocrx_word' id='word_1_704' title='bbox 1926 3578 2012 3632; x_wconf 90' lang='lat' dir='ltr'><strong>nis</strong></span> <span class='ocrx_word' id='word_1_705' title='bbox 2064 3577 2398 3631; x_wconf 68' lang='lat' dir='ltr'><strong>fteditatibus</strong></span> <span class='ocrx_word' id='word_1_706' title='bbox 2451 3578 2704 3633; x_wconf 89' lang='lat' dir='ltr'><strong>dimovet.</strong></span> <span class='ocrx_word' id='word_1_707' title='bbox 2755 3597 2772 3629; x_wconf 78' lang='grc' dir='ltr'>ι</span> <span class='ocrx_word' id='word_1_708' title='bbox 2832 3578 2947 3632; x_wconf 90' lang='lat' dir='ltr'><strong>Etsi</strong></span> <span class='ocrx_word' id='word_1_709' title='bbox 3005 3575 3301 3632; x_wconf 83' lang='lat' dir='ltr'><strong>celaverint</strong></span> <span class='ocrx_word' id='word_1_710' title='bbox 3347 3590 3404 3630; x_wconf 91' lang='lat' dir='ltr'><strong>se</strong></span> <span class='ocrx_word' id='word_1_711' title='bbox 3447 3573 3514 3627; x_wconf 89' lang='lat' dir='ltr'><strong>ab</strong></span> 
     </span>
    </p>
   </div>
   <div class='ocr_carea' id='block_1_95' title="bbox 1932 3668 3513 3737">
    <p class='ocr_par' dir='ltr' id='par_1_95' title="bbox 1932 3668 3513 3737">
     <span class='ocr_line' id='line_1_95' title="bbox 1932 3668 3513 3737; baseline -0.001 -16"><span class='ocrx_word' id='word_1_712' title='bbox 1932 3688 1951 3721; x_wconf 76' lang='grc' dir='ltr'>ι</span> <span class='ocrx_word' id='word_1_713' title='bbox 1997 3668 2169 3725; x_wconf 89' lang='lat' dir='ltr'><strong>oculis</strong></span> <span class='ocrx_word' id='word_1_714' title='bbox 2198 3672 2330 3724; x_wconf 89' lang='lat' dir='ltr'><strong>meis</strong></span> <span class='ocrx_word' id='word_1_715' title='bbox 2365 3669 2416 3723; x_wconf 92' lang='lat' dir='ltr'><strong>in</strong></span> <span class='ocrx_word' id='word_1_716' title='bbox 2450 3668 2614 3724; x_wconf 89' lang='lat' dir='ltr'><strong>fundo</strong></span> <span class='ocrx_word' id='word_1_717' title='bbox 2644 3669 2831 3733; x_wconf 90' lang='lat' dir='ltr'><strong>maris,</strong></span> <span class='ocrx_word' id='word_1_718' title='bbox 2866 3670 2936 3723; x_wconf 90' lang='lat' dir='ltr'><strong>ibi</strong></span> <span class='ocrx_word' id='word_1_719' title='bbox 2968 3669 3234 3723; x_wconf 90' lang='lat' dir='ltr'><strong>mandabo</strong></span> <span class='ocrx_word' id='word_1_720' title='bbox 3256 3668 3513 3737; x_wconf 83' lang='lat' dir='ltr'><strong>serpenti,</strong></span> 
     </span>
    </p>
   </div>
   <div class='ocr_carea' id='block_1_96' title="bbox 1932 3760 3514 3832">
    <p class='ocr_par' dir='ltr' id='par_1_96' title="bbox 1932 3760 3514 3832">
     <span class='ocr_line' id='line_1_96' title="bbox 1932 3760 3514 3832; baseline 0 -17"><span class='ocrx_word' id='word_1_721' title='bbox 1932 3781 1952 3815; x_wconf 72' lang='grc' dir='ltr'>ι</span> <span class='ocrx_word' id='word_1_722' title='bbox 1995 3774 2049 3819; x_wconf 86' lang='lat' dir='ltr'><strong>et</strong></span> <span class='ocrx_word' id='word_1_723' title='bbox 2077 3763 2343 3819; x_wconf 85' lang='lat' dir='ltr'><strong>mordebit</strong></span> <span class='ocrx_word' id='word_1_724' title='bbox 2373 3778 2485 3818; x_wconf 90' lang='lat' dir='ltr'><strong>eos.</strong></span> <span class='ocrx_word' id='word_1_725' title='bbox 2529 3783 2546 3814; x_wconf 74' lang='grc' dir='ltr'><strong><em>ι</em></strong></span> <span class='ocrx_word' id='word_1_726' title='bbox 2587 3762 2653 3816; x_wconf 86' lang='grc' dir='ltr'><strong>1η</strong></span> <span class='ocrx_word' id='word_1_727' title='bbox 2702 3763 2869 3832; x_wconf 80' lang='lat' dir='ltr'><strong>[unde</strong></span> <span class='ocrx_word' id='word_1_728' title='bbox 2899 3763 3061 3816; x_wconf 78' lang='lat' dir='ltr'><strong>maris</strong></span> <span class='ocrx_word' id='word_1_729' title='bbox 3096 3762 3160 3815; x_wconf 85' lang='lat' dir='ltr'><strong>ab</strong></span> <span class='ocrx_word' id='word_1_730' title='bbox 3209 3760 3372 3815; x_wconf 82' lang='lat' dir='ltr'><strong>oculis</strong></span> <span class='ocrx_word' id='word_1_731' title='bbox 3421 3760 3514 3815; x_wconf 86' lang='lat' dir='ltr'><strong>Dei</strong></span> 
     </span>
    </p>
   </div>
   <div class='ocr_carea' id='block_1_97' title="bbox 1926 3852 3515 3926">
    <p class='ocr_par' dir='ltr' id='par_1_97' title="bbox 1926 3852 3515 3926">
     <span class='ocr_line' id='line_1_97' title="bbox 1926 3852 3515 3926; baseline -0.005 -13"><span class='ocrx_word' id='word_1_732' title='bbox 1926 3872 1987 3913; x_wconf 88' lang='lat' dir='ltr'><strong>se</strong></span> <span class='ocrx_word' id='word_1_733' title='bbox 2016 3857 2217 3919; x_wconf 89' lang='lat' dir='ltr'><strong>celant,</strong></span> <span class='ocrx_word' id='word_1_734' title='bbox 2244 3858 2335 3926; x_wconf 89' lang='lat' dir='ltr'><strong>qui</strong></span> <span class='ocrx_word' id='word_1_735' title='bbox 2361 3857 2411 3911; x_wconf 92' lang='lat' dir='ltr'><strong>in</strong></span> <span class='ocrx_word' id='word_1_736' title='bbox 2433 3856 2692 3910; x_wconf 85' lang='lat' dir='ltr'><strong>extremis</strong></span> <span class='ocrx_word' id='word_1_737' title='bbox 2717 3865 2771 3909; x_wconf 90' lang='lat' dir='ltr'><strong>et</strong></span> <span class='ocrx_word' id='word_1_738' title='bbox 2802 3853 3303 3925; x_wconf 81' lang='lat' dir='ltr'><strong>despicabilioribus</strong></span> <span class='ocrx_word' id='word_1_739' title='bbox 3333 3852 3515 3908; x_wconf 70' lang='lat' dir='ltr'><strong>sreeuli</strong></span> 
     </span>
    </p>
   </div>
   <div class='ocr_carea' id='block_1_98' title="bbox 1925 3946 3516 4019">
    <p class='ocr_par' dir='ltr' id='par_1_98' title="bbox 1925 3946 3516 4019">
     <span class='ocr_line' id='line_1_98' title="bbox 1925 3946 3516 4019; baseline -0.002 -17"><span class='ocrx_word' id='word_1_740' title='bbox 1925 3948 2096 4012; x_wconf 89' lang='lat' dir='ltr'><strong>vitiis,</strong></span> <span class='ocrx_word' id='word_1_741' title='bbox 2129 3949 2324 4019; x_wconf 88' lang='lat' dir='ltr'><strong>quibus</strong></span> <span class='ocrx_word' id='word_1_742' title='bbox 2360 3949 2529 4003; x_wconf 91' lang='lat' dir='ltr'><strong>Deum</strong></span> <span class='ocrx_word' id='word_1_743' title='bbox 2561 3948 2883 4011; x_wconf 87' lang='lat' dir='ltr'><strong>amaricant,</strong></span> <span class='ocrx_word' id='word_1_744' title='bbox 2925 3947 3289 4018; x_wconf 84' lang='lat' dir='ltr'><strong>dignationem</strong></span> <span class='ocrx_word' id='word_1_745' title='bbox 3319 3946 3516 3999; x_wconf 66' lang='lat' dir='ltr'><strong>divinae</strong></span> 
     </span>
    </p>
   </div>
   <div class='ocr_carea' id='block_1_99' title="bbox 1924 4037 3516 4109">
    <p class='ocr_par' dir='ltr' id='par_1_99' title="bbox 1924 4037 3516 4109">
     <span class='ocr_line' id='line_1_99' title="bbox 1924 4037 3516 4109; baseline -0.002 -16"><span class='ocrx_word' id='word_1_746' title='bbox 1924 4039 2277 4103; x_wconf 90' lang='lat' dir='ltr'><strong>visitationis,</strong></span> <span class='ocrx_word' id='word_1_747' title='bbox 2312 4039 2559 4094; x_wconf 87' lang='lat' dir='ltr'><strong>abdicata</strong></span> <span class='ocrx_word' id='word_1_748' title='bbox 2592 4055 2622 4093; x_wconf 91' lang='lat' dir='ltr'><strong>a</strong></span> <span class='ocrx_word' id='word_1_749' title='bbox 2656 4055 2715 4094; x_wconf 89' lang='lat' dir='ltr'><strong>se</strong></span> <span class='ocrx_word' id='word_1_750' title='bbox 2740 4042 2956 4109; x_wconf 89' lang='lat' dir='ltr'><strong>penitus</strong></span> <span class='ocrx_word' id='word_1_751' title='bbox 2987 4055 3131 4093; x_wconf 80' lang='lat' dir='ltr'><strong>omni</strong></span> <span class='ocrx_word' id='word_1_752' title='bbox 3176 4037 3516 4092; x_wconf 80' lang='lat' dir='ltr'><strong>confessione</strong></span> 
     </span>
    </p>
   </div>
   <div class='ocr_carea' id='block_1_100' title="bbox 1926 4131 3517 4201">
    <p class='ocr_par' dir='ltr' id='par_1_100' title="bbox 1926 4131 3517 4201">
     <span class='ocr_line' id='line_1_100' title="bbox 1926 4131 3517 4201; baseline -0.005 -14"><span class='ocrx_word' id='word_1_753' title='bbox 1926 4141 2291 4201; x_wconf 88' lang='lat' dir='ltr'><strong>sequestraut.</strong></span> <span class='ocrx_word' id='word_1_754' title='bbox 2324 4131 2403 4185; x_wconf 85' lang='lat' dir='ltr'><strong>Ibi</strong></span> <span class='ocrx_word' id='word_1_755' title='bbox 2432 4132 2574 4186; x_wconf 91' lang='lat' dir='ltr'><strong>Deus</strong></span> <span class='ocrx_word' id='word_1_756' title='bbox 2597 4133 2821 4201; x_wconf 84' lang='lat' dir='ltr'><strong>serpenti</strong></span> <span class='ocrx_word' id='word_1_757' title='bbox 2856 4131 3097 4194; x_wconf 86' lang='lat' dir='ltr'><strong>mandat,</strong></span> <span class='ocrx_word' id='word_1_758' title='bbox 3143 4145 3330 4198; x_wconf 79' lang='lat' dir='ltr'><strong>eosque</strong></span> <span class='ocrx_word' id='word_1_759' title='bbox 3373 4142 3517 4181; x_wconf 88' lang='lat' dir='ltr'><strong>mor-</strong></span> 
     </span>
    </p>
   </div>
   <div class='ocr_carea' id='block_1_101' title="bbox 1927 4218 3519 4293">
    <p class='ocr_par' dir='ltr' id='par_1_101' title="bbox 1927 4218 3519 4293">
     <span class='ocr_line' id='line_1_101' title="bbox 1927 4218 3519 4293; baseline -0.004 -14"><span class='ocrx_word' id='word_1_760' title='bbox 1927 4225 2039 4293; x_wconf 87' lang='lat' dir='ltr'><strong>det,</strong></span> <span class='ocrx_word' id='word_1_761' title='bbox 2096 4241 2217 4279; x_wconf 91' lang='lat' dir='ltr'><strong>cum</strong></span> <span class='ocrx_word' id='word_1_762' title='bbox 2259 4225 2460 4278; x_wconf 88' lang='lat' dir='ltr'><strong>carnali</strong></span> <span class='ocrx_word' id='word_1_763' title='bbox 2508 4232 2696 4279; x_wconf 90' lang='lat' dir='ltr'><strong>nostro</strong></span> <span class='ocrx_word' id='word_1_764' title='bbox 2728 4222 2941 4278; x_wconf 79' lang='lat' dir='ltr'><strong>affectui</strong></span> <span class='ocrx_word' id='word_1_765' title='bbox 2997 4220 3377 4289; x_wconf 86' lang='lat' dir='ltr'><strong>instinguendo</strong></span> <span class='ocrx_word' id='word_1_766' title='bbox 3424 4218 3519 4273; x_wconf 89' lang='lat' dir='ltr'><strong>de-</strong></span> 
     </span>
    </p>
   </div>
   <div class='ocr_carea' id='block_1_102' title="bbox 1926 4311 3517 4381">
    <p class='ocr_par' dir='ltr' id='par_1_102' title="bbox 1926 4311 3517 4381">
     <span class='ocr_line' id='line_1_102' title="bbox 1926 4311 3517 4381; baseline -0.004 -12"><span class='ocrx_word' id='word_1_767' title='bbox 1926 4315 2174 4379; x_wconf 87' lang='lat' dir='ltr'><strong>nuntiat,</strong></span> <span class='ocrx_word' id='word_1_768' title='bbox 2228 4323 2288 4369; x_wconf 95' lang='lat' dir='ltr'><strong>ut</strong></span> <span class='ocrx_word' id='word_1_769' title='bbox 2337 4315 2591 4369; x_wconf 88' lang='lat' dir='ltr'><strong>miseram</strong></span> <span class='ocrx_word' id='word_1_770' title='bbox 2645 4315 2933 4380; x_wconf 83' lang='lat' dir='ltr'><strong>rationem,</strong></span> <span class='ocrx_word' id='word_1_771' title='bbox 2987 4311 3143 4381; x_wconf 87' lang='lat' dir='ltr'><strong>cujus</strong></span> <span class='ocrx_word' id='word_1_772' title='bbox 3204 4311 3402 4365; x_wconf 89' lang='lat' dir='ltr'><strong>astutia</strong></span> <span class='ocrx_word' id='word_1_773' title='bbox 3456 4324 3517 4364; x_wconf 90' lang='lat' dir='ltr'><strong>se</strong></span> 
     </span>
    </p>
   </div>
   <div class='ocr_carea' id='block_1_103' title="bbox 1926 4403 3516 4472">
    <p class='ocr_par' dir='ltr' id='par_1_103' title="bbox 1926 4403 3516 4472">
     <span class='ocr_line' id='line_1_103' title="bbox 1926 4403 3516 4472; baseline -0.004 -11"><span class='ocrx_word' id='word_1_774' title='bbox 1926 4406 2191 4461; x_wconf 86' lang='lat' dir='ltr'><strong>hactenus</strong></span> <span class='ocrx_word' id='word_1_775' title='bbox 2221 4405 2362 4460; x_wconf 91' lang='lat' dir='ltr'><strong>male</strong></span> <span class='ocrx_word' id='word_1_776' title='bbox 2382 4405 2622 4460; x_wconf 90' lang='lat' dir='ltr'><strong>occuluit</strong></span> <span class='ocrx_word' id='word_1_777' title='bbox 2645 4404 2969 4460; x_wconf 84' lang='lat' dir='ltr'><strong>fastidiendo</strong></span> <span class='ocrx_word' id='word_1_778' title='bbox 2993 4417 3112 4472; x_wconf 58' lang='lat' dir='ltr'><strong>quae</strong></span> <span class='ocrx_word' id='word_1_779' title='bbox 3143 4403 3290 4468; x_wconf 83' lang='lat' dir='ltr'><strong>fecit,</strong></span> <span class='ocrx_word' id='word_1_780' title='bbox 3315 4416 3516 4455; x_wconf 83' lang='lat' dir='ltr'><strong>exeru-</strong></span> 
     </span>
    </p>
   </div>
   <div class='ocr_carea' id='block_1_104' title="bbox 1927 4491 3515 4564">
    <p class='ocr_par' dir='ltr' id='par_1_104' title="bbox 1927 4491 3515 4564">
     <span class='ocr_line' id='line_1_104' title="bbox 1927 4491 3515 4564; baseline -0.004 -14"><span class='ocrx_word' id='word_1_781' title='bbox 1927 4498 2050 4550; x_wconf 92' lang='lat' dir='ltr'><strong>ciet.</strong></span> <span class='ocrx_word' id='word_1_782' title='bbox 2083 4497 2187 4551; x_wconf 89' lang='lat' dir='ltr'><strong>Iste</strong></span> <span class='ocrx_word' id='word_1_783' title='bbox 2217 4504 2300 4551; x_wconf 92' lang='lat' dir='ltr'><strong>est</strong></span> <span class='ocrx_word' id='word_1_784' title='bbox 2334 4510 2580 4564; x_wconf 86' lang='lat' dir='ltr'><strong>serpens,</strong></span> <span class='ocrx_word' id='word_1_785' title='bbox 2619 4495 2711 4563; x_wconf 88' lang='lat' dir='ltr'><strong>qui</strong></span> <span class='ocrx_word' id='word_1_786' title='bbox 2736 4493 2922 4547; x_wconf 88' lang='lat' dir='ltr'><strong>Evam.</strong></span> <span class='ocrx_word' id='word_1_787' title='bbox 2972 4493 3023 4545; x_wconf 88' lang='lat' dir='ltr'><strong>id</strong></span> <span class='ocrx_word' id='word_1_788' title='bbox 3065 4501 3148 4546; x_wconf 88' lang='lat' dir='ltr'><strong>est</strong></span> <span class='ocrx_word' id='word_1_789' title='bbox 3182 4491 3515 4545; x_wconf 89' lang='lat' dir='ltr'><strong>voluntatem</strong></span> 
     </span>
    </p>
   </div>
   <div class='ocr_carea' id='block_1_105' title="bbox 1857 4577 3272 4656">
    <p class='ocr_par' dir='ltr' id='par_1_105' title="bbox 1857 4577 3272 4656">
     <span class='ocr_line' id='line_1_105' title="bbox 1857 4577 3272 4656; baseline -0.004 -13"><span class='ocrx_word' id='word_1_790' title='bbox 1857 4577 1902 4632; x_wconf 84' lang='grc' dir='ltr'><strong>Ῑ)</strong></span> <span class='ocrx_word' id='word_1_791' title='bbox 1928 4588 2162 4652; x_wconf 61' lang='lat' dir='ltr'><strong>seduxit,</strong></span> <span class='ocrx_word' id='word_1_792' title='bbox 2193 4596 2248 4643; x_wconf 92' lang='lat' dir='ltr'><strong>et</strong></span> <span class='ocrx_word' id='word_1_793' title='bbox 2272 4587 2385 4656; x_wconf 87' lang='lat' dir='ltr'><strong>ejus</strong></span> <span class='ocrx_word' id='word_1_794' title='bbox 2415 4587 2670 4643; x_wconf 88' lang='lat' dir='ltr'><strong>calcaneo</strong></span> <span class='ocrx_word' id='word_1_795' title='bbox 2697 4585 2940 4655; x_wconf 87' lang='lat' dir='ltr'><strong>quotidie</strong></span> <span class='ocrx_word' id='word_1_796' title='bbox 2965 4584 3272 4639; x_wconf 89' lang='lat' dir='ltr'><strong>insidiatur.</strong></span> 
     </span>
    </p>
   </div>
   <div class='ocr_carea' id='block_1_106' title="bbox 1998 4697 3517 4770">
    <p class='ocr_par' dir='ltr' id='par_1_106' title="bbox 1998 4697 3517 4770">
     <span class='ocr_line' id='line_1_106' title="bbox 1998 4697 3517 4770; baseline -0.003 -15"><span class='ocrx_word' id='word_1_797' title='bbox 1998 4702 2162 4755; x_wconf 78' lang='lat' dir='ltr'><strong>Vens.</strong></span> <span class='ocrx_word' id='word_1_798' title='bbox 2205 4700 2258 4753; x_wconf 81' lang='grc'><strong>4.</strong></span> <span class='ocrx_word' id='word_1_799' title='bbox 2282 4731 2351 4740; x_wconf 89' lang='grc'><strong><em>-</em></strong></span> <span class='ocrx_word' id='word_1_800' title='bbox 2374 4718 2392 4751; x_wconf 87' lang='grc'><strong>‹</strong></span> <span class='ocrx_word' id='word_1_801' title='bbox 2432 4699 2498 4754; x_wconf 88' lang='lat' dir='ltr'><strong>Et</strong></span> <span class='ocrx_word' id='word_1_802' title='bbox 2528 4701 2570 4754; x_wconf 91' lang='lat' dir='ltr'><strong>si</strong></span> <span class='ocrx_word' id='word_1_803' title='bbox 2598 4700 2650 4754; x_wconf 92' lang='lat' dir='ltr'><strong>in</strong></span> <span class='ocrx_word' id='word_1_804' title='bbox 2680 4699 3045 4770; x_wconf 88' lang='lat' dir='ltr'><strong>captivitatem</strong></span> <span class='ocrx_word' id='word_1_805' title='bbox 3073 4697 3304 4753; x_wconf 90' lang='lat' dir='ltr'><strong>abierint</strong></span> <span class='ocrx_word' id='word_1_806' title='bbox 3332 4712 3517 4753; x_wconf 89' lang='lat' dir='ltr'><strong>coram</strong></span> 
     </span>
    </p>
   </div>
   <div class='ocr_carea' id='block_1_107' title="bbox 1936 4787 3511 4860">
    <p class='ocr_par' dir='ltr' id='par_1_107' title="bbox 1936 4787 3511 4860">
     <span class='ocr_line' id='line_1_107' title="bbox 1936 4787 3511 4860; baseline -0.004 -15"><span class='ocrx_word' id='word_1_807' title='bbox 1936 4813 1954 4845; x_wconf 84' lang='grc'><strong>‹</strong></span> <span class='ocrx_word' id='word_1_808' title='bbox 2002 4792 2234 4847; x_wconf 91' lang='lat' dir='ltr'><strong>inimicis</strong></span> <span class='ocrx_word' id='word_1_809' title='bbox 2263 4791 2396 4857; x_wconf 90' lang='lat' dir='ltr'><strong>suis,</strong></span> <span class='ocrx_word' id='word_1_810' title='bbox 2428 4790 2496 4843; x_wconf 89' lang='lat' dir='ltr'><strong>ibi</strong></span> <span class='ocrx_word' id='word_1_811' title='bbox 2525 4790 2790 4844; x_wconf 89' lang='lat' dir='ltr'><strong>mandabo</strong></span> <span class='ocrx_word' id='word_1_812' title='bbox 2816 4788 3017 4860; x_wconf 90' lang='lat' dir='ltr'><strong>gladio,</strong></span> <span class='ocrx_word' id='word_1_813' title='bbox 3048 4797 3102 4845; x_wconf 89' lang='lat' dir='ltr'><strong>et</strong></span> <span class='ocrx_word' id='word_1_814' title='bbox 3122 4787 3331 4844; x_wconf 89' lang='lat' dir='ltr'><strong>occidet</strong></span> <span class='ocrx_word' id='word_1_815' title='bbox 3352 4802 3464 4843; x_wconf 89' lang='lat' dir='ltr'><strong>eos.</strong></span> <span class='ocrx_word' id='word_1_816' title='bbox 3489 4805 3511 4839; x_wconf 77' lang='grc' dir='ltr'><strong>ι</strong></span> 
     </span>
    </p>
   </div>
   <div class='ocr_carea' id='block_1_108' title="bbox 1928 4875 3516 4953">
    <p class='ocr_par' dir='ltr' id='par_1_108' title="bbox 1928 4875 3516 4953">
     <span class='ocr_line' id='line_1_108' title="bbox 1928 4875 3516 4953; baseline -0.006 -15"><span class='ocrx_word' id='word_1_817' title='bbox 1928 4883 1995 4938; x_wconf 84' lang='lat' dir='ltr'><strong>In</strong></span> <span class='ocrx_word' id='word_1_818' title='bbox 2027 4882 2369 4953; x_wconf 82' lang='lat' dir='ltr'><strong>captivitatem</strong></span> <span class='ocrx_word' id='word_1_819' title='bbox 2393 4896 2568 4934; x_wconf 86' lang='lat' dir='ltr'><strong>coram</strong></span> <span class='ocrx_word' id='word_1_820' title='bbox 2592 4880 2818 4934; x_wconf 78' lang='lat' dir='ltr'><strong>inimicis</strong></span> <span class='ocrx_word' id='word_1_821' title='bbox 2847 4879 3069 4945; x_wconf 90' lang='lat' dir='ltr'><strong>abeunt,</strong></span> <span class='ocrx_word' id='word_1_822' title='bbox 3094 4880 3185 4948; x_wconf 89' lang='lat' dir='ltr'><strong>qui</strong></span> <span class='ocrx_word' id='word_1_823' title='bbox 3216 4894 3243 4932; x_wconf 93' lang='lat' dir='ltr'><strong>a</strong></span> <span class='ocrx_word' id='word_1_824' title='bbox 3264 4878 3345 4933; x_wconf 90' lang='lat' dir='ltr'><strong>sui</strong></span> <span class='ocrx_word' id='word_1_825' title='bbox 3367 4875 3516 4931; x_wconf 87' lang='lat' dir='ltr'><strong>exuti</strong></span> 
     </span>
    </p>
   </div>
   <div class='ocr_carea' id='block_1_109' title="bbox 1928 4965 3519 5039">
    <p class='ocr_par' dir='ltr' id='par_1_109' title="bbox 1928 4965 3519 5039">
     <span class='ocr_line' id='line_1_109' title="bbox 1928 4965 3519 5039; baseline -0.004 -11"><span class='ocrx_word' id='word_1_826' title='bbox 1928 4974 2180 5029; x_wconf 88' lang='lat' dir='ltr'><strong>libertate</strong></span> <span class='ocrx_word' id='word_1_827' title='bbox 2211 4971 2421 5026; x_wconf 89' lang='lat' dir='ltr'><strong>arbitrii</strong></span> <span class='ocrx_word' id='word_1_828' title='bbox 2447 4970 2566 5039; x_wconf 92' lang='lat' dir='ltr'><strong>plus</strong></span> <span class='ocrx_word' id='word_1_829' title='bbox 2591 4969 2752 5023; x_wconf 88' lang='lat' dir='ltr'><strong>etiam</strong></span> <span class='ocrx_word' id='word_1_830' title='bbox 2780 4968 2919 5037; x_wconf 88' lang='lat' dir='ltr'><strong>apud</strong></span> <span class='ocrx_word' id='word_1_831' title='bbox 2948 4983 3007 5023; x_wconf 90' lang='lat' dir='ltr'><strong>se</strong></span> <span class='ocrx_word' id='word_1_832' title='bbox 3048 4981 3276 5037; x_wconf 90' lang='lat' dir='ltr'><strong>peccare</strong></span> <span class='ocrx_word' id='word_1_833' title='bbox 3318 4965 3519 5021; x_wconf 89' lang='lat' dir='ltr'><strong>delibe-</strong></span> 
     </span>
    </p>
   </div>
   <div class='ocr_carea' id='block_1_110' title="bbox 1931 5058 3521 5136">
    <p class='ocr_par' dir='ltr' id='par_1_110' title="bbox 1931 5058 3521 5136">
     <span class='ocr_line' id='line_1_110' title="bbox 1931 5058 3521 5136; baseline -0.006 -13"><span class='ocrx_word' id='word_1_834' title='bbox 1931 5078 2072 5134; x_wconf 87' lang='lat' dir='ltr'><strong>rant,</strong></span> <span class='ocrx_word' id='word_1_835' title='bbox 2117 5082 2278 5136; x_wconf 90' lang='lat' dir='ltr'><strong>quam</strong></span> <span class='ocrx_word' id='word_1_836' title='bbox 2331 5066 2602 5118; x_wconf 68' lang='lat' dir='ltr'><strong>daemones</strong></span> <span class='ocrx_word' id='word_1_837' title='bbox 2634 5064 2735 5132; x_wconf 89' lang='lat' dir='ltr'><strong>ipsi</strong></span> <span class='ocrx_word' id='word_1_838' title='bbox 2774 5070 3066 5134; x_wconf 87' lang='lat' dir='ltr'><strong>suggerant</strong></span> <span class='ocrx_word' id='word_1_839' title='bbox 3095 5061 3186 5130; x_wconf 89' lang='lat' dir='ltr'><strong>qui</strong></span> <span class='ocrx_word' id='word_1_840' title='bbox 3220 5058 3521 5128; x_wconf 87' lang='lat' dir='ltr'><strong>captivave-</strong></span> 
     </span>
    </p>
   </div>
   <div class='ocr_carea' id='block_1_111' title="bbox 1931 5150 3515 5230">
    <p class='ocr_par' dir='ltr' id='par_1_111' title="bbox 1931 5150 3515 5230">
     <span class='ocr_line' id='line_1_111' title="bbox 1931 5150 3515 5230; baseline -0.008 -13"><span class='ocrx_word' id='word_1_841' title='bbox 1931 5170 2076 5217; x_wconf 88' lang='lat' dir='ltr'><strong>runt.</strong></span> <span class='ocrx_word' id='word_1_842' title='bbox 2107 5160 2191 5214; x_wconf 85' lang='lat' dir='ltr'><strong>Ibi</strong></span> <span class='ocrx_word' id='word_1_843' title='bbox 2220 5160 2396 5230; x_wconf 86' lang='lat' dir='ltr'><strong>gladio</strong></span> <span class='ocrx_word' id='word_1_844' title='bbox 2442 5156 2584 5212; x_wconf 88' lang='lat' dir='ltr'><strong>Deus</strong></span> <span class='ocrx_word' id='word_1_845' title='bbox 2611 5155 2768 5227; x_wconf 67' lang='grc'><strong>24],</strong></span> <span class='ocrx_word' id='word_1_846' title='bbox 2806 5156 3047 5221; x_wconf 90' lang='lat' dir='ltr'><strong>mandat,</strong></span> <span class='ocrx_word' id='word_1_847' title='bbox 3073 5168 3276 5222; x_wconf 89' lang='lat' dir='ltr'><strong>eosque</strong></span> <span class='ocrx_word' id='word_1_848' title='bbox 3296 5150 3515 5218; x_wconf 89' lang='lat' dir='ltr'><strong>occidit,</strong></span> 
     </span>
    </p>
   </div>
   <div class='ocr_carea' id='block_1_112' title="bbox 1932 5245 3516 5323">
    <p class='ocr_par' dir='ltr' id='par_1_112' title="bbox 1932 5245 3516 5323">
     <span class='ocr_line' id='line_1_112' title="bbox 1932 5245 3516 5323; baseline -0.008 -13"><span class='ocrx_word' id='word_1_849' title='bbox 1932 5271 2056 5311; x_wconf 92' lang='lat' dir='ltr'><strong>cum</strong></span> <span class='ocrx_word' id='word_1_850' title='bbox 2078 5254 2383 5309; x_wconf 89' lang='lat' dir='ltr'><strong>infelicibus</strong></span> <span class='ocrx_word' id='word_1_851' title='bbox 2410 5251 2669 5323; x_wconf 87' lang='lat' dir='ltr'><strong>peccandi</strong></span> <span class='ocrx_word' id='word_1_852' title='bbox 2691 5249 3144 5319; x_wconf 88' lang='lat' dir='ltr'><strong>opportunitatem</strong></span> <span class='ocrx_word' id='word_1_853' title='bbox 3180 5247 3325 5300; x_wconf 75' lang='lat' dir='ltr'><strong>laxat</strong></span> <span class='ocrx_word' id='word_1_854' title='bbox 3346 5245 3516 5299; x_wconf 88' lang='lat' dir='ltr'><strong>inter-</strong></span> 
     </span>
    </p>
   </div>
   <div class='ocr_carea' id='block_1_113' title="bbox 1934 5338 3520 5417">
    <p class='ocr_par' dir='ltr' id='par_1_113' title="bbox 1934 5338 3520 5417">
     <span class='ocr_line' id='line_1_113' title="bbox 1934 5338 3520 5417; baseline -0.01 -14"><span class='ocrx_word' id='word_1_855' title='bbox 1934 5349 2144 5417; x_wconf 88' lang='lat' dir='ltr'><strong>ituique</strong></span> <span class='ocrx_word' id='word_1_856' title='bbox 2197 5346 2483 5415; x_wconf 88' lang='lat' dir='ltr'><strong>permittit.</strong></span> <span class='ocrx_word' id='word_1_857' title='bbox 2530 5362 2548 5395; x_wconf 87' lang='grc'><strong><em>‹</em></strong></span> <span class='ocrx_word' id='word_1_858' title='bbox 2594 5343 2660 5397; x_wconf 86' lang='lat' dir='ltr'><strong>Et</strong></span> <span class='ocrx_word' id='word_1_859' title='bbox 2709 5355 2902 5412; x_wconf 89' lang='lat' dir='ltr'><strong>ponam</strong></span> <span class='ocrx_word' id='word_1_860' title='bbox 2949 5338 3136 5394; x_wconf 90' lang='lat' dir='ltr'><strong>oculos</strong></span> <span class='ocrx_word' id='word_1_861' title='bbox 3164 5349 3312 5391; x_wconf 87' lang='lat' dir='ltr'><strong>meos</strong></span> <span class='ocrx_word' id='word_1_862' title='bbox 3360 5348 3520 5404; x_wconf 88' lang='lat' dir='ltr'><strong>super</strong></span> 
     </span>
    </p>
   </div>
   <div class='ocr_carea' id='block_1_114' title="bbox 1940 5433 3601 5503">
    <p class='ocr_par' dir='ltr' id='par_1_114' title="bbox 1940 5433 3601 5503">
     <span class='ocr_line' id='line_1_114' title="bbox 1940 5433 3601 5503; baseline -0.008 -7"><span class='ocrx_word' id='word_1_863' title='bbox 1940 5461 1960 5495; x_wconf 70' lang='grc' dir='ltr'><strong>α</strong></span> <span class='ocrx_word' id='word_1_864' title='bbox 2005 5456 2100 5496; x_wconf 90' lang='lat' dir='ltr'><strong>eos</strong></span> <span class='ocrx_word' id='word_1_865' title='bbox 2123 5441 2175 5494; x_wconf 93' lang='lat' dir='ltr'><strong>in</strong></span> <span class='ocrx_word' id='word_1_866' title='bbox 2210 5438 2431 5502; x_wconf 90' lang='lat' dir='ltr'><strong>malum,</strong></span> <span class='ocrx_word' id='word_1_867' title='bbox 2462 5447 2516 5492; x_wconf 92' lang='lat' dir='ltr'><strong>et</strong></span> <span class='ocrx_word' id='word_1_868' title='bbox 2546 5452 2651 5491; x_wconf 90' lang='lat' dir='ltr'><strong>non</strong></span> <span class='ocrx_word' id='word_1_869' title='bbox 2682 5436 2734 5489; x_wconf 92' lang='lat' dir='ltr'><strong>in</strong></span> <span class='ocrx_word' id='word_1_870' title='bbox 2757 5437 2981 5490; x_wconf 90' lang='lat' dir='ltr'><strong>bonum.</strong></span> <span class='ocrx_word' id='word_1_871' title='bbox 3014 5453 3032 5485; x_wconf 76' lang='grc' dir='ltr'><strong><em>ι</em></strong></span> <span class='ocrx_word' id='word_1_872' title='bbox 3071 5433 3247 5503; x_wconf 91' lang='lat' dir='ltr'><strong>Super</strong></span> <span class='ocrx_word' id='word_1_873' title='bbox 3275 5446 3370 5487; x_wconf 90' lang='lat' dir='ltr'><strong>eos</strong></span> <span class='ocrx_word' id='word_1_874' title='bbox 3392 5446 3519 5485; x_wconf 87' lang='lat' dir='ltr'><strong>ocu-</strong></span> <span class='ocrx_word' id='word_1_875' title='bbox 3600 5436 3601 5439; x_wconf 77' lang='lat'>‘</span> 
     </span>
    </p>
   </div>
   <div class='ocr_carea' id='block_1_115' title="bbox 1933 5522 3523 5599">
    <p class='ocr_par' dir='ltr' id='par_1_115' title="bbox 1933 5522 3523 5599">
     <span class='ocr_line' id='line_1_115' title="bbox 1933 5522 3523 5599; baseline -0.006 -14"><span class='ocrx_word' id='word_1_876' title='bbox 1933 5532 2012 5587; x_wconf 81' lang='lat' dir='ltr'><strong>los</strong></span> <span class='ocrx_word' id='word_1_877' title='bbox 2055 5548 2180 5586; x_wconf 91' lang='lat' dir='ltr'><strong>suos</strong></span> <span class='ocrx_word' id='word_1_878' title='bbox 2226 5533 2366 5586; x_wconf 89' lang='lat' dir='ltr'><strong>Deus</strong></span> <span class='ocrx_word' id='word_1_879' title='bbox 2417 5530 2588 5599; x_wconf 89' lang='lat' dir='ltr'><strong>ponit,</strong></span> <span class='ocrx_word' id='word_1_880' title='bbox 2646 5543 2767 5582; x_wconf 92' lang='lat' dir='ltr'><strong>cum</strong></span> <span class='ocrx_word' id='word_1_881' title='bbox 2813 5526 2915 5581; x_wconf 91' lang='lat' dir='ltr'><strong>hos</strong></span> <span class='ocrx_word' id='word_1_882' title='bbox 2948 5525 3255 5596; x_wconf 64' lang='lat' dir='ltr'><strong>prtelibatos</strong></span> <span class='ocrx_word' id='word_1_883' title='bbox 3285 5522 3523 5591; x_wconf 89' lang='lat' dir='ltr'><strong>quinque</strong></span> 
     </span>
    </p>
   </div>
   <div class='ocr_carea' id='block_1_116' title="bbox 1929 5615 3521 5692">
    <p class='ocr_par' dir='ltr' id='par_1_116' title="bbox 1929 5615 3521 5692">
     <span class='ocr_line' id='line_1_116' title="bbox 1929 5615 3521 5692; baseline -0.008 -15"><span class='ocrx_word' id='word_1_884' title='bbox 1929 5624 2188 5692; x_wconf 70' lang='lat' dir='ltr'><strong>peooandi</strong></span> <span class='ocrx_word' id='word_1_885' title='bbox 2238 5622 2455 5685; x_wconf 88' lang='lat' dir='ltr'><strong>modos,</strong></span> <span class='ocrx_word' id='word_1_886' title='bbox 2512 5634 2615 5672; x_wconf 91' lang='lat' dir='ltr'><strong>non</strong></span> <span class='ocrx_word' id='word_1_887' title='bbox 2671 5620 2779 5670; x_wconf 84' lang='lat' dir='ltr'><strong>tam</strong></span> <span class='ocrx_word' id='word_1_888' title='bbox 2838 5615 3303 5671; x_wconf 89' lang='lat' dir='ltr'><strong>animadversorie</strong></span> <span class='ocrx_word' id='word_1_889' title='bbox 3356 5628 3521 5681; x_wconf 88' lang='lat' dir='ltr'><strong>quam</strong></span> 
     </span>
    </p>
   </div>
   <div class='ocr_carea' id='block_1_117' title="bbox 1930 5704 3525 5785">
    <p class='ocr_par' dir='ltr' id='par_1_117' title="bbox 1930 5704 3525 5785">
     <span class='ocr_line' id='line_1_117' title="bbox 1930 5704 3525 5785; baseline -0.008 -17"><span class='ocrx_word' id='word_1_890' title='bbox 1930 5712 2347 5785; x_wconf 85' lang='lat' dir='ltr'><strong>propitiabiliter</strong></span> <span class='ocrx_word' id='word_1_891' title='bbox 2378 5712 2593 5781; x_wconf 87' lang='lat' dir='ltr'><strong>aspicit.</strong></span> <span class='ocrx_word' id='word_1_892' title='bbox 2626 5708 2750 5763; x_wconf 70' lang='lat' dir='ltr'><strong>Haec</strong></span> <span class='ocrx_word' id='word_1_893' title='bbox 2788 5710 2842 5762; x_wconf 84' lang='lat' dir='ltr'><strong>in</strong></span> <span class='ocrx_word' id='word_1_894' title='bbox 2872 5708 3202 5761; x_wconf 77' lang='lat' dir='ltr'><strong>malum-non</strong></span> <span class='ocrx_word' id='word_1_895' title='bbox 3232 5706 3285 5759; x_wconf 87' lang='lat' dir='ltr'><strong>in</strong></span> <span class='ocrx_word' id='word_1_896' title='bbox 3329 5704 3525 5757; x_wconf 84' lang='lat' dir='ltr'><strong>bonum</strong></span> 
     </span>
    </p>
   </div>
   <div class='ocr_carea' id='block_1_118' title="bbox 1935 5798 3518 5872">
    <p class='ocr_par' dir='ltr' id='par_1_118' title="bbox 1935 5798 3518 5872">
     <span class='ocr_line' id='line_1_118' title="bbox 1935 5798 3518 5872; baseline -0.006 -12"><span class='ocrx_word' id='word_1_897' title='bbox 1935 5807 2086 5872; x_wconf 80' lang='lat' dir='ltr'><strong>facit,</strong></span> <span class='ocrx_word' id='word_1_898' title='bbox 2119 5808 2241 5862; x_wconf 91' lang='lat' dir='ltr'><strong>dum</strong></span> <span class='ocrx_word' id='word_1_899' title='bbox 2268 5808 2345 5861; x_wconf 90' lang='lat' dir='ltr'><strong>eis</strong></span> <span class='ocrx_word' id='word_1_900' title='bbox 2375 5820 2482 5859; x_wconf 92' lang='lat' dir='ltr'><strong>non</strong></span> <span class='ocrx_word' id='word_1_901' title='bbox 2528 5804 2670 5858; x_wconf 88' lang='lat' dir='ltr'><strong>bona</strong></span> <span class='ocrx_word' id='word_1_902' title='bbox 2717 5818 2836 5871; x_wconf 84' lang='lat' dir='ltr'><strong>quae</strong></span> <span class='ocrx_word' id='word_1_903' title='bbox 2886 5816 2983 5871; x_wconf 87' lang='lat' dir='ltr'><strong>per</strong></span> <span class='ocrx_word' id='word_1_904' title='bbox 3031 5798 3355 5870; x_wconf 87' lang='lat' dir='ltr'><strong>hypocrisim</strong></span> <span class='ocrx_word' id='word_1_905' title='bbox 3389 5809 3518 5867; x_wconf 78' lang='lat' dir='ltr'><strong>per-</strong></span> 
     </span>
    </p>
   </div>
  </div>
