3998 6326
560 383 666 440 467

1448 384 1511 444 γ.
1545 383 1868 443 GUlBERTl
1906 383 2196 442 ABBATIS
2229 383 2287 442 S.
2323 385 2561 443 MARUE
2602 386 2690 443 DE
2727 386 3124 447 NOVIGENTO

3698 399 3793 458 418

559 514 755 571 agere,
788 499 882 557 sed
909 500 1082 556 malas
1110 499 1440 558 intentiones
1469 502 1665 573 quibus
1691 502 1776 557 illa
1805 501 1983 560 fecere
2016 521 2143 576 pro—
2170 507 2222 567 Α
2249 504 2398 575 regio
2421 514 2524 561 est.
2554 505 2698 577 Syri,
2724 507 2934 579 Cyrene
2971 508 3223 564 similiter
3248 517 3561 578 evocantur,
3605 514 3680 569 vel
3721 529 3793 588 ut,

558 591 731 661 ponit.

636 682 795 738 Vens.
833 682 887 737 5.
912 713 982 723 ——
1020 702 1040 737 ‹
1076 685 1144 739 Ει
1177 686 1437 743 Dominus
1470 688 1612 744 Deus
1659 688 2019 756 exercituum,
2055 690 2147 761 qui

562 794 584 828 ι
625 778 796 847 tangit
858 788 1083 848 terram,
1136 791 1192 836 et
1237 782 1510 849 tabescet;
1569 792 1622 838 ct
1654 783 1912 854 lugebunt
1958 800 2148 840 omnes

562 886 582 919 ι
622 867 932 925 habitantes
966 871 1020 926 in
1068 888 1154 927 ea.
1192 893 1210 925 ι
1272 874 1553 943 Dominus,
1603 876 1795 945 inquit,
1831 878 1967 931 Deus
1996 894 2146 931 exer-

558 960 758 1014 cituum
801 973 905 1030 est,
952 965 1043 1036 qui
1108 969 1495 1036 potentiorum,
1539 979 1698 1039 prout
1726 970 1960 1036 libuerit,
2012 986 2143 1041 qua-

555 1066 785 1123 rumque
831 1056 1018 1112 eﬂicax
1067 1068 1169 1113 est.
1226 1059 1380 1115 Unde
1421 1070 1474 1115 ct
1505 1077 1627 1116 cum
1678 1064 1914 1134 tetigerit
1954 1073 2146 1117 terram

556 1142 809 1213 tabescit,
855 1148 984 1216 quia
1024 1164 1147 1204 cum
1203 1166 1421 1205 manum
1463 1169 1613 1207 suam
1659 1168 1756 1222 per
1802 1154 2148 1209 conscientize

556 1232 825 1305 foramen,
860 1237 1015 1306 juxta
1063 1242 1192 1296 illud
1225 1242 1431 1298 Cautici
1474 1246 1830 1311 canticorum,
1862 1246 2148 1301 immiserit

557 1324 747 1397 (Cant.
776 1347 829 1397 ν,
863 1332 941 1398 4),
990 1348 1054 1389 ac
1103 1344 1303 1390 tactum
1353 1336 1469 1405 ejus
1502 1348 1694 1393 venter
1722 1340 2028 1407 peccatoris
2061 1340 2143 1392 in-

554 1425 842 1493 tremiscit,
875 1438 929 1482 et
978 1430 1129 1497 quasi
1177 1445 1241 1484 ex
1276 1431 1357 1485 sui
1412 1431 1849 1487 consideratione
1894 1433 2145 1489 tabescit.

562 1530 583 1565 ι
618 1514 815 1587 Tangit
862 1518 1007 1572 enim
1052 1529 1265 1576 montes
1327 1531 1382 1576 et
1461 1521 1730 1590 fumigant
1784 1523 1965 1594 (Psal.
2024 1541 2143 1593 cm,

557 1605 683 1671 '52),
710 1627 727 1657 ι
777 1610 996 1679 respicit
1038 1612 1247 1668 etfacit
1287 1623 1759 1670 tremerctcrram.
1786 1615 2149 1672 Omnesltabi-

556 1707 724 1783 tantes
747 1702 802 1755 in
827 1719 888 1757 ea
919 1702 1125 1775 lugent,
1155 1722 1278 1761 cum
1314 1708 1477 1762 etiam
1514 1710 1605 1779 qui
1630 1725 1856 1779 corpora
1892 1725 1985 1764 sua
2009 1709 2147 1766 bene

558 1804 770 1861 regunt,
802 1795 934 1851 nihil
962 1797 1014 1850 in
1043 1798 1189 1853 omni
1222 1816 1321 1856 suo
1352 1803 1491 1857 bono
1517 1810 1638 1858 actu
1670 1804 1773 1858 nisi
1804 1804 1946 1860 luctu
1984 1804 2144 1873 digna

2244 594 2398 665 juxta
2426 595 2586 650 aliam
2620 596 3031 653 translationem
3072 596 3281 669 (LXX),
3313 599 3509 666 dicam,
3555 602 3618 655 de
3644 604 3795 673 fovea,

2250 690 2303 745 in
2348 706 2453 761 qua
2515 691 2855 756 tenebantur,
2915 707 3037 748 cum
3091 694 3309 765 superbi
3363 696 3561 765 quique
3610 698 3670 752 de
3689 700 3801 757 imis

2248 783 2505 837 vitiorum
2532 783 2705 848 eruti;
2734 783 2839 852 vel,
2871 784 3011 853 quod
3040 783 3249 855 Cyrene
3288 796 3467 852 sonat,
3500 784 3564 840 de
3592 786 3801 845 haeredi-

2250 878 2389 932 taria
2427 886 2577 932 sorte
2630 875 2828 932 diaboli
2873 890 2972 947 per
3018 877 3345 947 baptismum
3397 880 3651 949 exempti,
3675 881 3803 939 intra

2249 969 2514 1039 superbia:
2570 968 2957 1024 sublimitatem
3009 984 3291 1025 remanere
3349 970 3622 1025 sinuntur.
3666 972 3805 1039 Quod

2251 1072 2420 1118 totum
2469 1078 2534 1119 ac
2579 1063 2624 1118 si
2679 1063 2923 1119 diceret:
2976 1062 3052 1119 Ne
3096 1064 3428 1121 extollamini
3477 1065 3600 1134 quia
3638 1068 3807 1124 vosde

2248 1154 2484 1227 Egypto
2514 1154 2818 1220 eduxerim,
2854 1154 3168 1211 meminisse
3194 1155 3404 1211 debetis
3433 1156 3577 1226 quod
3605 1166 3657 1212 et
3685 1158 3807 1215 alias

2250 1263 2569 1304 communes
2598 1248 2867 1318 quaslibet
2895 1264 3155 1319 personas
3185 1249 3251 1305 de
3282 1248 3542 1318 gravibus
3583 1250 3727 1307 malis
3748 1252 3806 1307 ad

2248 1340 2492 1397 faciliora
2516 1356 2660 1411 saepe
2698 1339 3086 1396 transtulerim.

2324 1432 2483 1489 Vens.
2512 1434 2565 1488 8.
2586 1463 2656 1474 —
2692 1452 2711 1485 ι
2733 1432 2872 1489 Ecce
2893 1432 3035 1489 oculi
3061 1432 3273 1488 Domini
3304 1432 3398 1488 Dei
3416 1447 3581 1502 super
3608 1447 3808 1505 regnum

2256 1544 2275 1579 ι
2312 1541 2563 1597 peccans,
2622 1533 2679 1581 et
2733 1533 3011 1581 conteram
3044 1524 3173 1580 illud
3216 1541 3249 1580 a
3296 1524 3435 1581 facie
3480 1535 3657 1580 terrm.
3685 1544 3702 1577 ι
3743 1523 3809 1580 Ne

2248 1619 2556 1686 elevemini,
2590 1619 2832 1689 inquam,
2856 1622 3151 1693 hypocrita:
3176 1636 3274 1691 pro
3309 1631 3491 1678 vestra
3514 1621 3810 1677 fucatacon-

2252 1713 2499 1780 tinentia,
2535 1712 2660 1782 quia
2697 1729 2813 1767 ecce
2848 1713 2987 1767 oculi
3039 1712 3251 1768 Domini
3282 1730 3441 1784 super
3464 1729 3669 1783 regnum
3702 1728 3808 1781 pec-

2252 1821 2401 1870 cans,
2455 1804 2508 1858 id
2556 1812 2641 1858 est
2669 1802 2956 1873 judiciaria
2984 1806 3079 1860 Dei
3109 1806 3496 1875 perspicacitas
3536 1820 3688 1875 super
3729 1820 3811 1861 eos

556 1882 763 1938 vident.
804 1886 857 1940 Si
886 1886 1067 1955 justus
1112 1890 1198 1944 vix
1227 1891 1468 1947 salvatur
1507 1893 1576 1964 (1
1608 1892 1754 1949 Pctr.
1791 1911 1863 1963 tv,
1897 1897 2009 1963 18),
2040 1914 2145 1952 non
2178 1897 2222 1957 Β
2250 1893 2340 1963 qui
2370 1909 2428 1948 se
2451 1892 2691 1949 exterius
2722 1894 2924 1950 rexisse
2946 1895 3217 1963 videntur,
3246 1903 3303 1950 et
3329 1905 3510 1950 tamen
3533 1910 3597 1950 ex
3624 1912 3685 1951 eo
3710 1896 3811 1965 ipso

560 1990 690 2049 ergo
713 1979 907 2035 mirum
937 1982 980 2038 si
1011 1994 1325 2053 peccatores
1352 1987 1562 2044 timent.
1591 2009 1606 2039 ι
1636 1989 1702 2043 Et
1727 1990 1983 2045 ascendet
2003 1991 2148 2047 sicut

568 2086 588 2121 ι
623 2070 771 2127 rivus
792 2074 989 2140 omnis,
1023 2085 1078 2131 et
1109 2076 1307 2133 deﬂuet
1332 2078 1472 2135 sicut
1498 2078 1691 2135 ﬂuvius
1723 2080 1964 2153 Aigypti.
1993 2102 2013 2135 ι
2046 2082 2145 2139 Hic

559 2176 772 2230 versus,
802 2174 857 2219 et
882 2166 1145 2223 medietas
1174 2171 1531 2241 praecedentis
1555 2189 1717 2243 supra
1743 2177 2021 2246 expositus
2041 2186 2142 2233 est.

556 2252 818 2311 Ascendit
843 2258 976 2312 sicut
1024 2261 1168 2315 rivus
1218 2263 1407 2327 omnis,
1445 2279 1569 2319 cum
1615 2267 1794 2321 omnis
1820 2269 1913 2337 qui
1948 2284 2147 2339 corpus

556 2360 717 2435 suum
748 2352 997 2424 castigat,
1042 2364 1097 2409 et
1128 2357 1180 2412 in
1223 2360 1538 2417 servitutem
1582 2363 1778 2433 redigit
1813 2364 1877 2435 (Ι
1909 2362 2033 2420 Cor.
2067 2383 2142 2434 rx,

2250 1985 2510 2054 regimine
2537 1985 2591 2039 in
2621 1985 2875 2041 elationis
2918 1986 3129 2041 foveam
3160 1986 3571 2057 demerguntur.
3612 1988 3652 2039 Α
3695 1989 3812 2057 {acie

2250 2088 2402 2132 terra:
2423 2093 2648 2148 regnum
2672 2079 2994 2145 conteritur,
3016 2094 3138 2134 cum
3156 2078 3306 2148 justo
3336 2081 3426 2135 Dei
3446 2079 3646 2149 judicio
3663 2082 3813 2136 etiam

2248 2167 2316 2222 ad
2375 2167 2640 2223 humanos
2697 2184 2824 2225 usus
2883 2181 3152 2239 praetensa
3218 2171 3451 2227 castitas
3505 2170 3811 2225 adnullatur.

2254 2276 2274 2311 ι
2312 2260 2699 2316 Verumtamen
2723 2270 3014 2317 conterens
3042 2276 3146 2317 non
3169 2270 3448 2317 conteram
3477 2262 3693 2316 domum
3728 2259 3815 2317 Ja-

2255 2369 2273 2402 (
2311 2352 2430 2408 cob.
2467 2371 2487 2404 ι
2528 2352 2608 2407 Ac
2648 2353 2695 2407 si
2740 2352 2926 2409 dicat:
2960 2353 3111 2409 Licet
3159 2370 3255 2410 vos
3299 2355 3587 2425 plurimam
3626 2355 3815 2409 sancti-

554 2434 623 2490 27
643 2437 681 2505 ),
716 2438 873 2509 pleno
896 2443 963 2498 ad
993 2443 1163 2501 Demn
1194 2448 1367 2505 fertur
1392 2452 1595 2523 impetu
1633 2434 1969 2511 intentiOnis.
1995 2455 2146 2511 Sicut

2249 2444 2486 2499 muniam
2537 2444 2737 2501 habere
2785 2445 3118 2516 permittam,
3167 2456 3223 2502 et
3274 2448 3477 2503 electos
3525 2462 3690 2514 meos,
3737 2446 3815 2517 qui

554 2529 748 2597 ﬂuvius
772 2534 992 2606 Afgypti
1016 2538 1217 2609 deﬂuit,
1252 2558 1374 2599 cum
1404 2547 1605 2601 astutia
1631 2547 1743 2611 illa,
1772 2563 1877 2617 qua
1904 2547 2150 2619 conﬁgu-

2247 2539 2379 2594 vitia
2425 2539 2772 2609 supplantare
2800 2540 3067 2606 nituntur,
3094 2540 3382 2610 aliquoties
3406 2542 3603 2597 cadere
3638 2541 3818 2607 sinam,

561 2621 789 2677 rabatur
814 2628 1061 2684 saaculari
1087 2632 1351 2702 scientiae,
1390 2652 1456 2691 ex
1489 2645 1601 2693 toto
1635 2638 1690 2693 in
1729 2653 1795 2694 eo
1825 2640 2051 2709 deperit.

628 2712 792 2771 Vsus.
821 2716 967 2773 6.-
1000 2741 1018 2773 r
1055 2722 1156 2791 Qui
1200 2725 1433 2783 aedificat
1476 2729 1529 2785 in
1580 2730 1721 2786 coelo
1767 2733 2145 2788 ascensionem

560 2823 579 2857 r
617 2819 864 2877 suam,et
887 2810 1205 2872 fasciculum
1235 2833 1390 2873 suum
1414 2835 1576 2889 super
1603 2830 1806 2878 terram
1830 2822 2094 2879 fundavit.
2121 2843 2140 2877 ι

552 2895 778 2955 Incon
816 2908 1171 2965 ascensionem
1218 2929 1368 2968 suam
1407 2915 1659 2984 rcdiﬁcat,
1689 2933 1812 2974 cum
1849 2918 1904 2974 in
1943 2919 2146 2975 electo-

554 3004 674 3044 rum
698 3003 938 3065 pectore,
966 3000 1080 3069 qui,
1118 3001 1495 3074 sicutcmlum,
1522 3008 1623 3064 sibi
1665 3020 1794 3065 sunt
1824 3011 2002 3077 sedes,
2038 3013 2149 3067 vir-

554 3088 731 3172 tutum
772 3085 1131 3149 instrumenta
1163 3097 1504 3168 multiplicat,
1538 3116 1633 3171 per
1672 3118 1791 3172 quae
1829 3120 1935 3161 non
1967 3105 2144 3160 solum

555 3171 613 3227 in
659 3175 851 3235 horum
879 3184 1127 3243 sensibus
1153 3192 1503 3261 provehatur,
1536 3196 1631 3251 sed
1661 3171 1755 3253 eos
1795 3198 1938 3268 ipsos
1968 3198 2033 3253 ad
2060 3201 2143 3255 sui

554 3270 805 3327 notitiam
853 3281 1160 3345 promoveri
1202 3282 1384 3341 faciat.
1418 3285 1761 3344 Fasciculum
1793 3308 1947 3346 suum
1991 3310 2147 3363 super

553 3367 751 3417 terram
788 3365 995 3438 fundat,
1030 3386 1153 3428 cum
1204 3375 1257 3430 in
1311 3392 1538 3449 corpore
1579 3389 1766 3437 nostro
1804 3382 1969 3438 totius
2018 3383 2145 3438 boni

557 3455 804 3514 exercitii
855 3464 1137 3521 materiem
1192 3482 1289 3538 per
1342 3480 1545 3527 sancta:
1598 3473 1875 3545 religionis
1931 3475 2146 3530 vincula

554 3551 879 3623 conatringit
929 3565 984 3611 et
1014 3557 1232 3614 solidat.
1280 3580 1299 3613 ι
1332 3562 1433 3630 Qui
1465 3573 1623 3619 vocat
1653 3582 1824 3637 aquas
1870 3568 2060 3634 maris,
2093 3577 2149 3624 et

562 3657 582 3690 ι
621 3640 846 3700 effundit
888 3662 981 3705 eas
1030 3665 1193 3721 super
1216 3653 1411 3714 faciem
1441 3665 1620 3726 teme,
1668 3660 1928 3714 Dominus
1952 3677 2147 3718 nomen

561 3751 581 3787 ι
613 3735 750 3805 ejus.
786 3757 804 3791 ι
836 3740 1013 3811 Aquas
1044 3746 1207 3799 maris
1259 3747 1519 3806 Dominus
1551 3760 1726 3819 vocat,
1760 3768 1881 3809 cum
1907 3769 2150 3826 quosque

557 3826 704 3885 leves
752 3842 807 3887 et
850 3832 1064 3902 ﬂuidos,
1096 3846 1149 3893 et
1201 3841 1413 3896 sentina
1466 3844 1667 3913 putidas
1723 3849 2151 3906 conversationis

536 3934 776 3977 'amaros
798 3925 863 3978 ad
888 3940 1001 3981 suae.
1039 3926 1397 3988 institutionis
1426 3934 1662 3990 studium
1704 3948 1981 4007 provocat,
2016 3955 2152 4009 quas

558 4012 826 4069 intantum
880 4019 1068 4088 gratia:
1114 4036 1227 4077 suae
1276 4026 1625 4083 condimento
1668 4029 1913 4085 dulcorat
1963 4040 2023 4085 ut
2062 4049 2150 4087 eas

556 4120 715 4173 super
753 4107 943 4174 [aciem
968 4119 1121 4166 terra:
1149 4114 1408 4179 eﬂ'undat,
1441 4118 1492 4172 id
1528 4128 1613 4173 est
1645 4129 1771 4175 ante
1797 4120 1990 4177 faciem
2019 4137 2152 4193 quo-

557 4208 787 4264 rumque
828 4199 1113 4270 bonorum,
1163 4204 1277 4274 qui,
1307 4206 1464 4276 juxta
1510 4208 1853 4279 Apostolum,
1900 4222 2028 4268 sunt
2055 4213 2149 4268 Dei

558 4287 768 4344 cultura
795 4290 813 4362 (
830 4290 857 4345 I
881 4289 1003 4349 Cor.
1036 4311 1119 4363 ut,
1144 4296 1221 4365 9),
1255 4314 1348 4355 eos
1371 4316 1470 4371 pro
1487 4304 1734 4374 exemplo
1753 4315 2008 4376 exponat.
2040 4305 2151 4362 Nec

560 4378 612 4433 i:|
637 4379 853 4447 injuria.
885 4385 1003 4456 Ipse
1046 4397 1129 4445 est
1156 4391 1299 4447 enim
1328 4392 1608 4465 Dominus,
1639 4397 1717 4453 sic
1744 4413 1803 4453 re
1823 4407 1884 4453 ut
1909 4399 2147 4467 nomine,

556 4472 644 4526 cui
676 4474 881 4542 subest,
910 4493 1032 4534 cum
1066 4480 1319 4551 voluerit,
1345 4501 1524 4555 posse.

2249 2642 2536 2690 conterens
2568 2642 2746 2689 tamen
2793 2633 3061 2699 exterius,
3104 2634 3397 2690 introrsum
3453 2633 3674 2690 omnino
3725 2646 3818 2687 non

2249 2736 2549 2793 conteram,
2582 2726 2677 2782 sed
2727 2726 2920 2782 faciam
2971 2728 3052 2784 eis
3097 2743 3286 2784 casum
3317 2728 3498 2785 standi
3527 2727 3816 2784 materiam.

2247 2819 2435 2887 Jacob,
2464 2820 2828 2891 supplantator
2846 2830 2949 2878 est.
3022 2810 3023 2813 I

2322 2910 2485 2967 Vsus.
2512 2913 2564 2967 9.
2594 2942 2661 2952 —
2690 2930 2708 2964 ι
2750 2913 2888 2969 Ecce
2909 2928 3010 2984 ego
3037 2914 3332 2982 mandabo,
3363 2924 3419 2970 et
3444 2914 3747 2971 coneutiam
3773 2913 3820 2969 lu

2256 3024 2275 3056 r
2308 3004 2560 3059 omnibus
2592 3005 2841 3074 gentibus
2865 3004 3087 3061 domum
3116 3006 3301 3075 lsrael,
3353 3008 3497 3063 sicut
3529 3008 3822 3064 concutitur

2254 3112 2274 3148 ι
2310 3095 2546 3151 triticum
2591 3096 2643 3150 in
2674 3096 2873 3162 cribro,
2904 3106 2959 3154 et
2987 3099 3264 3154 noncadet
3298 3098 3514 3168 lapillus
3533 3114 3697 3169 super
3725 3109 3820 3153 ter-

2254 3207 2272 3241 ι
2310 3204 2446 3244 ram.
2486 3207 2503 3240 ι
2541 3189 2682 3244 Deus
2708 3189 2949 3257 mandat,
2995 3205 3118 3245 cum
3157 3191 3379 3246 minime
3410 3191 3527 3246 ﬂeri
3556 3200 3726 3247 vetat.
3765 3190 3822 3244 In

2249 3282 2486 3337 omnibus
2511 3284 2745 3353 gentibus
2769 3284 2983 3338 domum
3006 3283 3175 3340 Israel
3197 3287 3457 3352 concutit,
3487 3286 3630 3341 inter
3651 3285 3823 3341 omnia

2248 3388 2387 3443 pene
2423 3373 2553 3427 vitia
2580 3373 2969 3429 conscientiam
3002 3373 3298 3445 hypocrita:
3340 3374 3658 3446 plerumque
3688 3373 3822 3430 colli-

2249 3464 2347 3519 dit.
2381 3464 2448 3520 Et
2473 3465 2576 3522 hoc
2604 3465 2664 3520 Iit
2698 3467 2833 3521 sicut
2886 3467 3115 3521 triticum
3150 3468 3206 3521 in
3238 3467 3409 3521 cribro
3437 3467 3755 3530 concutitur,
3779 3466 3825 3519 in

2249 3572 2356 3626 quo
2386 3557 2649 3613 bonorum
2682 3559 3006 3615 naturalium
3034 3560 3215 3631 fruges
3238 3576 3269 3614 a
3296 3560 3471 3631 paleis
3507 3569 3564 3616 et
3586 3559 3825 3616 sordibus

2250 3649 2505 3704 vitiorum
2537 3649 2649 3705 Deo
2676 3650 3017 3706 discernente
3054 3661 3375 3722 purgantur.
3407 3650 3517 3707 Sed
3554 3666 3665 3706 non
3695 3650 3825 3706 cadit

2251 3742 2463 3813 lapillus
2521 3761 2679 3813 super
2721 3753 2938 3811 terram,
2992 3745 3119 3814 quia
3179 3744 3466 3800 obduratio
3518 3743 3690 3798 animi
3733 3756 3826 3797 non

2251 3834 2485 3900 excedit,
2509 3844 2567 3889 ut
2592 3836 2863 3906 pertingat
2905 3851 3075 3905 usque
3106 3836 3172 3892 ad
3199 3836 3410 3906 peccati
3454 3846 3511 3891 et
3554 3834 3827 3891 terrenita-

2253 3930 2323 3985 tis
2348 3945 2458 3985 sum
2486 3930 2754 3986 notitiam.

2324 4022 2488 4076 Vens.
2520 4022 2606 4076 10.
2630 4052 2700 4062 --
2733 4041 2751 4075 ‹
2804 4039 2838 4077 n
2881 4023 3058 4095 gladio
3092 4024 3396 4080 morientur
3430 4037 3622 4079 omnes
3659 4019 3825 4093 p0puli

2258 4131 2277 4164 r
2310 4122 2624 4183 peceatores
2651 4114 2777 4179 mei,
2818 4114 2910 4185 qui
2935 4115 3122 4170 dicunt
3152 4131 3166 4169 :
3213 4115 3329 4171 Non
3358 4114 3824 4186 appropinquabit,

2259 4222 2277 4255 ι
2323 4219 2431 4259 non
2461 4206 2643 4260 veniet
2676 4220 2841 4276 super
2883 4222 2984 4262 nos
3024 4205 3245 4261 malum.
3280 4226 3297 4257 ι
3326 4206 3480 4274 Quod
3503 4216 3588 4263 est
3612 4206 3823 4261 dicere:

2254 4296 2572 4367 Quicunque
2595 4297 2697 4353 sibi
2723 4298 3120 4353 immunitatem
3151 4314 3181 4352 a
3226 4314 3387 4369 poena
3416 4299 3653 4370 peccati,
3686 4296 3827 4367 quasi

2253 4402 2351 4458 pro
2368 4388 2498 4443 vita:
2536 4389 2731 4445 merito
2752 4389 2854 4444 silu
2876 4388 3163 4458 spondent,
3192 4404 3291 4461 pro
3316 4404 3413 4444 sua
3442 4388 3607 4461 242
3630 4386 3825 4444 securi-

2256 4490 2369 4536 tate
2388 4482 2634 4551 capitalis
2662 4481 2912 4537 criminis
2934 4482 3171 4554 gladium
3199 4482 3460 4538 incident.

633 4561 793 4622 Vens.
818 4568 870 4622 7.
896 4600 946 4608 —
994 4590 1011 4621 ι
1044 4570 1294 4644 Nunquid
1327 4592 1454 4645 non,
1485 4589 1544 4633 ut
1572 4579 1664 4635 lilii
1689 4580 2029 4653 lEtbiopum,
2056 4598 2147 4640 vos

2329 4576 2491 4630 Vens.
2518 4574 2603 4629 ll.
2634 4605 2703 4615 ——
2738 4593 2757 4626 ι
2796 4575 2851 4629 1η
2879 4575 2965 4630 die
2995 4574 3087 4629 illo
3111 4574 3386 4631 suscitabo
3433 4572 3824 4632 tabernaculum

564 4674 584 4708 r
620 4659 753 4713 estis
808 4662 960 4731 mihi,
1027 4664 1155 4721 dicit
1211 4669 1490 4738 Dominus,
1546 4672 1638 4727 ﬁlii
1690 4673 1898 4731 Israel?
1937 4694 1956 4728 ›
2018 4674 2148 4730 Filii

560 4745 732 4803 Israel
772 4751 1081 4824 zEtltiopum
1120 4758 1221 4827 ﬁlii
1270 4763 1379 4818 Deo
1427 4764 1582 4833 fiunt,
1618 4781 1740 4822 cum
1772 4768 1848 4835 hi,
1893 4768 1986 4837 qui
2025 4783 2148 4822 cum

560 4840 672 4895 Deo
700 4843 811 4899 suis
839 4846 1073 4904 motibus
1106 4852 1399 4925 principari
1434 4856 1751 4925 debuerant,
1799 4858 2153 4913 immutabili-

564 4940 644 4987 ter
697 4934 747 4989 in
789 4941 996 5006 peccati
1049 4942 1331 5014 nigredine
1362 4957 1732 5015 perseverant.
1779 4948 1962 5016 Israel,
1995 4950 2147 5018 prin-

556 5040 687 5095 ceps
712 5044 833 5085 eum
868 5033 996 5102 Deo,
1031 5038 1246 5102 dicitur,
1270 5040 1359 5109 qui
1395 5042 1460 5097 ad
1492 5043 1798 5098 obstinatos
1830 5044 2148 5116 hypocritas

560 5132 738 5174 sermo
779 5124 1048 5196 dirigitur.
1088 5147 1106 5179 r
1137 5128 1388 5203 Nunquid
1425 5151 1530 5189 non
1555 5135 1718 5191 Israel
1756 5142 2051 5197 ascendere
2073 5142 2152 5198 fe-

570 5228 588 5262 c
633 5214 777 5270 cide
823 5228 966 5277 terra
989 5221 1231 5295 Egypti,
1283 5234 1337 5281 et
1370 5226 1689 5286 Palaestinos
1745 5233 1810 5289 de
1858 5233 2149 5306 Cappado-

566 5321 584 5353 ι
623 5305 727 5375 cia,
775 5320 828 5366 et
887 5313 1054 5383 Syros
1101 5314 1170 5370 de
1196 5314 1445 5388 Cyrene?
1475 5339 1493 5371 ι
1549 5320 1720 5377 Israel
1758 5305 2041 5382 ascendere
2085 5328 2151 5382 de

560 5406 700 5453 terra
723 5400 942 5473 Egypti
970 5405 1112 5463 Deus
1157 5407 1306 5475 facit,
1338 5427 1461 5467 cum
1493 5412 1559 5470 de
1594 5417 1776 5472 saeculi
1823 5421 2149 5476 utceroribus

560 5493 892 5582 actenebris
930 5497 997 5552 ad
1038 5514 1097 5555 se
1131 5502 1423 5561 videndum
1476 5507 1617 5564 Deus
1660 5524 1945 5582 assurgere
1997 5511 2145 5570 facit.

561 5576 833 5675 Palaestini
883 5585 946 5639 de
990 5586 1328 5659 Cappadocia
1379 5606 1666 5666 eruuntur,
1696 5576 1913 5657 cumvde
1951 5601 2152 5675 frigore

563 5667 898 5731 infidelitatis
927 5677 993 5732 ad
1018 5679 1121 5735 hoc
1148 5691 1207 5738 ut
1242 5685 1528 5743 mundanae
1554 5689 1849 5761 voluptatis
1900 5667 2151 5763 portione

565 5762 885 5855 concidant,
957 5770 1122 5841 aliqui
1185 5777 1507 5834 educuntur.
1580 5780 1853 5838 Palaestini
1903 5762 2151 5855 ipotione

568 5848 823 5909 cadentes
876 5856 1157 5930 dicuntur;
1212 5862 1550 5936 Cappadocia
1588 5878 1766 5925 autem
1828 5848 2153 5942 aquilonalis

2261 4682 2280 4716 r
2318 4664 2509 4731 David,
2533 4665 2675 4735 quod
2713 4664 2925 4730 cecidit,
2960 4674 3014 4718 et
3042 4664 3379 4722 reatdilicabo
3414 4674 3698 4737 aperturas
3722 4680 3826 4719 mue

2259 4776 2278 4811 ι
2317 4773 2500 4813 rorum
2530 4757 2666 4827 ejus,
2695 4768 2751 4813 et
2777 4772 2840 4812 ea
2882 4772 3001 4828 quae
3042 4766 3378 4821 corruerant,
3434 4758 3767 4813 restaurabo.
3802 4774 3819 4809 ι

2253 4848 2320 4904 In
2340 4850 2424 4905 die
2454 4849 2547 4903 illo
2570 4848 2964 4903 tabernaculum
3006 4848 3175 4903 David
3220 4850 3358 4920 quod
3389 4850 3578 4903 cecidit
3605 4850 3823 4905 suscita-

2253 4951 2361 5009 tur,
2394 4956 2515 4997 cum
2571 4942 2624 4996 in
2676 4941 2764 4996 illa
2808 4941 3196 4997 illuminatione
3240 4942 3475 5007 interna,
3527 4956 3656 5011 qua,
3711 4940 3825 4995 dum

2253 5036 2498 5108 superbit
2551 5036 2768 5107 impius,
2817 5036 2882 5091 ad
2917 5036 2998 5091 sui
3023 5035 3326 5091 claritatem
3356 5036 3504 5091 velut
3534 5050 3724 5089 aurum
3755 5034 3828 5087 in-

2253 5131 2500 5187 ceuditur
2524 5146 2725 5201 pauper
2767 5128 2941 5200 (Psal.
2973 5145 3048 5192 Ix,
3089 5128 3205 5199 2'5),
3228 5137 3414 5185 sancta
3446 5128 3638 5183 militia
3663 5125 3827 5195 cuius-

2253 5224 2385 5278 libet
2428 5237 2588 5278 manu
2626 5223 2799 5289 fortis,
2822 5237 2941 5294 qua:
2966 5222 3171 5277 desidia
3190 5221 3493 5287 eﬂluxerat,
3526 5221 3822 5276 innovatur.

2253 5318 2553 5387 Aperturas
2598 5329 2875 5370 murorum
2933 5315 3054 5385 ejus
3107 5313 3427 5381 readilicat,
3468 5329 3593 5369 cum
3643 5310 3827 5367 mentis

2253 5408 2455 5473 hiatus,
2513 5423 2610 5479 per
2669 5421 2807 5476 quos
2872 5405 3265 5461 admittebatur
3322 5420 3488 5476 prava
3538 5402 3823 5475 suggestio,

2208 5547 2217 5554 .
2253 5499 2414 5554 litura
2456 5498 2674 5554 virtutis
2708 5497 3005 5566 accopulat.
3059 5496 3188 5564 Quae
3236 5505 3557 5552 corruerant
3634 5503 3827 5549 restau-

2254 5599 2359 5656 rat,
2392 5606 2512 5669 cum
2543 5591 2737 5646 damna
2783 5590 2988 5661 peccati
3015 5590 3367 5661 paenitudinis
3388 5587 3725 5659 impensioue
3749 5599 3828 5639 re-

2254 5686 2547 5757 dintegrat.

2329 5776 2488 5834 Vsus.
2521 5777 2607 5833 12.
2631 5808 2702 5818 -
2734 5796 2753 5830 r
2782 5776 2850 5832 Et
2879 5776 3219 5833 retedilicabo
3252 5791 3347 5832 eos
3374 5775 3517 5831 sicut
3555 5774 3611 5828 in
3646 5770 3825 5827 diebus

2259 5889 2279 5926 ι
2318 5871 2573 5945 antiquis,
2601 5881 2661 5929 ut
2690 5870 3003 5945 possideant
3030 5869 3286 5943 reliquias
3315 5865 3549 5924 ldumeae
3569 5872 3825 5922 etomnes
