3952 6360
23 331 141 388 ὶ49

541 319 1008 384 TBOPOLOGUE
1037 316 1110 376 IN
1140 317 1338 380 OSEE.
1365 315 1556 374 AMOS
1595 313 1684 372 ET
1718 314 2070 374 “BIL—LIB.
2117 316 2178 374 V.
2201 315 2271 375 IN
2292 313 2886 376 JER.-—PROLOGUS

3225 321 3333 381 450

84 445 379 510 nationes,
430 456 496 498 eo
539 439 682 511 quod
739 437 1047 493 invocatum
1099 434 1169 490 sit
1213 449 1407 490 nomen
1461 447 1638 488 meum
1669 441 1714 497 Α
1745 440 1982 502 agreste,
2011 431 2145 486 nihil
2175 431 2431 493 insolens,
2461 432 2597 488 nihil
2647 431 3065 504 incompositum
3096 434 3336 494 residere

87 551 275 605 super
295 549 410 590 eos.
448 553 468 586 ι
497 532 648 588 Sicut
669 531 724 585 in
752 528 932 582 diebus
958 525 1186 596 antiquis
1217 541 1304 579 eos
1328 525 1637 591 reuidillcat,

23 642 166 680 :um
219 625 292 680 ad
330 621 642 692 exemplum
691 615 1094 689 superent-testis
1125 613 1450 682 Jerusalem,
1488 613 1642 684 cujus

24 719 258 785 iiebus,
296 717 352 772 id
377 724 463 772 est
502 713 816 776 virtutibus,
839 719 900 766 ut
921 711 1002 767 sic
1023 709 1278 773 dixerim,
1321 707 1456 763 nihil
1484 716 1642 763 aeter-

24 812 190 877 aius,
217 826 316 866 eos
339 809 430 880 qui
465 807 674 863 militiae
699 805 772 860 illi
801 803 1108 874 inequitant
1133 802 1368 858 instituit
1385 811 1440 857 et
1471 801 1644 857 refor-

23 911 176 957 mat.
207 899 276 956 Ut
308 898 608 970 possideant
632 895 878 968 reliquias
903 894 1159 958 Idumam,
1183 905 1230 948 et
1271 911 1446 950 omnes
1467 896 1644 949 natio-

23 1010 156 1056 nes,
192 993 570 1050 terrenitatem
597 988 850 1044 videlicet
876 988 960 1043 sui
1005 987 1270 1059 corporis,
1307 997 1365 1043 et
1391 989 1644 1058 concupi-

23 1086 292 1141 scentias
331 1101 428 1156 per
452 1099 647 1154 corpus
677 1090 992 1153 evagantes.
1018 1081 1085 1135 Et
1107 1081 1227 1148 hoc,
1255 1097 1316 1134 eo
1339 1081 1476 1151 quod
1499 1079 1646 1133 invo-

23 1186 226 1230 catum
285 1177 353 1231 sit
410 1191 597 1229 nomen
642 1189 816 1228 meum
867 1189 1025 1244 super
1052 1189 1159 1236 eos,
1209 1171 1264 1226 id
1301 1181 1385 1226 est
1413 1187 1518 1226 non
1545 1185 1644 1226 suo

23 1267 263 1322 nomini
307 1267 518 1338 peccati
567 1265 849 1322 victoriam
904 1265 1298 1334 ascripserunt,
1357 1264 1450 1319 sed
1513 1271 1647 1318 ante

23 1361 312 1416 thronum
348 1359 442 1414 Dei
468 1374 700 1416 coronas
727 1374 851 1416 suas
875 1358 976 1429 ipsi
1015 1357 1112 1414 soli
1145 1357 1549 1430 gratulabundi,
1581 1357 1648 1414 de

23 1453 140 1510 sui
169 1451 378 1509 laboris
404 1454 778 1524 prosecutione
797 1455 1086 1508 miserunt.

133 1545 297 1600 Vens.
325 1545 412 1600 15.
441 1576 508 1586 -
542 1565 561 1598 ι
587 1546 724 1601 Ecce
761 1546 876 1602 dies
907 1546 1156 1614 veniunt,
1185 1546 1319 1602 dicit
1363 1545 1642 1614 Dominus,

29 1660 56 1693 ι
135 1646 189 1690 et
233 1635 656 1705 comprehendet
706 1647 891 1691 arator
941 1652 1261 1702 messorem,
1303 1647 1358 1692 et
1406 1638 1649 1693 calcator

39 1753 69 1786 ι
136 1744 244 1784 una
271 1728 570 1784 mittentem
616 1743 822 1784 semen.
849 1749 869 1782 ι
904 1729 1024 1784 Dies
1065 1731 1297 1796 ccidunt,
1328 1745 1452 1786 cum
1480 1733 1646 1788 menti

1741 525 1797 580 in
1822 525 2160 580 subditorum
2183 533 2364 582 mente
2391 525 2742 597 conspicitur.

1813 617 1978 673 Vens.
2005 617 2092 672 14.
2113 648 2185 659 -
2219 637 2237 670 ‹
2268 618 2592 675 Convertam
2619 619 2992 689 captivitatem
3014 621 3195 691 populi
3223 623 3332 680 mei

1749 728 1768 762 ε
1813 709 2002 774 Israel,
2037 722 2094 765 et
2130 707 2477 765 aedificabant
2507 709 2759 765 civitates
2791 711 3054 776 desertas,
3083 720 3138 767 et
3175 711 3336 771 habi-

1749 821 1768 854 ¢
1815 803 2005 857 tabunt
2048 800 2101 856 in
2124 801 2222 857 eis.
2258 821 2277 853 ι
2312 800 2680 872 Captivitatem
2707 802 2888 874 populi
2915 803 3000 860 sui
3027 804 3170 862 Deus
3203 822 3334 864 con-

1743 894 1927 959 vertit,
1954 910 2076 950 cum
2107 895 2197 965 qui
2230 894 2480 964 captivos
2515 903 2732 950 nostros
2761 896 3030 951 duxerant
3071 887 3334 955 animales

1747 1000 1946 1057 motus,
1997 989 2097 1060 ipsi
2155 988 2356 1060 captivi
2402 987 2746 1043 abducuntur
2796 988 2862 1042 ad
2915 989 3070 1046 liberi
3121 992 3337 1048 arbitrii

1745 1082 2039 1137 rationales
2055 1090 2230 1136 nutus.
2263 1079 2414 1137 Unde
2434 1089 2516 1136 est
2538 1098 2550 1132 :
2574 1100 2592 1132 ι
2617 1080 2892 1150 Captivam
2913 1123 2928 1148 ,
2953 1083 3151 1156 inquit,
3181 1085 3337 1142 duxit

1748 1174 2114 1246 captivitatem
2133 1175 2348 1244 (Ephes.
2375 1189 2451 1239 tv,
2474 1173 2550 1246 8).
2585 1193 2603 1226 ‹
2628 1173 2874 1229 Civitates
2901 1175 3129 1231 desertas
3161 1178 3334 1234 aedili-

1746 1276 1892 1326 cant.
1923 1282 2045 1322 cum
2078 1267 2460 1322 sensualitates
2500 1266 2596 1322 Dei
2647 1268 3003 1322 contubernio
3035 1269 3327 1338 desolatas,

1747 1371 1938 1417 contra
1987 1361 2151 1416 totius
2204 1362 2456 1416 incursus
2505 1361 2761 1416 vanitatis
2813 1361 3139 1416 instaurant.
3167 1360 3236 1416 In
3261 1363 3352 1422 eis,

1749 1454 2078 1518 inhabitant,
2109 1467 2231 1507 cum
2260 1467 2353 1507 eas
2379 1451 2604 1506 sollicita
2631 1452 2876 1508 custodia
2906 1451 3338 1523 l'rcquentanles,

1749 1561 1858 1601 sine
1885 1543 2075 1600 ditioni
2116 1543 2225 1598 lixa
2281 1543 2672 1599 deliberatione
2713 1543 3020 1616 subjugant.
3055 1564 3074 1596 ι
3097 1544 3164 1599 Et
3189 1545 3339 1615 plan-

1754 1656 1774 1689 ‹
1821 1637 2011 1692 tabunt
2037 1636 2252 1703 vineas,
2279 1645 2334 1692 et
2365 1636 2553 1693 bibent
2575 1637 2759 1692 vinum
2783 1652 2990 1700 earum,
3031 1647 3087 1692 et
3135 1635 3338 1692 facient

1756 1747 1776 1781 ι
1821 1731 2028 1794 hortos,
2053 1739 2108 1784 et
2129 1729 2415 1785 comedent
2439 1727 2650 1784 fructus
2671 1743 2880 1784 eorum.
2912 1747 2931 1782 ι
2974 1727 3162 1783 Vincas
3191 1727 3338 1798 plan-

41 1822 337 1878 claritates
382 1821 612 1876 internas
658 1823 978 1877 succedunt.
1009 1822 1432 1893 Comprehendit
1461 1835 1642 1878 arator
1673 1809 1716 1868 Β
1745 1829 1884 1886 tant,
1913 1822 2003 1892 qui
2025 1837 2219 1877 causas
2237 1829 2455 1876 aeternae
2477 1821 2677 1876 lmtitiae
2694 1821 2784 1892 pie
2803 1819 3184 1876 collaborando
3208 1833 3338 1890 pro-

37 1931 356 1980 messorem,
403 1929 527 1970 cum
577 1917 899 1972 exercitium
933 1917 1059 1972 boni
1087 1919 1286 1988 aperis,
1325 1919 1484 1974 etiam
1517 1935 1644 1974 nec-

37 2008 186 2064 dum
213 2017 458 2078 promoto
481 2007 682 2074 studio,
707 2008 823 2080 jam
852 2009 976 2064 boni
1015 2011 1198 2079 operis
1226 2026 1418 2066 secure
1441 2012 1640 2082 operiri

36 2099 247 2170 incipit
271 2100 618 2156 tnessionem.
651 2100 806 2168 Quod
835 2101 908 2155 illi
962 2102 1128 2157 statui
1160 2103 1384 2160 obviare
1409 2103 1638 2166 videtur,

36 2204 169 2262 quo
235 2189 648 2260 perfectissirnis
685 2201 810 2247 ante
857 2191 1059 2248 Christi
1116 2193 1408 2248 adventum
1455 2193 1643 2264 negari

35 2284 236 2340 solere
263 2283 618 2355 cognovimus
653 2284 893 2340 caelestis
915 2293 1106 2354 patriae
1131 2285 1492 2341 mansionem.
1523 2284 1647 2339 Cal-

38 2386 207 2432 cator
237 2393 347 2432 uate
395 2379 682 2432 mittentem
712 2379 920 2433 semina
945 2379 1376 2448 comprehendit,
1419 2394 1544 2434 cum
1575 2379 1640 2446 is,

37 2467 152 2540 qui
185 2469 380 2524 divina:
415 2479 608 2541 gratiae
656 2480 850 2526 nectar
887 2487 984 2541 per
1021 2487 1174 2527 nova:
1211 2472 1645 2542 compunctionis

39 2560 311 2616 affectum
340 2578 370 2617 a
401 2578 499 2618 sua
545 2572 728 2619 mente
752 2572 1044 2636 extorquet
1071 2575 1127 2620 et
1146 2565 1314 2632 elicit,
1347 2565 1516 2631 illum,
1551 2565 1644 2636 qui

37 2653 324 2710 doctrina:
353 2655 606 2712 salutaris
647 2657 855 2728 spargit
897 2672 1110 2724 semen,
1134 2656 1349 2714 fervore
1380 2659 1454 2729 pii
1504 2658 1648 2714 desi-

34 2744 196 2802 derii
231 2747 564 2818 aequiparare
607 2749 908 2804 contendit.
953 2749 1060 2804 tEt
1099 2751 1386 2808 stillabunt
1432 2761 1646 2807 montes

43 2855 68 2892 ι
120 2837 490 2906 dulcedinem,
519 2851 574 2896 et
619 2858 809 2898 omnes
839 2843 1008 2899 colles
1037 2844 1166 2899 culti
1217 2852 1398 2899 erunt.
1431 2864 1448 2894 ι
1490 2843 1646 2898 Mon-

39 2939 126 2985 tes
174 2929 504 2985 dulcedinem
548 2932 778 2998 stillant,
809 2949 933 2989 cum
955 2935 1284 2991 excellentes
1316 2936 1368 2990 in
1402 2945 1645 2991 contem-

41 3021 298 3092 platione
324 3022 514 3089 animi,
543 3023 609 3079 de
642 3039 889 3095 supernae
917 3025 1101 3095 gloriae
1127 3026 1322 3096 gaudio
1347 3027 1569 3093 sensim,
1593 3036 1648 3081 et

39 3116 293 3184 quadam
319 3115 608 3171 verborum
639 3116 988 3184 lentitudine,
1013 3127 1269 3176 tractant.
1306 3119 1374 3175 Et
1405 3121 1489 3174 ha
1519 3131 1645 3176 sunt

41 3205 307 3262 scintillae
330 3210 470 3278 apud
509 3209 847 3266 Ezechielem
874 3211 1002 3267 aeris
1049 3213 1332 3268 candentis
1358 3212 1573 3285 (Eucti.
1601 3230 1641 3282 ι,

44 3299 136 3369 7).
175 3298 248 3356 Et
269 3300 394 3368 quid
414 3300 559 3357 aliud
585 3318 746 3372 quam
772 3303 977 3360 stillare
1011 3305 1245 3370 videtur,
1277 3306 1368 3376 qui
1406 3306 1548 3377 quod
1577 3305 1644 3363 de

43 3388 166 3446 Deo
196 3393 382 3454 sentit.
425 3396 738 3466 neutiquam
766 3397 1091 3454 elucubrare
1117 3399 1488 3470 permittitur?
1519 3400 1646 3456 Om-

43 3497 143 3540 nes
170 3492 332 3542 cottes
357 3487 484 3543 culti
521 3499 662 3556 sunt,
689 3507 815 3547 cum
865 3493 936 3548 ab
961 3507 1148 3548 eorum
1191 3493 1465 3549 stillicidio
1510 3494 1645 3550 nihil

1746 1921 1963 1983 pagant.
2015 1910 2211 1966 Vinum
2259 1929 2442 1968 earum
2499 1911 2712 1980 bibunt,
2756 1929 2879 1968 cum
2928 1911 3040 1982 spei
3074 1912 3330 1984 gaudium

1746 2003 2091 2074 sempiterna:
2133 2004 2257 2059 inde
2291 2013 2645 2073 praesumunt.
2691 2005 2819 2060 lnde
2845 2004 3187 2074 debriantur,
3214 2021 3340 2062 cum

1747 2098 1814 2152 ad
1862 2096 2136 2151 anteriora
2187 2097 2488 2165 tendentes,
2526 2112 2589 2153 ea
2633 2113 2753 2167 quae
2778 2107 2928 2153 retro
2976 2107 3102 2154 sunt
3138 2098 3340 2155 oblivi-

1747 2197 1975 2244 scuntur
2024 2187 2251 2260 (Philip.
2294 2205 2374 2255 ιιι,
2424 2190 2532 2260 15).
2586 2188 2785 2246 Harios
2818 2189 3045 2258 faciunt,
3092 2206 3215 2248 cum
3269 2191 3340 2248 ad

1747 2282 1933 2348 fortia,
1961 2293 2016 2339 et
2035 2283 2200 2339 etiam
2245 2283 2546 2353 corporalis
2586 2284 3000 2341 exercitationis
3020 2286 3197 2342 studia
3220 2299 3342 2344 sese

1747 2375 2075 2448 proripiunt.
2102 2373 2338 2429 Fructus
2367 2391 2548 2429 eorum
2577 2377 2892 2442 comedunt,
2915 2391 3038 2432 cum
3062 2377 3130 2432 de
3153 2377 3339 2434 labore

1748 2467 2028 2535 l‘orastico,
2055 2476 2111 2523 et
2137 2468 2204 2522 de
2241 2466 2610 2524 beneﬁcentia:
2637 2469 2692 2524 in
2715 2469 3021 2540 proximum
3045 2469 3342 2541 impendio,

1749 2559 1814 2614 de
1836 2558 2043 2615 ctelesti
2075 2558 2239 2614 menti
2261 2557 2531 2616 securitas
2550 2559 2713 2615 etiam
2740 2560 3230 2631 impraesentiarum
3261 2561 3342 2616 in«

1748 2651 1993 2705 nascitur
2010 2649 2218 2705 bravio.

1755 2761 1758 2766 ·
1819 2743 1985 2800 Vens.
2014 2741 2184 2798 15.--
2210 2759 2230 2794 ι
2253 2741 2320 2797 Et
2341 2742 2597 2814 plantabo
2616 2758 2711 2800 eos
2735 2759 2898 2814 super
2919 2742 3144 2799 humum
3163 2759 3338 2812 suam,

1755 2853 1774 2888 ‹
1817 2845 1870 2890 et
1902 2851 2006 2890 non
2035 2835 2263 2891 evellam
2292 2851 2386 2891 eos
2409 2835 2550 2890 ultra
2576 2836 2644 2892 de
2671 2845 2812 2891 terra
2842 2851 3004 2906 quam
3036 2836 3157 2892 dedi
3186 2836 3287 2892 eis.
3315 2856 3334 2891 ι

1750 2927 1925 2999 Super
1951 2929 2166 2982 humum
2216 2945 2368 2984 suam
2415 2945 2502 2984 eos
2534 2929 2765 3000 plantat,
2817 2945 2940 2985 cum
2993 2928 3343 2986 immobiliter

1750 3021 1830 3078 eis
1880 3036 2101 3078 suorum
2145 3037 2454 3093 corporum,
2495 3035 2564 3076 ne
2611 3020 2836 3077 ulterius
2879 3031 3077 3092 praeter
3121 3022 3341 3078 modum

1751 3114 1972 3170 rebellia
2004 3115 2157 3182 ﬁant,
2181 3115 2482 3170 dominium
2525 3115 2708 3170 donat.
2737 3113 2814 3169 De
2842 3124 2982 3168 terra
3012 3130 3169 3184 quam
3194 3114 3342 3170 dedit

1750 3209 1825 3262 eis
1853 3207 1994 3263 ultra
2022 3224 2108 3263 eos
2130 3225 2233 3263 non
2258 3207 2459 3274 evellit,
2489 3209 2612 3278 quia
2645 3224 2807 3278 quam
2843 3207 3093 3279 promisit
3120 3205 3341 3263 mitibus

1753 3300 2132 3371 possidendam
2177 3299 2408 3370 (Matth.
2439 3307 2500 3364 v,‘
2535 3300 2616 3370 4),
2645 3315 2831 3354 eorum
2862 3297 3114 3355 videlicet
3143 3310 3340 3370 corpo-

1753 3409 1874 3449 rum
1901 3403 2122 3460 terram,
2151 3401 2358 3449 :eterno
2385 3391 2603 3463 eisjure
2624 3391 2876 3464 praeﬁxit.

1320 3631 1570 3688 smicrr
1606 3647 1746 3691 suos
1782 3647 2080 3691 paenae“.

65 3793 3308 3836 ww

684 3955 1314 4052 PROLOGUS
1384 3959 1535 4051 AD
1609 3961 2070 4055 LIBRUM
2149 3964 2757 4073 QUINTUM.

97 4303 270 4379 25,3
287 4299 1137 4378 BeatissimusJeremias,qui,ex
1161 4306 1277 4377 ipso
1290 4305 1650 4364 matrisutero

53 4397 438 4455 sanetilicatus
460 4407 514 4452 et
549 4397 810 4468 propheta
841 4401 1092 4470 gen-tibus
1119 4399 1444 4466 destinatus,
1470 4399 1649 4458 iniens

1757 4313 1855 4368 sed
1891 4327 2012 4368 cum
2043 4314 2110 4368 ad
2141 4315 2466 4373 charitatem
2497 4316 2593 4372 Dei
2647 4324 2699 4372 et
2728 4315 2963 4384 proximi
3001 4331 3155 4373 mens
3196 4331 3347 4373 com-

1757 4415 1986 4477 puncta,
2022 4415 2079 4462 et
2109 4407 2306 4463 excidii
2362 4409 2446 4462 sui
2497 4406 2922 4477 lacrymabiliter
2952 4407 3232 4462 recordata
3259 4423 3352 4462 rc-

57 4504 236 4545 a.vum
274 4489 372 4544 sub
415 4488 728 4560 evangelica
760 4491 1070 4562 virginitate
1111 4493 1387 4564 produxit,
1416 4493 1651 4564 qui,_se-
1676 4509 1728 4570 ι)
1753 4499 1975 4569 cligitur,
2021 4500 2250 4555 interius
2283 4497 2670 4555 exterminium
2699 4497 2899 4567 gemini
2940 4500 3194 4570 praecepti
3224 4497 3346 4556 bre-

58 4581 302 4637 (zundum
331 4581 575 4636 inclitam
608 4581 710 4636 sibi
753 4583 1069 4653 puritatem,
1113 4593 1266 4640 tanto
1295 4585 1507 4642 acutius
1529 4601 1650 4642 sese

59 4670 122 4724 ad
164 4671 380 4726 interna
407 4673 705 4743 proripuit,
732 4682 936 4744 quanto
963 4676 1031 4732 ab
1070 4685 1300 4732 externo
1331 4676 1565 4743 laedere,
1597 4686 1651 4733 et

60 4762 428 4833 prosperitate
455 4766 753 4831 mundana,
793 4781 893 4836 pro
918 4768 1178 4838 temporis
1205 4767 1568 4835 incommodo,
1596 4775 1651 4821 et

61 4855 222 4911 corde
251 4854 601 4923 pudieissimo
629 4859 898 4915 secretior
923 4859 1044 4916 fuit.
1076 4860 1230 4918 Unde
1251 4871 1454 4918 sanctae
1483 4862 1650 4917 infor-

66 4946 274 5000 tunium
304 4947 540 5004 civitatis
568 4951 634 5004 ad
675 4951 955 5008 interioris
985 4954 1220 5010 hominis
1257 4955 1546 5013 conferens
1573 4956 1650 5012 la-

63 5050 254 5106 psum,
309 5042 647 5113 quadruplex
678 5045 924 5115 mysticis
966 5047 1246 5104 doloribus
1293 5049 1539 5106 adhibuit
1571 5050 1650 5105 al-

67 5129 393 5200 phabetum,
426 5146 485 5188 ut
513 5151 672 5204 quem
699 5146 934 5208 quatuor
963 5139 1353 5196 elementorum
1388 5142 1652 5197 immode-

69 5225 259 5282 rantiis
315 5228 487 5284 ruisse
527 5241 897 5301 compererat,
955 5247 1052 5302 per
1085 5235 1458 5304 evangelicum
1494 5245 1647 5292 cata-

70 5314 272 5380 plasma
299 5329 536 5385 sanaret,
561 5333 615 5377 et
646 5325 740 5394 qui
765 5325 1092 5396 Decalogum
1117 5327 1450 5398 duplicitatis
1473 5337 1652 5385 trans-

72 5410 348 5471 gressiOne
388 5411 731 5480 calcaverat,
772 5416 874 5472 sub
912 5418 1225 5490 evangelica
1270 5433 1330 5474 se
1389 5419 1650 5476 dualitate

74 5499 441 5573 restringeret.
500 5501 698 5576 Viginti
750 5507 895 5562 enim
939 5511 1056 5566 duae
1105 5509 1304 5566 littera:
1339 5525 1463 5566 cum
1507 5511 1648 5580 sint,

77 5584 418 5650 deutereseos
441 5609 751 5664 excessum,
779 5612 900 5668 qua:
919 5598 1052 5672 legis
1077 5617 1250 5658 sacra:
1277 5601 1649 5659 sinceritatem

81 5678 420 5742 traditionum
465 5688 707 5748 novitate
735 5701 1087 5765 corruperat,
1117 5694 1394 5753 vicenario
1435 5695 1646 5768 signat;

1748 4594 1914 4646 vitale
1955 4599 2258 4660 reparatur.
2292 4587 2400 4644 Nos
2423 4603 2553 4661 ergo
2583 4589 2916 4646 deuteresim
2944 4591 3264 4648 amittentes
3289 4600 3346 4648 et

1749 4681 2102 4752 hypocrisim,
2128 4697 2249 4752 quae
2278 4680 2391 4736 suis
2423 4680 2694 4738 coloribus
2730 4683 2994 4755 plurimos
3025 4685 3077 4740 in
3103 4685 3344 4744 Ecclesia

1749 4773 2092 4844 conduplicat
2113 4815 2127 4840 ,
2173 4783 2547 4843 assumentes,
2580 4777 2635 4832 in
2663 4793 2827 4834 casus
2859 4779 3144 4851 et,danma
3195 4799 3348 4838 men-

1751 4867 1907 4933 tium,
1940 4881 2060 4937 quze
2087 4867 2140 4922 in
2168 4868 2480 4941 quotidiana
2509 4873 2814 4926 vastatione
2841 4874 3344 4944 perpetimur,sub-

1753 4957 1919 5011 tilitcr
1969 4957 2319 5024 invehamur,
2371 4968 2427 5014 et
2480 4961 2843 5018 simulationis
2889 4979 3108 5035 rugam,
3142 4979 3247 5033 qua
3278 4966 3344 5018 ad

1753 5051 1919 5106 Deum
1951 5052 2169 5122 quidem
2200 5061 2574 5125 angustamur,
2615 5057 2682 5111 ad
2721 5057 2975 5113 smeulum
3008 5073 3135 5113 vero
3166 5059 3344 5127 pessi-

1749 5159 1836 5198 ma
1873 5143 2134 5200 vicenarii
2165 5147 2612 5218 multiplicatione
2627 5151 2972 5219 replicamur,
3003 5149 3068 5206 de
3097 5151 3344 5222 proximo

1751 5245 1947 5293 euntes
1978 5239 2031 5293 in
2073 5239 2265 5305 Deum,
2297 5241 2351 5295 in
2383 5242 2588 5297 amicos
2634 5251 2689 5295 et
2728 5243 2978 5298 inimicos
3005 5243 3172 5297 multa
3210 5259 3344 5315 qua-

1751 5345 2078 5400 quaversum
2117 5331 2440 5388 liberalitate
2491 5331 2793 5388 tendamur.
2848 5333 2906 5388 ln
2948 5333 3157 5390 defectu
3211 5351 3343 5408 ergo

1751 5420 1990 5488 urbium,
2023 5421 2208 5477 ruinas
2251 5422 2579 5478 meditemur
2604 5423 2934 5492 animorum,
2961 5434 3015 5480 et
3065 5426 3345 5484 videamus

1745 5509 1880 5580 quid
1914 5510 2120 5580 primus
2148 5511 2305 5567 nobis
2333 5513 2617 5569 character
2641 5511 2900 5582 insinuet,
2927 5531 2994 5570 ex
3024 5532 3131 5588 quo
3162 5517 3240 5572 uti
3275 5519 3342 5574 de

1753 5603 1965 5658 caeteris
1988 5613 2224 5671 constat,
2245 5605 2371 5676 quia
2397 5605 2638 5675 subjecta
2660 5609 2931 5664 sententia
2965 5612 3184 5682 pendet.
3201 5612 3344 5684 Ergo

1751 5704 1944 5753 sancto
1972 5711 2072 5754 nos
2102 5695 2310 5768 Spiritu
2339 5698 2656 5776 accingente
2680 5712 2990 5774 pergamus.
