3998 6326
603 297 705 356 451

627 439 3606 475 Mm

1503 285 1562 342 V.
1596 284 1927 342 GUIBERTI
1950 280 2243 338 ABBATIS
2284 281 2342 337 S.
2369 280 2612 338 MARUE
2649 281 2738 339 DE
2776 279 3176 350 NOVIGENTO

3749 299 3832 360 £53

1689 611 2108 725 LIBER
2192 608 2822 745 QUINTUS

859 827 1678 925 TROPOLOGIZE
1772 829 1898 919 IN
1974 825 2997 923 LAMENTATIONES
3067 833 3664 926 JEREMUE.

1123 1157 1354 1217 CAPUT
1393 1156 1685 1214 PRIMUM.

1305 1267 1476 1306 ALEI’II
1486 1292 1497 1305 .

677 1349 842 1406 Vens.
883 1351 933 1403 l.
963 1379 1034 1388 —
1067 1365 1086 1398 ι
1139 1345 1423 1414 Quomodo
1458 1344 1610 1398 sedet
1648 1343 1762 1399 sola
1802 1343 1994 1398 civitas
2045 1342 2202 1413 plena

615 1460 634 1496 ι
677 1440 909 1512 populo,
962 1438 1107 1492 facta
1165 1446 1248 1491 est
1289 1435 1444 1505 quasi
1470 1435 1630 1489 vidua
1667 1433 1884 1489 domina
1927 1433 2202 1504 gentium,

615 1550 635 1585 ι
680 1531 933 1601 princeps
987 1528 1391 1598 provinciarum
1438 1527 1582 1582 facta
1629 1539 1712 1581 est
1750 1528 1852 1581 sub
1890 1525 2141 1580 tributo?
2180 1545 2199 1577 ι

607 1623 778 1693 Aleph
804 1621 1196 1691 interpretatur
1241 1620 1506 1674 doctrina.
1566 1619 1761 1674 Civitas
1813 1619 1966 1688 plena
2013 1619 2204 1688 populo

607 1714 723 1770 sola
750 1714 922 1780 sedet,
953 1727 1076 1768 cum
1107 1728 1262 1768 mens
1304 1713 1692 1785 cogitationum
1725 1712 1934 1782 stipata‘
1953 1710 2206 1782 frequen-

610 1807 722 1873 tiis,
760 1805 874 1862 sola
927 1815 986 1860 et
1043 1805 1364 1862 incomitata
1414 1807 1622 1876 absque
1653 1806 1917 1861 doctrina:
1948 1806 2207 1861 salutaris

610 1900 969 1955 meditatione
1009 1899 1275 1966 subsidet,
1323 1900 1450 1953 dum
1499 1899 1564 1954 ad
1615 1901 1972 1969 reparandam
2007 1899 2208 1954 mentis

608 1994 845 2064 quietem
905 1991 1278 2062 tumultusque
1314 1992 1583 2048 sedandos
1617 1993 1762 2047 nulla
1795 1993 1845 2047 vi
1895 2007 1993 2062 per
2035 2008 2094 2049 se
2121 2008 2209 2049 as-

610 2098 836 2154 surgere
865 2083 1028 2140 valet.
1065 2081 1216 2138 Unde
1265 2083 1478 2136 cuidam
1529 2084 1682 2137 mala:
1725 2084 1919 2154 virgini
1963 2085 2204 2139 dicitur:

615 2191 635 2227 ι
667 2174 809 2230 Sede
835 2175 888 2230 in
920 2174 1140 2246 pulvere
1165 2173 1322 2243 (Isni.
1351 2188 1518 2239 van,
1545 2172 2085 2245 l).sSolnsnamqne
2114 2190 2208 2230 ne-

611 2285 700 2324 mo
725 2277 830 2335 est,
863 2270 956 2339 qui
997 2269 1144 2324 sacri
1173 2268 1375 2336 eloquii
1425 2269 1566 2322 intra
1618 2283 1677 2322 se
1705 2283 1926 2338 compos
1967 2276 2072 2322 est.
2105 2268 2211 2322 Do-

613 2360 757 2414 mina
785 2361 1014 2430 gen-tium
1043 2360 1195 2431 quasi
1226 2359 1381 2414 vidua
1412 2359 1499 2422 fit,
1532 2374 1656 2413 cum
1693 2361 1856 2426 ratio,
1887 2375 2008 2429 qua:
2052 2360 2210 2414 vitio-

613 2465 736 2506 rum
775 2449 1029 2520 gentibus
1056 2448 1404 2504 discretionis
1441 2458 1656 2517 sceptro
1685 2449 1980 2518 praesidere
2007 2449 2209 2506 'debueo

615 2552 722 2604 rat,
752 2555 950 2608 expers
1000 2538 1167 2593 divini
1201 2538 1446 2604 seminis,
1497 2545 1551 2592 et
1589 2538 1699 2593 Deo
1753 2539 1982 2610 conjuge
2025 2549 2204 2596 vacat.

614 2631 867 2701 Princeps
894 2630 1279 2701 provinciarum
1322 2629 1380 2683 fit
1413 2629 1507 2683 sub
1541 2630 1758 2697 tributo,
1787 2645 1912 2686 cum
1943 2632 2054 2698 illa,
2088 2648 2208 2702 qua:

614 2725 910 2798 provinciis
964 2724 1298 2780 exteriorum
1353 2738 1642 2789 sensuum,
1678 2725 1768 2794 qui
1820 2726 1872 2778 in
1913 2725 2208 2794 Evangelia

617 2817 863 2887 quinque
893 2813 1144 2870 civitates
1195 2813 1536 2883 appellantur
1565 2813 1718 2885 (an.
1755 2830 1842 2868 xix
1863 2854 1876 2879 ,
1909 2815 2018 2885 19),
2046 2814 2210 2870 cilici-

617 2921 704 2967 tur
735 2912 969 2966 obnoxia
999 2919 1246 2980 peccato.
1285 2910 1361 2965 De
1389 2924 1496 2980 quo
1524 2909 1728 2964 tributo
1751 2910 1948 2964 dicitur
1974 2928 1986 2963 :
2017 2910 2093 2966 De
2114 2925 2209 2965 ne-

618 3004 965 3062 cessitatibus
991 3002 1129 3057 meis
1152 3001 1320 3056 libera
1351 3015 1439 3056 me
1463 2998 1638 3071 (Psal.
1668 3016 1816 3060 xxxv.
1847 3002 1956 3068 ΓΙ).

1329 3107 1466 3146 ΒΕἹΊΙ
1477 3131 1488 3146 .

692 3185 850 3242 Vens.
880 3185 935 3240 2.
962 3216 1032 3224 -
1073 3203 1090 3237 ι
1128 3183 1358 3240 l‘lorans
1389 3185 1622 3255 ploravit
1649 3187 1701 3240 in
1732 3196 1910 3248 nocte.
1941 3194 1995 3242 et
2029 3187 2208 3260 lacry-

617 3299 638 3332 ι
687 3295 789 3335 mm
835 3277 952 3348 ejus
999 3280 1052 3333 in
1083 3278 1320 3333 maxillis
1353 3280 1491 3350 ejus.
1549 3299 1568 3332 ι
1629 3279 1762 3335 Beth
1822 3281 2211 3352 interpretatur

615 3373 878 3442 confusio.
911 3371 970 3427 In
1002 3383 1160 3428 nocte
1189 3372 1390 3442 plorat,
1435 3374 1526 3442 qui
1559 3372 1612 3428 in
1655 3373 1973 3431 confusione
2001 3376 2208 3444 peccati

611 3463 812 3519 mentis
836 3477 1067 3518 acumen
1094 3463 1250 3532 quasi
1282 3463 1477 3533 capitis
1507 3468 1696 3520 oculos
1725 3467 1792 3520 ab
1838 3467 2066 3522 humore
2092 3467 2207 3536 pie-

613 3553 742 3608 tatis
765 3561 1042 3607 extenuat.
1087 3551 1357 3622 Lacryma:
1399 3554 1514 3623 ejus
1561 3572 1614 3608 ιη
1641 3555 1873 3609 maxillis
1915 3557 2031 3626 ejus
2062 3566 2209 3620 sunt,

615 3659 740 3700 cum
790 3641 856 3696 ad
909 3652 1095 3712 aperta
1147 3643 1428 3712 dispendia
1476 3646 1782 3700 animorum
1817 3647 2211 3703 interioritates

618 3735 876 3790 defluunt.
914 3733 1067 3790 Unde
1109 3733 1174 3787 de
1222 3734 1408 3804 iniquo
1440 3738 1684 3806 quolibet
1712 3738 1912 3792 dicitur
1966 3758 1978 3793 :
2018 3739 2073 3794 In
2101 3742 2211 3796 vita

616 3845 713 3884 sua
765 3828 993 3899 projecit
1036 3827 1230 3881 intima
1275 3843 1393 3882 sua.
1433 3846 1454 3882 ε
1508 3829 1622 3884 Νοη
1655 3838 1738 3885 est
1769 3832 1861 3900 qui
1899 3832 2210 3887 consoletur

623 3942 641 3976 ε
687 3938 805 3979 eam
836 3936 903 3977 ex
931 3920 1183 3976 omnibus
1217 3920 1401 3978 charis
1421 3921 1560 3991 ejus.
1600 3943 1617 3974 ι
1650 3922 1736 3976 Ea:
1764 3925 2004 3978 omnibus
2033 3928 2209 3980 charis

615 4017 728 4086 ejus
766 4032 868 4069 non
897 4025 973 4068 est
996 4015 1084 4085 qui
1107 4017 1426 4082 consoletur,
1461 4031 1586 4070 cum
1614 4031 1681 4070 ex
1720 4017 2075 4072 universitate
2102 4019 2211 4072 vir-

619 4117 813 4174 tutum,
846 4107 899 4162 in
936 4108 1134 4177 quibus
1177 4107 1290 4162 sola
1322 4122 1447 4162 vera
1477 4108 1767 4162 charitudo
1803 4125 1965 4179 penes
1994 4126 2091 4166 nos
2133 4127 2211 4167 re-

617 4203 731 4274 peri
744 4211 848 4268 tur,
877 4217 982 4256 non
1007 4211 1092 4256 est
1116 4201 1295 4270 aliqua
1322 4201 1536 4254 residua
1569 4217 1688 4270 quae
1716 4217 1816 4257 nos
1849 4204 1916 4256 ad
1944 4218 2093 4274 spem
2120 4220 2208 4259 rc-

615 4295 799 4350 fovere
827 4295 1094 4349 videatur.
1124 4313 1142 4345 ι
1169 4293 1374 4349 Omnes
1396 4294 1555 4349 amici
1577 4294 1695 4364 ejus
1718 4307 2044 4366 spreverunt
2061 4313 2204 4364 eam,

619 4407 642 4441 ι
681 4399 735 4444 et
767 4389 898 4444 facti
933 4398 1062 4444 sunt
1087 4387 1135 4442 ei
1167 4387 1396 4443 inimici.
1433 4405 1452 4440 s
1491 4387 1682 4443 Omnes
1718 4389 1884 4462 2M
1915 4393 2074 4445 amici
2093 4394 2208 4462 ejus

613 4497 732 4536 eam
781 4491 1082 4552 spernunt,
1118 4495 1241 4536 cum
1290 4489 1474 4536 motus
1523 4482 1844 4549 rationales,
1901 4498 2038 4553 quos
2081 4499 2210 4540 vere

615 4577 857 4640 amicos,
886 4575 934 4630 si
961 4589 1021 4630 se
1051 4574 1430 4640 continerent,
1466 4575 1670 4631 habere
1709 4585 1984 4646 potuerat,
2015 4577 2086 4632 ob
2111 4577 2210 4632 fe:-

617 4669 840 4723 ditatem
883 4681 998 4722 suae
1032 4665 1268 4722 actionis
1311 4669 1554 4720 animum
1607 4667 1927 4723 detestando
1977 4667 2210 4724 confun-

617 4761 769 4824 dunt,
801 4759 936 4814 fiunt
961 4762 1010 4814 ei
1038 4761 1258 4828 inimici,
1285 4776 1430 4828 cum,
1464 4763 1590 4818 licet
1612 4762 1756 4832 quod
1784 4772 1952 4832 agunt
1987 4771 2042 4817 et
2066 4761 2210 4831 quod

617 4853 861 4921 cogitant
888 4853 1124 4908 habeant
1152 4855 1539 4920 cxsecrationi,
1578 4872 1684 4912 non
1723 4856 2094 4910 succurrendo
2132 4863 2211 4908 ta-

621 4958 738 5002 men
762 4943 880 5015 ejus
907 4943 1094 5000 infami
1128 4948 1345 5017 negotio
1373 4956 1726 5016 perseverant
1756 4948 1980 5001 inimici.

1298 5055 1518 5095 GHIIEL.

690 5129 850 5188 Vens.
881 5131 935 5187 ὅ.
964 5163 1035 5172 -
1079 5150 1096 5183 ι
1132 5131 1382 5202 Migravit
1407 5130 1576 5184 Judas
1609 5139 1834 5200 propter
1862 5127 2207 5186 alllictioncm

621 5243 644 5280 s
689 5234 744 5281 et
773 5225 1177 5281 multitudinem
1204 5223 1503 5287 servitutis,
1531 5223 1798 5277 habitavit
1827 5224 1971 5278 inter
1991 5233 2202 5295 gentes,

615 5337 641 5372 s
683 5335 787 5376 nec
821 5321 1029 5376 invenit
1065 5318 1332 5389 requiem.
1369 5337 1387 5369 ι
1440 5317 1656 5373 Ghimel
1701 5318 2092 5389 interpretatur
2120 5336 2203 5375 re-

617 5411 850 5466 tributio.
877 5408 1104 5478 Propter
1143 5408 1503 5479 afﬂictionem,
1529 5417 1577 5462 et
1611 5409 2000 5463 multitudinem
2044 5412 2206 5464 servi-

617 5503 743 5556 tutis
767 5500 911 5556 Juda
940 5499 1158 5571 migrat,
1205 5514 1328 5554 cum
1381 5509 1602 5570 propter
1648 5498 1971 5570 ﬂagitiorum
2003 5510 2056 5554 et
2089 5516 2208 5556 sce-

617 5592 794 5649 lerum
823 5591 1188 5647 creberrimos
1236 5591 1289 5645 in
1323 5600 1504 5647 mente
1535 5606 1814 5654 recursus,
1846 5592 2203 5647 confessionis

622 5685 845 5740 omnino
876 5684 1046 5740 virtus
1093 5683 1384 5740 amittitur.
1424 5685 1516 5740 Sic
1562 5685 1707 5740 enim
1739 5683 1906 5739 Judas
1941 5685 2206 5754 interpres

623 5785 788 5844 t‘atnr,
820 5777 1107 5850 taliterque
1127 5780 1359 5851 pessima
1384 5779 1493 5834 vita
1516 5777 1715 5849 pejoris
1748 5793 1940 5834 sensus
1969 5780 2203 5834 retribu-

2229 1143 2281 1203 Α
2313 1158 2462 1214 tione
2504 1160 2815 1214 damnatur.
2872 1159 3024 1216 Inter
3069 1171 3246 1232 gentes
3286 1162 3520 1227 habitat,
3567 1165 3680 1223 dum
3723 1173 3844 1230 male

2308 1252 2745 1307 conversationis
2789 1250 3100 1307 barbariem
3131 1255 3408 1324 peccando
3434 1254 3736 1327 frequentat.
3765 1263 3844 1318 Re-

2307 1346 2478 1414 quiem
2511 1361 2616 1400 non
2669 1346 2896 1412 invenit,
2925 1346 3056 1416 quia
3109 1346 3164 1400 in
3212 1348 3450 1403 miseriis
3491 1365 3593 1404 non
3623 1353 3842 1411 subsistit.

2315 1454 2332 1486 ι
2371 1436 2572 1492 Omnes
2607 1444 2985 1506 persecutores
3013 1437 3134 1507 ejus
3159 1439 3630 1509 apprehenderunt
3665 1459 3763 1498 cum
3789 1447 3847 1500 in-

2314 1549 2330 1582 i
2379 1539 2460 1584 ter
2495 1529 2796 1600 angustias.
2831 1548 2850 1582 ι
2888 1528 3040 1585 Mens
3074 1541 3415 1602 angustatur,
3463 1549 3583 1588 cum
3614 1534 3724 1591 hinc
3749 1538 3842 1596 imlc

2308 1635 2476 1690 pravo
2505 1622 2748 1700 appetitu
2779 1622 3024 1677 irruente
3046 1633 3296 1679 vexatur.
3330 1623 3479 1678 Inter
3500 1625 3598 1681 has
3625 1632 3844 1697 angustias

2307 1724 2662 1786 persecutores
2693 1715 2809 1784 ejus
2829 1731 2948 1769 eam
2967 1716 3404 1786 apprehendunt,
3423 1732 3547 1772 cum
3569 1733 3848 1792 quaecunque

2311 1809 2576 1866 irruerint
2604 1808 2735 1864 vitia
2765 1823 2886 1864 eam
2912 1809 3014 1865 sibi
3039 1807 3332 1882 subjugare
3363 1825 3470 1866 non
3503 1811 3752 1867 desinunt.

2987 1916 3222 1958 IIALETH.

2381 1991 2548 2048 Vsus.
2573 1992 2628 2047 4.
2658 2023 2730 2033 -
2771 2014 2790 2041 ι
2841 1990 2957 2048 Vite
2996 1992 3128 2047 Sion
3159 1993 3349 2064 lugent
3375 2007 3442 2049 eo
3489 1995 3630 2064 quod
3658 2011 3749 2051 non
3770 1998 3854 2053 sint

2318 2107 2336 2140 ι
2383 2088 2476 2158 qui
2501 2088 2720 2143 veniant
2769 2088 2836 2142 ad
2872 2086 3300 2143 solemnitatem.
3332 2108 3350 2139 ι
3387 2088 3580 2144 Daleth
3641 2091 3851 2161 interpre-

2315 2188 2461 2234 tatur
2487 2180 2662 2234 timor.
2701 2179 2812 2233 Vice
2856 2176 2985 2233 Sion
3016 2178 3215 2249 lugent,
3241 2193 3368 2233 cum
3401 2179 3524 2243 illae,
3567 2196 3680 2250 qua:
3720 2196 3853 2251 quon-

2313 2272 2440 2326 dam
2469 2271 2692 2325 l‘uerant
2722 2272 2910 2326 mundi
2957 2271 3143 2326 cordis
3171 2272 3462 2341 puritates,
3492 2288 3587 2344 per
3630 2289 3754 2344 quas
3771 2274 3854 2330 itur

2315 2366 2365 2420 in
2408 2366 2642 2430 divinas,
2671 2364 2816 2435 quod
2841 2374 2926 2420 est
2947 2363 3078 2420 Sion
3097 2365 3502 2432 speculationes,
3527 2366 3600 2420 nil
3623 2367 3684 2422 de
3701 2367 3854 2437 gaudio

2313 2459 2526 2514 caelesti
2554 2467 2910 2528 praegustant,
2957 2459 3051 2530 sed
3079 2458 3222 2514 male
3263 2459 3366 2515 sibi
3385 2474 3616 2516 conscia:
3642 2461 3710 2514 nil
3745 2460 3854 2514 aliud

2236 2521 2284 2580 Β
2314 2560 2535 2615 norunt,
2583 2551 2685 2605 nisi
2717 2550 3006 2605 continuos
3031 2551 3304 2621 parturire
3351 2552 3592 2606 timores.
3619 2552 3692 2606 Ex
3713 2568 3765 2606 eo
3786 2567 3855 2605 su-

2317 2653 2425 2698 tem
2457 2643 2651 2712 lugent,
2681 2642 2823 2713 quod
2877 2659 2980 2698 non
3010 2643 3115 2696 sint
3155 2645 3246 2713 qui
3273 2645 3482 2698 veniant
3511 2645 3579 2698 ad
3601 2644 3856 2698 solemnita-

2314 2745 2436 2802 tem,
2467 2748 2531 2788 ea
2563 2736 2708 2789 enim
2737 2750 2900 2791 causa
2929 2743 3015 2790 est
3036 2745 3260 2792 remotae
3292 2736 3518 2803 lretitiae,
3541 2738 3664 2808 quia
3698 2737 3854 2793 nullius

2315 2829 2607 2898 respiratio
2639 2828 2859 2883 virtutis
2897 2830 3156 2895 occurrit,
3185 2845 3305 2900 quae
3335 2829 3401 2884 ad
3431 2829 3856 2900 contemplandam

2315 2924 2558 2992 spiritus,
2582 2931 2638 2976 et
2668 2923 2864 2977 animae
2893 2924 3280 2994 cogitationum
3303 2939 3544 2994 quoque,
3571 2933 3628 2979 et
3650 2926 3857 2980 intentio-

2317 3025 2446 3064 num
2477 3018 2732 3078 tanquam
2759 3010 3020 3066 solemnis
3051 3012 3154 3067 diei
3183 3012 3550 3083 frequentiam
3580 3028 3676 3068 nos
3699 3015 3859 3068 ducere

2317 3105 2512 3174 possit.
2553 3123 2571 3156 ι
2606 3105 2810 3160 Omnes
2833 3113 3007 3175 porta-3
3031 3105 3150 3174 ejus
3179 3107 3489 3162 destructa.
3528 3126 3547 3160 ι
3587 3106 3751 3161 Porta:
3770 3106 3856 3175 ejus

2315 3215 2491 3254 omnes
2523 3199 2896 3260 destruuntur.
2931 3217 3054 3256 cum
3084 3218 3114 3255 a
3143 3202 3337 3257 debita:
3379 3202 3718 3256 continentiae
3744 3208 3857 3254 statu

2315 3292 2640 3348 sensualitas
2671 3301 2780 3348 tota
2810 3292 3066 3348 diruitur.
3091 3293 3166 3349 De
3190 3294 3385 3363 quibus
3413 3293 3610 3363 legitur
3637 3313 3649 3346 :
3679 3311 3697 3343 ε
3723 3288 3859 3346 Attol-

2316 3387 2428 3450 litc,
2458 3387 2654 3458 inquit,
2709 3399 2926 3458 portas,
2975 3388 3272 3458 principes,
3297 3397 3512 3443 vestras
3542 3387 3708 3460 (Psal.
3733 3401 3858 3446 χχιιι,

2315 3479 2376 3543 7,
2418 3480 2496 3545 9).
2528 3499 2546 3532 ι
2566 3497 2672 3532 -‹
2715 3480 3038 3535 Sacerdotes
3060 3481 3176 3549 ejus
3205 3489 3507 3550 gementes,
3533 3481 3755 3549 virgines
3773 3477 3861 3544 ejus

2320 3588 2338 3622 ι
2381 3571 2662 3639 squalidae.
2700 3588 2716 3620 ι
2767 3567 3077 3624 Sacerdotes
3104 3571 3218 3640 ejus
3246 3579 3499 3640 gemunt,
3528 3585 3649 3625 cum
3693 3568 3860 3623 intelle-

2316 3663 2624 3717 ctualitntes
2653 3661 2794 3731 ejus,
2822 3677 3049 3731 quarum
3071 3672 3189 3716 erat
3215 3662 3377 3715 oliicii
3397 3677 3614 3716 sacrum
3643 3661 3737 3715 sibi
3759 3675 3858 3728 pne-

2313 3753 2446 3807 bere
2472 3753 2750 3816 ducatum,
2797 3767 2905 3807 non
2933 3751 3036 3806 nisi
3079 3751 3245 3822 digna
3285 3752 3498 3820 gemitu
3525 3762 3750 3806 tractare
3766 3764 3860 3819 per-

2315 3845 2536 3899 sistunt.
2585 3843 2817 3914 Virgines
2858 3844 2972 3914 ejus
3015 3854 3141 3899 sunt
3191 3847 3480 3915 squalidte,
3529 3861 3650 3900 cum
3687 3841 3802 3899 tidcs
3824 3849 3858 3896 el

2314 3945 2460 4000 spes,
2484 3947 2603 4000 qua:
2632 3933 2762 3986 sola:
2794 3933 3119 4002 incorruptae
3145 3933 3416 3989 resedisse
3445 3933 3708 3995 videntur,
3732 3945 3859 3999 squa-

2314 4022 2520 4077 loribus
2572 4024 2826 4077 Vitiorum
2873 4025 3238 4078 indesinenter
3288 4022 3634 4078 addicuntur.
3691 4021 3783 4076 Nec
3822 4019 3859 4072 ill

2315 4114 2533 4183 injuria,
2561 4131 2685 4169 nam
2716 4117 2831 4185 ipsa
2862 4133 3107 4185 oppressa
3136 4118 3514 4171 amaritudine.
3540 4114 3858 4170 Amaritudim

2312 4206 2656 4276 opprimitur,
2689 4223 2810 4277 qua:
2838 4207 2983 4261 nulla
3011 4223 3260 4277 supernae
3287 4207 3592 4262 dulcedinis
3622 4191 3857 4261 allectiom

2311 4299 2584 4354 conditur.

2238 3895 2284 3958 C

2386 4483 2551 4540 Vens.
2582 4483 2638 4537 5.
2669 4513 2740 4524 —
2784 4503 2802 4535 ι
2840 4483 2994 4539 Facti
3039 4491 3162 4540 sunt
3214 4485 3400 4540 hostes
3449 4483 3572 4553 ejus
3603 4484 3654 4539 in
3702 4481 3846 4552 capite

2319 4592 2336 4625 ι
2387 4573 2594 4628 inimici
2636 4573 2780 4627 illius
2819 4572 3128 4643 locupletati
3156 4583 3304 4637 sunt,
3345 4574 3473 4644 quia
3528 4574 3770 4629 Dominus
3801 4571 3855 4624 lo-

2319 4687 2337 4720 ι
2383 4677 2542 4722 cutus
2577 4675 2658 4720 est
2689 4681 2852 4736 super
2879 4682 3023 4721 eam.
3063 4685 3084 4718 ι
3127 4665 3210 4722 lle
3255 4667 3650 4737 interpretatur
3679 4681 3786 4720 esse.
3816 4661 3858 4714 lr

2308 4762 2482 4831 capite
2508 4761 2624 4830 ejus
2647 4759 2819 4813 hostes
2859 4761 3025 4825 fiunt,
3053 4774 3178 4814 cum
3209 4759 3264 4813 in
3294 4768 3564 4826 mentem,
3614 4774 3714 4830 qua
3759 4757 3867 4812 sicut

2311 4853 2489 4921 capite
2519 4853 2760 4906 membra
2793 4853 3050 4922 rcgimus,
3077 4861 3134 4906 et
3172 4853 3225 4906 in
3275 4867 3382 4922 qua
3409 4853 3790 4914 substantiam,
3824 4855 3865 4902 ut

2313 4944 2388 4997 ita
2419 4943 2670 5012 dixerim,
2696 4958 2823 4998 vere
2855 4943 3068 4998 cssendi
3094 4943 3147 4997 in
3181 4942 3292 4998 Deo
3320 4944 3643 5014 accipimus,
3671 4941 3866 4999 obsidio-

2313 5050 2436 5090 nem
2461 5035 2570 5089 imo
2599 5034 2997 5104 possessionem
3043 5043 3391 5104 peccatorum
3435 5035 3780 5091 admittimus.
3802 5031 3866 5083 Ille

2309 5128 2456 5183 enim
2481 5143 2586 5182 non
2617 5141 2741 5182 esse
2777 5126 2884 5182 dici
2911 5134 3107 5197 potest,
3149 5127 3243 5196 qui
3276 5127 3513 5182 interna:
3549 5125 3756 5181 veritati
3779 5124 3864 5177 sin-

2311 5237 2439 5278 cere
2466 5222 2702 5278 vivendo
2757 5237 2866 5276 non
2898 5231 3068 5278 coest.
3103 5221 3257 5278 Unde
3289 5222 3356 5277 de
3393 5221 3614 5278 diabolo
3660 5219 3860 5275 dicitur:

2319 5334 2338 5367 ι
2381 5315 2635 5370 Habitent
2659 5315 2712 5368 in
2743 5314 3097 5370 tabernacqu
3122 5313 3256 5370 socii
3281 5312 3402 5382 ejus
3427 5314 3520 5384 qui
3549 5327 3657 5368 non
3678 5319 3752 5366 est
3771 5306 3864 5376 (Joh

2314 5422 2471 5471 xvttt,
2529 5406 2640 5476 -l5).
2675 5426 2694 5459 ι
2764 5405 2977 5460 Inimici
3023 5406 3168 5460 illius
3198 5405 3500 5475 locupletati
3521 5415 3664 5469 sunt,
3685 5416 3796 5457 cum
3818 5399 3865 5449 dc

2309 5515 2380 5554 ea
2411 5514 2575 5568 quam
2599 5499 2756 5554 nobis
2787 5498 3165 5568 subripuerint
3190 5497 3472 5554 daemones
3495 5499 3695 5552 virtute
3715 5505 3864 5561 supcr-

2314 5592 2488 5646 biunt.
2524 5591 2592 5644 Et
2623 5591 2724 5645 hoc
2755 5591 2834 5658 fit,
2859 5593 2986 5660 quia
3019 5590 3276 5643 Dominus
3303 5605 3468 5658 super
3499 5605 3616 5643 eam
3644 5585 3861 5655 loquitur.

2313 5686 2458 5756 quod
2493 5685 2704 5740 scilicet
2731 5700 2843 5739 sua:
2891 5685 3086 5740 merito
3107 5684 3363 5752 nequitiae
3386 5685 3453 5736 ad
3492 5675 3819 5754 opprimenda
3839 5691 3860 5723 ιι

2315 5794 2432 5833 eam
2467 5779 2732 5833 sententia
2761 5779 2937 5834 datur.
2979 5797 2996 5829 α
3027 5777 3131 5831 Pro
3157 5776 3508 5831 multitudine
3538 5774 3657 5847 [al.,
3684 5777 3862 5844 propter
