3952 6360
112 252 266 307 ιδδσ

111 387 140 419 ς
207 362 682 434 multitudinem]
716 359 1071 432 imquitatum
1093 362 1248 432 ejus,
1267 361 1476 432 parvuli
1499 362 1616 430 ejus
1637 361 1784 417 ducti

116 478 176 512 ‹-
213 470 384 516 sunt
442 460 495 514 in
547 455 919 526 captivitatem
971 462 1100 510 ante
1143 451 1342 510 faciem
1388 454 1718 511 tribulantis.
1757 471 1777 506 ι

119 553 414 609 Parvuli
441 554 714 608 ducuntur
740 551 796 603 in
837 550 1212 618 captivitatem,
1239 565 1362 605 cum
1393 549 1574 605 idiota:
1622 549 1784 621 quili-

115 648 242 702 bet
279 662 402 716 per
423 661 615 701 eorum
649 642 804 699 devia
857 641 1172 697 ﬁuntextra
1209 641 1419 695 arbitrii
1449 641 1780 709 libertatem,

125 749 208 794 ut
243 739 608 793 necessitate
631 744 882 806 peccent,
910 734 1055 803 quod
1081 732 1458 788 contraxerint
1482 731 1780 787 voluntate.

126 831 220 885 Et
255 831 383 885 hoc
407 847 502 900 pro
532 828 872 882 multitudine
902 827 989 881 his
1020 826 1220 881 accidit
1249 826 1606 895 iniquitatem,
1637 836 1694 879 ut
1721 841 1782 880 se

133 925 416 994 quilibet
453 941 482 977 a
508 923 632 992 jure
662 921 746 975 sui
804 935 1000 975 sensus
1047 919 1246 974 sentiat
1275 919 1627 988 captivatum.
1671 918 1782 972 Du-

136 1026 390 1071 cuntur
419 1025 606 1068 autem
634 1022 753 1066 ante
779 1011 968 1080 faciem
991 1010 1315 1078 tribulantis,
1346 1025 1470 1065 cum
1503 1009 1782 1065 ardentior

137 1119 247 1165 est
285 1097 548 1178 impetus
577 1119 801 1176 peccare
844 1102 1103 1168 volentis,
1135 1111 1190 1158 et
1225 1101 1384 1174 longe
1418 1102 1782 1173 subsequatur

148 1201 396 1256 diaboli
429 1201 704 1270 suggestio
729 1198 1068 1252 attentantis.
1097 1197 1152 1252 lu
1179 1205 1382 1252 terram
1404 1196 1550 1252 enim
1579 1197 1782 1267 spatio-

153 1308 323 1356 sam,
364 1301 422 1346 et
455 1291 638 1354 latam,
659 1289 809 1358 juxta
841 1289 970 1344 illud
1007 1289 1300 1355 lsaianum,
1331 1290 1490 1360 quasi
1518 1289 1624 1360 pila
1655 1291 1782 1346 mit-

157 1392 385 1437 tuntur
419 1381 570 1452 (Isai.
601 1397 734 1445 xxn,
758 1382 868 1450 18).
899 1381 1005 1450 Ipsi
1029 1381 1193 1435 etiam
1225 1395 1411 1436 auram
1435 1394 1617 1452 pravae
1644 1381 1783 1450 aspi-'

162 1475 425 1530 rationis
459 1475 558 1530 sibi
594 1487 858 1543 generare
888 1475 1164 1530 dicuntur.

929 1582 1050 1621 VAU.

248 1652 429 1710 Vrsas.
457 1655 507 1710 6.
539 1686 607 1696 —
651 1675 670 1709 ‹
707 1657 776 1712 Et
819 1671 1070 1726 egressus
1095 1665 1180 1712 est
1225 1673 1254 1710 a
1303 1657 1414 1712 lilia
1443 1657 1574 1713 Sion
1601 1657 1779 1713 omnis

160 1766 187 1800 ‹
245 1747 424 1804 decor
466 1745 606 1817 ejus,
640 1750 767 1805 facti
799 1760 926 1805 sunt
954 1750 1226 1820 principes
1255 1751 1372 1821 ejus
1398 1750 1548 1806 velut
1577 1753 1778 1808 arietes

162 1860 186 1893 ε
243 1857 365 1896 ιιοη
392 1842 982 1914 invenientes-pascua.
1017 1864 1035 1897 ι
1071 1843 1184 1899 Vau
1229 1845 1619 1915 interpretatur
1645 1846 1775 1914 ipse.

154 1929 300 2002 Ipse
337 1941 524 1986 autem
587 1933 973 2003 proprietatem
1027 1934 1143 2004 ejus
1193 1951 1357 2007 super
1403 1951 1510 2006 quo
1555 1936 1775 2002 dicitur,

161 2025 449 2082 insinuat.
488 2026 638 2082 Unde
668 2043 904 2097 egressus
926 2045 957 2081 a
989 2028 1104 2096 [ilia
1128 2027 1258 2082 Sion
1287 2031 1455 2084 omnis
1483 2029 1642 2084 decor
1661 2030 1778 2100 ejus

161 2117 404 2186 dicitur,
437 2135 559 2175 cum
597 2119 666 2173 ab
689 2133 754 2173 ea
800 2129 1000 2187 mente,
1031 2136 1152 2190 quae
1189 2122 1491 2177 ccelestium
1532 2122 1778 2192 specula-

163 2219 390 2277 torum,
427 2223 514 2268 aut
558 2213 688 2268 olim
731 2212 939 2279 fuerat,
977 2223 1072 2269 aut
1121 2224 1544 2284 esse'potuerat,
1584 2217 1632 2272 si
1665 2218 1775 2271 Deo

163 2303 512 2360 isitiiteretur
559 2305 692 2372 ﬁlia,
723 2306 826 2360 hoc
853 2306 1050 2376 ipsum,
1075 2307 1220 2376 quod
1253 2308 1306 2362 in
1343 2309 1437 2363 Dei
1477 2318 1774 2381 conspectu

165 2398 622 2466 personalitatem
667 2399 791 2466 sibi,
837 2409 912 2464 et,
943 2410 1006 2455 ut
1043 2401 1115 2454 ita
1147 2401 1344 2468 dicam,
1375 2403 1770 2458 substantivam

167 2491 474 2561 quamdam
489 2495 876 2564 proprietatem
901 2494 1135 2549 exstruit
1156 2504 1211 2549 ct
1232 2493 1486 2562 mdilicat,
1510 2496 1602 2550 Dei
1627 2497 1771 2551 vide-

169 2582 314 2637 licet
333 2583 584 2654 gratiam,
606 2601 768 2653 quam
799 2585 970 2639 solam
1002 2586 1117 2654 ipse
1140 2585 1480 2655 concupiscit
1507 2587 1766 2654 speciem,

168 2675 376 2730 intima
429 2679 596 2744 pestis
621 2677 883 2731 eliminat.
928 2676 1080 2731 Velut
1132 2679 1321 2732 arietes
1345 2679 1606 2748 principes
1655 2679 1768 2748 ejus

165 2775 327 2833 sunt,
357 2782 480 2820 cum
501 2782 693 2822 sensus
713 2767 833 2836 ejus
853 2768 1155 2824 exteriores
1177 2769 1344 2824 duces
1370 2769 1636 2825 universae
1652 2768 1769 2837 ejus

169 2861 516 2932 operationis
541 2861 694 2916 ﬁunt.
722 2863 938 2918 Arietes
980 2863 1124 2917 enim
1169 2862 1424 2918 ducatum
1450 2863 1598 2934 gregi
1632 2879 1769 2932 prte-

171 2957 312 3012 bere
339 2955 547 3024 solent,
577 2965 633 3010 et
665 2957 809 3012 hunc
856 2957 1162 3026 quinarium
1221 2957 1383 3013 habet
1422 2956 1768 3012 Samaritana

171 3051 464 3122 conjugem
489 3049 694 3122 ‘(Joam
734 3065 806 3114 tv,
838 3049 948 3121 18).
983 3049 1048 3104 Hi
1095 3051 1287 3104 arietes
1333 3066 1439 3105 non
1486 3050 1767 3104 inveniunt

177 3155 409 3208 pascua,
461 3138 714 3192 nimirum
775 3137 998 3202 vitalia,
1065 3153 1166 3194 nec
1211 3141 1494 3208 requirere
1545 3139 1768 3208 quidem

183 3227 420 3297 gestiunt
448 3229 723 3284 alimenta.
761 3249 780 3282 ‹
821 3229 891 3284 Et
932 3229 1184 3285 abierunt
1213 3230 1420 3300 absque
1450 3229 1770 3286 fortitudine

193 3339 214 3369 ι
259 3327 380 3372 ante
428 3319 617 3375 faciem
673 3321 1071 3391 subsequentis.
1121 3340 1139 3371 ι
1204 3319 1408 3390 Absque
1459 3319 1768 3388 fortitudine

183 3407 404 3473 abeunt,
447 3423 568 3462 cum
597 3409 804 3479 absque
833 3408 938 3463 ulla
982 3407 1276 3463 rebellione
1303 3407 1528 3478 spiritus
1566 3407 1766 3463 diaboli

181 3501 618 3571 suggestionibus
641 3502 856 3557 cedunt.
885 3503 1020 3556 Ante
1049 3500 1241 3570 [aciem
1265 3499 1428 3554 etiam
1449 3501 1767 3570 subsequen-

179 3595 250 3648 tis
279 3595 495 3660 abeunt,
527 3609 650 3650 cum
677 3605 802 3649 ante
831 3593 1220 3664 experientiam
1276 3593 1527 3663 malignae
1566 3592 1766 3647 adhor-

183 3689 418 3752 tationis,
453 3689 608 3758 quasi
637 3690 986 3760 praesentiam
1026 3687 1184 3744 faciei
1215 3687 1328 3744 suis
1374 3688 1617 3757 ipsorum
1649 3702 1765 3744 mo-

185 3785 326 3840 tibus
355 3783 494 3839 ultro
524 3785 904 3840 succumbunt.

747 3892 832 3931 ΖΜ
866 3876 987 3948 [al.,
1022 3877 1189 3949 um].

258 3969 412 4024 Vsus.
445 3970 494 4023 7.
519 4000 589 4009 —
621 3990 639 4022 ί
684 3970 751 4024 Et
777 3970 1059 4025 recordata
1087 3979 1171 4024 est
1216 3968 1520 4027 Jerusalem
1553 3973 1759 4028 dierum

193 4080 211 4112 ι
253 4059 548 4117 alﬂictionis
591 4078 727 4129 suae,
769 4071 824 4116 et
857 4063 1322 4132 praevaricationis
1351 4065 1593 4119 omnium
1619 4066 1760 4120 desi-

193 4171 214 4204 ς
260 4153 562 4208 derabilium
593 4169 833 4220 suorum,
877 4169 997 4224 quae
1026 4155 1289 4209 habuerat
1331 4170 1362 4210 a
1389 4157 1580 4211 diebus
1623 4158 1760 4210 anti-

197 4261 216 4294 ι
261 4245 388 4310 quis.
431 4264 448 4296 ι
487 4244 576 4298 Zai
609 4246 997 4316 interpretatur
1031 4248 1152 4313 huc,
1191 4246 1319 4301 illud
1363 4248 1614 4314 innuens,
1643 4248 1760 4301 ani-

191 4352 330 4392 mam
363 4338 566 4408 lapsam
597 4337 908 4394 meminisse
933 4339 1153 4406 debere,
1199 4339 1341 4394 unde
1381 4347 1435 4395 et
1475 4355 1582 4410 quo
1608 4340 1758 4409 lapsa

875 244 1347 305 TROPOLOGIIE
1393 245 1463 303 IN
1489 245 1690 314 OSEE,
1713 245 1904 306 AMOS
1929 249 2020 306 ET
2059 250 2204 308 JER.
2235 281 2305 294 -—
2340 251 2471 310 LIB.
2503 253 2570 310 ν.
2607 254 2675 312 ΙΝ
2694 255 2836 314 JER.
2910 279 2912 282 ·

3370 266 3477 324 454

1815 376 1864 435 Α
1891 379 1984 430 na,
2021 379 2142 434 qum
2169 363 2462 435 Apostolus
2489 381 2648 426 vocat
2667 373 2891 430 meliora
2917 374 3244 434 charismata
3270 378 3322 452 (Ι
3346 379 3474 438 Cor.

1888 469 1990 519 xu,
2018 455 2130 525 51),
2182 463 2237 510 et
2290 472 2411 526 quae
2460 460 2584 517 tilia.I
2638 464 2782 536 regis
2839 465 2908 522 ab
2947 457 3099 524 intus
3141 481 3267 525 sunt
3306 472 3477 543 gloria

1889 548 2064 620 (Psal.
2094 565 2240 619 κων,
2276 550 2388 622 M).
2426 571 2445 604 ί
2480 552 2616 610 Cum
2639 557 2860 614 caderet
2887 561 3114 630 populus
3139 564 3254 618 eius
3283 565 3336 618 in
3361 581 3480 621 ma-

1894 656 1915 692 ι
1956 657 2028 696 nu
2067 641 2274 709 hostili,
2308 653 2364 699 et
2394 659 2501 700 non
2543 656 2688 704 esset
2721 649 3032 706 auxiliator.
3073 672 3092 706 ι
3125 652 3279 708 Cadit
3309 671 3476 725 popu-

1889 731 1972 786 lus
2001 750 2116 804 ejus
2146 735 2200 788 in
2230 751 2392 789 manu
2441 737 2641 806 hostili,
2671 755 2796 794 cum
2848 744 3238 813 cogitationum
3281 746 3474 816 vulgus

1887 822 2177 881 lasciviens
2225 825 2400 882 fracto
2449 827 2592 884 bono
2649 834 2929 902 proposito
2979 836 3122 891 cedit
3193 838 3472 896 diabolicae

1885 916 2050 986 parti.
2087 914 2211 972 Non
2255 925 2340 973 est
2387 920 2696 989 auxiliator,
2731 937 2854 978 cum
2885 925 3038 981 deest
3065 928 3286 996 spiritus
3318 944 3472 1000 repu-

1887 1018 2102 1080 gnator.
2149 1027 2167 1060 ‹
2207 1010 2476 1067 Viderunt
2515 1027 2634 1067 eam
2671 1012 2880 1082 hostes,
2911 1025 2965 1070 et
2987 1018 3286 1075 deriseruu'
3330 1021 3468 1077 Sab-

1893 1121 1914 1156 ι
1950 1106 2076 1160 bata
2112 1103 2248 1173 ejus.
2291 1126 2309 1157 ι
2345 1105 2538 1161 Hostes
2559 1123 2676 1160 eam
2702 1107 2908 1178 vident,
2959 1125 3078 1166 cum
3112 1113 3267 1169 malae
3317 1114 3472 1170 habi-

1889 1207 1976 1252 tus
2001 1197 2199 1276 mentis
2221 1196 2301 1252 eis
2329 1197 2479 1252 nullo
2521 1199 2681 1255 modo
2722 1198 3028 1270 displicent.
3081 1201 3310 1258 Saabata
3354 1207 3470 1276 ejus

1887 1287 2153 1351 derident,
2185 1301 2308 1340 cum
2335 1301 2456 1340 eam
2485 1287 2587 1342 sibi
2617 1288 3074 1358 acquiescentem,
3099 1299 3154 1345 et
3174 1293 3324 1348 omni
3353 1295 3472 1353 utili

1886 1379 2064 1434 studio
2098 1379 2538 1447 supersedentem
2579 1381 2782 1436 habere
2812 1396 2871 1437 se
2905 1383 3161 1454 gaudent.

2597 1489 2762 1531 HETB.

1959 1562 2120 1620 Vsus.
2153 1565 2208 1622 8.
2235 1594 2306 1606 -
2343 1583 2361 1617 ‹
2408 1565 2699 1623 Peccatum
2730 1568 2976 1639 peccavit
3017 1567 3317 1625 Jerusalem
3346 1586 3472 1641 pro-

1889 1672 1911 1707 ί
1956 1667 2140 1724 pterea
2178 1655 2446 1710 instabilis
2485 1655 2628 1712 facta
2667 1667 2770 1712 est.
2815 1678 2834 1711 ι
2891 1659 3030 1713 Heth
3081 1659 3468 1730 interpretatur

1807 1739 1854 1799 Β
1879 1756 2082 1819 stupor.
2115 1747 2312 1820 Stupor
2334 1758 2513 1805 autem
2543 1751 2929 1808 insensibilitas
2949 1760 3053 1808 est.
3076 1752 3467 1811 lusensibilitas

1879 1850 2062 1894 autem
2096 1839 2169 1892 nil
2207 1839 2354 1893 aliud
2393 1856 2556 1910 quam
2605 1829 2867 1911 reprobus
2917 1858 3128 1898 sensus.
3180 1844 3294 1900 lloc
3339 1860 3466 1916 ergo

1881 1931 2312 1988 antonomastice
2354 1943 2622 2002 peccatum
2651 1931 2986 1987 Hierusalem
3023 1944 3234 2005 peccat,
3262 1943 3317 1990 et
3344 1936 3467 1992 ideo

1881 2025 1943 2080 ﬁt
1968 2025 2252 2092 instabilis,
2283 2027 2409 2096 quia
2434 2035 2718 2096 postquam
2761 2042 2791 2079 a
2823 2026 3030 2082 visione
3057 2029 3206 2098 pacis
3233 2029 3464 2088 internae

1879 2133 2034 2172 nens
2070 2117 2263 2186 ruerit,
2293 2130 2388 2187 per
2421 2126 2749 2172 tentatorum
2792 2117 3051 2187 impulsus
3092 2119 3196 2174 huc
3230 2120 3464 2191 illucque

1878 2210 2196 2282 vaguhunda
2253 2210 2527 2264 discurrit.
2583 2227 2603 2260 ι
2653 2208 2888 2277 Omnes,
2942 2211 3034 2280 qui
3089 2211 3466 2282 gloriticahant

1881 2320 1902 2354 ι
1951 2315 2094 2368 eam,
2144 2307 2466 2370 spreverunt
2507 2298 2677 2366 illam,
2722 2299 2981 2369 quoniam
3024 2300 3276 2356 viderunt
3314 2301 3465 2373 igno-

1880 2411 1901 2446 ι
1947 2393 2172 2448 minium
2212 2392 2347 2462 ejus.
2410 2411 2428 2443 ι
2475 2391 2579 2458 Qui
2631 2408 2746 2446 eam
2792 2391 3180 2462 glori/imbuat,
3235 2395 3466 2450 virtutes

1869 2496 2005 2541 sunt
2026 2485 2221 2552 animi;
2247 2487 2301 2540 hi
2324 2501 2440 2540 eam
2465 2494 2744 2554 spernunt,
2763 2499 2886 2540 cum
2910 2491 3220 2555 contemptu
3242 2484 3462 2556 dignam

1873 2589 2195 2652 argumento
2217 2596 2327 2635 sua:
2358 2579 2686 2635 descrtionis
2709 2580 3019 2635 ostendunt.
3044 2579 3332 2646 Quoniam,
3373 2581 3456 2636 in-

1869 2673 2010 2741 quit,
2040 2673 2382 2743 ignominiam
2415 2676 2529 2746 ejus
2561 2676 2823 2742 uiderunt,
2851 2674 3109 2731 Infamem
3155 2676 3366 2732 scilicet
3395 2693 3462 2736 ex

1871 2766 2108 2820 obscena
2135 2767 2550 2822 conversatione
2590 2768 2757 2823 videri
2784 2769 3052 2822 lccerunt.
3103 2767 3244 2822 Sunt
3277 2777 3460 2824 autem

1869 2857 2180 2927 hujusmodi
2222 2857 2366 2912 dicta
2397 2859 2696 2914 secundum
2732 2877 2744 2913 :
2773 2859 2906 2914 illud
2939 2876 2958 2910 ε
2985 2859 3460 2916 Abominabuntur

1871 2970 1957 3009 me
1980 2954 2302 3010 vestimenta
2340 2970 2459 3010 mea
2492 2955 2614 3027 (Job
2653 2973 2706 3010 ix
2773 2957 2886 3027 51).
2924 2975 2944 3009 ι
2974 2985 3045 2996 -
3070 2974 3089 3006 ‹
3127 2955 3244 3026 Ipsa
3275 2965 3459 3012 autem

1877 3065 1895 3099 ι
1937 3061 2160 3118 gemens
2189 3058 2240 3102 et
2267 3063 2530 3103 conversa
2561 3058 2882 3104 retrorsum.
2926 3067 2945 3102 ι
2987 3047 3170 3103 Gemit
3209 3063 3333 3104 cum
3360 3049 3466 3104 mi-

1797 3115 1839 3174 C
1873 3155 1994 3197 sera
2059 3155 2215 3196 aiens
2277 3140 2643 3198 difﬁcultatem
2708 3141 2847 3196 male
2909 3143 3167 3212 operandi
3233 3143 3458 3198 invenit.

1880 3252 1899 3285 ‹
1944 3233 2056 3290 Sub
2087 3235 2290 3306 lingua,
2333 3235 2527 3304 inquit,
2579 3233 2695 3302 ejus
2725 3234 2878 3289 labor
2911 3243 2966 3288 et
3002 3233 3156 3289 dolor
3193 3233 3366 3303 (Psal.
3400 3251 3457 3302 x,

1877 3328 1954 3399 7).
2003 3347 2021 3380 ι
2069 3328 2376 3384 Rstrorsum
2426 3328 2799 3395 convertitur,
2859 3343 2981 3382 cum
3027 3327 3094 3381 ad
3153 3328 3460 3397 praeteritas

1871 3423 2050 3493 potius
2077 3423 2380 3494 voluptates
2399 3430 2942 3492 retorquetur,quam
2969 3435 3064 3492 spe
3085 3423 3153 3477 ad
3182 3421 3458 3476 anteriora

1873 3515 2147 3570 tendatur.

2582 3621 2744 3663 ΤΕΤΗ.

1947 3695 2104 3752 Vens.
2143 3697 2200 3753 9.
2234 3727 2306 3738 —-
2344 3715 2362 3748 α
2413 3697 2612 3752 Sordes
2645 3695 2764 3766 ejus
2810 3696 2865 3751 in
2911 3697 3140 3766 pedibus
3167 3698 3305 3768 ejus,
3358 3714 3459 3757 nec

1873 3808 1892 3840 ε
1938 3790 2223 3845 recordata
2251 3798 2335 3844 cst
2378 3789 2500 3843 finis
2545 3789 2649 3854 sui,
2693 3788 2940 3859 deposita
2969 3798 3054 3844 est
3081 3790 3452 3858 vehementer,

1871 3900 1892 3934 -ι
1934 3898 2039 3936 non
2091 3883 2296 3938 habens
2347 3883 2763 3937 consolatorem.
2804 3901 2822 3934 ι
2859 3881 2995 3937 Teth
3069 3883 3458 3954 interpretatur

1865 3973 2120 4028 exclusio.
2151 3973 2342 4028 Sordes
2381 3973 2494 4042 ejus
2530 3974 2582 4025 in
2626 3971 2843 4042 pedibus
2870 3971 2986 4042 ejus
3025 3981 3174 4038 sunt,
3220 3989 3341 4027 cum
3387 3974 3454 4028 ab

1865 4065 2148 4120 alTectihus
2197 4064 2317 4134 ejus
2366 4065 2573 4134 peccati
2627 4064 2955 4118 intentiones
3008 4079 3113 4118 non
3175 4065 3449 4119 desinunt.

1865 4159 2020 4215 Finis
2069 4161 2148 4214 οιιὶ
2177 4176 2278 4214 non
2314 4160 2650 4224 recordatur,
2697 4172 2819 4212 cum
2867 4172 2898 4209 a
2943 4156 3094 4226 pravi
3147 4156 3229 4210 sui
3277 4165 3452 4218 status

1864 4252 2300 4307 consideratione
2348 4250 2693 4306 excluditur:
2733 4249 2834 4303 hoc
2865 4248 3010 4301 enim
3067 4249 3119 4300 in
3170 4249 3450 4316 prannissa

1862 4341 2040 4396 littera
2071 4343 2383 4397 adnotatur.
2430 4340 2618 4394 Finem
2667 4353 2824 4392 suum
2854 4337 3182 4404 attenderet,
3230 4337 3276 4390 si
3329 4336 3442 4391 fru-

193 4427 289 4492 sit,
316 4429 448 4496 quod
481 4420 692 4484 scilicet
737 4429 839 4482 huc
869 4428 1031 4502 245
1071 4445 1286 4500 semper
1333 4431 1549 4484 oculum
1594 4441 1758 4486 rctor-
1791 4471 1835 4526 Ι)
1863 4445 2008 4489 ctum
2051 4436 2213 4489 studii
2259 4437 2337 4489 sui
2391 4434 2513 4502 quis
2559 4432 2626 4485 sit
2657 4431 2872 4486 futurus
2917 4430 3244 4485 adverteret.
3291 4426 3450 4485 Velie-

193 4532 350 4590 quere
373 4533 593 4575 necesse
615 4519 706 4574 sit.
741 4521 888 4586 Ideo,
920 4521 1112 4592 inquit,
1158 4530 1508 4576 convertetur
1530 4522 1758 4592 populus

193 4626 340 4668 meus
357 4613 455 4668 huc
482 4610 606 4684 |al.,
637 4611 750 4684 hic]
777 4610 952 4683 (Psal.
985 4628 1153 4678 Lxxn,
1186 4612 1296 4682 10).
1332 4612 1626 4667 Jerusalem
1649 4615 1762 4666 die-

195 4725 309 4762 rum
338 4709 623 4781 afﬂictionis
677 4724 788 4762 sua:
841 4708 1184 4776 recordatur,
1235 4722 1358 4762 cum
1407 4721 1592 4773 meus,
1639 4723 1759 4776 qua:

197 4800 466 4869 aliquando
507 4799 775 4856 visionem
809 4799 958 4869 pacis
981 4801 1258 4870 attigerat,
1303 4814 1416 4854 suae
1442 4799 1760 4869 dejectionis

195 4892 562 4948 reminiscitur.
593 4891 936 4948 Recordatur
957 4899 1134 4946 autem
1164 4893 1390 4960 dierum,
1421 4891 1472 4946 id
1514 4901 1598 4947 est
1627 4906 1760 4962 qua-

198 5001 512 5056 rumcunque
576 4987 998 5052 discretionum,
1076 4993 1366 5054 antequam
1445 4986 1761 5041 crecutirent

199 5079 327 5137 oculi
374 5081 764 5146 intentionum,
819 5079 962 5150 quod
1011 5079 1146 5135 solet
1193 5079 1308 5134 ﬁeri
1344 5079 1396 5133 in
1448 5079 1761 5149 primordiis

201 5177 558 5233 tentationum.
585 5174 1050 5230 Prwvaricationis
1071 5175 1303 5229 omnium
1333 5174 1762 5228 desiderabilium

200 5283 399 5326 suorum
431 5267 772 5334 recordatur,
800 5282 921 5322 cum
969 5267 1200 5321 interna:
1244 5263 1532 5334 opulcntim
1575 5280 1759 5336 gazas,

200 5374 312 5432 qua
329 5359 476 5414 modo
518 5359 824 5414 animorum
874 5358 1324 5428 praevaricatione
1370 5359 1676 5425 turbantur,
1708 5367 1765 5412 et

199 5457 314 5522 qusi
335 5467 361 5504 a
388 5450 572 5505 diebus
603 5451 862 5520 antiquis,
900 5451 954 5506 id
987 5460 1070 5506 est
1110 5457 1398 5521 antequam
1431 5465 1583 5505 mens
1608 5467 1762 5521 pror-

201 5559 291 5600 sus
319 5544 730 5608 tenebrasceret,
771 5543 1145 5611 habebantur,
1195 5543 1598 5612 miserabiliter,
1647 5545 1762 5601 sine

200 5635 376 5694 elfectu
403 5644 579 5690 tamen
626 5637 838 5708 aliquo,
867 5639 934 5692 ad
965 5639 1281 5694 memoriam
1330 5655 1589 5696 revocare
1615 5640 1760 5696 vide-

201 5745 302 5787 tur.
330 5728 704 5786 Desiderabilia
736 5747 840 5787 non
891 5731 995 5787 alia
1022 5742 1147 5788 sunt
1176 5749 1341 5803 quam
1374 5734 1633 5790 interiora
1660 5733 1756 5789 bo-

1861 4537 2059 4578 menter
2078 4524 2383 4594 deponitur,
2401 4537 2520 4592 qua:
2543 4537 2818 4591 nunquam
2835 4521 2901 4574 ad
2924 4521 3220 4590 appetenda
3245 4529 3447 4576 aeterna

1861 4617 2090 4672 levatur.
2116 4616 2505 4670 Consolatorem
2536 4632 2639 4668 non
2684 4614 2865 4680 habet,
2901 4630 3022 4670 cum
3062 4616 3201 4670 inter
3229 4624 3307 4670 tot
3347 4617 3448 4672 mi-

1862 4708 2058 4776 serias,
2088 4723 2188 4763 nec
2225 4707 2440 4762 virtutis
2467 4706 2743 4777 quidpiam
2771 4720 2877 4775 quo
2909 4707 3161 4777 respiret,
3192 4707 3322 4777 quin
3353 4722 3450 4778 po—

1862 4799 1968 4854 tius
1989 4799 2136 4852 omni
2168 4797 2341 4852 sancti
2375 4783 2609 4868 Spiritus
2637 4795 3008 4852 consolatione
3037 4805 3207 4852 caret.
3239 4816 3257 4848 (
3286 4797 3444 4864 Vide,

1868 4911 1887 4947 ι
1932 4893 2179 4961 Domine,
2230 4890 2576 4946 aﬂlictionem
2607 4905 2804 4958 meam,
2839 4891 3096 4959 quoniam
3121 4899 3336 4945 erectus
3364 4902 3449 4945 est

1868 5004 1887 5039 ι
1935 4986 2205 5042 inimicus.
2263 5004 2281 5036 ι
2335 4984 2454 5040 Vox
2494 4994 2577 5041 est
2623 4984 2795 5040 sancti
2846 4977 3177 5054 cujuspiam',
3241 4982 3332 5051 qui
3381 4982 3449 5037 de

1862 5078 2015 5150 lapsu
2047 5078 2223 5134 alieno
2251 5076 2527 5148 aﬂligitur.
2553 5077 2809 5132 Inimicus
2827 5075 3054 5146 erigitur
3080 5092 3093 5127 :
3147 5089 3446 5128 secundum

1864 5174 2006 5244 quod
2056 5173 2168 5239 illa,
2212 5181 2271 5226 ut
2326 5172 2694 5242 supradictum
2736 5179 2841 5238 est,
2885 5169 3232 5224 vehementer
3279 5169 3447 5238 depo-

1865 5263 2032 5318 nitur.

2407 5372 2534 5412 tom
2579 5374 2702 5429 La",
2737 5355 2873 5428 ton].

1934 5447 2098 5506 Vsus.
2129 5449 2216 5506 10.
2237 5480 2309 5491 -
2335 5468 2354 5503 ι
2385 5449 2602 5504 Manum
2632 5465 2786 5505 suam
2811 5437 2956 5506 misit
2982 5449 3152 5506 hostis
3174 5450 3238 5504 ad
3261 5448 3444 5506 omnia

1828 5540 1887 5595 ἐ
1935 5541 2312 5597 desiderabilia
2362 5539 2513 5609 ejus,
2565 5541 2689 5611 quia
2749 5542 2880 5597 vidit
2934 5551 3123 5614 gentes
3172 5543 3445 5613 ingressas

1866 5655 1885 5687 ι
1934 5633 2300 5688 sanctuarium
2350 5649 2528 5701 somn,
2561 5635 2626 5688 de
2671 5633 2864 5702 quibus
2893 5629 3230 5705 praeceperas
3263 5649 3330 5687 ne
3357 5634 3445 5687 in-

1868 5747 1886 5781 ‹
1933 5737 2139 5784 trarcnt
2190 5729 2241 5784 in
2285 5728 2570 5786 ecclesiam
2603 5737 2771 5786 tuam.
2819 5751 2836 5783 ι
2889 5729 3013 5788 lcth
3061 5731 3446 5800 interpretatur
