3952 6360
62 350 194 415 ΛΞΓΙ

752 346 1218 415 ruorotocus
1254 352 1325 413 IN
1357 352 1555 425 osse,
1576 352 1771 415 AMOS
1796 352 1899 413 -Ετ
1928 352 2076 414 mn.
2103 334 2196 401 '-'—
2222 347 2353 414 LIB.
2390 353 2458 415 v.
2489 344 2561 415 1N
2600 352 2746 415 mn.

3299 353 3405 417 473

74 493 148 533 se
182 474 445 534 conﬁteri
480 481 773 546 proponat,
803 475 900 531 sed
944 474 1323 544 infructuosze,
1360 477 1504 547 quod
1548 476 1704 549 virgo
1731 478 1783 540 Α
1817 492 1837 528 ι
1884 485 2014 531 runt
2053 476 2106 530 in
2148 476 2537 547 captivitatem,
2569 494 2589 529 ›
2626 472 2768 547 quod
2804 480 2889 531 est
2916 467 3139 531 dicere:
3177 471 3233 530 Si
3275 475 3405 546 quid

80 580 207 639 est,
256 579 315 626 et
357 568 551 635 sterili,
592 583 713 640 qua:
740 576 978 638 partum
1024 585 1181 626 suum
1222 570 1291 627 ad
1319 572 1583 628 vomitum
1616 583 1704 627 re-

87 657 331 715 deundo
352 656 650 724 eﬁeminat,
675 655 759 711 vel
784 656 1071 712 annihilat.

859 764 974 805 AIN.

175 846 351 901 Vens.
389 844 477 901 16.
509 876 581 888 --
636 862 657 898 ι
693 844 901 902 Idcirco
945 860 1076 919 ergo
1112 845 1364 917 plorans,
1419 855 1477 903 et
1520 845 1711 904 oculus

100 956 122 991 ι
167 955 336 996 meus
362 939 639 997 deducens
664 955 883 1011 aquam,
912 941 1039 1009 quia
1075 939 1233 1010 longe
1254 938 1432 996 lactus
1457 950 1543 996 est
1566 956 1596 995 a
1623 955 1711 997 me

98 1047 121 1082 ι
171 1030 535 1100 consolator,
597 1040 923 1087 convertens
969 1031 1208 1086 animam
1259 1047 1458 1087 meam.
1509 1052 1528 1084 ι
1580 1032 1709 1101 Ain,

91 1123 513 1194 interpretatur
560 1125 764 1179 oculus.
814 1124 1001 1203 Plorat
1049 1126 1139 1195 qui
1199 1140 1229 1179 a
1276 1140 1336 1181 se
1390 1125 1708 1181 instinctum

93 1217 507 1273 teneritudinis
541 1217 768 1273 internae
805 1217 1068 1272 eliminat.
1124 1217 1324 1272 Oculus
1359 1217 1476 1288 ejus
1516 1235 1711 1292 aquam

104 1310 363 1376 deducit,
416 1326 541 1366 cum
575 1311 821 1379 intentio,
868 1327 987 1381 qua:
1030 1312 1388 1383 cogitationes
1418 1312 1708 1382 illuminat,

112 1417 143 1456 a
174 1417 239 1459 se
270 1400 479 1458 fontem
524 1403 802 1472 sapientiae
831 1403 1089 1459 salutaris
1131 1405 1466 1475 pedetentim
1510 1405 1709 1477 rejicit.

116 1492 263 1548 Hinc
292 1504 379 1549 est
413 1494 554 1563 quod
603 1495 878 1564 proposita
918 1494 1093 1550 littera
1125 1497 1342 1551 ocuhuu
1372 1506 1550 1563 sonat,
1582 1498 1712 1568 quia

119 1586 215 1655 qui
249 1600 415 1656 supra
444 1586 704 1640 virtutum
745 1585 1085 1643 ﬁrmamenta
1111 1588 1456 1658 dissolverat,
1494 1600 1548 1645 et
1587 1606 1716 1645 ocu-

119 1677 233 1732 lum
263 1678 382 1749 ipse
413 1679 728 1733 intentionis
747 1690 1147 1750 consequenter
1168 1693 1450 1738 extenuat.
1492 1684 1556 1739 Et
1587 1685 1711 1753 hoc,

115 1771 244 1839 quia
272 1770 425 1842 longe
452 1772 625 1841 {actus
650 1784 728 1827 est
774 1790 806 1827 a
835 1791 890 1829 se
916 1775 1236 1842 consolator,
1276 1778 1400 1832 dttm
1431 1778 1573 1832 enim
1604 1779 1713 1847 spi-

1811 569 2183 641 incorruptum
2218 572 2271 625 in
2323 585 2441 626 mea
2487 581 2689 636 mente,
2740 569 2784 626 si
2842 570 2970 641 quid
3003 566 3237 625 validum
3280 585 3409 626 con:

1812 674 2070 733 Stansque
2120 662 2418 727 resederat.
2479 664 2655 721 hostis
2698 665 2956 738 antiquus
3000 662 3068 720 ab
3114 664 3262 721 omni
3314 664 3406 737 pio

1811 756 2001 813 habitu
2032 755 2351 813 abducendo
2378 757 2641 829 eaptivat.
3180 768 3185 777 ‘

2536 863 2690 905 COPH.

1886 938 2050 997 Vens.
2082 941 2169 997 19.
2205 970 2273 983 -
2314 960 2332 995 ι
2362 938 2564 997 Vocavi
2589 956 2795 999 amicos
2819 957 2991 1011 meos,
3026 954 3081 1000 et
3119 943 3219 1016 ipsi
3249 943 3413 1002 dece-

1819 1051 1838 1086 t
1882 1043 2207 1106 peruntme.
2250 1053 2270 1088 ι
2310 1035 2482 1105 Coph,
2515 1034 2905 1104 interpretatur
2931 1035 3217 1091 conclusio.
3244 1034 3411 1091 Plane

1815 1129 2156 1184 concluditur
2201 1145 2231 1183 a
2268 1144 2375 1199 quo
2409 1128 2497 1183 ubi
2533 1128 2802 1197 respirare
2838 1126 3278 1201 valeat‘minime
3321 1126 3409 1181 in-

1813 1222 2048 1277 venitur.
2098 1222 2267 1277 Voeat
2304 1222 2449 1277 enim
2478 1220 2695 1285 amicos,
2732 1229 2787 1275 et
2827 1219 2929 1287 ipsi
2964 1220 3260 1290 decipiunt,
3285 1236 3409 1277 cum

1816 1314 1978 1370 etiam
2022 1314 2124 1369 sibi
2162 1312 2275 1368 vult
2309 1312 2603 1369 conciliare
2635 1312 2923 1375 daemonia,
2952 1326 3060 1381 quo
3089 1309 3411 1366 familiarius

1817 1406 1917 1461 sibi
1958 1405 2373 1461 subministrent
2401 1404 2561 1469 vitia;
2598 1403 2690 1459 sed
2724 1403 2779 1457 in
2812 1403 2913 1458 hoc
2935 1403 3052 1473 ipso
3074 1415 3194 1456 cum
3219 1402 3417 1456 exitia-

1816 1495 1942 1553 liter
1971 1497 2185 1552 fallunt.
2215 1514 2234 1547 ι
2266 1495 2593 1551 Sacerdotes
2620 1495 2725 1550 mei
2756 1504 2813 1550 et
2838 1508 2997 1549 senes
3042 1492 3145 1547 mei
3194 1493 3247 1547 in
3278 1492 3414 1547 urbe

1824 1605 1844 1639 ι
1886 1588 2191 1657 consumpti
2220 1595 2365 1652 sunt,
2417 1587 2543 1656 quia
2585 1585 2920 1657 quaesierunt
2967 1585 3149 1640 cibum
3201 1583 3303 1638 sibi
3352 1571 3415 1639 ut

1825 1696 1844 1729 ι
1891 1679 2258 1735 refocillarent
2281 1678 2519 1733 animam
2548 1694 2723 1733 suam.
2764 1696 2783 1731 ι
2817 1676 3125 1733 Sacerdotes
3155 1677 3254 1747 ipsi
3287 1684 3417 1731 sunt

1820 1770 2115 1825 rationales
2169 1779 2350 1823 motus
2398 1770 2652 1823 ducatum
2699 1768 2870 1823 menti
2920 1769 3175 1823 ferentes.
3228 1768 3414 1837 Senes,

117 1863 263 1918 ritus
300 1864 695 1921 consolationis
750 1867 820 1921 ab
875 1868 1060 1922 animo
1108 1870 1409 1937 emittitur,
1451 1870 1716 1940 quidquid

1834 1863 2005 1917 tidem
2054 1871 2252 1928 motus,
2288 1861 2372 1916 vel
2420 1862 2474 1915 in
2522 1876 2707 1928 sensu,
2743 1860 2828 1915 vel
2878 1861 2932 1916 in
2965 1877 3193 1932 corpore
3223 1861 3415 1930 majori

115 1956 420 2012 introrsum
471 1958 677 2015 residui
728 1968 838 2023 est,
888 1962 1238 2031 sempiternis
1279 1962 1718 2019 induratiouilms

114 2051 465 2107 obﬁrmatur.
497 2052 546 2108 Is
570 2053 884 2108 consolator
919 2057 1152 2111 animam
1198 2059 1492 2124 convertit,
1530 2058 1655 2127 quia
1686 2074 1717 2114 a

121 2158 224 2199 suo
252 2146 481 2214 impetu,
514 2145 616 2199 nisi
641 2146 758 2216 ejus
785 2146 1144 2217 inspiratione
1176 2151 1356 2205 anima
1402 2151 1711 2207 miseranda

117 2249 230 2289 non
264 2236 427 2291 redit.
480 2255 498 2288 ι
537 2236 687 2294 Facti
722 2247 847 2294 sunt
899 2240 995 2295 ﬁlii
1052 2243 1157 2298 mei
1210 2243 1427 2312 perditi,
1461 2246 1720 2315 quoniam

127 2345 146 2379 ι
194 2326 427 2383 invaluit
458 2328 734 2386 inimicus.
770 2350 792 2384 ι
822 2328 954 2385 Filii
993 2334 1317 2402 perdunlur,
1343 2336 1589 2406 quoniam
1620 2337 1723 2392 ini-

120 2422 293 2477 micus
325 2422 572 2491 invaluit,
600 2440 722 2481 cum
764 2440 886 2496 qua:
929 2426 1069 2482 bene
1107 2438 1259 2497 gesta
1305 2430 1581 2498 videntur,
1614 2447 1722 2487 non

126 2529 230 2584 pro
249 2513 360 2570 Deo
385 2524 673 2588 geruntur,
699 2528 792 2573 aut
815 2534 914 2588 pro
939 2518 1051 2575 Deo
1074 2529 1247 2591 gesta,
1277 2522 1495 2581 diabolo
1530 2524 1724 2597 nequi-

128 2605 240 2663 tias
256 2608 559 2680 ingerente,
593 2611 954 2668 retributione
980 2614 1286 2683 privamur.

865 2716 985 2758 PDE.

208 2788 367 2846 Vens.
403 2788 591 2847 l7.-—
630 2811 649 2846 ι
692 2793 964 2865 Expendit
1007 2796 1138 2854 Sion
1184 2814 1377 2855 manus
1420 2815 1570 2871 suas,
1615 2817 1723 2859 non

139 2902 159 2936 ι
206 2894 292 2941 est
325 2885 417 2956 qui
460 2886 772 2944 consoletur
804 2903 944 2944 eam.
984 2908 1003 2942 ι
1046 2890 1182 2958 Phe,
1216 2894 1605 2965 interpretatur
1637 2914 1726 2952 er-

130 2980 287 3034 ravit.
319 2978 489 3047 Quem
539 2996 781 3037 errorem
829 2998 1107 3053 exponens
1149 2987 1469 3059 subjungit:
1530 2990 1725 3045 Manus

131 3088 256 3127 suas
287 3069 418 3126 Sion
444 3074 718 3142 expandit,
747 3089 871 3129 eum
896 3090 1061 3145 opera
1087 3091 1184 3131 sua
1226 3077 1290 3144 is,
1335 3079 1428 3148 qui
1459 3082 1526 3134 ad
1556 3081 1726 3135 Deum

134 3163 520 3233 speculandum
571 3173 796 3221 eatenus
846 3167 1153 3223 intenderat
1205 3171 1223 3239 (
1248 3170 1349 3226 hoc
1394 3172 1539 3227 enim
1595 3173 1724 3229 Sion

136 3254 421 3327 signiﬁcat)
450 3272 549 3327 per
574 3257 926 3329 hypocrisim,
974 3277 1079 3331 qua
1130 3260 1284 3332 pejus
1326 3280 1487 3320 nemo
1533 3282 1563 3320 a
1595 3283 1726 3324 vero

140 3354 376 3409 exerrat,
400 3347 749 3404 manifestare
770 3361 1071 3407 concertat.
1108 3352 1233 3409 Ideo
1258 3372 1359 3410 non
1391 3366 1466 3410 est
1500 3360 1589 3428 qui
1613 3375 1729 3414 eam

142 3435 455 3505 consoletur,
486 3441 607 3509 quia
640 3457 805 3513 super
851 3443 937 3499 his
990 3444 1285 3512 laboribus,
1342 3464 1478 3519 quos
1530 3450 1730 3507 frustra

139 3538 379 3594 exercet,
408 3530 550 3585 nulla
572 3549 741 3603 penes
768 3534 937 3591 Deum
964 3551 1059 3607 Spe
1077 3538 1369 3596 refovetur.
1406 3559 1425 3593 ι
1458 3540 1733 3599 Mandavit

144 3640 171 3699 c
210 3623 467 3679 Dominus
505 3628 793 3684 adversum
824 3629 992 3685 Jacob
1019 3631 1072 3685 in
1102 3632 1333 3687 circuitu
1383 3632 1501 3703 ejus
1544 3628 1730 3695 hostes

143 3735 163 3767 ι
209 3715 353 3786 ejus;
384 3718 546 3791 267
575 3719 716 3776 facta
735 3730 820 3776 est
842 3721 1144 3780 Jerusalem
1167 3728 1319 3796 quasi
1348 3727 1550 3797 polluta
1580 3744 1731 3784 men-

145 3828 165 3861 ι
211 3812 376 3868 struis
401 3814 543 3869 inter
573 3830 686 3870 eos.
725 3834 745 3868 ι
785 3815 1040 3872 Dominus
1063 3819 1341 3875 adversum
1363 3820 1531 3877 Iacob
1558 3823 1730 3878 hostes

137 3904 257 3975 ejus
308 3908 545 3973 mandat,
578 3894 700 3964 eum
732 3910 996 3966 adversus
1027 3928 1174 3979 eum,
1223 3915 1314 3985 qui
1359 3916 1425 3972 de
1471 3917 1730 3973 vitiorum

138 3998 575 4069 supplantatione
601 4019 658 4058 se
684 4004 880 4074 jactat,
908 4005 1260 4063 hostilitatem
1291 4010 1604 4067 teutationis
1636 4027 1731 4067 ex-

140 4091 388 4145 suscitat.
432 4091 694 4148 Mandare
723 4096 868 4150 enim
892 4097 1010 4166 ejus
1024 4098 1320 4168 permittere
1339 4100 1457 4169 ﬁeri
1484 4111 1587 4157 est.
1620 4100 1731 4159 Hos

141 4183 203 4239 in
248 4185 476 4241 circuitu
517 4186 636 4256 ejus
689 4187 954 4255 immittit,
1002 4206 1125 4246 cum
1185 4193 1349 4249 etiam
1402 4196 1729 4252 exteriorem

141 4277 414 4334 hominem
439 4280 719 4336 evidenter
745 4282 873 4337 sinit
916 4283 1186 4354 impediri.
1218 4284 1515 4343 Jerusalem
1550 4303 1730 4346 autem

140 4372 298 4442 quasi
322 4373 522 4441 polluta
538 4378 819 4431 menstruis
851 4386 935 4432 est
960 4377 1097 4433 inter
1121 4397 1230 4445 eos,
1263 4398 1383 4437 cum
1407 4384 1551 4441 intro
1568 4385 1731 4443 foris-

143 4477 255 4533 que
275 4463 502 4533 pulsata,
526 4467 869 4537 potissimum
893 4469 1113 4541 languet
1136 4472 1433 4531 introrsum
1461 4492 1557 4548 per
1586 4480 1733 4550 cogi-

147 4562 293 4610 tatus
311 4556 591 4615 obscenos.

868 4667 1018 4709 SADE.

223 4738 385 4795 Vsus.
417 4743 505 4799 18.
537 4774 610 4786 ——
646 4763 665 4797 ι
696 4742 885 4802 Justus
924 4747 1205 4819 Dominus,
1249 4752 1373 4823 quia
1409 4767 1471 4808 os
1507 4749 1624 4823 ejus
1669 4752 1736 4807 ad

150 4848 177 4884 ‹
220 4830 552 4888 iracundiam
609 4828 945 4905 provocavit.
1007 4858 1026 4892 ι
1093 4840 1277 4908 Sade,
1346 4843 1738 4913 inlerpretatur

138 4922 375 4996 justitia.
412 4922 567 4981 Unde
598 4928 883 4997 sequitur:
934 4928 1069 4997 Quia
1104 4933 1286 5001 justus
1324 4934 1603 5001 Dominus,
1644 4936 1736 5007 qui

150 5031 215 5070 os
251 5015 361 5083 ejus
391 5016 461 5069 ad
495 5016 833 5073 iracundiam
860 5024 1176 5091 provocarit,
1202 5025 1347 5095 juste
1376 5024 1626 5082 videlicet
1666 5026 1736 5081 ad

144 5108 388 5164 exterius
429 5108 819 5167 inconveniens
868 5112 1045 5179 (luxit,
1094 5116 1217 5184 quia
1270 5117 1449 5171 divina
1500 5134 1607 5174 non
1637 5134 1736 5189 pro

147 5200 263 5257 Deo
286 5199 534 5258 faciendo
568 5203 724 5272 quasi
765 5203 818 5257 in
853 5202 1049 5259 faciem
1091 5206 1201 5262 Deo
1238 5207 1536 5265 maledixit.
1586 5229 1603 5261 ι
1630 5211 1737 5266 Au-

155 5313 179 5347 ι
223 5294 349 5361 dite,
379 5295 629 5364 obsecro,
660 5297 900 5352 universi
941 5298 1144 5369 populi,
1182 5310 1237 5355 et
1268 5301 1445 5356 videte
1492 5302 1733 5359 dolorem

156 5407 179 5441 ι
224 5403 419 5444 meum.
456 5408 476 5442 ι
516 5389 784 5446 Obsecrat
824 5391 1107 5447 universos
1134 5392 1361 5465 populos
1397 5403 1456 5448 ut
1488 5395 1734 5464 audiant,

145 5497 274 5539 cum
316 5495 412 5552 per
453 5496 635 5553 pravae
669 5485 999 5555 operationis
1045 5485 1326 5540 infamiam
1368 5501 1558 5543 omnes
1588 5488 1735 5543 solli-

150 5577 302 5641 citat,
320 5587 563 5632 exertam
586 5585 777 5634 centra
806 5590 864 5632 se
881 5576 976 5632 Dei
1002 5578 1351 5634 considerare
1379 5580 1729 5635 sententiam.

160 5665 359 5731 Videte,
384 5665 580 5736 inquit,
606 5666 841 5719 dolorem
875 5683 1067 5733 meum,
1098 5683 1203 5723 non
1237 5684 1346 5739 quo
1377 5684 1475 5740 ego
1502 5669 1737 5725 miseriis

151 5757 308 5824 meis,
337 5758 471 5828 proh
496 5757 680 5812 nefas!
709 5756 999 5824 indoleam,
1031 5759 1126 5813 sed
1152 5762 1296 5830 quod
1318 5770 1517 5816 statum
1552 5759 1741 5822 dolot'e

154 5850 370 5922 dignum
392 5849 607 5905 ducam.
644 5866 665 5901 ι
695 5849 945 5921 Virgines
971 5865 1104 5909 metu
1127 5861 1183 5908 et
1200 5853 1428 5925 juvenes
1457 5855 1562 5916 mei
1591 5858 1737 5916 abie.

395 5966 674 6028 Paruoc.
712 5963 894 6026 CLVI
908 6013 920 6026 .

1821 1955 2086 2025 gravitate
2113 1955 2553 2025 praceminentes.
2609 1952 2671 2007 lli
2726 1955 2781 2008 in
2836 1955 2963 2009 urbe
2998 1965 3413 2022 consumuntur,

1821 2062 1945 2102 cum
1973 2047 2113 2101 intra
2142 2047 2661 2112 conscientiam,uhi
2684 2046 2949 2119 originem
2982 2059 3224 2113 sumunt,
3247 2048 3418 2103 divini

1823 2139 1974 2194 verbi
2022 2140 2200 2195 inedia
2238 2138 2637 2209 periclitantur.
2689 2137 2755 2193 lli
2784 2139 2957 2194 cibum
2995 2141 3093 2195 sibi
3143 2150 3419 2211 quavrunt,

1823 2241 1880 2286 ut
1908 2234 2141 2287 animum
2174 2233 2501 2300 refocillent,
2532 2249 2658 2289 cum
2690 2234 3009 2306 temporalia
3055 2248 3419 2308 aucupantur,

1824 2324 2022 2396 quibus
2050 2340 2176 2381 suas
2202 2326 2573 2382 animahtates
2600 2325 2959 2401 sublevigent.

2562 2434 2682 2474 RES.

1896 2510 2063 2569 Vens.
2094 2510 2183 2567 20.
2207 2542 2277 2553 -
2311 2528 2331 2563 ι
2367 2512 2525 2578 Vide,
2557 2510 2811 2580 Domine,
2852 2514 3110 2584 quoniam
3156 2512 3418 2585 tribulor;

1833 2624 1851 2659 ι
1896 2617 2089 2661 venter
2116 2618 2267 2661 meus
2306 2606 2662 2660 conturbatus
2687 2614 2791 2672 est,
2846 2620 3163 2663 subversum
3194 2615 3277 2662 est
3325 2622 3424 2664 eor

1830 2717 1850 2751 ι
1901 2713 2086 2754 meum
2127 2699 2181 2753 in
2214 2698 2558 2768 memetipsa,
2582 2697 2841 2769 quoniam
2867 2700 3233 2754 amaritudine
3261 2698 3423 2771 plena

1833 2809 1852 2843 ι
1897 2806 2040 2846 sum.
2083 2809 2102 2842 ι
2150 2788 2280 2857 Res,
2318 2800 2474 2860 caput
2524 2790 2741 2845 dicitur.
2776 2789 2978 2847 Videre
3024 2792 3191 2847 Deum
3242 2801 3421 2864 rogat,

1828 2883 2084 2954 quoniam
2146 2882 2456 2948 tribulatur,
2505 2898 2629 2938 cum
2683 2884 2749 2938 de
2799 2883 3105 2955 profundis,
3143 2893 3204 2938 ut
3258 2899 3422 2957 supra

1829 2974 2082 3036 diximus.
2120 2973 2447 3043 resipiscens
2475 2974 2644 3029 Deum
2689 2972 2978 3043 aliquoties
3016 2975 3319 3031 inelamitat
3366 2983 3426 3031 ut

1829 3066 2035 3128 videre,
2066 3064 2119 3117 id
2146 3074 2229 3118 est
2251 3064 2551 3135 intelligere
2575 3080 2635 3118 se
2664 3063 2831 3118 faciat
2860 3075 3110 3129 mortem,
3136 3081 3256 3136 qua:
3279 3066 3426 3121 intro

1833 3167 2131 3229 grassatur.
2173 3155 2361 3210 Venter
2382 3158 2761 3223 conturbatur,
2794 3172 2916 3211 cum
2943 3157 3180 3220 animus,
3212 3175 3280 3216 ne
3305 3176 3447 3231 quae,

1832 3253 2036 3324 patitur
2065 3251 2245 3305 valeat
2272 3253 2629 3321 perpendere,
2669 3252 3015 3306 obscuratur.
3047 3252 3103 3307 lu
3134 3255 3424 3324 semetipsa

1834 3362 1924 3400 cor
1947 3344 2061 3413 ejus
2090 3344 2441 3407 subvertitur,
2475 3359 2597 3399 cum
2632 3344 2791 3409 ratio,
2826 3360 2947 3415 quae
2993 3344 3059 3399 iu
3092 3346 3424 3417 prmtitulata

1833 3437 2015 3491 littera
2047 3445 2207 3507 caput
2236 3435 2459 3504 dicitur,
2484 3435 2537 3489 iu
2560 3451 2656 3490 sua
2686 3435 2855 3506 ipsius
2886 3444 3075 3492 contra
3108 3438 3233 3493 vitia
3260 3440 3427 3495 ratio-

1834 3529 2104 3583 cinatione
2135 3527 2506 3583 confunditur.
2536 3527 2909 3583 Amaritudine
2938 3529 3155 3601 plenam
3187 3546 3246 3588 se
3268 3533 3424 3601 dicit,

1833 3622 1960 3692 quia
1990 3637 2110 3676 eam
2164 3621 2308 3675 nulla
2366 3636 2615 3692 superna:
2648 3621 2950 3678 dulcedinis
3004 3625 3177 3696 gratia
3230 3626 3426 3684 reﬁcit.

1839 3733 1859 3765 ι
1905 3713 2060 3769 Foris
2096 3712 2355 3768 interﬁcit
2376 3711 2605 3784 gladius,
2625 3722 2681 3768 et
2703 3713 2847 3769 domi
2863 3730 3010 3770 mors
3039 3716 3233 3772 similis
3262 3726 3369 3772 est.
3399 3736 3420 3771 ι

1835 3801 2056 3859 Gladius
2084 3806 2215 3876 foris
2257 3805 2527 3876 interﬁcit,
2567 3822 2691 3862 cum
2735 3810 3087 3865 exsecutione
3114 3811 3419 3882 cujuspiam

1834 3896 2083 3967 capitalis
2110 3897 2355 3962 admissi,
2402 3896 2693 3954 ellicientia
2746 3915 2869 3956 eam
2902 3902 3204 3972 corporalis
3255 3903 3429 3958 inter-

1834 3988 1987 4057 cipit.
2022 3986 2165 4041 Mors
2205 3987 2391 4042 similis
2417 3988 2560 4043 danti
2605 3990 2863 4057 habetur,
2905 4007 3030 4047 cum
3059 3994 3303 4049 exterius
3330 4009 3429 4066 op-

1834 4080 2155 4149 portuuitati
2211 4089 2437 4135 vacante
2487 4089 2769 4150 peccante,
2820 4082 3081 4154 peccandi
3128 4081 3427 4141 introrsum

1834 4172 2071 4244 maligna
2100 4172 2360 4229 aviditate
2396 4174 2638 4229 saevitur.

2578 4278 2682 4321 ειη.

1906 4357 2069 4414 Vens.
2094 4358 2185 4413 21.
2212 4389 2286 4399 -
2318 4377 2336 4410 ι
2378 4357 2679 4413 Audierunt
2719 4357 2846 4428 quia
2893 4358 3192 4431 ingemisco
3221 4374 3341 4430 ego,
3374 4368 3431 4417 et

1841 4444 2015 4508 i'non
2063 4462 2147 4508 est
2186 4453 2279 4523 qui
2311 4452 2625 4508 consoletur
2653 4466 2761 4507 me.
2793 4469 2814 4503 ι
2859 4450 2979 4517 Sin,
3032 4452 3430 4522 interpretatur

1769 4581 1815 4636 Β
1839 4562 1997 4617 super
2038 4546 2250 4602 vulnus.
2288 4545 2459 4615 Super
2500 4545 2689 4601 vulnus
2726 4554 2908 4601 autem
2959 4556 3068 4611 est,
3111 4562 3234 4602 eum
3267 4563 3433 4620 super

1841 4638 2117 4695 interioris
2146 4640 2383 4694 hominis
2416 4639 2611 4695 damna
2663 4640 2829 4695 etiam
2879 4640 3186 4698 adversitas
3232 4659 3434 4715 corpo-

1841 4733 1972 4789 ralis
1996 4747 2054 4787 se
2075 4731 2263 4789 infert.
2295 4732 2493 4787 Audire
2527 4733 2582 4787 in
2610 4732 2910 4804 Scripturis
2932 4735 3203 4806 mysticis,
3232 4752 3334 4808 pro
3364 4752 3432 4793 eo

1838 4827 1982 4897 quod
2015 4833 2099 4882 est
2124 4825 2432 4897 intelligere,
2464 4825 2700 4896 ponitur.
2734 4825 2978 4883 Audiunt
3023 4830 3148 4899 quia
3205 4830 3435 4901 ingemi-

1840 4921 1962 4985 scit,
1993 4919 2120 4990 quia
2154 4919 2402 4975 videlicet
2441 4918 2591 4990 lapsa
2627 4919 2807 4975 anima
2842 4921 2910 4975 ad
2954 4921 3122 4977 Deum
3158 4924 3432 4992 respirare

1841 5014 2139 5071 contendit.
2170 5012 2410 5067 Audiunt
2431 5013 2761 5083 etiatn,qttia
2790 5026 2988 5070 nonest
3010 5018 3101 5086 qui
3129 5015 3434 5070 consoletur

1840 5121 1987 5177 eum,
2019 5122 2127 5164 non
2159 5119 2446 5176 superesse
2480 5105 2663 5175 utique
2696 5107 2899 5173 animo,
2925 5106 3017 5175 qui
3045 5120 3209 5175 super
3232 5108 3434 5166 virtute

1841 5198 2054 5253 interna
2091 5197 2362 5253 consolari
2404 5198 2576 5267 possit
2609 5213 2754 5253 eum.
2800 5216 2819 5249 ι
2853 5196 3055 5252 Omnes
3085 5196 3293 5253 inimici
3324 5200 3431 5258 mei

1844 5311 1862 5343 ι
1910 5291 2199 5347 audierunt
2226 5291 2429 5346 malum
2470 5306 2675 5357 meum,
2710 5291 2873 5346 laetati
2903 5300 3051 5357 sunt,
3085 5292 3341 5362 quoniam
3375 5305 3431 5350 tu

1846 5405 1864 5438 ι
1910 5384 2107 5441 fecisti.
2149 5403 2168 5437 ι
2200 5384 2353 5452 Quod
2384 5393 2472 5441 est
2498 5386 2720 5440 dicere:
2764 5382 2967 5439 Omnes
3008 5384 3287 5442 interioris
3330 5387 3432 5443 ho-

1839 5478 2003 5533 minis
2024 5479 2231 5544 hostes,
2249 5494 2372 5533 cum
2391 5476 2804 5546 subintelligunt
2823 5476 2925 5532 sibi
2957 5476 3231 5532 hominem
3259 5493 3289 5532 a
3316 5478 3430 5535 Deo

1838 5572 2078 5641 permitti
2109 5579 2343 5636 tentare,
2381 5571 2651 5634 laetamur,
2685 5572 2940 5641 quoniam
2969 5572 3121 5642 quasi
3148 5571 3426 5641 optionem

1840 5663 1919 5718 eis
1955 5662 2227 5721 intuleris.
2265 5683 2282 5719 ι
2316 5663 2603 5721 Adtluxisti
2627 5663 2769 5718 diem
2792 5664 3277 5723 consolationis.et
3299 5666 3431 5721 lient

1840 5781 1864 5813 ι
1889 5760 2096 5816 similes
2109 5760 2236 5814 mei.
2260 5778 2279 5811 ι
2299 5760 2443 5816 Deus
2460 5768 2676 5826 tamen,
2710 5755 2754 5817 si
2785 5756 3002 5832 quando
3027 5755 3267 5826 aliquam
3296 5770 3430 5814 cou-

1841 5856 2164 5915 solutionem
2197 5855 2554 5930 resipiscendi
2600 5854 2831 5929 captivae
2870 5855 3040 5911 menti
3087 5849 3333 5919 inducat,
3364 5853 3437 5909 ad

2930 5971 3007 6033 15
