3998 6326
532 305 638 366 ι59

531 421 970 480 conformitatem
991 414 1139 484 illico
1164 413 1283 486 ejus
1298 411 1476 470 omnis
1503 409 1902 470 aﬂectualitatis
1918 418 2118 480 motus,
2151 409 2198 472 Α

532 517 622 590 qui
662 517 764 570 hac
795 512 1028 583 illacque
1057 509 1452 584 evagabantur,
1499 505 1670 576 redigi
1709 509 1945 560 constat.
1987 498 2118 556 Cor-

535 621 680 666 recta
712 607 855 666 enim
885 603 1057 670 semel
1092 602 1325 670 ratione,
1377 598 1564 660 omnia
1603 597 1672 654 ad
1701 596 1848 654 idem
1894 600 2118 658 contra-

533 708 756 759 buntur.

1262 805 1388 850 ΤΔυ.

465 959 468 964 ,
605 890 772 948 Vens.
805 887 896 944 22.
925 913 996 928 --
1053 903 1072 938 ι
1107 882 1450 954 lngrediatur
1487 892 1648 938 omne
1697 875 1899 945 malum
1930 885 2119 930 eorum

539 1003 558 1042 ι
600 998 784 1040 coram
824 991 896 1048 te,
928 989 984 1038 et
1007 977 1351 1036 devindemia
1379 991 1497 1045 eos,
1545 975 1684 1032 sicut
1711 965 2120 1028 devindemiasti

537 1097 556 1143 ς
602 1092 691 1134 me
723 1082 947 1148 propter
972 1072 1290 1144 iniquitates
1320 1084 1490 1125 meas.
1533 1087 1551 1120 ι
1604 1065 1741 1132 Tau,
1773 1063 1970 1120 dicitur
1998 1076 2122 1118 cott-

531 1169 832 1232 summavit.
870 1166 1294 1223 Consummatur
1321 1164 1463 1233 quod
1506 1159 1602 1216 ﬁni
1633 1157 1938 1233 cuicunque
1969 1153 2122 1214 addi-

533 1263 692 1318 citur.
713 1258 869 1328 Quod
901 1259 979 1326 fit,
1019 1258 1063 1312 si
1095 1270 1254 1318 omne
1287 1232 1566 1309 diabolica:
1598 1232 1888 1304 voluntatis
1919 1245 2119 1300 malum

535 1371 719 1420 coram
749 1355 878 1418 Deo,
912 1350 1053 1422 quod
1091 1361 1172 1406 est
1203 1348 1434 1420 ingredi,
1455 1344 1802 1402 exaudiatur.
1838 1340 1907 1398 Ut
1935 1338 2123 1396 devin-

536 1448 862 1508 demientur,
895 1443 948 1498 id
993 1452 1075 1498 est
1117 1440 1294 1498 omnis
1343 1453 1531 1493 eorum
1561 1435 1628 1489 de
1679 1449 1763 1488 me
1807 1429 2122 1502 jocuuditas

535 1540 860 1605 annulletur,
892 1537 1047 1591 sicuti
1099 1534 1200 1606 ipsi
1255 1545 1360 1598 me,
1401 1545 1520 1588 mea
1553 1528 1812 1600 exigente
1855 1521 2120 1594 nequitia,

533 1634 898 1688 annullarunt.
928 1628 1077 1686 Multi
1105 1627 1250 1684 enim
1282 1624 1514 1698 gemitus
1553 1621 1680 1687 mei,
1727 1628 1783 1675 et
1808 1632 1901 1674 cor
1941 1628 2122 1670 meum

533 1740 808 1790 mon-ens,
865 1721 1018 1778 multi
1069 1720 1256 1792 utique
1301 1717 1560 1782 labores,
1615 1713 1810 1784 quibus
1863 1710 2117 1782 ingenio;

1347 289 1414 354 ν.
1450 287 1776 366 eumnam
1800 283 2092 360 ΑΒιιΑτιε
2122 284 2180 348 s.
2199 268 2454 354 tusus
2481 279 2571 350 DE
2617 278 3018 348 NOVIGENTO
3050 323 3056 328 .
3661 245 3752 350 tu

2907 409 3128 454 GIHIEL.

2299 493 2466 558 Vens.
2504 493 2675 552 5.—t
2709 489 2988 562 Confregit
3019 489 3074 544 in
3106 487 3187 554 ira
3218 485 3416 544 furoris
3442 489 3754 553 omne'cornu

2227 607 2246 642 ι
2291 589 2478 656 Israel,
2511 587 2708 643 avertit
2753 595 3056 646 retrorsum
3093 581 3370 638 dexteram
3407 599 3554 646 suam
3581 602 3610 642 a
3640 587 3756 646 facie

2227 703 2246 736 ‹
2293 683 2520 747 inimici,
2540 693 2592 738 et
2619 680 2903 736 succendit
2923 679 2976 750 in
3001 677 3169 738 Jacob
3191 679 3342 746 quasi
3367 681 3537 748 ignem
3563 680 3759 741 ﬂammai

2225 795 2247 832 ι
2291 776 2601 838 devorantis
2631 776 2682 834 in
2705 789 2861 848 gyro.
2891 793 2911 828 ι
2945 771 3181 844 Ghimel,
3213 771 3592 842 interpretatur
3619 777 3761 845 pleni-

2222 870 2369 938 tudo,
2405 884 2470 924 ea
2500 867 2707 926 scilicet
2752 867 2820 924 de
2866 881 2972 937 qua
3011 865 3211 920 dicitur
3241 883 3253 922 :
3296 883 3315 918 ι
3347 865 3624 937 Completai
3657 879 3762 936 sunt

2223 962 2540 1036 iniquitates
2585 962 3027 1026 Amorrbaeorum
3063 956 3218 1030 (Gen.
3262 975 3353 1025 xv,
3391 959 3498 1030 16).
3531 980 3549 1012 ι
3587 959 3762 1024 Secan

2222 1053 2350 1110 dum
2381 1056 2524 1112 banc
2556 1071 2664 1114 non
2694 1069 2857 1112 causa
2883 1051 3262 1122 correctionis,
3285 1067 3392 1124 qua
3417 1053 3653 1114 irascitur
3675 1071 3763 1116 non

2225 1148 2416 1216 iratus,
2450 1148 2545 1204 sed
2575 1148 2633 1204 in
2659 1149 2740 1204 ira
2771 1147 2992 1217 furoris,
3017 1161 3137 1218 qute
3171 1161 3276 1206 non
3303 1143 3613 1214 reﬂectitur,
3641 1165 3764 1206 aonie

2224 1257 2387 1302 cornu
2435 1239 2607 1296 Israel
2660 1239 3046 1312 confringitur,
3103 1254 3227 1294 cum
3271 1239 3526 1310 quidquid
3578 1255 3766 1304 carnem

2224 1338 2510 1404 excedens,
2543 1352 2663 1408 quae
2683 1353 2898 1394 sursum
2915 1345 3043 1392 sunt
3067 1351 3258 1407 sapere
3285 1348 3516 1406 poterat,
3545 1339 3594 1394 in
3619 1350 3767 1400 mente

2225 1430 2526 1488 subruitur.
2551 1430 2594 1482 Α
2633 1431 2770 1500 facie
2798 1431 2996 1492 inimici
3021 1429 3287 1490 dexteram
3319 1447 3472 1488 suam
3520 1442 3768 1490 retrorsum

2225 1523 2430 1591 auertit,
2463 1539 2584 1577 cum
2616 1523 2757 1580 inter
2796 1524 3124 1584 tentationes
3151 1523 3207 1580 in
3237 1525 3432 1594 quibus
3469 1526 3768 1594 potissimum

2225 1616 2428 1674 inimici
2454 1617 2627 1672 virtus
2657 1618 2987 1687 agnoscitur,
3043 1617 3307 1676 meritoria
3362 1628 3560 1676 sanctae
3605 1635 3770 1690 perpa-

2228 1711 2436 1768 tuitatis
2487 1727 2518 1766 a
2555 1711 2722 1774 corde
2781 1712 3065 1772 recutitur.
3100 1711 3146 1764 A
3184 1712 3322 1782 [acie
3357 1713 3503 1770 enim
3528 1715 3772 1784 cognosci-

531 1829 588 1872 ct
620 1819 755 1889 ipsa,
790 1831 910 1887 quae
951 1829 1058 1870 non
1081 1783 1186 1870 nisi
1217 1811 1378 1882 digna
1407 1809 1558 1866 luctu
1593 1783 1728 1876 agit,
1771 1799 2121 1876 perturbatur
2228 1819 2368 1870 mus,
2405 1813 2460 1858 et
2489 1803 2714 1860 dextera
2741 1803 3013 1874 eligimur.
3053 1802 3222 1869 Quasi
3255 1804 3400 1874 ignis
3417 1783 3632 1874 ﬂama];
3647 1807 3773 1861 dm.

530 1911 694 1967 ratio.

543 1977 549 1984 ’
1170 2008 1486 2069 CAPUTIL

1229 2141 1420 2181 ALEPH.

601 2251 769 2308 Vsus.
800 2249 851 2304 l.
891 2276 963 2289 —-
1000 2264 1018 2298 ‹
1054 2244 1336 2312 Quomodo
1365 2240 1576 2297 obtexit
1603 2237 1836 2310 caligine
1859 2235 1911 2290 in
1941 2234 2126 2288 furore

537 2366 558 2402 ί
603 2363 699 2404 suo
727 2344 985 2400 Dominus
1008 2340 1174 2395 tiliam
1199 2337 1350 2402 Sion,
1382 2333 1688 2406 projecitde
1703 2331 1837 2386 coelo
1869 2329 2128 2399 inclytam

538 2460 558 2493 ‹
602 2439 791 2508 Israel,
821 2447 876 2492 et
910 2451 1018 2491 non
1051 2442 1134 2488 est
1176 2430 1498 2487 recordatus
1525 2425 1743 2484 scabelli
1774 2423 1972 2494 pedum
2002 2436 2126 2478 suo-

539 2549 560 2585 ι
605 2548 724 2586 rum
757 2531 810 2584 in
855 2529 942 2582 die
971 2525 1174 2580 furoris
1218 2523 1321 2577 sui.
1360 2541 1378 2574 ι
1432 2520 1626 2590 Alepli,
1659 2517 1802 2572 sicut
1849 2514 2122 2586 superius,

534 2623 774 2678 doctrina
803 2621 1020 2676 dicitur.
1040 2615 1404 2688 Conqueritur
1427 2628 1554 2686 ergo
1587 2627 1792 2674 annua,
1820 2619 1875 2663 et
1897 2608 2126 2661 miratur

531 2713 792 2786 quomodo
826 2709 1095 2767 obtexerit
1133 2708 1356 2778 caligine
1403 2705 1458 2758 in
1507 2704 1686 2772 furore
1741 2717 1835 2762 suo
1865 2699 2126 2752 Dominus

534 2806 702 2877 ﬁliam
738 2806 889 2872 Sion,
932 2802 1203 2873 quomodo
1252 2799 1439 2868 utique
1481 2793 1791 2868 permiserit
1835 2789 2123 2855 obctecari,

539 2887 641 2978 per
672 2887 1078 2952 irrevocabilem
1115 2889 1598 2947 animadversionis
1649 2902 1758 2942 suae
1798 2883 2126 2941 sententiam

536 2995 941 3068 supercmlestis
979 2993 1106 3049 olim
1139 2991 1294 3056 Sion,
1325 2989 1377 3043 id
1409 2998 1495 3044 est
1526 2985 1908 3056 speculationis
1939 2983 2125 3048 titiam,

535 3097 591 3145 et
619 3088 681 3142 de
703 3087 850 3152 creto,
885 3086 938 3141 id
983 3092 1066 3139 est
1097 3083 1160 3138 de
1190 3096 1426 3154 superna
1459 3077 1895 3144 conversatione,
1929 3076 1982 3130 in
2013 3084 2125 3129 ter-

535 3198 695 3239 renas
761 3177 1237 3249 concupiscentias
1311 3173 1571 3244 dcjeccrit
1619 3170 1784 3244 248
1832 3185 1951 3224 eam
2009 3169 2198 3240 (ιιιωο

535 3297 657 3338 cum
715 3279 825 3334 Deo
871 3277 1028 3346 dirigi
1078 3263 1318 3344 coeperat
1367 3272 1628 3325 animam.
1665 3265 1891 3322 Scabelli
1935 3263 2125 3334 pedum

533 3389 746 3427 suorum
770 3371 825 3424 in
844 3370 928 3424 die
957 3367 1154 3438 furoris
1181 3365 1264 3420 sui
1305 3380 1412 3419 non
1446 3360 1718 3417 recordari
1745 3359 1967 3426 dicitur,
2001 3373 2124 3412 cmn

531 3464 752 3536 pietatis
802 3462 1059 3532 antiqua),
1100 3459 1244 3529 quod
1274 3455 1527 3511 videlicet
1574 3453 1626 3507 in
1675 3461 1816 3506 terra
1874 3459 2124 3513 matrem,

533 3553 682 3610 Patri
708 3561 1035 3617 coaeternus,
1079 3564 1176 3619 pro
1221 3546 1438 3600 homine
1489 3543 1748 3598 salvando
1801 3538 2125 3610 susceperit,

533 3644 782 3724 Oblivisci
811 3643 1042 3697 videtur.
1079 3639 1387 3694 Scabellum
1417 3638 1562 3692 enim
1597 3637 1791 3706 pedum
1833 3649 1931 3704 pro
1965 3629 2130 3685 Geni-

535 3725 677 3795 trice
707 3737 951 3808 ejusdem
985 3734 1282 3789 benedictae
1308 3731 1489 3785 carnis
1510 3729 1798 3798 accipitur.
1819 3725 1972 3781 Unde
1999 3732 2081 3778 cst
2108 3739 2123 3777 :

541 3851 561 3884 ‹
608 3831 848 3885 Adorate
877 3825 1172 3882 scabeilum
1202 3825 1395 3896 pedum
1421 3822 1537 3894 ejus
1561 3819 1736 3892 (Psat.
1772 3833 1958 3885 xcvm,
1989 3815 2066 3885 5).
2103 3831 2122 3864 ι

2228 1898 2392 1952 rantis
2439 1897 2493 1950 in
2531 1914 2660 1967 gyro
2707 1898 2764 1951 in
2787 1895 2956 1954 Jacob
2983 1897 3356 1963 succenditur,
3385 1913 3507 1954 cum
3549 1899 3772 1968 concupi-

2225 1991 2447 2050 scentiae
2474 1990 2785 2062 corporales
2813 2006 2912 2063 per
2931 2006 3127 2048 sensus
3150 1999 3206 2048 et
3249 1991 3517 2058 meinbra,
3543 1992 3596 2046 in
3616 2006 3674 2047 eo
3695 1993 3772 2062 qui

2225 2085 2356 2142 olim
2384 2100 2477 2142 eas
2505 2086 2830 2142 subvertere
2855 2095 3234 2154 consueverat,
3265 2087 3651 2144 excandescere
3676 2102 3774 2156 per-

2227 2180 2536 2238 mittuntur.

2909 2287 2974 2330 DA
2983 2291 3144 2332 ιετιι.

2303 2366 2463 2424 Vens.
2494 2366 2550 2424 4.
2577 2359 2669 2418 έ-‹
2692 2365 2947 2424 Tetendit
2971 2385 3158 2426 arcum
3179 2385 3338 2425 suum
3363 2369 3514 2439 quasi
3543 2368 3775 2433 inimicus,

2233 2478 2252 2514 ι
2292 2461 2528 2518 firmavit
2569 2461 2849 2516 dexteram
2883 2477 3036 2520 suam
3081 2464 3237 2533 quasi
3282 2463 3477 2526 hostis,
3521 2472 3573 2522 et
3615 2463 3780 2519 occidit

2234 2575 2253 2607 ι
2296 2571 2456 2610 omne
2481 2556 2623 2626 quod
2655 2556 2936 2626 pulchrum
2965 2567 3084 2614 erat
3101 2559 3220 2613 visu
3240 2559 3296 2612 in
3327 2557 3664 2614 tabernaculo
3684 2555 3782 2610 filia

2235 2669 2253 2702 ι
2297 2647 2450 2718 Sion,
2483 2649 2669 2704 effudit
2704 2652 2857 2720 quasi
2891 2651 3067 2720 ignem
3113 2652 3542 2723 indignationem
3587 2667 3776 2705 suam.»

2230 2742 2448 2808 Daletlt,
2479 2742 2874 2810 interpretatur
2894 2741 3214 2811 januarum,
3246 2744 3396 2798 haud
3427 2742 3638 2796 dubium
3673 2740 3779 2810 quin

2231 2835 2545 2892 exteriorum
2563 2851 2835 2899 sensuum,
2863 2851 2958 2906 per
2990 2851 3126 2905 quos
3171 2853 3315 2906 saepe
3351 2847 3590 2892 nostrum
3619 2834 3782 2889 admit-

2230 2927 2395 2982 timus
2422 2928 2723 2984 interitutn.
2759 2929 2924 2994 Quasi
2961 2928 3206 2986 inimicus
3230 2948 3420 2985 arcum
3451 2947 3598 2985 suum
3631 2929 3783 2984 Domi-

2231 3036 2331 3092 nus
2365 3022 2554 3086 tendit,
2590 3037 2712 3078 cum
2747 3021 2912 3078 futuri
2943 3024 3121 3079 minas
3147 3025 3366 3095 judicii,
3403 3025 3554 3095 quasi
3586 3025 3782 3079 securim

2229 3119 2296 3174 ad
2312 3118 2544 3174 radicem
2573 3119 2843 3174 intentare
2869 3135 2976 3174 non
3006 3120 3219 3174 desinit.
3242 3120 3400 3176 Unde
3427 3129 3528 3186 est,
3549 3138 3568 3170 c
3590 3117 3780 3183 Dedisti,

2231 3213 2425 3284 inquit.
2461 3212 2910 3284 significationem
2933 3223 2994 3270 ιιι
3018 3213 3228 3284 fugiant
3253 3231 3282 3269 a
3307 3213 3454 3270 facie
3475 3211 3780 3286 ιιι-αυεῌίπή

2230 3321 2346 3373 1.1x,
2369 3304 2446 3376 6).
2503 3325 2522 3360 ι
2559 3305 2726 3372 ουωὶ
2769 3308 2933 3362 nostis
2961 3310 3229 3363 dexteram
3261 3325 3419 3363 suam
3465 3309 3654 3373 firmat,
3684 3320 3782 3361 cum

2229 3413 2295 3461 ex
2325 3408 2524 3454 nostra:
2561 3398 2760 3456 intuitu
2810 3400 3164 3472 malignitatis
3209 3417 3506 3472 supernam
3558 3401 3697 3455 nobis
3739 3412 3784 3452 se

2230 3491 2573 3550 ocelusnrum
2609 3492 2865 3562 patriam,
2906 3495 3081 3564 quasi,
3113 3494 3166 3548 id
3203 3503 3285 3548 est
3315 3510 3530 3558 resera,
3557 3491 3787 3547 hostisins

2231 3584 2432 3644 sinuat.
2461 3583 2627 3638 Omne
2647 3587 2788 3656 quod
2817 3585 3095 3656 pulchrum
3122 3599 3236 3641 erat
3262 3590 3381 3642 visu
3408 3590 3463 3642 in
3487 3583 3784 3640 tabernacula

2230 3677 2357 3746 ﬁlice
2386 3675 2518 3730 Sion
2539 3677 2899 3743 occidit,cum
2921 3679 3184 3749 quidquid
3215 3680 3268 3734 in
3297 3680 3606 3736 extrinseeo
3630 3691 3782 3748 opere,

2231 3767 2314 3826 vel
2345 3766 2477 3832 Deo,
2501 3767 2584 3824 vel
2616 3768 2820 3824 homini
2857 3769 3071 3839 placere
3095 3779 3375 3840 potuerat,
3410 3771 3526 3841 ejus
3547 3769 3633 3839 qui
3655 3764 3786 3822 matri

2234 3856 2611 3926 supercoelcsti
2638 3858 2879 3914 similare
2909 3859 3192 3924 debuerat,
3225 3861 3502 3928 perditum
3547 3861 3620 3913 ire
3661 3855 3783 3910 sinit.

532 3923 873 3980 Praetitulata
923 3930 1102 3976 autem
1156 3918 1331 3973 iittera
1363 3916 1664 3972 doctrinam
1695 3911 1972 3982 exprimit,
2010 3925 2130 3981 qua:

537 4015 774 4085 caligine
825 4013 1044 4068 obtecta
1099 4011 1369 4081 diSpCl‘lil,
1426 4009 1510 4064 cui
1573 4016 1828 4076 tanquam
1887 4004 2128 4058 lucernae

535 4107 738 4163 lucenti
783 4107 836 4162 in
887 4105 1185 4177 caliginoso
1233 4106 1352 4158 loco
1406 4100 1489 4173 (II
1533 4097 1680 4153 Petr.
1717 4114 1758 4165 ι,
1810 4096 1922 4169 19),
1975 4108 2128 4150 mens

2235 3948 2399 4014 Quasi
2425 3949 2593 4018 ignem
2623 3950 3034 4021 indignationem
3083 3951 3350 4022 effundit,
3399 3955 3525 4010 dum
3571 3951 3786 4007 universa

2233 4041 2551 4102 criminibus
2573 4047 3004 4102 consummanda
3037 4047 3308 4102 concedit.

2981 4156 3068 4197 ΠΕ.

537 4215 730 4256 sanum
753 4199 1013 4270 sapientis
1043 4197 1294 4253 intendit.

1254 4329 1412 4374 BETll.

609 4413 769 4472 Vens.
793 4414 851 4470 2.
877 4444 950 4458 —-
995 4433 1012 4480 ς
1049 4410 1415 4482 Praecipitavit
1446 4406 1727 4471 Dominus,
1760 4419 1861 4462 nec
1884 4403 2132 4476 pepercit

2309 4228 2466 4286 Vsus.
2498 4231 2554 4288 5.
2579 4262 2651 4276 -—
2681 4251 2700 4285 ι
2728 4231 2926 4288 Factus
2950 4242 3034 4288 est
3073 4233 3334 4290 Dominus
3366 4235 3517 4290 velut
3547 4230 3785 4292 inimicus,

2237 4341 2256 4376 r
2302 4325 2661 4394 praecipitavit
2715 4326 2879 4384 Israel
2909 4365 2924 4391 ,
2983 4327 3343 4396 prmeipitavit
3392 4327 3572 4382 omnia
3617 4319 3792 4380 mantia

2237 4432 2256 4468 ‹
2303 4415 2738 4488 ejus,dissipavit
2767 4419 3099 4475 munitiones
3121 4418 3257 4488 ejus,
3289 4429 3346 4474 et
3370 4419 3600 4488 replevit
3631 4420 3678 4471 in
3699 4412 3788 4470 lilia

537 4529 559 4562 ε
606 4511 790 4566 omnia
816 4509 1059 4580 speciosa
1101 4507 1292 4571 Jacob,
1341 4502 1610 4560 destrurit
1652 4503 1706 4562 in
1735 4499 1920 4562 furore
1952 4498 2131 4554 muni'
2161 4535 2206 4595 υ
2237 4525 2256 4558 ‹
2301 4505 2437 4562 Juda
2487 4509 2827 4564 liumiliatnm
2882 4521 2934 4566 et
2993 4511 3381 4566 humiliatamr
3413 4531 3433 4565 ι
3483 4510 3582 4575 He,
3623 4509 3791 4564 dicitur

537 4621 560 4664 ς
607 4603 781 4660 tiones
830 4602 1054 4670 virginis
1099 4599 1261 4665 Juda,
1307 4597 1504 4666 dejecit
1553 4596 1606 4652 in
1655 4605 1880 4661 terram,
1933 4592 2124 4663 polluit

539 4712 562 4748 ι
608 4708 832 4765 regnum
879 4700 935 4748 et
969 4692 1246 4764 principes
1273 4689 1409 4760 ejus.
1446 4709 1465 4742 ι
1514 4689 1674 4754 Beth,
1708 4687 1907 4742 dicitur
1935 4686 2123 4746 donius

532 4786 682 4848 haud
708 4787 929 4844 dubium
955 4787 1085 4857 quin
1129 4786 1247 4842 Dei.
1296 4783 1468 4854 Hujus
1513 4782 1786 4854 quondam
1819 4779 2124 4846 vitiasup-

530 4879 830 4950 plantantis
875 4879 1050 4934 omnia
1096 4877 1327 4948 speciosa
1377 4875 1571 4930 domus
1625 4871 1946 4942 praecipitat,
1999 4882 2138 4924 cum

531 4973 699 5028 totius
746 4971 960 5034 virtutis
1011 4969 1225 5039 insigne
1276 4967 1543 5022 debilitat.
1596 4965 1855 5025 Parcet-et
1899 4970 2121 5027 autem,

531 5065 692 5122 si.ch
737 5066 824 5136 pia
868 5065 1101 5120 intentio
1147 5063 1429 5120 resideret.
1459 5059 1623 5130 Virgo
1655 5055 1816 5123 Juda,
1851 5055 2125 5114 confessio

530 5167 614 5214 est
642 5158 1003 5216 infructuosa.
1021 5155 1190 5224 llujus
1216 5153 1528 5215 munitiones
1557 5152 1608 5206 in
1631 5151 1812 5221 furore
1838 5151 2124 5208 destruun-

529 5261 640 5318 tur,
668 5268 790 5310 cum
827 5251 1172 5316 ﬁrmissimas
1223 5247 1485 5313 rationes,
1531 5262 1762 5318 quarum
1803 5246 2002 5304 intuitu
2031 5245 2124 5304 ad-

528 5361 748 5416 versum
781 5362 840 5404 se
885 5360 1014 5404 suas
1046 5342 1338 5414 iniustitias
1374 5341 1756 5408 conﬁtebatur,
1787 5340 2123 5396 exuberante

530 5440 773 5510 nequitia
801 5435 1111 5500 demolitur.
1143 5435 1212 5498 In
1259 5451 1458 5496 terram
1487 5431 1692 5498 deiicit,
1725 5449 1848 5492 eum
1903 5433 1970 5488 ad
2017 5441 2124 5488 ter-

528 5548 662 5588 rena
687 5533 862 5592 solmn
899 5530 1157 5601 sapienda
1196 5529 1462 5588 destituit.
1501 5527 1738 5598 Regnum
1781 5537 1828 5582 et
1858 5527 2121 5598 principes

529 5625 644 5695 ejus
674 5624 883 5694 polluit,
909 5639 1032 5684 cum
1065 5619 1552 5682 intellectualitatis
1583 5621 1792 5684 sedem,
1820 5635 1940 5675 emn
1967 5621 2119 5676 omni

531 5714 884 5778 sensuatitate
917 5755 931 5782 ,
986 5715 1169 5786 pravis
1231 5713 1681 5776 delectationibus
1747 5711 1926 5774 addici
1998 5727 2122 5784 per-

529 5803 717 5860 mittit.

2230 4601 2537 4670 suscipiem,
2578 4620 2683 4657 non
2720 4605 2825 4658 alia
2877 4604 3038 4674 plane
3065 4621 3227 4674 quam
3257 4622 3378 4675 quae
3409 4605 3682 4662 intrudere
3716 4614 3791 4654 ro-

2229 4691 2388 4748 luerit
2413 4695 2657 4754 dialtolus
2687 4696 2937 4754 inﬂuens.
2970 4696 3124 4754 Unde
3151 4707 3207 4754 et
3233 4700 3610 4770 praecipitasse
3647 4689 3790 4750 Israel

2229 4783 2447 4851 dicitur,
2493 4787 2622 4842 dum
2653 4789 2915 4860 quidquid
2957 4778 3081 4845 cum
3137 4790 3246 4846 Deo
3277 4792 3601 4848 dinectionis
3629 4784 3794 4844 haberi

2228 4876 2370 4931 valet
2402 4877 2454 4934 in
2497 4878 2679 4936 animo
2719 4880 3038 4936 inclinatur.
3083 4883 3326 4940 Dirce-tus
3369 4885 3518 4938 enim
3563 4881 3675 4948 Dei,
3724 4873 3794 4930 vel

2228 4984 2345 5024 cum
2377 4967 2484 5026 Deo
2508 4969 2676 5027 lsrael
2705 4978 2887 5028 sonat.
2909 4971 3100 5026 Omnia
3117 4989 3308 5028 mtuum
3338 4974 3458 5044 ejus
3483 4970 3796 5043 praecipitan-

2231 5069 2339 5127 tur,
2363 5060 2488 5122 dum
2520 5063 2761 5120 exterior
2789 5065 3145 5120 continentia:
3169 5067 3288 5136 ejus
3325 5065 3674 5137 pulchritudo
3698 5060 3792 5115 dis-

2227 5152 2472 5212 suivitur.
2508 5153 2829 5214 thitiones
2847 5156 2962 5225 ejus
2986 5156 3342 5226 dissipantur,
3366 5160 3498 5214 dum
3523 5151 3795 5226 spiritualis

2227 5248 2486 5306 cusmdit'e
2525 5250 2802 5320 proposita
2831 5249 3202 5310 annullantur.
3248 5251 3608 5306 ﬂantitiatum
3643 5259 3686 5304 et
3713 5246 3796 5300 hu-

2227 5337 2482 5402 miliatam
2512 5339 2566 5396 in
2594 5341 2708 5408 ﬁlia
2752 5340 2902 5404 Juda
2942 5343 3134 5413 replet,
3190 5359 3315 5398 cum
3351 5343 3571 5412 dejecto
3600 5341 3794 5412 spiritu,

2225 5438 2279 5486 et
2326 5430 2489 5486 etiam
2542 5430 2819 5488 voluntate
2873 5432 3105 5502 deiecta,
3169 5433 3486 5490 effeminata
3547 5427 3796 5488 confessio

2227 5522 2536 5594 languidam
2575 5534 2810 5584 mentem
2840 5541 2936 5596 pro
2960 5527 3258 5584 destructis
3281 5529 3681 5583 munitionibus
3709 5525 3794 5579 im-

2225 5615 2355 5686 plet.
2387 5613 2534 5672 Filia
2560 5619 2706 5672 enim
2735 5618 2883 5673 Juda
2934 5623 3204 5678 confessio
3242 5634 3323 5679 est
3377 5623 3593 5678 inutilis
3627 5628 3679 5674 et
3711 5620 3796 5672 im-

2225 5710 2410 5780 proba.
2467 5709 2603 5766 Nota
2646 5711 2970 5768 Hebratenm
3020 5731 3269 5786 morem,
3323 5716 3470 5787 quod
3521 5716 3712 5772 dicitur
3750 5711 3798 5763 in

2222 5804 2339 5877 ﬁlia
2363 5803 2514 5864 Iuda
2536 5804 2746 5880 replevit
2779 5808 3121 5866 humiliatnm
3147 5829 3195 5869 et
3228 5811 3591 5881 humiliatam,
3635 5816 3691 5865 ut
3725 5807 3802 5862 est
