4038 6330
222 328 342 391 461

867 288 1332 379 meromem
1360 318 1430 379 IN
1467 317 1667 390 osse,
1706 318 1895 379 suos
1921 317 2012 379 er
2049 316 2195 379 seu.
2236 348 2307 368 --
2342 318 2471 380 LIB.
2512 320 2577 379 v.
2617 320 2686 380 IN
2722 318 2867 380 res.

3417 296 3613 385 402‘

231 444 377 499 alibi
409 461 421 496 :
458 458 477 495 ‹
524 438 772 511 Bepievn
799 452 1016 495 carnem
1066 454 1163 509 pro
1193 452 1253 493 ea
1286 436 1437 510 (Gen.
1466 454 1528 505 ιι,
1556 438 1647 512 2|)
1686 458 1704 491 ›
1734 454 1836 510 pro
1863 443 1912 502 Α
1942 438 2082 496 tione
2108 455 2327 494 manum
2355 456 2504 495 suam
2532 455 2636 494 non
2672 440 2877 507 avertit,
2914 435 3041 508 quia
3081 450 3205 494 cum
3231 449 3387 494 mens
3425 453 3525 494 sua

227 553 310 594 eo
338 535 484 607 quod
517 549 615 591 nos
642 532 911 590 dicimus:
939 531 1169 604 Replerit
1196 532 1367 603 ﬁliam
1390 530 1535 589 Iuda
1560 532 1834 589 Itumiliato

226 638 284 684 et
318 626 626 684 humilium.

973 734 1080 777 νΑυ

319 814 484 872 Vitas.
527 813 581 870 6.
612 842 684 861 -—
719 831 739 867 ‹
775 812 1070 884 Dissipavit
1096 813 1250 885 quasi
1279 814 1500 872 hortum
1542 815 1836 873 tentorium

239 929 263 964 ε
314 924 499 975 suum,
532 907 825 964 demolitus
859 918 941 965 est
970 908 1374 964 tabernaculum
1407 926 1584 967 suum.
1628 928 1646 963 ι
1695 909 1835 975 Vau,

234 1001 640 1072 interpretatur
670 1002 949 1069 possessio,
985 1015 1104 1070 quae
1134 1016 1241 1057 non
1265 1010 1349 1058 est
1377 1002 1481 1058 alia
1532 1018 1694 1072 quam
1725 1002 1839 1073 ipse

237 1094 335 1165 qui
360 1094 727 1151 subscribitur
780 1096 989 1159 hortus,
1021 1094 1107 1150 cui
1148 1095 1420 1166 quondam
1459 1097 1640 1153 vitalis
1667 1097 1840 1153 inore

240 1196 403 1241 verat
432 1185 663 1245 fructus.
697 1186 866 1251 Quasi
913 1186 1122 1241 hortum
1168 1202 1300 1258 ergo
1350 1189 1633 1243 tentorium
1685 1205 1839 1245 suum

247 1280 503 1349 dissipat,
528 1296 650 1336 cum
686 1278 867 1335 avulsa
901 1279 1193 1350 vigilantia:
1226 1290 1282 1336 et.
1324 1282 1535 1338 timoris
1564 1283 1720 1353 quasi
1749 1297 1837 1339 se-

249 1374 403 1443 pium
439 1374 870 1439 circumstantia,
905 1374 1019 1429 suis
1042 1384 1278 1431 mentem
1308 1376 1653 1443 utilitatibus,
1699 1393 1763 1432 ac
1793 1377 1840 1433 si

253 1467 473 1523 hortum
526 1466 789 1522 fructibus
835 1466 1032 1535 privat.
1082 1467 1148 1523 Et
1196 1470 1392 1524 merito
1444 1471 1727 1525 tentorium
1757 1470 1843 1527 vel

256 1559 650 1615 tabernaculum
691 1560 1102 1625 conscientiam,
1128 1577 1234 1617 non
1263 1562 1482 1619 domum
1505 1575 1684 1630 vocat,
1714 1567 1840 1635 quia

255 1653 329 1711 nil
358 1669 733 1723 perseverans,
766 1653 839 1709 uil
863 1655 1057 1710 stabile
1088 1657 1229 1725 apud
1278 1671 1338 1712 se
1384 1657 1687 1728 proposuit,
1721 1673 1842 1728 quae

248 1755 450 1804 statum
481 1763 639 1805 suum
670 1756 778 1802 tam
807 1747 950 1802 facili
976 1749 1285 1804 desertione
1309 1750 1585 1815 debilitat;
1610 1760 1841 1821 utraque

1937 547 2106 605 penes
2155 532 2321 589 Deum
2378 549 2484 590 non
2537 535 2857 604 deprecatur
2912 532 3102 601 exitia,
3145 532 3365 588 evidens
3391 532 3525 588 ultio

1937 625 2256 697 cogitationi
2291 625 2489 682 divina:
2516 627 2781 682 succedit.
2827 624 3166 680 Antemurule
3194 624 3361 695 luget,
3399 638 3524 679 cum

1936 718 2268 774 sensualitas
2346 718 2586 774 exterior
2651 717 2880 774 dolendo
2943 716 3201 787 appetitui
3258 712 3520 781 subiacet.

1940 810 2131 868 Murus
2167 812 2367 884 pariter
2422 811 2738 880 dissipatur,
2793 826 2916 866 cum
2954 808 3404 881 imaginationum
3453 807 3521 864 li-

1938 906 2117 961 centia
2138 904 2340 977 passim
2372 904 2603 961 reinissa
2640 904 2992 977 dispergitur.

2663 1012 2824 1054 ΤΕΤΗ.

2013 1091 2352 1149 Vens.9.—
2384 1109 2403 1144 ι
2440 1090 2643 1146 Defixae
2692 1097 2820 1145 sunt
2868 1090 2926 1145 in
2979 1096 3125 1145 terra
3173 1098 3342 1160 porta:
3386 1086 3524 1158 ejus,

1947 1207 1965 1240 ι
2011 1188 2250 1256 perdidit
2284 1195 2341 1243 et
2375 1184 2635 1242 contrivit
2684 1190 2862 1239 vectes
2890 1182 3032 1254 ejus,
3075 1198 3259 1253 regem
3282 1182 3423 1252 ejus,
3472 1190 3528 1237 et

1948 1300 1966 1334 ι
2012 1282 2284 1352 principes
2304 1280 2497 1350 cjusin
2547 1278 2814 1350 gentibus.
2858 1296 2876 1330 ι
2933 1275 3090 1343 Teth,
3140 1276 3531 1346 interpretatur

1942 1374 2155 1429 bonum.
2193 1372 2373 1429 Porta:
2414 1373 2531 1444 ejus
2572 1374 2626 1425 in
2654 1382 2796 1425 terra
2823 1368 3152 1441 defiguntur,
3187 1382 3313 1422 cum
3343 1366 3532 1421 obsta-

1943 1464 2065 1522 cula
2092 1465 2344 1532 rationis,
2370 1480 2491 1534 quae
2516 1462 2664 1517 vitiis
2686 1468 3057 1531 opponuntur,
3089 1460 3230 1528 quod
3260 1472 3533 1512 summum

1944 1559 2182 1615 hominis
2205 1558 2405 1613 bonum
2443 1565 2549 1623 est,
2598 1554 2832 1610 terrenis
2895 1549 3288 1622 cupiditatibus
3343 1549 3532 1621 oppri-

1944 1661 2185 1707 muntur.
2248 1650 2428 1706 Vectes
2472 1650 2588 1721 ejus
2629 1648 2825 1719 perditi
2864 1655 3247 1712 conteruntur,
3276 1660 3398 1700 cum
3424 1644 3532 1713 spi-

1946 1742 2171 1797 rituales
2195 1742 2511 1808 instinctus,
2554 1740 2673 1794 sine
2713 1738 2912 1807 quibus
2932 1735 3132 1790 rationi
3164 1735 3329 1791 robur
3354 1734 3535 1789 inesse

245 1841 393 1895 enim
447 1841 749 1912 peregrinis
786 1850 842 1896 et
884 1841 1243 1897 militantibus
1281 1842 1648 1913 perfunctoria
1696 1852 1840 1899 sunt.

1949 1849 2054 1888 non
2109 1834 2390 1904 przevalet,
2443 1822 2863 1887 consulituntur.
2915 1827 3130 1899 Regem,
3190 1837 3238 1881 et
3275 1826 3535 1896 principes

249 1947 273 1985 s
318 1930 588 1987 Oblivioni
622 1932 843 1989 tradidit
867 1932 1129 1988 Dominus
1155 1934 1206 1988 in
1240 1933 1370 1989 Sion
1401 1935 1750 1990 festivitatem
1787 1945 1844 1991 et

248 2043 271 2076 ι
319 2025 644 2093 Sabbatum,
697 2035 754 2082 et
806 2028 1099 2097 opprobrio
1143 2028 1197 2082 in
1242 2028 1613 2098 indignatione
1639 2030 1843 2085 furoris

246 2136 269 2171 s
316 2118 400 2174 sui
442 2132 623 2189 regem
671 2127 728 2174 et
768 2120 1129 2175 sacerdotem.
1166 2139 1185 2173 ι
1230 2119 1298 2175 In
1348 2118 1477 2175 Sion
1509 2121 1842 2191 festivitatem

238 2217 295 2264 et
330 2202 622 2265 Sabbatum
657 2210 915 2266 oblivioni
967 2210 1111 2266 Deus
1162 2210 1348 2276 tradit,
1395 2226 1518 2266 cum
1572 2212 1627 2265 in
1664 2219 1844 2266 mente

236 2303 751 2371 quondamdevota,
781 2303 1107 2359 omnimodas
1136 2304 1353 2358 virtutis
1384 2303 1746 2374 frequentiam
1787 2311 1843 2358 et

236 2396 455 2465 peccati
474 2397 645 2451 otium
675 2397 983 2452 oblitterari
999 2397 1290 2466 permittit.
1313 2396 1467 2452 Hunc
1483 2398 1626 2453 diem
1648 2396 1842 2452 solem-

240 2504 375 2547 nem
408 2490 461 2545 in
483 2491 774 2545 condensis
800 2490 965 2563 249
991 2491 1231 2560 psalmus
1254 2491 1442 2547 indicit
1464 2490 1639 2562 (Psal.
1669 2505 1836 2558 cxvn,

243 2586 367 2657 2'7).
420 2586 608 2640 Tradit
655 2586 820 2640 etiam
874 2584 1153 2655 opprobrio
1195 2602 1364 2657 regem
1402 2594 1451 2641 et
1496 2587 1838 2653 sacerdotem,

245 2692 376 2735 cum
428 2677 697 2747 spirituali
738 2677 1001 2747 regimine
1045 2692 1267 2747 prorsus
1310 2679 1583 2735 exstincto
1636 2679 1842 2749 pariter

241 2770 522 2826 annihilat
552 2770 814 2836 divinam,
839 2784 958 2838 quae
981 2784 1080 2825 uos
1110 2770 1259 2825 ducit
1312 2780 1368 2826 et
1399 2770 1557 2826 docet
1602 2770 1656 2826 in
1689 2770 1839 2827 omni

240 2865 565 2931 sanctitate,
588 2862 914 2921 doctrinam.

965 2970 1108 3010 ΖΔΙΝ.

325 3049 489 3106 Vens.
544 3050 600 3106 7.
629 3079 700 3095 —-
728 3048 948 3119 Repulit
996 3046 1257 3103 Dominus
1305 3048 1496 3115 altare,
1560 3047 1840 3104 maledixit

254 3162 276 3197 s
325 3142 739 3199 sanctiﬁcationi
764 3157 897 3205 suae,
926 3142 1215 3197 tradiditin
1245 3157 1407 3197 manu
1428 3142 1630 3197 inimici
1657 3157 1842 3198 muros
1870 3181 1916 3243 Ο

258 3256 279 3289 ε
328 3239 558 3292 turrium
598 3238 735 3309 ejus,
770 3250 961 3292 vocem
1026 3235 1289 3290 dederunt
1338 3236 1390 3290 in
1422 3237 1581 3290 domo
1606 3236 1842 3303 Domini,

264 3348 283 3381 ι
332 3331 468 3385 sicut
522 3330 575 3384 in
624 3330 711 3385 die
745 3328 994 3384 solemni.
1036 3345 1056 3380 ι
1118 3327 1248 3381 Zain
1310 3328 1701 3397 interpretatur
1747 3330 1850 3383 ali-

255 3431 504 3475 mentum.
524 3420 705 3476 Altnre
729 3435 885 3475 suum
900 3418 1160 3473 Dominus
1181 3418 1411 3488 repellit,
1433 3434 1556 3473 cum
1581 3421 1757 3473 animo
1769 3436 1843 3486 m,

251 3528 323 3571 ex
351 3531 459 3585 quo
498 3516 653 3569 bona:
683 3512 976 3569 voluntatis
1016 3522 1071 3567 et
1118 3511 1239 3567 lidei
1274 3511 1531 3566 alimenta
1573 3514 1843 3582 sumebat,

250 3608 461 3665 malitia
509 3616 824 3678 emergente
878 3606 1197 3662 contemnit.
1262 3605 1690 3674 Sauciiﬁcationi
1736 3624 1847 3662 sure

250 3700 550 3760 maledicit.
581 3716 704 3755 cum
761 3700 812 3753 id
844 3698 987 3767 quod
1033 3699 1343 3753 sanctitatis
1384 3698 1846 3769 aliquaudojusto

249 3791 653 3862 insigniebatur
700 3792 989 3863 agnominc
1061 3792 1115 3845 in
1188 3791 1458 3846 defectum
1520 3792 1847 3861 quotidianae

248 3885 696 3943 deteriorationis
726 3883 965 3939 adducit.
1002 3883 1308 3939 Maledictio
1328 3883 1474 3939 enim
1506 3898 1605 3953 pro
1635 3884 1847 3941 defectu

247 3978 500 4048 ponitur,
528 3978 668 4032 sicut
690 3977 1000 4032 benedictio
1044 3991 1144 4046 pro
1182 3987 1495 4047 augmento.
1537 3976 1642 4031 Per
1665 3992 1848 4034 muros

248 4070 571 4125 cohibentia
609 4069 1041 4133 sensualitatum,
1088 4085 1189 4140 per
1225 4079 1402 4125 turres
1423 4069 1716 4125 eminentia
1748 4071 1845 4126 de-

246 4162 505 4233 signatur
534 4162 816 4218 virlulum.
842 4162 1045 4218 Haecin
1070 4178 1231 4215 ntatm
1260 4161 1460 4216 inimici
1493 4162 1678 4227 tradit,
1722 4177 1846 4217 cum

246 4270 319 4311 ea
353 4255 622 4311 diabolum
650 4256 1008 4311 subintrando
1036 4269 1303 4326 occupare
1333 4257 1615 4328 permittit.
1660 4253 1846 4310 Vocem

247 4347 308 4402 its
337 4346 489 4401 domo
527 4346 739 4402 Domini
773 4349 909 4402 sicut
963 4348 1018 4402 in
1042 4348 1127 4402 die
1149 4348 1369 4402 solemni
1413 4348 1569 4414 dant,
1592 4363 1715 4403 cum
1748 4362 1847 4418 per

250 4455 456 4495 sensus
482 4441 695 4511 reprobi
741 4441 1071 4498 dementiam
1108 4442 1161 4496 in
1186 4442 1438 4512 pessimis
1464 4443 1627 4498 rebus
1660 4442 1843 4497 exsul-

1945 1928 2065 1999 ejus
2117 1926 2297 1996 perdit
2355 1926 2408 1980 in
2456 1925 2695 1996 gentibus
2738 1939 2858 1978 cum
2908 1922 3180 1992 spiritum,
3214 1920 3300 1974 cui
3352 1919 3536 1974 omnia

1946 2029 2131 2075 nostra
2164 2032 2353 2089 regere
2392 2018 2607 2085 attinet,
2668 2031 2793 2071 cum
2847 2012 3218 2069 seusualitatis
3253 2008 3537 2066 aﬂ‘cctibus

1945 2114 2098 2170 vitiis
2150 2111 2454 2179 submergit
2500 2108 2838 2165 enormibus.
2900 2126 2919 2159 ι
2963 2105 3080 2162 Non
3101 2114 3183 2161 est
3210 2104 3295 2160 lex
3327 2114 3382 2159 et
3412 2120 3537 2175 pro-

1951 2224 1972 2258 s
2018 2207 2194 2277 pheta:
2219 2204 2345 2277 ejus‘
2364 2219 2473 2257 non
2504 2202 2828 2257 invenerunt
2859 2199 3125 2254 visionem
3152 2213 3183 2252 a
3224 2196 3471 2252 Domino.
3510 2219 3529 2248 ι

1945 2300 2049 2355 Ubi
2079 2300 2308 2371 spiritus
2364 2313 2471 2353 non
2514 2305 2598 2352 est
2625 2312 2742 2365 rex,
2800 2294 3002 2351 nullius
3040 2292 3432 2349 moderationis
3452 2300 3538 2347 est

1944 2395 2049 2449 lex.
2089 2392 2366 2464 Propheta:
2399 2392 2514 2461 ejus
2548 2408 2651 2445 non
2704 2390 2988 2445 inveniunt
3042 2388 3293 2442 visionem
3345 2404 3377 2441 a
3427 2384 3540 2440 Do-

1943 2489 2107 2555 mino,
2136 2487 2264 2558 quia
2304 2485 2658 2556 providentiae
2706 2484 2934 2539 internas
2973 2480 3111 2537 nihil
3164 2480 3266 2537 sibi
3319 2479 3535 2551 prospi-

1944 2580 2116 2649 ciunt,
2143 2579 2248 2635 nisi
2277 2578 2421 2650 quod
2448 2578 2621 2647 prosit
2645 2576 2869 2632 saeculo.

2683 2686 2797 2726 JOD.

2016 2766 2178 2821 Vens.
2210 2765 2297 2821 l0.
2327 2796 2396 2809 ——
2429 2779 2450 2818 ι
2488 2763 2758 2821 Sederunt
2781 2766 2836 2820 in
2873 2764 3431 2834 terra,conticuerunt
3452 2778 3539 2822 se-

1949 2880 1967 2914 ί
2014 2876 2131 2927 ncs,
2161 2861 2283 2915 ﬁlia:
2304 2860 2433 2916 Sion
2459 2867 2882 2929 consperserunt
2905 2861 3088 2915 cinere
3103 2860 3278 2928 capita
3301 2875 3396 2915 sua
3422 2860 3537 2914 vir-

1949 2976 1968 3009 s
2015 2957 2167 3027 gines
2191 2953 2510 3010 Jerusalem.
2561 2974 2579 3007 ι
2627 2952 2748 3021 Jod,
2807 2954 3107 3023 confessio;
3167 2954 3255 3008 illa
3313 2954 3533 3024 procul-

1943 3049 2255 3118 dubinquae
2302 3047 2447 3117 perit
2494 3062 2522 3101 a
2582 3056 2797 3100 mortuo
2844 3043 3019 3116 (Psal.
3056 3061 3131 3113 vi,
3160 3046 3236 3115 6).
3270 3045 3422 3101 Unde
3452 3062 3539 3101 se-

1949 3138 2077 3194 dent
2101 3140 2153 3192 in
2185 3148 2326 3193 terra
2349 3146 2405 3192 et
2458 3137 2836 3191 conticescunt
2887 3152 3033 3189 senes
3064 3136 3190 3204 ﬁlia:
3219 3137 3374 3201 Sion,
3405 3136 3537 3206 quia

1950 3231 2079 3287 dum
2135 3232 2343 3286 haerent
2397 3230 2625 3285 omnino
2670 3229 2925 3293 terrenis,
2958 3229 3097 3283 sicut
3131 3229 3201 3294 is,
3231 3230 3321 3298 qui
3356 3230 3407 3283 in
3440 3245 3534 3284 ca-

1953 3325 2143 3379 thedra
2200 3324 2524 3393 pestilentiae
2577 3323 2717 3378 sedit
2783 3320 3021 3390 (Psal.t,
3075 3320 3153 3392 i),
3210 3322 3537 3377 maturiores

1950 3420 2114 3473 animi
2141 3429 2336 3483 motus,
2362 3434 2499 3488 quos
2541 3417 2751 3487 peccati
2811 3416 3143 3471 conscientia
3196 3416 3538 3471 atrocissime

1949 3513 2197 3567 mordere
2228 3514 2389 3579 solet,
2422 3529 2452 3569 a
2497 3512 2935 3568 confessionibus
2975 3513 3378 3568 obmutescunt.
3408 3511 3537 3567 Inde

1949 3615 2344 3673 consequenter
2392 3605 2619 3675 virgines
2668 3603 2965 3658 Jerusalem
3012 3604 3186 3673 capita
3232 3620 3328 3656 sua
3364 3616 3536 3656 emere

1948 3706 2335 3768 conspergunt,
2359 3712 2482 3752 cum
2514 3697 2668 3767 lapsi,
2697 3706 2751 3752 et
2775 3696 2990 3752 steriles
3016 3697 3258 3766 antiquae
3284 3694 3537 3765 pacifica-1

1951 3792 2115 3846 tionis
2146 3803 2348 3853 motus,
2380 3792 2579 3846 mentis
2610 3791 2820 3862 peccati
2882 3790 3235 3845 relricatione
3260 3788 3532 3843 inliciunt.

1950 3885 2055 3942 Per
2082 3887 2319 3942 cinerem
2348 3888 2492 3941 enim
2528 3886 2824 3956 perpetrati
2851 3886 2981 3942 olim
3009 3885 3218 3955 peccati
3244 3883 3529 3946 memoria,

1950 3989 2159 4037 mentes
2187 3981 2391 4053 signari
2422 3996 2517 4051 per
2545 3981 2721 4051 capita
2753 3980 2804 4033 in
2843 3978 3141 4050 Scripturis
3193 3976 3405 4032 celebre
3431 3983 3536 4031 est.

2668 4086 2822 4125 CAP“.

2196 4164 2381 4237 (Vulg.
2408 4165 2642 4237 sequenti
2673 4163 2928 4219 versiculo
2972 4164 3286 4234 prtemitlit.)

2026 4280 2043 4311 α
2079 4261 2317 4317 Accincti
2348 4271 2471 4316 sunt
2500 4260 2707 4324 ciliciis,
2743 4258 3058 4327 abjcccruut
3094 4258 3148 4311 in
3181 4266 3326 4311 terra
3354 4256 3533 4326 capita

1949 4369 2046 4409 sua
2075 4354 2311 4423 virgines
2338 4351 2495 4407 Juda.
2534 4372 2552 4404 ι
2587 4352 2760 4422 Caph,
2812 4350 3012 4403 dicitur
3060 4364 3168 4401 cor.
3196 4345 3321 4400 ldeo
3354 4346 3533 4415 plane,

1950 4448 2075 4518 quia
2102 4446 2363 4517 quidquid
2388 4445 2735 4514 subjungitur
2788 4441 2984 4495 litterae
3005 4440 3069 4494 de
3096 4438 3337 4492 interiori
3365 4447 3534 4491 totum

256 4542 400 4588 tant.
436 4532 553 4590 Non
583 4535 716 4591 dicit
741 4544 797 4589 in
849 4535 935 4590 dis
968 4535 1210 4601 solemni,
1255 4535 1350 4589 sed
1387 4536 1541 4601 sicut,
1580 4536 1707 4605 quia
1743 4551 1849 4592 non
1884 4548 1929 4603 1)
1956 4546 2168 4595 constat
2196 4541 2410 4593 damno.
2446 4536 2648 4589 Ciliciis
2695 4534 3073 4603 accinguntur,
3104 4546 3335 4602 quorum
3365 4529 3536 4585 lumbi

251 4634 345 4683 cst
399 4636 547 4683 tanta
595 4628 869 4698 aliquibus
919 4630 974 4684 in
1032 4628 1158 4684 boni
1219 4629 1622 4699 perpetratione
1666 4631 1849 4699 operis

253 4732 461 4793 quanta
490 4722 543 4778 in
573 4722 837 4779 malorum
868 4723 1221 4779 exsecutione
1248 4722 1457 4779 laetitia.

970 4832 1135 4873 ηετη.

334 4913 494 4970 Vsus.
520 4914 573 4969 8.
594 4938 661 4961 -ρ
694 4930 712 4964 ι
748 4911 1017 4982 Cogitavit
1042 4910 1305 4967 Dominus
1335 4910 1605 4981 dissipare
1635 4925 1849 4965 murum

261 5026 281 5060 s
328 5006 452 5063 lilia:
483 5004 635 5071 Sion,
672 5005 900 5061 tetendit
924 5003 1221 5059 funiculum
1253 5020 1434 5068 smmi,
1463 5013 1518 5060 et
1549 5021 1655 5059 non
1688 5018 1847 5057 aver-

264 5119 285 5155 s
332 5103 398 5156 tit
443 5116 663 5156 mamnn
717 5115 871 5154 suam
903 5116 932 5153 a
962 5098 1290 5168 perditione,
1325 5098 1570 5168 lusitque
1608 5108 1851 5153 antemu-

266 5213 283 5247 ι
330 5193 466 5259 rale,
517 5204 572 5249 et
632 5209 818 5249 murus
869 5194 1074 5264 pariter
1122 5193 1419 5262 dissipatus
1470 5204 1573 5247 est.
1608 5211 1627 5244 ›
1684 5192 1845 5259 lleth,

261 5284 655 5356 interpretatur
697 5303 878 5356 pater,
928 5294 985 5340 et
1022 5287 1067 5342 is
1113 5301 1221 5340 non
1249 5286 1488 5353 aliunde,
1516 5300 1679 5355 quam
1706 5285 1850 5356 quod

262 5379 501 5450 cogitarit
534 5379 794 5434 Dominus
816 5396 1027 5434 murum
1055 5380 1315 5450 dissipare
1336 5378 1466 5448 ﬁlice
1488 5378 1641 5434 Sion.
1668 5378 1847 5435 conti-

264 5472 498 5527 nentiam
551 5472 760 5528 scilicet
810 5489 998 5528 earum
1050 5488 1170 5543 quae
1220 5473 1322 5528 hac
1378 5471 1501 5527 illac
1550 5481 1849 5541 evagantur

266 5561 733 5635 imrginationum.
774 5564 928 5622 Unde
975 5566 1275 5620 Dominus:
1325 5583 1344 5617 ι
1397 5564 1617 5628 Clauso,
1653 5563 1846 5633 inquit,

270 5658 404 5711 osdo
468 5675 564 5715 ora
631 5660 845 5714 Patrem
910 5669 1058 5715 tuum
1098 5659 1314 5731 (Matth.
1368 5674 1441 5725 Vl,
1483 5658 1559 5729 6).
1607 5675 1627 5709 ι
1672 5655 1847 5711 Funi-

265 5750 431 5805 culuni
460 5769 614 5809 suum
650 5752 790 5809 Deus
845 5754 1036 5822 tendit,
1082 5770 1206 5810 cum
1236 5763 1519 5824 peccatum
1550 5768 1848 5824 poenasque

268 5846 469 5917 peccati
518 5862 672 5919 aequa
728 5862 890 5920 super
918 5862 1018 5906 nos
1065 5847 1225 5905 lance
1272 5849 1575 5921 perpendit.
1605 5849 1648 5905 Α
1674 5847 1847 5920 perdi-

1956 4633 2263 4687 titillatioue
2307 4629 2544 4685 libidinis
2572 4637 3027 4697 compunguntur.
3074 4627 3158 4681 cui
3183 4624 3363 4681 sensui
3386 4624 3537 4679 adni-

1953 4725 2104 4791 titur,
2134 4724 2276 4791 quod
2306 4722 2505 4776 animal
2565 4721 2841 4792 petulcqu
2870 4728 2972 4782 est,
3007 4719 3072 4773 de
3103 4716 3255 4787 cujus
3307 4718 3430 4788 pilis
3456 4717 3538 4771 in-

1953 4817 2174 4874 texitur.
2217 4815 2453 4886 Virgines
2481 4815 2646 4880 Judu,
2677 4813 2962 4870 infecunda
3016 4821 3141 4868 sunt
3182 4811 3537 4867 confessionis

1952 4911 2148 4969 ollicia.
2185 4910 2387 4966 Bonum
2412 4918 2495 4965 est
2536 4910 2679 4965 enim
2729 4907 2993 4973 conliteri,
3025 4906 3070 4961 si
3110 4903 3270 4961 simul
3303 4901 3539 4972 sitpsal-

1952 5004 2085 5061 lere.
2113 5004 2299 5075 Capita
2330 5020 2426 5059 sua
2473 5005 2525 5057 in
2559 5014 2698 5058 terra
2746 5002 3027 5072 abjiciunt,
3058 5015 3180 5055 cum
3213 4993 3539 5068 principales

1951 5100 2149 5155 mentis
2178 5109 2375 5163 motus,
2398 5098 2488 5168 qui
2543 5097 2828 5166 aliquoties
2883 5096 2949 5149 dc
2987 5091 3327 5149 confessione
3354 5088 3538 5143 admo-

1952 5199 2102 5254 nent,
2138 5206 2307 5260 pravo
2332 5205 2391 5245 se
2408 5190 2612 5260 pudore
2639 5188 3013 5255 subruergunt.

2024 5284 2188 5341 Vens.
2238 5283 2325 5337 ll.
2357 5312 2427 5324 —-
2467 5300 2484 5334 ι
2540 5281 2863 5335 Defeceruut
2933 5290 3044 5347 pra:
3096 5273 3351 5346 lacrymis
3395 5271 3538 5329 oculi

1958 5394 1978 5430 ι
2023 5378 2153 5442 mei,
2189 5377 2511 5431 conturbata
2557 5381 2683 5428 sunt
2706 5372 2916 5425 viscera
2969 5384 3109 5423 mea.
3158 5386 3177 5419 ι
3212 5365 3334 5421 Prw
3368 5365 3541 5436 lacry-

1951 5473 2052 5526 mis
2076 5469 2214 5526 oculi
2247 5468 2693 5530 deliciunt,Qum
2740 5462 2907 5519 ellltsa
2953 5462 3292 5531 benignitate
3337 5456 3536 5515 intrin-

1954 5580 2077 5620 seca
2113 5564 2277 5617 totius
2302 5559 2684 5615 rationalitatis
2731 5555 2981 5611 acumina
3012 5555 3287 5610 decidunt.
3326 5550 3539 5606 Viscera

1918 5670 1921 5673 ‘
1953 5657 2368 5719 conturbantur,
2395 5668 2514 5708 cum
2564 5652 2768 5723 pariter
2818 5652 3031 5706 interna
3072 5648 3313 5703 vitalitas
3347 5662 3375 5699 a
3407 5658 3539 5699 vera

1952 5750 2278 5808 discretione
2303 5745 2648 5803 sull'unditur.
2688 5765 2705 5797 ι
2746 5743 2985 5800 Effusum
3020 5751 3105 5798 est
3137 5742 3189 5795 in
3219 5750 3362 5795 terra
3381 5737 3539 5808 jecur

1959 5864 1977 5899 ε
2024 5860 2226 5913 meum,
2282 5857 2444 5915 super
2484 5841 2813 5900 contritione
2860 5839 2981 5895 ﬁlia:
3034 5835 3214 5910 populi
3253 5834 3383 5901 mel,
3413 5845 3537 5889 eam
