3998 6326
492 344 597 411 465

494 560 803 615 Fecundum
844 557 1098 627 physicos
1144 553 1331 623 jccore
1362 568 1626 608 amamus.
1687 552 1753 609 In
1777 562 1918 606 terra
1946 566 2075 621 ergo

480 652 637 722 jecur
683 648 993 711 eﬁ'unditur,
1036 661 1155 700 cum
1215 644 1623 713 supercoelestis
1658 660 1811 699 amor
1860 652 2075 701 terreno

490 750 754 796 mutatur.
792 740 858 793 Et
888 741 989 794 hoc
1037 753 1195 807 super
1220 738 1535 791 contritione
1575 736 1702 805 ﬁlia:
1726 736 1905 807 populi
1935 738 2074 793 acci-

488 834 587 900 dit,
622 834 745 903 quia
798 831 933 886 tales
981 846 1142 886 casus
1192 832 1361 885 fracta
1415 830 1671 885 mollities
1729 830 2076 899 cogitationis

489 926 679 979 nutrit.
711 924 778 978 Et
805 924 908 978 hoc
933 923 1098 978 etiam
1130 937 1248 975 cum
1289 922 1541 989 parvulus
1574 932 1620 976 et
1652 921 1850 976 lactens
1878 922 1933 976 iu
1960 921 2075 992 pla-

484 1020 579 1072 teis
610 1018 787 1087 oppidi
842 1016 1044 1079 deﬁcit,
1090 1028 1212 1071 cum
1265 1015 1473 1071 scilicet
1528 1014 1651 1069 ﬁdei
1686 1014 1991 1080 modicitas,
2021 1022 2077 1068 et

484 1090 789 1163 dulcedinis
847 1107 1126 1163 saecularis
1176 1107 1425 1173 aviditas,
1473 1120 1571 1176 per
1600 1105 1784 1162 mundi
1816 1105 2074 1162 sollicitu-

484 1200 640 1254 dines
670 1198 926 1254 interitus
955 1213 1150 1254 causas
1184 1198 1334 1251 facit.

1161 1304 1389 1344 LAMECH.

556 1382 723 1437 Vsus.
750 1381 838 1435 l2.
865 1410 934 1421 ——
968 1400 985 1431 ι
1025 1379 1288 1434 Matrious
1347 1379 1459 1435 suis
1512 1380 1767 1453 dixerunt
1812 1398 1825 1434 :
1860 1379 1962 1435 Ubi
1989 1388 2073 1435 est

492 1496 510 1526 ιι
561 1475 799 1531 triticum
833 1485 888 1529 et
919 1473 1122 1538 viuum,
1149 1488 1271 1528 cum
1300 1474 1599 1528 deﬁcerent
1624 1474 1778 1543 quasi
1803 1473 2071 1527 vulnerati

491 1585 509 1619 ι
559 1568 610 1622 in
640 1566 834 1635 plateis
878 1563 1137 1628 civitatis,
1188 1580 1308 1617 eum
1354 1564 1674 1620 exbalarent
1707 1566 1917 1621 animas
1944 1581 2071 1620 suas

488 1678 507 1710 ι
556 1659 608 1714 in
641 1660 760 1713 sinu
820 1668 1053 1713 matrum
1081 1658 1340 1713 suarum?
1386 1678 1404 1710 ι
1458 1656 1718 1723 Lamecb,
1752 1660 2073 1729 interpreta-

484 1759 571 1803 tur
596 1765 787 1804 sermo.
822 1748 1082 1803 Mati-ibus
1111 1752 1218 1802 suis
1250 1749 1435 1804 dicunt
1465 1765 1477 1801 :
1538 1747 1636 1803 Ubi
1665 1760 1738 1804 est
1761 1750 1992 1803 triticum
2022 1759 2069 1802 et

481 1846 680 1906 riuum,
711 1857 834 1897 cum
888 1841 1176 1911 aliquoties
1225 1840 1443 1895 fastidio
1488 1840 1827 1910 voluptatum
1876 1856 1905 1894 a
1939 1855 2068 1895 con-
2102 1835 2143 1890 Β

482 1935 726 1990 scientiis
754 1934 997 2007 exigunt,
1041 1950 1144 1987 non
1196 1933 1369 1989 solum
1398 1935 1666 1989 sermonis
1687 1933 1877 2000 divini,
1906 1949 2066 2004 quem

482 2030 661 2100 signat
688 2030 865 2083 littera
916 2028 1227 2097 pra-scripta
1257 2026 1441 2098 25o,
1476 2027 1749 2090 solatium,
1781 2028 1874 2082 sed
1902 2026 2064 2081 etiam

481 2121 679 2174 divina:
731 2119 1079 2189 aspirationis
1136 2133 1243 2187 quo
1300 2118 1593 2174 alacriores
1639 2119 1931 2175 reddantur
1957 2119 2068 2173 ins-

483 2215 730 2267 tinctum.
768 2212 934 2278 Quasi
956 2211 1213 2266 vulnerati
1248 2212 1301 2265 in
1326 2211 1513 2281 plateis
1530 2212 1755 2267 ciuitatis
1779 2212 2061 2279 deﬁciunt,

483 2322 607 2362 cum
643 2306 895 2361 diaboliei
948 2308 1223 2376 appetitus
1265 2305 1465 2376 sagitta
1511 2304 1692 2361 affecti
1721 2321 1787 2360 ex
1813 2307 1978 2361 nimia
2003 2305 2069 2383 li-

479 2399 661 2454 centia
720 2398 846 2453 vitae
891 2396 1171 2453 saemdaris
1225 2398 1576 2453 occumbunt.
1620 2397 1839 2453 Civitas.
1874 2399 1963 2455 hic
2011 2408 2068 2455 et

478 2491 755 2561 oppidum,
798 2490 937 2544 sicut
970 2488 1093 2543 alibi
1156 2488 1375 2551 atrium,
1434 2487 1689 2543 sarculum
1748 2488 1947 2560 signat,
1976 2504 2066 2544 an‘

482 2594 653 2654 gusta:
702 2582 798 2635 via:
831 2582 1005 2651 platea
1038 2589 1321 2651 repugnat.
1352 2580 1567 2635 Animas
1594 2581 1647 2636 in
1685 2582 1805 2635 sinu
1836 2592 2066 2636 matrum

480 2693 696 2732 suorum
730 2676 1009 2739 exhalant,
1033 2692 1154 2729 cum
1190 2676 1330 2730 intra
1362 2675 1748 2740 conscientias,
1793 2689 1915 2745 quae
1947 2691 2068 2731 ma-

484 2777 597 2823 tres
631 2777 685 2823 et
738 2768 1003 2822 bonarum
1051 2777 1103 2821 et
1156 2767 1418 2821 malarum
1465 2767 1883 2823 interioritatum
1915 2776 2063 2838 sunt,

480 2859 674 2929 laqueo
702 2856 1181 2929 concupiscentiali
1227 2872 1285 2912 se
1303 2858 1666 2929 strangulant.

1215 2964 1343 3005 ΜΕΝ.

559 3045 721 3099 Vens.
764 3044 848 3114 13.
880 3073 948 3083 —
979 3062 997 3094 ι
1042 3042 1139 3098 Cui
1192 3044 1522 3113 comparabo
1552 3043 1639 3100 te?
1678 3043 1761 3100 vel
1821 3044 1909 3101 cui
1935 3044 2068 3102 assi-

484 3156 502 3188 ι
554 3136 850 3202 milabote,
909 3134 1017 3189 ﬁlia
1064 3133 1402 3189 Jerusalem?
1456 3135 1544 3190 cui
1587 3135 1885 3205 exmquabo
1911 3145 1983 3205 te,
2012 3144 2066 3191 et

484 3251 505 3285 ι
550 3233 870 3289 consolabor
906 3240 978 3293 te,
1026 3231 1175 3300 virgo
1203 3230 1309 3284 ﬁlia
1342 3230 1514 3286 Sion?
1567 3246 1761 3302 magna
1804 3241 1890 3287 est
1917 3231 2063 3287 enim

482 3343 504 3378 ι
548 3322 694 3381 velut
738 3337 891 3378 mare
922 3322 1181 3378 contritio
1204 3329 1314 3375 tua.
1346 3321 1480 3389 Quis
1525 3323 1832 3379 medebitur
1876 3323 1993 3378 tui?
2039 3342 2058 3377 ι
2130 3372 2135 3373 ,

478 3415 629 3480 Men,
660 3416 885 3482 viscera,
918 3428 1023 3469 non
1073 3414 1179 3468 alia
1212 3413 1369 3484 plane
1416 3429 1577 3485 quam
1602 3429 1789 3471 eorum
1814 3416 1907 3486 qui
1939 3431 2062 3472 cum

476 3508 816 3579 compassive
840 3522 969 3579 erga
999 3506 1214 3565 illorum
1258 3508 1348 3577 qui
1380 3506 1462 3562 sic
1483 3506 1865 3576 periclitantur
1896 3504 2064 3563 infor—

478 3602 650 3656 tunia.
704 3601 804 3653 Est
845 3614 973 3669 ergo
1026 3613 1217 3653 sensus
1256 3612 1321 3653 ac
1369 3598 1413 3653 si
1453 3598 1677 3653 dicant:
1724 3598 1803 3653 Tu
1856 3599 2060 3668 anima,

476 3707 596 3763 qua:
613 3690 984 3761 supercmlesti
1019 3690 1178 3744 matri
1214 3698 1317 3745 tua:
1367 3690 1514 3745 cultu
1545 3691 1772 3748 interna:
1803 3692 1953 3762 pacis
2008 3700 2065 3749 et

478 3785 575 3840 Dei
602 3783 972 3852 speculatione
1003 3782 1333 3839 conformari
1390 3784 1677 3850 debueras,
1731 3782 1885 3853 cujus
1914 3800 2063 3841 com-

477 3881 763 3948 paratione
785 3874 994 3947 lapsum
1044 3886 1194 3930 tuum
1239 3875 1472 3945 levigare
1497 3885 1707 3947 potero,
1736 3891 1858 3933 cum
1885 3887 1936 3932 te
1962 3878 2059 3934 ab-

478 3972 696 4027 sorbeat
737 3978 825 4024 tua
861 3985 958 4041 per
998 3980 1049 4026 te
1087 3968 1414 4040 desperahili
1463 3970 1735 4026 oblivione
1763 3971 2064 4028 contritio?

475 4063 688 4119 Etcum
727 4070 781 4116 tu
811 4062 888 4116 tui
933 4060 1046 4129 jam
1101 4075 1207 4117 non
1250 4060 1584 4126 memineris,
1628 4063 1743 4132 quis
1773 4061 2064 4117 medebitur

475 4154 824 4227 praedicando
860 4154 936 4227 tui
957 4155 983 4208 ξ)

1149 4269 1152 4271 ‘
1209 4262 1336 4304 NON.
1934 4302 1937 4305 .

551 4340 710 4396 Vens.
740 4339 829 4395 M.
861 4368 931 4381 -
958 4358 977 4391 ι
1011 4336 1296 4408 Propheta:
1346 4336 1424 4392 tui
1482 4336 1735 4393 viderunt
1780 4336 1877 4394 tibi
1925 4336 2061 4394 falsa

479 4455 497 4487 ι
543 4443 599 4491 et
623 4433 811 4500 stulta,
836 4448 935 4489 nec
978 4432 1295 4502 aperiebant
1348 4430 1688 4502 iniquitatem
1723 4440 1894 4498 tuam,
1925 4440 1983 4488 ut
2009 4439 2063 4487 te

1268 343 1332 404 ν.
1357 338 1684 404 GUlBER'I‘l
1711 341 2004 402 ABBATIS
2032 341 2091 400 S.
2133 334 2373 401 MANE
2407 340 2495 401 DE
2525 331 2923 400 NOVlGENTO

499 487 519 520 σ
560 458 817 526 deﬁc'éret
844 466 1099 539 parvolus
1157 473 1211 520 et
1267 464 1469 519 lactens
1496 463 1566 517 in‘
1587 461 2006 534 plateis‘oppidi.
2051 478 2071 513 ι
2104 468 2155 526 Α

3666 339 3770 403 ιω

2853 474 3079 514 8ΔΜΕΟΠ.

2249 558 2415 613 Vens.
2449 556 2623 611 15.-
2651 575 2668 607 ε
2704 554 3031 611 Plauserunt
3079 568 3240 624 super
3283 569 3334 610 .e
3366 552 3621 609 manibus
3656 560 3769 610 om-

2185 666 2202 699 ι
2250 665 2344 705 nes
2370 657 2709 704 transeuntes
2758 664 2854 717 per
2881 648 3047 713 viam,
3078 646 3460 713 sibilaverunt,
3488 653 3545 701 et
3585 659 3770 702 move-

2184 760 2203 793 ι
2252 752 2376 796 runt
2410 751 2573 813 caput
2607 757 2761 796 suum
2811 757 2974 812 super
3026 742 3191 796 ﬁliam
3244 740 3570 797 Jerusalem.
3612 757 3635 793 ι
3674 737 3771 796 Sa-

2179 835 2353 899 mech,
2416 836 2827 904 interpretatur,
2915 835 3259 905 adjutorium.
3314 833 3587 890 Plaudunt
3612 849 3772 903 super

2176 941 2294 981 eam
2345 928 2607 994 manibus,
2635 929 2727 997 qui
2778 928 3051 997 quondam
3083 928 3137 982 in
3174 927 3442 995 adiutorio
3497 927 3771 984 Altissimi

2176 1030 2604 1086 commanenles,
2658 1021 2800 1091 quod
2877 1020 3055 1075 littera
3126 1021 3431 1092 prmeinuit,
3486 1022 3596 1092 piis
3656 1019 3771 1089 ejus

2178 1112 2483 1167 allaetantur
2522 1112 2797 1183 operibus.
2832 1111 3061 1169 Plausus
3082 1115 3227 1170 enim
3255 1114 3538 1180 collactari,
3575 1130 3771 1173 manus

2174 1205 2353 1273 signat
2384 1206 2625 1276 operari.
2651 1205 2764 1262 Hoc
2812 1205 3060 1263 fecerunt
3102 1224 3279 1263 omnes
3306 1218 3649 1264 transeuntes
3679 1224 3768 1276 per

2178 1299 2332 1363 riam,
2364 1298 2489 1369 quia
2527 1299 2652 1352 dum
2716 1299 2768 1353 in
2820 1299 2961 1355 bono
3007 1314 3161 1355 mens
3206 1309 3350 1356 statu
3376 1309 3547 1367 esset,
3578 1315 3773 1372 aggra-

2177 1388 2494 1443 tulabautur
2539 1403 2731 1446 omnes
2771 1391 2862 1461 qui
2912 1406 3011 1461 per
3058 1391 3358 1457 Christum,
3400 1394 3495 1464 qui
3528 1393 3620 1447 via
3665 1401 3769 1463 est,

2175 1479 2553 1537 desideranter
2602 1482 2845 1553 aspirant
2893 1484 2960 1538 ad
3009 1485 3261 1554 patriam.
3318 1484 3420 1552 Qui
3442 1485 3657 1552 sibilat,
3683 1499 3774 1541 ore

2176 1573 2427 1628 restricto
2452 1572 2638 1628 [latum
2665 1573 2941 1631 extenuat.
2978 1575 3045 1631 Et
3069 1578 3161 1648 qui
3193 1579 3259 1634 de
3290 1579 3431 1635 bono
3449 1578 3771 1651 quempiam

2137 1677 2339 1732 repere
2380 1686 2383 1689 ·
2432 1665 2705 1735 sapienter
2748 1665 2959 1733 laudat,
3003 1671 3199 1739 partim
3248 1670 3512 1741 loquitur,
3567 1672 3772 1743 partim

2174 1754 2318 1825 loqui
2364 1756 2686 1812 dissimulat.
2735 1757 2813 1813 Ne
2862 1759 3209 1828 laudaveris,
3258 1762 3458 1834 inquit,
3486 1764 3771 1820 hominem

2172 1848 2224 1903 in
2248 1850 2355 1904 vita
2378 1865 2474 1905 sua
2517 1850 2706 1923 (Eccli.
2738 1868 2799 1920 ll,
2837 1852 2948 1924 50).
2979 1854 3043 1909 Et
3080 1855 3382 1913 laudandus
3434 1866 3523 1912 est
3578 1856 3768 1928 plane,

2171 1941 2314 2008 quod
2356 1952 2411 1996 et
2456 1940 2659 1998 Paulus
2716 1942 2846 1998 facit
2888 1945 2939 2016 (1
2971 1944 3095 2001 Cor.
3158 1964 3235 2013 ιι,
3267 1948 3345 2021 2),
3375 1950 3768 2017 utanimetur;

2171 2049 2333 2103 parce
2363 2043 2539 2091 tamen
2562 2051 2630 2091 ne
2664 2038 3058 2096 securiﬁcetur.
3110 2042 3264 2099 Unde
3285 2056 3442 2113 caput
3462 2062 3627 2101 suum
3654 2060 3771 2103 mo-

2169 2139 2300 2179 vere
2353 2126 2630 2195 dicuntur,
2675 2129 2801 2198 quia
2850 2132 2951 2185 etsi
3016 2132 3067 2186 in
3100 2134 3181 2189 eis
3224 2135 3390 2191 Deum
3441 2149 3768 2207 operantem

2169 2216 2403 2290 gloriosa
2436 2220 2720 2289 miramur,
2757 2222 2975 2279 interim
3014 2236 3192 2283 tamen
3229 2242 3325 2297 pro
3376 2229 3770 2286 incertitudine

2169 2308 2294 2363 ﬁnis
2328 2310 2584 2368 cohibere
2608 2312 2773 2368 verba
2830 2315 3109 2374 debemus.
3147 2336 3166 2369 ι
3205 2318 3455 2376 Haeccine
3486 2331 3574 2377 est
3610 2321 3767 2388 urbs,

2136 2438 2139 2440 -
2185 2416 2203 2451 ι
2249 2400 2531 2467 dicentes;
2606 2403 2830 2473 perfecti
2896 2407 3129 2472 decoris,
3185 2409 3443 2479 gaudium
3486 2412 3769 2468 universae

2176 2512 2195 2547 ι
2244 2495 2437 2550 ωτι-αξξ)
2467 2514 2485 2548 ι
2543 2496 2765 2553 Εειιιθιηη
2807 2501 3001 2570 capitis
3043 2503 3234 2569 motio,
3281 2520 3402 2574 quae
3451 2521 3625 2577 super
3667 2504 3768 2563 Job

2169 2586 2441 2655 quondam
2480 2587 2540 2642 ﬁt
2569 2588 2691 2659 (Job
2710 2605 2851 2661 χιιι,
2880 2592 2969 2663 ll)
3012 2603 3067 2647 et
3094 2610 3255 2665 super
3280 2595 3612 2654 Jerusalem.
3647 2598 3760 2655 Sed

2169 2687 2292 2748 post
2310 2678 2522 2750 lapsura
2547 2680 2665 2751 ejus
2692 2683 3135 2754 perfectiueeoris
3164 2704 3283 2744 eam
3318 2690 3487 2748 fuisse
3516 2708 3765 2764 conque-

2170 2779 2387 2839 runtur,
2412 2774 2538 2843 quia
2595 2777 2794 2833 veteris
2844 2778 2963 2850 ejus
3010 2781 3230 2839 habitus
3292 2785 3765 2854 pulchritudinem

2168 2866 2461 2922 securitate
2527 2867 2639 2938 jam
2702 2869 2876 2925 inutili
2933 2873 3309 2945 praedicantes,
3373 2880 3760 2936 recordamur.

2171 2955 2276 3012 Sed
2300 2957 2388 3012 ille
2420 2960 2692 3029 perfectus
2743 2961 2909 3019 decor
2935 2964 2986 3019 in
3015 2967 3272 3037 gaudium
3298 2969 3567 3025 universae
3596 2982 3763 3028 terra:
3826 3018 3827 3023 η

2170 3051 2526 3119 convertitur,
2567 3069 2689 3109 cum
2737 3057 3045 3128 exemplum
3095 3061 3265 3116 ruina!
3308 3062 3393 3117 vel
3433 3065 3764 3121 obstinatio-

2172 3144 2280 3211 nis,
2342 3145 2613 3203 universis
2645 3156 2861 3205 terrena
2924 3153 3293 3222 quaerentibus
3352 3157 3551 3213 exinde
3598 3159 3763 3216 mini-

2170 3243 2403 3293 strator.

2848 3343 2851 3347 ’
2911 3351 3027 3393 Αιω.
3124 3360 3125 3363 ‘

2168 3419 2259 3492 (In
2280 3420 2502 3493 vulgatis
2527 3423 2642 3479 loco
2662 3425 2791 3495 Ain,
2807 3436 2882 3482 est
2907 3427 3087 3484 littera
3102 3429 3238 3499 Plie,
3268 3445 3315 3489 et
3330 3434 3433 3493 Ain
3456 3436 3572 3492 loco
3598 3436 3754 3512 Phe.)

2238 3514 2401 3570 Vens.
2431 3516 2482 3569 1.
2509 3547 2580 3558 —-
2598 3536 2618 3569 ‹
2652 3519 2994 3593 Aperuerunt
3015 3539 3181 3594 super
3216 3535 3267 3581 te
3293 3542 3355 3583 os
3377 3543 3535 3584 suum
3563 3545 3755 3589 omnes

2170 3623 2191 3658 ι
2237 3607 2442 3675 inimici
2470 3610 2569 3675 tui,
2595 3611 2979 3679 sibilaverunt,
3012 3629 3064 3671 et
3117 3618 3464 3677 fremuerunt
3493 3624 3751 3682 dentibus

2168 3716 2192 3752 ι
2234 3709 2289 3755 et
2314 3701 2613 3758 dixerunt:
2674 3706 3065 3766 Devorabimus
3110 3727 3252 3779 eam,
3284 3715 3478 3773 eniste
3522 3727 3611 3773 est
3639 3719 3751 3775 dies

2171 3810 2192 3846 ι
2236 3809 2398 3864 quem
2450 3799 2922 3867 exspectabamus,
2993 3802 3320 3875 invenimus,
3398 3809 3668 3866 videmus.
3728 3831 3747 3866 i

2164 3884 2294 3953 Ain,
2349 3887 2744 3959 interpretatur
2794 3894 3036 3962 qua'stia.
3084 3896 3153 3951 Et
3212 3913 3334 3969 qua:
3369 3915 3749 3971 perversorum

2166 3974 2340 4045 major
2371 3978 2602 4048 quaestio
2624 3988 2729 4046 est,
2759 3996 2921 4051 quam
2949 3987 3091 4053 quod
3119 4001 3150 4041 a
3193 3988 3393 4043 sanctis
3409 3990 3546 4045 viris
3578 3992 3749 4047 minus

2166 4070 2564 4128 rationabiliter
2599 4082 2694 4127 aut
2742 4072 2969 4143 dictum,
3002 4085 3098 4132 aut
3136 4077 3337 4134 factum
3384 4082 3512 4136 est?
3547 4082 3749 4139 Idcirco

2164 4179 2320 4232 super
2342 4179 2437 4221 eos
2464 4167 2662 4222 inimici
2683 4184 2740 4221 os
2763 4169 3035 4239 aperiunt,
3068 4186 3188 4242 quae
3216 4174 3342 4229 dum
3368 4184 3574 4232 statum
3597 4194 3746 4234 suum

2163 4258 2302 4314 bene
2353 4272 2627 4333 regerent,
2677 4262 2862 4319 clausa
2913 4273 3225 4323 tenuerunt.
3284 4268 3377 4326 Vel
3427 4272 3600 4327 etiam
3654 4287 3744 4329 ora

2166 4354 2438 4424 aperiunt,
2475 4370 2600 4411 cum
2649 4357 2936 4415 mordaces
2966 4363 3332 4419 conscientias
3362 4374 3637 4436 retegunt.
3666 4367 3745 4422 Si-

2165 4448 2360 4514 bilant,
2386 4464 2510 4505 cum
2536 4450 2699 4507 totius
2735 4450 2964 4519 justitia:
2994 4457 3295 4527 proposita,
3320 4473 3420 4529 pro
3437 4462 3600 4516 unius
3622 4475 3742 4517 casu

480 4548 497 4579 ι
544 4528 611 4583 ad
658 4526 1037 4598 paenitentiam
1089 4533 1470 4620 provocarent;
1514 4523 1736 4620 {lium
1792 4525 2275 4620 interere-95am
2343 4544 2628 4599 refutanda
2675 4555 2728 4600 et
2760 4523 3054 4604 decidenda
3098 4523 3430 4620 ﬁdijudieant.
3464 4552 3558 4608 Illa
3606 4556 3744 4611 enim

475 4626 626 4674 tatur
653 4634 851 4687 pascua
879 4632 1082 4682 eorum,
1135 4616 1507 4686 proculdubio
1535 4616 1747 4673 illorum
1784 4617 1876 4688 qui
1931 4617 2061 4673 alie-

474 4714 560 4767 nis
587 4711 885 4766 mendaciis
906 4710 1288 4781 pascebantur.
1345 4708 1621 4781 Propheta:
1643 4710 1807 4766 stulta
1839 4721 1887 4765 et
1926 4728 2059 4766 vana

473 4800 630 4855 nobis
693 4800 899 4867 vident,
960 4817 1083 4856 eum
1143 4810 1341 4857 nostrae
1384 4801 1675 4858 saeculares
1721 4805 2060 4859 astutiaenon

472 4891 647 4947 solum
700 4892 866 4949 falsos
920 4903 1232 4964 proventus,
1268 4904 1327 4949 ut
1383 4894 1606 4960 assolet,
1653 4895 1937 4965 spondent,
1966 4896 2061 4951 sed

472 4983 636 5040 etiam
661 4985 728 5041 de
748 4985 945 5040 futuris
996 4984 1370 5055 conjectantes
1423 4986 1477 5043 in
1531 5001 1625 5056 spe
1678 4987 1940 5057 superbos
1964 5002 2061 5045 nos

471 5089 814 5152 promovent.
871 5079 1001 5147 Quae
1055 5087 1362 5150 sequuntur
1412 5080 1698 5150 perspicua
1752 5087 1899 5148 sunt,
1934 5095 2060 5137 cum

473 5174 738 5229 deberent
787 5173 997 5228 scilicet
1040 5187 1162 5241 qua:
1217 5171 1571 5242 peccantsibi
1598 5186 1922 5242 proponere,
1947 5181 2060 5229 stu-

472 5266 603 5319 dent
665 5267 836 5336 magis
894 5264 1129 5320 fastt.o=-a
1177 5265 1433 5334 cogitare.
1492 5282 1511 5316 ι
1563 5265 1825 5322 Viderunt
1877 5278 2057 5324 autem

478 5375 497 5408 ι
549 5357 641 5410 tibi
688 5355 1089 5424 assumptiozics
1130 5358 1319 5422 lalsas,
1362 5366 1417 5410 el.
1444 5354 1752 5424 ejectiones.
1792 5377 1811 5411 ι
1838 5360 2055 5415 Assum-

470 5451 675 5523 ptiones
703 5461 850 5517 sunt,
896 5450 1094 5522 quibus
1142 5468 1200 5507 se
1258 5453 1312 5507 in
1352 5454 1652 5520 mundanas
1699 5454 2059 5513 sublimitates

470 5546 826 5601 assumendos
860 5544 1120 5610 credunt;
1155 5546 1248 5602 sed
1282 5544 1397 5601 haec
1422 5548 1604 5603 omnia
1630 5547 1706 5604 nil
1742 5549 1884 5604 aliud
1906 5560 2053 5619 sunt,

468 5654 628 5708 quam
659 5638 960 5709 ejectiones,
1013 5638 1138 5706 quia
1176 5639 1303 5695 dum
1352 5648 1630 5695 crementa
1659 5640 1914 5699 forastica
1943 5659 2057 5699 am-

469 5730 644 5793 biunt,
674 5729 981 5786 certissima
1022 5747 1050 5785 a
1089 5747 1220 5789 vero
1268 5732 1414 5791 bono
1467 5731 1734 5803 ejectione
1774 5750 1895 5793 sese
1929 5752 2055 5809 pro-

470 5826 723 5877 alituum.

2164 4638 2543 4705 exsibilamus,
2575 4655 2695 4711 quae
2737 4642 2960 4698 omnino
3004 4640 3335 4716 respuimus.
3360 4647 3617 4705 Dentibus
3647 4652 3745 4706 fre-

2164 4739 2340 4797 nmnt,
2370 4745 2492 4786 cum
2520 4733 2574 4787 in
2606 4732 2687 4787 eis
2714 4733 2760 4789 si
2784 4734 2914 4804 quid
2960 4736 3162 4793 residui
3185 4738 3353 4794 fuerit
3380 4742 3521 4797 bona
3548 4752 3743 4800 caetera

2163 4823 2491 4892 decoquere,
2519 4825 2644 4889 imo,
2679 4834 2740 4880 ut
2782 4830 3092 4899 expressius
3118 4830 3747 4898 dicam,commasticare

2162 4915 2517 4971 contendunt.
2542 4917 2609 4972 Et
2653 4917 2811 4976 aliter
2854 4938 3010 4989 super
3031 4938 3154 4980 eam
3208 4943 3267 4982 os
3316 4944 3471 4982 suum
3499 4931 3747 5001 aperiunt

2160 5006 2385 5076 inimici,
2413 5024 2536 5064 cum
2568 5014 3049 5085 supergredieutur
3074 5032 3218 5089 eam,
3245 5017 3359 5090 jam
3392 5021 3559 5079 veluti
3583 5024 3747 5081 lieen-

2164 5105 2250 5154 ter
2292 5100 2519 5156 consilia
2581 5118 2641 5160 se
2682 5105 2963 5163 declarant
3001 5110 3174 5167 hostis
3227 5113 3456 5183 antiqui.
3490 5113 3741 5186 Sibilant,

2162 5208 2284 5248 cum
2307 5195 2533 5252 crimina
2583 5197 2741 5255 dulce
2789 5202 3230 5261 immurmurant.
3281 5208 3539 5265 Dentibus
3565 5219 3740 5267 tamen

2160 5289 2418 5359 fremunt,
2450 5292 2580 5364 quia
2631 5295 2777 5351 inter
2829 5296 3103 5357 illationes
3132 5299 3221 5373 {[2,
3254 5302 3622 5381 titillationes]
3652 5321 3739 5361 vos

2160 5383 2425 5455 luptatum
2474 5394 2710 5444 mentem
2764 5392 3021 5448 miseram
3070 5394 3522 5455 universmterrae
3553 5401 3740 5458 malleo

2160 5479 2512 5536 commolunt.
2540 5481 2941 5553 Devorubimus,
2987 5488 3182 5558 inquit,
3220 5506 3361 5558 eunt,
3394 5491 3448 5547 id
3478 5502 3563 5548 est
3591 5493 3738 5549 nobis

2161 5571 2646 5644 incorporabimus.
2677 5578 2755 5632 Ita
2786 5580 2933 5634 enim
2990 5582 3128 5648 dies,
3160 5582 3212 5638 id
3234 5591 3317 5639 est
3366 5587 3736 5657 prosperitatis

2159 5673 2359 5722 nostra:
2378 5668 2600 5725 claritas
2626 5679 2731 5736 est,
2777 5682 2831 5727 et
2862 5674 3044 5730 votive
3088 5685 3427 5746 exspectata,
3478 5677 3608 5748 quia
3648 5676 3732 5731 diu

2157 5761 2408 5829 quaesita.
2455 5766 2674 5821 tandem
2717 5764 2960 5839 inventa,
3003 5769 3220 5827 demum
3264 5771 3599 5844 experiendo
3624 5771 3729 5843 jam

2157 5870 2293 5913 ‘USa.
