3998 6326
231 332 323 403 re
532 282 535 285 ’
832 318 1291 381 TROPOLOGUE
1315 319 1386 381 tu
1422 316 1619 386 osus,
1663 315 1850 375 suos
1875 317 1967 377 ET
1990 317 2137 378 JER.
2171 349 2244 364 --
2279 317 2408 376 LIB.
2450 319 2515 376 v.
2547 318 2615 377 IN
2652 317 2801 378 JER.

1807 438 1859 499 Α
1887 436 1991 491 nisi
2017 445 2078 492 ut
2108 438 2317 509 absque
2346 439 2628 510 scrupulo,
2660 448 2715 495 et
2741 435 3110 496 crassitudine
3129 438 3477 510 cegttationis

929 455 1051 495 ΡΗΕ.

293 546 446 603 Vsus.
478 539 647 596 l7.—
681 554 699 588 σ
727 533 879 591 Fecit
908 533 1172 589 Dominus
1192 546 1315 604 qua:
1337 532 1615 603 cogitavit,
1639 544 1787 587 com-

238 661 255 696 ι
294 636 446 710 plevit
485 642 787 698 sermonem
824 641 978 681 suum
1009 624 1171 695 quem
1215 633 1553 695 praeceperat
1594 638 1626 677 a
1667 623 1784 678 die-

236 755 253 789 s
290 734 385 789 bus
406 723 676 795 antiquis;
718 720 1008 786 destruxit,
1037 728 1092 775 et.
1141 733 1249 774 non
1281 719 1543 789 pepercit,
1576 727 1629 773 et
1652 716 1789 773 laati-

237 846 254 881 ι
294 822 466 881 ficavit
512 832 673 888 super
716 825 767 871 te
821 815 1123 881 inimicum,
1176 812 1437 869 exaltavit
1484 827 1652 868 cornu
1697 812 1796 868 bo-

233 940 251 975 ι
302 919 454 974 stium
482 924 713 970 tuorum.
747 930 765 963 ι
793 910 926 977 Phe,
945 909 1337 979 interpretatur
1357 925 1435 963 os.
1464 906 1569 965 Ore
1583 917 1795 962 secreta

230 1021 412 1068 nostra:
455 1005 653 1063 mentis
702 986 1055 1060 absolvimus.
1109 1002 1177 1057 Et
1212 1001 1466 1056 Dominus
1490 1000 1619 1056 facit
1678 1015 1796 1070 qua:

231 1106 437 1176 cogitat,
487 1115 608 1156 cum
654 1113 741 1164 ea,
780 1113 901 1168 quae
932 1099 1081 1153 cordi
1118 1105 1309 1152 nostro
1342 1096 1635 1166 aspirando
1658 1094 1795 1150 insi-

230 1202 366 1257 nuat,
408 1190 495 1262 pia
573 1189 756 1259 operis
782 1188 1136 1243 exsecutione
1190 1186 1415 1243 revelat.
1492 1186 1799 1242 Sermonem

228 1303 367 1343 suum
415 1282 669 1354 complet,
721 1298 843 1338 cum
888 1298 972 1346 ea,
1021 1298 1141 1353 qua:
1191 1297 1289 1351 per
1335 1280 1583 1352 spiritum
1642 1295 1800 1336 suum

228 1380 347 1433 serit
369 1379 420 1432 in
442 1376 616 1441 nobis,
652 1392 748 1447 per
774 1390 832 1431 se
858 1386 1139 1447 operatur,
1172 1390 1271 1443 per
1305 1389 1363 1429 se
1392 1374 1459 1428 ad
1489 1374 1801 1444 exemplum

231 1470 453 1527 exhibet.
497 1467 654 1525 Hunc
681 1475 1017 1539 praeceperat
1040 1484 1071 1521 a
1093 1466 1273 1520 diebus
1300 1466 1551 1536 antiquis,
1586 1466 1713 1535 quia
1738 1480 1804 1521 eo

226 1579 317 1620 nos
343 1563 643 1618 instruct-at
672 1575 700 1614 a
760 1559 1090 1631 primoribus
1147 1558 1373 1614 sanctis.
1404 1557 1469 1612 lli
1501 1558 1646 1613 enim
1673 1566 1804 1613 sunt

229 1657 351 1723 dies,
379 1654 470 1726 qui
508 1653 563 1708 in
595 1652 736 1709 libro
758 1653 852 1707 Dei
899 1652 1224 1707 formantur.
1266 1650 1372 1706 Per
1395 1652 1495 1707 hos
1521 1652 1666 1706 enim
1690 1652 1805 1707 dies

228 1750 359 1807 dicto
391 1747 648 1818 factoque
698 1745 1033 1816 praecipitur,
1063 1760 1174 1815 quo
1204 1760 1357 1801 mens
1404 1744 1563 1816 251
1621 1756 1806 1801 nostra

227 1856 286 1898 ex
310 1840 581 1898 sermonis
608 1840 966 1911 conceptione
1018 1838 1305 1894 lustratur.
1361 1837 1468 1894 Sed
1519 1848 1641 1908 post
1666 1840 1809 1896 hanc

228 1935 519 1992 claritatem
583 1934 816 1989 destruit
860 1932 1144 1999 Dominus,
1194 1941 1252 1987 et
1306 1947 1410 1987 non
1456 1933 1649 2003 parcit,
1684 1949 1808 1988 cum

231 2028 311 2099 qui
335 2026 703 2083 ascenderant
742 2026 808 2080 ad
840 2024 1010 2081 malos
1040 2032 1267 2094 repente
1292 2024 1346 2078 in
1373 2025 1600 2096 abyssos
1635 2025 1811 2081 delabi

229 2122 505 2197 permittit.
565 2120 858 2175 Inimicum
912 2136 1070 2187 super
1114 2134 1234 2173 eam
1264 2118 1526 2185 laetiﬁcat,
1553 2135 1677 2174 cum
1712 2120 1814 2175 sub

232 2233 321 2276 suo
340 2232 455 2273 eam
480 2215 688 2281 hostis,
719 2215 772 2270 id
798 2224 885 2271 est
920 2223 1045 2270 voto
1068 2214 1353 2283 cohibens,
1387 2215 1816 2287 gratulabundus

229 2316 491 2381 aggravat.
550 2305 737 2363 Cornu
762 2308 988 2361 hostium
1041 2306 1265 2372 exaltat,
1311 2322 1432 2361 curn
1481 2307 1628 2363 vires
1684 2307 1819 2362 resi-

228 2400 386 2457 stendi
408 2416 606 2457 eorum
638 2399 908 2469 superbia:
951 2408 1134 2471 negat.
1159 2398 1341 2455 Cornu
1373 2399 1517 2454 enim
1546 2409 1814 2468 nostrum,

230 2495 409 2565 spiritu
436 2508 667 2569 carnem
701 2493 970 2548 excedere
1007 2501 1111 2548 est.
1163 2491 1343 2547 Cornu
1386 2504 1566 2548 autem
1596 2493 1815 2563 diaboli,

233 2585 477 2641 miserum
503 2598 613 2640 cor
645 2586 749 2641 hac
782 2583 1015 2654 illacque
1034 2585 1319 2640 ventilare.

942 2690 1092 2730 SADE.

295 2765 451 2823 Vitas.
484 2769 575 2823 18.
613 2798 683 2810 ——
716 2786 734 2820 ι
765 2767 1031 2823 Clamavit
1072 2783 1165 2825 cor
1195 2783 1383 2825 eorum
1438 2770 1505 2824 ad
1531 2768 1820 2824 Dominum

232 2880 250 2915 ι
289 2878 447 2933 super
482 2878 686 2918 muros
741 2863 864 2918 filiae
895 2862 1046 2918 Sion.
1085 2883 1104 2917 ›
1151 2864 1324 2929 Sade,
1372 2864 1680 2919 consolatio.
1718 2863 1824 2918 Cor

228 2968 398 3007 eorum
448 2952 739 3018 videlicet,
790 2953 881 3022 qui
918 2969 1082 3024 supra
1130 2954 1445 3023 plauserant
1476 2954 1725 3010 manibus
1756 2955 1823 3010 ad

231 3044 719 3117 Dominuni,super
741 3062 922 3101 muros
948 3045 1074 3115 ﬁlim
1106 3046 1237 3102 Sion
1264 3047 1486 3110 clamat,
1514 3063 1637 3103 cum
1662 3062 1827 3118 super

3349 314 3456 375 463

1892 527 2093 598 aliqua,
2151 530 2488 586 conscientia
2534 532 2785 599 interius,
2824 531 2915 587 ubi
2951 531 3099 588 solus
3128 531 3271 587 Deus
3304 532 3475 597 videt,

1893 630 2241 677 extenuetur.
2282 642 2300 675 ι
2332 622 2477 680 Leva
2520 625 2587 681 ad
2612 641 2736 681 eum
2792 641 2986 680 manus
3023 634 3144 681 tuas
3168 640 3266 695 pro
3294 625 3476 680 anima

1900 732 1918 765 ι
1966 714 2319 783 parvulorum
2372 726 2609 784 tuorum,
2667 719 2760 787 qui
2802 718 3121 774 defecerunt
3169 718 3222 773 in
3250 717 3397 773 fame
3424 718 3479 773 iu

1900 828 1919 861 ς
1967 810 2144 882 capite
2175 809 2419 865 omnium
2455 810 2842 881 compitorum.
2879 831 2898 863 ›
2930 811 3011 865 Ad
3040 828 3158 866 eum
3186 810 3328 866 levat
3355 826 3479 863 ma-

1897 921 2018 972 nus,
2047 904 2139 975 qui
2164 903 2364 960 bonum
2390 904 2442 958 in
2467 904 2563 960 Dei
2590 907 2829 969 nomine,
2853 921 2957 960 non
2983 907 3036 961 in
3067 906 3224 962 laude
3246 907 3481 961 humana

1897 997 2127 1064 extollit,
2160 1013 2268 1053 non
2307 997 2533 1052 inclinat
2561 1012 2717 1067 opus.
2743 998 2810 1051 Et
2839 998 2941 1053 hoc
2969 1016 3062 1069 pro
3086 1000 3267 1053 anima
3296 1014 3487 1071 parvu-

1900 1091 2092 1158 lorum,
2152 1091 2205 1146 id
2238 1100 2324 1147 est
2361 1107 2461 1162 pro
2492 1093 2599 1146 vita
2654 1091 2959 1147 studiorum
2990 1106 3181 1147 recens
3215 1091 3271 1147 in
3298 1099 3484 1147 sancta

1901 1186 2241 1259 professione
2269 1195 2593 1256 cmptorum.
2622 1184 2689 1240 In
2733 1186 2874 1256 fame
2908 1184 3190 1252 deficiunt,
3217 1184 3311 1254 qui
3333 1183 3484 1239 verbi

1903 1281 1999 1337 Dei
2052 1280 2231 1352 inopia
2279 1292 2529 1351 pereunt.
2563 1280 2631 1335 In
2658 1280 3090 1351 capite‘omnium
3122 1283 3485 1348 compitorum,

1903 1375 1959 1429 in
1982 1374 2262 1447 proposito
2292 1373 2504 1431 scilicet
2535 1373 2779 1430 omnium
2816 1372 3160 1429 smcularium
3188 1371 3486 1428 actionum.

2644 1482 2761 1523 RES.

1976 1559 2141 1616 Vsus.
2165 1559 2257 1615 20.
2288 1589 2353 1599 -
2385 1577 2403 1611 ‹
2439 1557 2597 1624 Vide,
2641 1558 2888 1621 Domine,
2932 1566 2987 1613 et
3036 1556 3323 1613 considera
3361 1570 3498 1626 quo«

1914 1673 1932 1706 ι
1978 1654 2125 1709 niam
2188 1652 2610 1709 vindemiaveris
2668 1653 2763 1707 ita.
2811 1671 2829 1705 ι
2865 1651 2992 1718 Res,
3034 1652 3280 1722 spiritum
3314 1664 3493 1705 sonat.

1908 1744 2160 1800 Clamant
2188 1758 2341 1815 ergo,
2366 1746 2457 1815 qui
2486 1760 2670 1813 supra,
2706 1744 2955 1807 Domino,
2982 1754 3042 1798 ut
3067 1743 3272 1808 videat,
3293 1752 3347 1799 et
3368 1758 3499 1799 con-

1914 1837 2115 1893 sideret
2170 1852 2329 1907 quem
2380 1838 2453 1892 ita
2500 1838 2935 1903 vindemiaverit,
2994 1838 3046 1893 id
3074 1847 3160 1894 est
3209 1837 3413 1904 videre,
3443 1847 3501 1891 et

1915 1930 2342 2002 praecordialiter
2368 1930 2652 1986 attendere
2692 1946 2790 1987 nos
2816 1930 3004 1995 faciat,
3038 1930 3309 2002 quomodo
3336 1932 3501 2001 spiri-

1919 2035 2053 2091 tum,
2085 2027 2175 2099 qui
2210 2027 2471 2081 adversus
2498 2041 2716 2083 carnem
2748 2028 2966 2098 proprie
2991 2026 3326 2096 concupiscit
3355 2023 3500 2097 (Cm.

1915 2134 1969 2184 v,
1997 2118 2106 2189 l7),
2133 2118 2388 2173 vitalibus
2434 2118 2573 2175 lucis
2602 2118 2869 2175 fructibus
2913 2128 3195 2191 tantopere
3233 2117 3504 2190 spoliave-

1919 2213 2011 2268 rit.
2038 2232 2057 2265 ι
2082 2213 2294 2285 Ergone
2316 2214 2601 2269 comedent
2625 2214 2879 2270 mulieres
2904 2215 3136 2271 fructum
3168 2230 3348 2279 suum,
3378 2226 3517 2284 para

1926 2327 1945 2362 ι
1992 2308 2145 2364 vulos
2175 2310 2239 2363 ad
2285 2325 2598 2364 mensuram
2631 2311 2825 2377 palma:
2862 2310 2886 2364 τ
2928 2311 2971 2365 si
3002 2310 3270 2365 occiditur
3300 2309 3352 2363 in
3378 2323 3507 2363 san-

1928 2419 1946 2452 ‹
1996 2402 2207 2455 ctuario
2240 2402 2451 2456 Domini
2495 2402 2751 2457 sacerdos
2773 2411 2828 2457 et
2852 2404 3114 2473 propheta
3143 2402 3167 2455 ?
3196 2392 3397 2469 {Quod
3422 2408 3508 2455 est

1922 2493 2123 2549 dicere.
2158 2492 2214 2547 Si
2244 2493 2387 2548 sacri
2415 2493 2614 2562 eloquii
2649 2493 2899 2558 ducatus,
2932 2494 3024 2563 qui
3051 2501 3135 2547 est
3155 2493 3375 2548 lucerna
3405 2506 3505 2546 no-

1923 2585 2055 2640 stris
2080 2584 2308 2653 pedibus
2332 2580 2505 2651 (Psal.
2534 2600 2727 2649 cxvm,
2759 2586 2902 2653 105),
2942 2597 2996 2641 et
3016 2585 3355 2657 providentia
3384 2601 3506 2655 qua)

1922 2678 2126 2735 nostris
2146 2669 2463 2749 praeminet
2476 2678 2704 2744 actibus,
2724 2682 2775 2731 in
2792 2682 3095 2734 suncinario
3112 2679 3342 2746 Domini,
3359 2678 3503 2749 quod

1925 2780 2009 2827 est
2032 2786 2204 2837 mens,
2232 2770 2528 2837 subruitur,
2558 2770 2700 2825 scirc
2729 2771 2885 2826 velnn
2905 2770 3330 2827 utrumiulirmae
3360 2786 3514 2826 men-

1929 2873 2029 2929 tes,
2064 2880 2186 2933 quae
2240 2864 2543 2919 innuuntur
2588 2879 2682 2934 per
2715 2865 2984 2930 mulieres,
3029 2864 3082 2919 in
3107 2864 3302 2934 quibus
3332 2863 3513 2929 dispe-

1926 2966 2085 3013 reunt
2110 2956 2192 3011 hae
2221 2957 2338 3012 duae
2368 2974 2476 3021 res,
2508 2957 2794 3018 comedent,
2832 2955 2998 3019 idest,
3031 2964 3353 3013 consument
3376 2956 3516 3010 intra

1928 3065 1986 3105 se
2016 3049 2179 3104 totius
2206 3063 2315 3102 sure
2352 3048 2507 3103 bona:
2557 3047 2785 3102 actionis
2818 3047 3028 3103 fructus
3075 3062 3247 3117 nuper
3277 3056 3511 3116 emptos,

232 3136 385 3208 lapsa:
418 3138 787 3194 conscientia:
820 3140 1224 3208 oppressionem
1255 3140 1692 3196 consideratione
1715 3140 1830 3197 fre-
1855 3163 1897 3221 ο
1929 3151 1984 3199 et
2015 3143 2243 3199 necdum
2298 3142 2366 3197 ad
2417 3140 2807 3212 perfectionem
2865 3140 3104 3212 aliquam
3143 3140 3472 3209 attingentes
3494 3140 3521 3193 Υ

230 3230 406 3301 quenti
458 3228 802 3303 illacrymat.
854 3229 922 3284 Et
947 3246 1067 3300 quae
1104 3232 1276 3301 major
1303 3232 1600 3289 consolatio
1630 3235 1825 3290 anima:

229 3321 505 3392 cujuslibet
560 3321 787 3389 miseri,
840 3338 1003 3393 quam
1034 3322 1177 3394 quod
1223 3324 1327 3378 scit
1371 3325 1575 3381 sanctis
1604 3325 1737 3381 viris
1769 3340 1828 3382 se

229 3428 364 3470 cura:
384 3415 578 3472 haberi
618 3413 777 3470 ?Hoc
811 3417 953 3471 etum
973 3416 1153 3471 littera
1180 3424 1357 3472 senat.
1393 3435 1412 3468 ι
1457 3417 1638 3473 Dedue
1670 3417 1827 3487 quasi

238 3524 255 3559 ι
300 3517 614 3565 torrentem
642 3507 912 3580 lacrymas
949 3524 1046 3581 per
1070 3509 1235 3576 diem,
1288 3519 1337 3565 et
1372 3522 1609 3576 noctem,
1635 3520 1690 3566 et
1720 3527 1826 3567 non

232 3614 251 3651 ι
294 3601 386 3657 des
422 3602 688 3673 requiem
723 3601 845 3667 tibi,
876 3615 1050 3673 neque
1071 3611 1249 3659 taceat
1279 3602 1478 3674 pupilla
1507 3604 1649 3661 oculi
1682 3604 1777 3659 tui.
1804 3625 1823 3658 ι

231 3692 339 3750 Vox
369 3710 549 3749 eorum
581 3703 679 3749 est
706 3709 936 3764 quorum
992 3712 1082 3749 cor
1111 3695 1309 3751 clamat
1330 3696 1400 3750 ad
1430 3696 1733 3763 Dominum,
1764 3698 1831 3753 ad

228 3786 385 3842 filiam
412 3786 571 3844 Sion.
625 3786 705 3841 Ac
726 3786 772 3841 si
802 3787 945 3841 dicat
980 3802 995 3840 :
1028 3787 1103 3843 De
1151 3788 1398 3844 interiori
1424 3797 1512 3844 tua
1546 3790 1832 3845 conscien-

232 3880 303 3937 tia
332 3882 437 3938 duc
463 3882 519 3937 in
547 3881 787 3938 evidens
815 3881 1202 3951 pietatisopus,
1234 3897 1299 3937 ac
1321 3882 1365 3937 si
1394 3890 1708 3947 torrentem,
1739 3882 1834 3953 qui

229 3972 381 4028 obvia
411 3973 547 4028 vitia
582 3986 822 4043 qumque
847 3971 1171 4042 praecipitet,
1222 3972 1445 4027 interna?
1467 3973 1532 4027 ad
1553 3972 1721 4027 Deum
1752 3987 1836 4029 re-

231 4065 547 4135 spirationis
616 4063 883 4135 lacrymas
921 4078 1030 4119 non
1078 4063 1251 4119 solum
1313 4079 1409 4135 per
1461 4065 1838 4134 prosperitatis

231 4155 366 4213 diem
397 4158 773 4228 (confitentur
800 4155 944 4209 enim
977 4157 1195 4225 quidam
1220 4173 1341 4211 cum
1375 4156 1706 4211 benefecerit
1753 4158 1832 4212 cis

229 4243 568 4320 DeusU’sal.
590 4260 785 4310 nvm,
812 4244 924 4315 l9),
953 4244 1049 4299 sed
1066 4246 1230 4299 etiam
1252 4260 1349 4315 per
1370 4245 1716 4300 adversitatis
1747 4262 1840 4300 no-

233 4347 395 4405 ctem,
420 4340 475 4394 in
507 4355 624 4410 qua
668 4336 974 4391 clarissime
1004 4336 1225 4390 retinuit
1260 4336 1313 4390 in
1349 4335 1444 4391 Dei
1473 4350 1632 4389 aures
1656 4337 1831 4391 cami-

232 4446 353 4486 cnm
386 4433 549 4503 ejus;
588 4445 683 4484 nec
708 4428 798 4482 des
847 4428 1097 4494 requiem,
1159 4428 1211 4482 id
1232 4436 1317 4482 est
1341 4430 1692 4484 securitatem
1725 4427 1840 4493 tibi,

1929 3233 2117 3289 Palma
2173 3247 2302 3288 vero
2351 3232 2587 3299 initium,
2642 3230 2855 3287 cubitus
2913 3229 3301 3302 plenitudinem
3349 3227 3519 3300 signi-

1930 3325 2082 3382 ticat.

2669 3434 2770 3475 SIN.

2005 3509 2166 3566 Vens.
2198 3508 2289 3565 21.
2312 3539 2383 3550 —
2417 3528 2435 3563 ‹
2472 3508 2767 3565 Jacuerunt
2791 3510 2845 3564 in
2878 3517 3021 3565 terra
3046 3509 3177 3565 toris
3207 3523 3341 3579 puer
3361 3518 3415 3563 et
3436 3522 3526 3563 se-

1939 3623 1958 3657 s
2004 3617 2138 3669 nex;
2173 3603 2412 3674 virgines
2439 3618 2590 3667 meas,
2645 3611 2699 3658 et
2723 3602 2950 3667 juvenes
2975 3603 3079 3656 mei
3116 3598 3428 3657 ceciderunt
3459 3601 3512 3655 ir.

1941 3714 1959 3748 ι
2006 3693 2204 3766 gladio,
2246 3691 2564 3749 interfecisti
2610 3692 2778 3748 indie
2814 3693 3015 3747 furoris
3047 3693 3145 3759 tui,
3179 3691 3518 3762 percussisti,

1942 3806 1961 3840 ι
2012 3802 2112 3843 nec
2141 3786 2396 3841 misertus
2419 3800 2496 3840 es.
2521 3803 2540 3837 ι
2572 3784 2693 3845 Sin.
2717 3786 2855 3849 vita;
2876 3800 2981 3839 non
3007 3784 3119 3850 illa,
3141 3800 3261 3855 qua:
3290 3784 3490 3839 abscon
3509 3813 3525 3825 ο

1938 3878 2049 3934 dita
2107 3886 2192 3934 est
2238 3893 2359 3933 cum
2411 3876 2629 3932 Christo
2669 3879 2720 3930 iu
2751 3878 2858 3932 Deo
2891 3877 3026 3949 (Col.
3052 3893 3136 3944 nt,
3166 3875 3254 3949 3);
3280 3891 3383 3931 non
3413 3875 3527 3940 illa,

1938 3987 2047 4042 qua
2072 3971 2126 4026 in
2157 3971 2410 4041 praesenti
2444 3974 2859 4034 connnorimur,
2916 3978 2970 4025 et
2997 3969 3397 4040 consepelimur
3424 3968 3526 4037 ipsi

1940 4069 2366 4153 Christo_(Rom.
2406 4085 2484 4135 vt,
2522 4071 2576 4133 8,
2608 4069 2664 4139 4)
2722 4069 2871 4125 Unde
2897 4079 2977 4124 cst
3003 4068 3144 4139 quod
3163 4068 3446 4145 jacuerunt
3478 4065 3535 4120 in

1912 4166 2082 4218 terra
2113 4162 2241 4229 foris
2273 4178 2403 4232 puer
2437 4172 2482 4217 et
2513 4178 2691 4217 senea'.
2725 4160 2881 4215 Foris
2913 4179 3043 4231 puer
3064 4173 3110 4215 et
3134 4177 3291 4215 senex
3311 4162 3366 4215 in
3390 4169 3533 4213 terra

1937 4254 2142 4323 jncent,
2194 4269 2315 4308 cum
2352 4261 2505 4308 extra
2544 4268 2602 4309 se
2658 4272 2762 4306 tum
2802 4253 2976 4307 solum
3019 4251 3252 4306 carnalis
3284 4251 3533 4314 affectus,

1945 4361 2052 4416 quo
2075 4345 2129 4400 in
2179 4359 2386 4399 morem
2419 4345 2572 4416 pueri
2632 4346 2702 4398 nil
2746 4344 2939 4408 levius,
2972 4344 3043 4397 nil
3072 4342 3379 4397 instabilius
3410 4357 3539 4395 con-

1947 4444 2055 4493 stat
2083 4435 2136 4491 in
2162 4436 2401 4499 homine,
2426 4436 2519 4490 sed
2544 4438 2705 4489 etiam
2730 4435 2839 4505 ipsa
2866 4436 3026 4499 ratio,
3062 4434 3146 4489 cui
3170 4433 3342 4489 fluxos
3365 4433 3536 4490 animi

236 4528 291 4576 υί
315 4522 382 4577 de
414 4522 496 4576 ιυῑ
524 4519 791 4576 "umoris
816 4518 1134 4573 αδείιίυίιίιιθ
1158 4533 1480 4588 rmsumas;
1500 4528 1843 4589 nequiit?“
1870 4519 1923 4578 D
1948 4530 2167 4587 habitus
2191 4545 2289 4583 suo
2319 4528 2595 4584 senioratu
2637 4527 2968 4597 restringere
2991 4526 3331 4590 conveniret,
3363 4534 3537 4580 terre-

229 4614 431 4682 pupilla
461 4612 617 4668 oculi
638 4613 738 4679 tui,
775 4612 825 4666 id
852 4621 934 4667 est
960 4625 1239 4680 nunquam
1272 4626 1453 4681 prava:
1494 4611 1843 4668 conscientia:

232 4707 587 4777 acquiescat,
634 4705 767 4776 quin
822 4706 936 4759 suis
966 4704 1311 4761 successibus
1352 4719 1569 4777 semper
1600 4705 1844 4777 invigilet

232 4800 521 4859 subtilitas
548 4800 855 4873 spiritualis
882 4799 1040 4857 aciei.

966 4911 1120 4952 COPll.

303 4986 480 5045 Vens.
518 4988 618 5045 19.
640 5019 711 5029 -
738 5006 757 5040 ι
792 4988 1092 5060 Consurge,
1140 4988 1302 5044 lauda
1338 4989 1394 5043 in
1427 4997 1585 5045 nocte
1614 4989 1667 5044 in
1697 4990 1846 5061 prin-

240 5098 258 5132 c
307 5082 457 5152 cipio
481 5081 821 5153 vigiliarum,
848 5082 1063 5138 effunde
1088 5082 1229 5137 sicut
1255 5096 1395 5151 aqua
1422 5097 1517 5137 cor
1540 5091 1686 5138 tuum
1719 5092 1849 5139 ante

236 5189 255 5223 ς
303 5181 682 5243 conSpectum
711 5173 974 5227 Domini.»
1009 5172 1177 5244 Coph,
1206 5173 1406 5228 dicitur
1441 5174 1634 5244 aspice.
1664 5175 1848 5240 Roga-

234 5271 322 5316 tur
343 5278 379 5317 a
403 5264 627 5335 quibus
652 5279 811 5335 supra
844 5275 903 5319 ut
951 5266 1179 5335 aspiciat
1198 5280 1459 5336 quorsum
1488 5273 1543 5321 et
1567 5268 1841 5337 quomodo

235 5355 335 5411 de'
365 5358 558 5413 veteri
620 5357 791 5428 lapsu,
836 5369 889 5413 et
943 5359 1011 5415 ad
1052 5374 1212 5430 quem
1271 5375 1600 5433 consurgere
1632 5360 1848 5416 debeat.

1947 4621 2031 4676 nis
2061 4634 2285 4689 prorsus
2328 4619 2608 4673 inhaerent.
2668 4616 2928 4688 Virgines,
2960 4626 3010 4671 et
3029 4618 3250 4688 juvenes
3280 4617 3337 4672 in
3360 4616 3539 4687 gladio

1946 4716 2169 4780 cadunt,
2203 4729 2326 4769 cum
2354 4712 2400 4769 si
2435 4727 2540 4783 qua
2573 4712 2627 4767 in
2657 4713 2840 4767 animo
2893 4713 3035 4767 bona
3066 4711 3273 4767 illibata
3312 4713 3534 4767 resede-

1945 4808 2078 4873 rint,
2101 4807 2147 4863 si
2177 4806 2306 4878 quid
2336 4807 2389 4861 in
2419 4808 2535 4875 ejus
2562 4805 2805 4860 moribus
2836 4804 3072 4861 validum
3102 4821 3165 4860 ac
3203 4805 3345 4860 forte
3384 4804 3540 4857 resti-

1947 4899 2097 4970 terit,
2156 4908 2329 4954 totum
2378 4896 2538 4952 alicui
2595 4895 2810 4966 capitali
2864 4907 3086 4967 peccato
3116 4894 3439 4951 succumbit.
3473 4890 3541 4946 In

1918 4990 2057 5057 ‘die,
2087 4990 2171 5046 vel
2200 5000 2285 5045 est
2308 4990 2362 5045 in
2396 4988 2856 5053 manifestatione,
2898 4987 2981 5042 sui
3011 4988 3228 5055 furoris,
3259 4983 3538 5047 interﬁcit,

1950 5099 2073 5138 cum
2122 5082 2437 5136 interiorem
2481 5095 2734 5136 occasum
2790 5079 2859 5134 de
2901 5078 3190 5135 exterioris
3232 5077 3402 5132 ruium
3437 5075 3546 5129 evi-

1952 5175 2133 5229 dentia
2190 5174 2450 5231 ostendit.
2508 5172 2770 5237 Perculit,
2803 5186 2902 5226 nec
2937 5175 3247 5237 miseretur,
3278 5186 3400 5224 cum
3434 5169 3542 5225 labi

1953 5268 2241 5339 permittit,
2271 5282 2372 5323 nec
2402 5265 2585 5321 statim
2616 5274 2741 5335 post
2792 5264 3002 5333 lapsum
3029 5262 3315 5334 compungi
3350 5276 3547 5317 conce-

1953 5359 2118 5415 ditur.
2148 5358 2247 5414 Cui
2271 5358 2513 5414 concinit
2539 5373 2553 5410 :
2595 5377 2611 5407 ι
2645 5355 2778 5410 Cum
2807 5355 3090 5421 ceciderit,
3119 5355 3313 5425 inquit,
3338 5353 3540 5425 justus,

235 5443 458 5516 Lauda,
487 5449 702 5521 inquit,
732 5451 788 5505 in
820 5461 991 5516 nocte,
1047 5450 1099 5505 id
1124 5460 1209 5506 est
1246 5466 1520 5522 nunquam
1553 5467 1580 5505 a
1620 5450 1732 5507 Deo
1763 5453 1854 5508 de-

238 5541 454 5597 sciscas
479 5541 542 5596 in
574 5542 894 5597 tetttatione.
928 5542 994 5597 Et
1037 5543 1140 5599 hoc
1167 5546 1222 5597 in
1245 5544 1501 5614 principio
1529 5544 1852 5614 vigiliarum,

241 5630 297 5685 in
326 5633 495 5689 initio
548 5632 767 5689 scilicet
810 5635 1200 5695 conversionis.
1256 5643 1350 5689 aut
1397 5635 1448 5690 in
1496 5638 1857 5705 primmvitate

238 5723 497 5797 ipsarum
544 5732 794 5780 aetatum.
855 5725 1001 5782 Sicut
1033 5744 1170 5797 aqua
1197 5743 1289 5781 cor
1311 5741 1467 5781 suum
1493 5737 1614 5782 ante
1638 5746 1855 5800 conspe-

237 5829 389 5876 ctum
405 5818 643 5875 Domini
663 5817 937 5877 eﬂundere
951 5820 1195 5895 iubetur,
1213 5821 1341 5893 quia
1360 5837 1467 5877 non
1482 5822 1642 5878 aliter
1655 5822 1856 5896 placet,

1954 5467 2062 5507 non
2095 5450 2395 5515 colliditur,
2433 5451 2559 5519 quia
2589 5447 2846 5503 Dominus
2862 5450 3117 5517 supponit
3140 5463 3359 5504 manum
3388 5466 3539 5504 suam

1930 5544 2132 5619 ’(Psal.
2161 5558 2351 5611 xxxvi,
2374 5542 2488 5613 24).
2526 5561 2544 5596 ι

2669 5651 2832 5691 ΤΗΑυ.

2036 5730 2196 5786 Vsus.
2229 5729 2320 5785 22.
2342 5759 2411 5769 —
2444 5748 2461 5781 ι
2493 5726 2711 5785 Vocasti
2762 5728 2915 5800 quasi
2950 5729 3017 5783 ad
3050 5729 3192 5783 diem
3226 5728 3545 5791 solemnem,

1963 5845 1982 5880 ι
2031 5825 2124 5901 qui
2158 5832 2389 5883 terreret
2411 5839 2495 5882 me
2537 5824 2603 5880 de
2633 5824 2888 5887 circuitu,
2917 5836 2970 5881 et
3000 5837 3107 5881 non
3136 5822 3238 5879 fuit
3266 5823 3319 5878 in
3347 5821 3436 5878 die
3462 5821 3544 5883 fu-
