4038 6330
641 422 747 478 467

1402 423 1466 482 ν.
1501 423 1831 482 GUlBERTl
1861 421 2152 481 ABBATlS
2183 420 2241 479 S.
2284 420 2526 478 MARUE
2565 422 2652 479 DE
2687 421 3086 483 NOVIGENTO

652 559 673 593 ‹
720 539 863 596 roris
917 539 1129 596 Domini
1186 540 1276 613 qui
1326 539 1589 614 eﬂ'ugeret
1639 552 1694 598 et
1741 541 2163 610 relinqueretur.
2207 561 2225 593 ι
2263 541 2307 600 Α
2338 539 2500 595 Pcllis
2541 548 2751 595 vetusta
2803 539 3054 608 ellicitur,
3098 554 3221 596 cum
3261 539 3497 598 affectus
3522 553 3700 602 noster
3724 520 3884 618 quoii.

643 635 824 701 Thau,
871 637 1258 707 interpretatur
1305 638 1477 708 signa,
1512 638 1657 708 quod
1685 637 1765 693 eis
1789 637 1840 693 in
1876 633 2055 693 fronte
2078 635 2233 706 juxta

641 728 891 785 Ezechiel
944 732 1317 799 praescribitur
1359 730 1586 796 (Ezech.
1639 748 1715 797 rx,
1750 731 1804 797 4,
1834 731 1914 801 6),
1948 731 2039 801 qui
2071 747 2233 801 super

642 821 835 878 alienis
859 822 1012 878 malis
1034 839 1265 879 maerere
1291 826 1615 894 probantur,
1642 824 1784 893 quod
1805 821 2054 891 hicjuste
2080 825 2231 878 dam-

637 913 779 973 natis
815 914 1130 985 opponitur,
1165 915 1258 984 qui
1306 915 1387 969 sui
1421 916 1661 986 ipsorum
1695 930 1796 970 nec
1827 916 1879 970 in
1925 916 2038 986 ipsa
2066 930 2227 985 paena

634 1008 986 1063 miserentur.
1022 1008 1188 1073 Quasi
1218 1010 1287 1062 ad
1314 1009 1452 1063 diem
1504 1009 1786 1064 solemnem
1811 1019 2100 1076 vocantur,
2133 1010 2225 1080 qui

634 1118 757 1158 eam
786 1103 854 1156 de
885 1102 1117 1156 circuitu
1153 1109 1416 1167 terreant,
1447 1118 1568 1157 cum
1616 1103 1681 1157 ad
1712 1101 2079 1172 spectaculum
2103 1117 2227 1172 per-

632 1202 861 1263 petrata:
918 1194 1249 1263 iniquitatis,
1281 1195 1430 1265 quasi
1463 1195 1625 1267 252
1650 1195 1829 1249 festivi
1859 1196 2097 1261 ciuntur,
2130 1195 2223 1266 qui

629 1284 972 1339 extrinsecus
1022 1285 1212 1351 minis,
1269 1296 1323 1340 et
1368 1287 1876 1355 exprobrationlbus
1915 1304 2012 1357 pro
2072 1299 2221 1343 reatu

630 1378 863 1432 miseros
885 1378 1215 1433 insectantur
1239 1389 1292 1435 et
1314 1389 1564 1451 arguant.
1592 1379 1704 1433 Non
1727 1391 1807 1435 est
1838 1381 1890 1435 in
1914 1381 1999 1435 die
2022 1382 2221 1451 furoris

630 1467 845 1521 Domini
882 1470 971 1538 qui
1000 1469 1221 1539 effugiat
1267 1481 1321 1525 et
1351 1471 1713 1541 relinquatur,
1748 1472 1872 1541 quia
1913 1489 2021 1526 non
2050 1481 2135 1527 est
2164 1474 2218 1527 in

630 1560 734 1614 hac
757 1573 937 1631 aperta
962 1561 1165 1618 ultione
1188 1564 1455 1633 quispiam
1475 1564 1638 1617 animi
1664 1573 1859 1627 motus,
1891 1565 1982 1633 qui
2011 1580 2069 1620 se
2094 1581 2219 1634 pec-

630 1663 754 1709 cato
803 1656 1102 1719 subtrahat,
1152 1667 1206 1711 et
1262 1658 1593 1727 poenitentia:
1648 1669 1973 1714 reservetur.
2022 1679 2040 1711 ι
2072 1658 2217 1727 Quos

633 1766 651 1798 ι
699 1748 921 1803 educavi
952 1758 1004 1804 et
1026 1751 1247 1817 nutrivi,
1265 1752 1515 1807 inimicus
1540 1768 1689 1808 meus
1706 1753 2169 1823 consumpsiteos.
2190 1774 2208 1808 ι

622 1839 953 1901 Educantur,
986 1842 1076 1912 qui
1102 1859 1130 1895 a
1164 1844 1570 1910 temporalibus,
1590 1854 1643 1899 et
1670 1861 1858 1900 eorum
1888 1847 2213 1915 appetitibus

2340 634 2443 689 tius
2470 634 2522 689 in
2552 634 2795 689 interiori
2827 635 3048 690 homine
3071 634 3143 689 nil
3172 633 3424 701 laeditur,
3455 652 3577 692 cum
3607 638 3711 711 ipsa
3737 657 3880 715 carne,

2337 727 2389 781 id
2416 736 2498 781 est
2530 726 2823 791 voluntate,
2868 742 2987 797 qua:
3018 727 3189 781 media
3230 727 3384 781 inter
3410 729 3606 798 pellem
3635 743 3685 787 et
3704 738 3881 802 ossa,id

2335 829 2417 875 est
2448 820 2700 876 affectum
2730 821 3127 892 rationemque,
3165 821 3453 887 consistit,
3480 825 3879 887 creberrimomm

2336 927 2561 968 casuum
2616 922 2888 969 vetustate
2928 914 3296 969 consumitur.
3338 932 3357 966 ι
3404 913 3560 981 Quod
3603 916 3737 973 enim
3780 923 3881 977 τηθὶς

2331 1014 2530 1076 quatur
2574 1013 2630 1060 et
2680 1005 2937 1071 senescit,
2967 1022 3137 1077 prope
3168 1005 3467 1061 interitum
3499 1019 3582 1064 est
3606 1007 3771 1082 (Hebr.
3791 1029 3875 1085 nu,

2332 1098 2444 1167 15).
2484 1117 2502 1150 ι
2538 1095 2673 1151 Ossa
2704 1107 3080 1165 conteruntur,
3134 1115 3263 1155 eum
3323 1098 3764 1171 rationalitatum,
3790 1122 3877 1177 qua

2330 1188 2544 1258 fragilia
2594 1206 2821 1262 qumque
2877 1190 2930 1246 in
2987 1190 3145 1248 nobis
3193 1207 3400 1263 regere
3440 1193 3745 1265 debuerant,
3771 1199 3876 1271 riget

2329 1282 2660 1355 infringitur.
2717 1285 2856 1340 Ecce
2912 1286 3136 1341 evidens
3184 1286 3239 1342 in
3274 1297 3465 1343 mente
3501 1289 3750 1346 confusio.
3775 1290 3875 1350 Nota

2327 1377 2638 1432 distantiam
2687 1379 2828 1433 inter
2869 1378 3122 1434 allectum
3181 1390 3239 1435 ct
3284 1380 3648 1452 voluntatem,
3702 1386 3871 1456 quiade

2324 1472 2510 1527 multis
2549 1471 2835 1540 allieimur,
2860 1468 2978 1543 quae
3015 1473 3310 1541 nolumus;
3368 1475 3540 1531 multa
3567 1476 3869 1541 volumus,de

2323 1565 2519 1633 quibus
2559 1582 2666 1620 non
2720 1566 3002 1623 allicimur.
3046 1567 3195 1625 Velle
3247 1571 3402 1624 enim
3454 1571 3579 1625 boni
3634 1575 3866 1630 secundum

2322 1652 2492 1724 legem
2524 1656 2721 1711 mentis
2753 1656 3005 1728 Apostolo
3030 1658 3268 1727 adjacet,
3301 1661 3400 1715 sed
3434 1663 3719 1717 secundum
3740 1664 3866 1735 legem

2323 1747 2709 1810 membrorum,
2748 1750 2890 1818 quod
2933 1759 3015 1804 est
3050 1749 3307 1815 affectus,
3344 1752 3613 1822 perlicere
3641 1769 3733 1808 non
3758 1753 3864 1810 iure-

2320 1838 2399 1892 nit
2428 1838 2603 1908 (Rom.
2630 1855 2724 1905 vn,
2757 1841 2881 1910 18);
2915 1844 3007 1897 sed
3027 1843 3200 1899 dehis
3222 1845 3367 1900 alias
3385 1844 3602 1914 plenius
3619 1848 3810 1917 egimus.

628 1931 965 1988 eximuntur.
1008 1932 1390 2001 Enutriuntur,
1447 1951 1569 1991 cum
1621 1937 1761 1991 idem
1814 1946 1989 1992 status
2042 1940 2212 1993 nostri
2248 1910 2295 1964 Β
2392 1928 2556 1986 VERS-
2582 1929 2634 1986 5-
2660 1964 2728 1971 —
2762 1953 2777 1985 ι
2811 1930 3126 1989 Ᾱέἀῑῐίρθνίῑ
3173 1935 3227 1991 in
3262 1952 3406 2007 gyro
3441 1953 3582 2000 meo.
3615 1938 3861 1992 εῑοὶτειυη·

625 2026 726 2079 sub
748 2026 1010 2091 fomento,
1050 2039 1104 2083 et
1133 2030 1377 2085 custodia
1416 2032 1640 2086 rationis
1668 2042 1921 2100 aguntur.
1950 2032 2017 2085 Et
2040 2032 2213 2086 inimi-

624 2133 716 2172 cus
730 2135 813 2174 eos
830 2123 1119 2187 consumit,
1138 2124 1523 2180 cunuliscreta:
1547 2126 1812 2182 hactenus
1840 2126 2007 2183 menti
2040 2127 2211 2183 chaos

625 2213 1024 2271 tenebrositatis
1046 2216 1273 2273 inducit.

1235 2310 1463 2368 CAPUT
1502 2312 1590 2368 lll.

1320 2420 1511 2460 ALEPll.

695 2494 858 2549 Vens.
891 2493 941 2548 1.
969 2525 1038 2535 -—
1072 2513 1089 2547 ι
1128 2493 1238 2565 Ego
1276 2496 1359 2550 vir
1390 2498 1578 2553 videns
1618 2506 1990 2567 paupertatem
2029 2516 2205 2556 meam

626 2604 644 2636 ι
695 2585 746 2638 in
780 2585 928 2656 virga
971 2586 1357 2655 indignationis
1388 2586 1524 2656 ejus.
1562 2610 1580 2642 ι
1615 2588 1670 2644 lu
1710 2590 1814 2645 hoc
1845 2592 2003 2646 tertio
2029 2592 2207 2662 alpha-

616 2677 744 2732 heto
793 2678 1179 2733 attendendum
1226 2680 1442 2735 videtur
1485 2683 1626 2751 quod
1665 2683 1892 2754 singulis
1924 2686 2206 2742 versiculis

622 2768 781 2824 tertio
812 2768 986 2823 littera
1014 2785 1241 2841 quaeque
1270 2774 1550 2844 repetitur.
1579 2775 1634 2831 ln
1676 2791 1783 2847 quo
1807 2776 1999 2848 conjici
2029 2787 2205 2847 potest

615 2862 780 2928 quod,
812 2872 1045 2932 quatuor
1071 2864 1214 2920 modi
1240 2866 1496 2934 peccandi
1528 2883 1650 2921 cum
1668 2868 1798 2933 sint,
1825 2871 2101 2941 suggestio
2125 2870 2204 2926 vi-

613 2954 827 3019 delicet,
885 2955 1193 3022 delectatio,
1224 2972 1522 3015 consensus
1548 2969 1600 3015 et
1629 2963 1796 3027 actio,
1834 2963 1887 3017 in
1925 2962 2041 3017 solo
2072 2979 2203 3019 con-

616 3062 776 3102 sensu
802 3048 973 3117 major
1019 3049 1324 3106 adhibenda
1356 3054 1421 3108 sit
1458 3054 1686 3110 rationis
1708 3063 1761 3109 et
1786 3055 2044 3111 doctrinae
2071 3071 2201 3112 cauv

616 3141 713 3197 tio.
741 3141 797 3197 Si
830 3143 974 3199 enim
1006 3160 1328 3201 consensum
1353 3147 1575 3218 spiritus
1605 3148 1897 3206 rebellione
1918 3165 2194 3218 coerceas,

2322 2042 2340 2075 ‹
2388 2022 2533 2078 dedit
2563 2039 2647 2078 me
2676 2023 2798 2079 felle
2828 2034 2881 2080 ct
2904 2024 3106 2080 labore.
3150 2046 3167 2077 ι
3194 2026 3268 2081 In
3290 2045 3426 2098 gyro
3454 2036 3638 2083 nostro
3664 2028 3856 2093 aedificat,

2317 2131 2436 2171 cum
2468 2132 2578 2183 res,
2605 2132 2741 2187 quas
2768 2131 3106 2189 appetamus,
3127 2120 3409 2189 etquibus
3437 2120 3720 2174 introrsum
3736 2118 3857 2188 magis

2313 2209 2685 2276 obstruamur,
2713 2213 3074 2283 undecunque
3105 2212 3467 2284 multiplicat.
3505 2210 3642 2267 Felle
3664 2223 3705 2266 et
3727 2212 3853 2266 labore

2313 2299 2642 2365 circumdat.
2667 2303 2935 2358 cumdure
2966 2306 3262 2360 amareScit
3288 2311 3579 2374 peccatum
3628 2302 3750 2374 quod
3770 2316 3851 2372 per-

2310 2402 2510 2464 petrat,
2569 2403 2623 2450 et
2672 2404 2855 2451 tamen
2906 2396 2973 2451 ad
3018 2408 3243 2468 peccata
3277 2399 3641 2470 perpetranda
3670 2396 3844 2452 laborat.

2312 2486 2499 2560 (Vens.
2528 2486 2605 2560 6.)
2645 2506 2663 2541 t
2693 2489 2747 2544 In
2776 2489 3079 2546 tenebrosis
3104 2490 3400 2547 collocavit
3442 2507 3549 2558 me,
3581 2488 3718 2561 quasi
3742 2503 3846 2543 mor-

2316 2598 2335 2633 ι
2382 2591 2503 2635 tuos
2550 2582 2935 2652 sempiternos.
2996 2604 3015 2636 ι
3066 2580 3133 2639 In
3162 2583 3462 2639 tenebrosis
3508 2581 3734 2645 collocat,
3756 2596 3841 2635 cum

2303 2676 2416 2747 jam
2472 2692 2577 2731 non
2631 2678 2871 2745 horaria,
2926 2679 3021 2734 sed
3076 2680 3233 2751 quasi
3283 2678 3466 2745 stabili
3499 2679 3717 2733 animum
3744 2676 3841 2729 Deus

2309 2768 2627 2824 confusione
2676 2754 3021 2837 condemnat,
3073 2781 3126 2826 ct
3160 2772 3265 2828 hoc
3291 2772 3451 2844 quasi
3476 2767 3837 2831 mortuossempi-

2308 2870 2503 2927 ternos,
2546 2863 2753 2918 scilicet
2782 2865 2935 2934 quasi
2966 2880 3059 2921 eos
3115 2865 3210 2937 qui
3268 2879 3551 2937 nunquam
3577 2858 3837 2933 resipuerint

2307 2954 2375 3010 ad
2410 2955 2619 3027 aliquos
2646 2967 2798 3013 actus
2828 2958 3019 3014 bonos.

2991 3062 3208 3105 ωιηιει.

2375 3137 2544 3196 Vens.
2573 3141 2624 3197 7.
2649 3171 2718 3182 -—
2762 3160 2781 3194 ι
2826 3134 3348 3198 Circumaadilicavit
3380 3141 3660 3197 adversum
3688 3150 3770 3197 me.
3788 3142 3827 3186 ut

610 3249 886 3304 nunquam
920 3234 1013 3290 tibi
1032 3236 1320 3306 seinger’et
1342 3237 1394 3292 in
1428 3236 1567 3292 foeda
1588 3237 1800 3294 actione
1816 3240 1958 3310 quod
1990 3239 2193 3295 doleas.
2225 3276 2267 3335 C
2309 3250 2328 3283 ι
2378 3249 2483 3288 non
2541 3235 2829 3306 egl‘emal‘;
2882 3235 3194 3305 aggravavit
3246 3238 3566 3304 Compede
3613 3242 3776 3335 mefm'
3810 3242 3822 3274 ³

611 3327 749 3383 Sunt
796 3344 926 3401 ergo
972 3330 1189 3399 quidam
1239 3331 1329 3401 qui
1370 3332 1644 3398 labuntur,
1677 3333 1767 3390 sed
1800 3334 2006 3405 lapsum
2037 3350 2195 3391 suum

2318 3322 2538 3391 Shimel,
2566 3325 2853 3395 plenitudo.
2890 3326 3175 3380 Adversum
3210 3343 3335 3392 nos,
3357 3335 3417 3381 ut
3440 3322 3823 3395 nonegrediamur

607 3423 1079 3493 perspicacissime
1134 3426 1451 3481 metiuntur.
1487 3426 1585 3482 llic
1618 3427 1782 3498 igitur
1813 3429 2038 3499 quilibet
2077 3430 2196 3484 talis

606 3516 898 3586 eloquitur.
932 3517 1097 3572 Suam
1150 3519 1298 3574 videt
1321 3532 1678 3591 paupertatem
1708 3524 1761 3578 in
1785 3523 1926 3595 virga
1952 3525 2193 3596 indigna-

605 3610 766 3664 tionis
797 3609 914 3674 Dei,
944 3610 1036 3681 qui
1069 3611 1232 3665 animi
1264 3614 1344 3669 sui
1377 3614 1665 3685 vigilanter
1683 3619 1913 3672 attendit
1934 3618 2190 3688 impiam,

606 3701 1020 3755 etinteruarum
1071 3702 1269 3757 virium
1320 3704 1814 3775 depopulationem,
1846 3707 1972 3761 dum
2010 3707 2193 3764 divina

606 3794 1009 3849 animadversio
1064 3794 1196 3848 inibi
1243 3796 1417 3861 erevit,
1450 3798 1541 3853 sed
1569 3798 1672 3853 nisi
1718 3813 1841 3853 cum
1874 3800 2192 3868 poenitentia

606 3888 920 3953 intervenit,
954 3904 1298 3959 nequaquam
1326 3890 1378 3944 in
1412 3889 1627 3961 longum
1660 3905 1813 3946 meus
1839 3892 1954 3960 ipsa
1981 3892 2190 3949 discer-

606 3980 707 4035 nit.
748 3979 902 4036 Unde
954 3988 1011 4036 et
1059 3982 1139 4035 vir
1182 3981 1400 4046 dicitur,
1449 3983 1538 4051 qui
1565 3983 1760 4038 damna
1796 3999 1894 4039 sua
1942 4000 2047 4040 non
2075 3985 2192 4043 sine

606 4071 938 4127 conscientia
971 4070 1184 4142 lugubri
1215 4073 1633 4142 contemplatur,
1663 4074 1756 4129 sed
1784 4076 2033 4145 sequitur
2065 4094 2080 4132 :

676 4165 842 4219 Vens.
875 4163 930 4219 2.
954 4194 1024 4205 -
1060 4183 1078 4217 ι
1116 4163 1181 4219 Ει
1217 4181 1302 4220 me
1333 4165 1581 4231 minavit,
1627 4175 1682 4222 et
1709 4167 1933 4222 adduxit
1960 4168 2012 4223 in
2045 4176 2192 4225 tene-

608 4273 628 4306 ι
674 4254 823 4321 bras,
855 4265 911 4311 et
937 4271 1044 4310 non
1102 4256 1157 4312 in
1190 4256 1383 4312 lucem.
1428 4277 1447 4312 ι
1482 4259 1645 4314 Minat
1677 4275 1799 4316 cum
1832 4260 2072 4315 rediviva
2100 4262 2188 4318 de-

599 4346 821 4403 lectatio
874 4357 1114 4404 mentem
1156 4364 1187 4403 a
1226 4350 1309 4405 sui
1361 4350 1796 4407 consideratione
1840 4352 2190 4409 subducendo

599 4448 928 4511 sequestrat.
976 4439 1045 4493 In
1097 4440 1336 4496 tenebras
1384 4441 1625 4507 adducit,
1669 4458 1789 4497 cum
1819 4444 1887 4499 ad
1909 4444 1991 4500 sui
2021 4445 2190 4516 ipsius

599 4533 967 4605 ignorantiam
1007 4533 1196 4589 trahit.
1247 4531 1362 4588 Tali
1402 4534 1577 4590 cuivis
1613 4534 1842 4603 dicitur;
1881 4555 1899 4588 ‹
1942 4535 2188 4593 Statuam

2302 3416 2763 3481 circumzedilicat,
2789 3435 2911 3473 eum
2944 3419 3265 3476 occasiones
3292 3419 3436 3475 male
3461 3414 3661 3489 agendi,
3682 3410 3822 3482 quibus

2302 3525 2366 3565 ac
2389 3510 2432 3566 si
2463 3526 2684 3567 carcere
2707 3513 2953 3584 corporis
3003 3513 3149 3570 vitiis
3188 3511 3633 3569 irremissibiliter
3650 3502 3818 3560 obstrin-

2298 3619 2513 3675 gamur,
2537 3604 2686 3673 justo
2714 3604 2921 3676 judicio
2954 3607 3319 3678 undecunque
3345 3606 3627 3661 ministrat.
3656 3596 3815 3663 Compt-

2297 3698 2412 3751 dem
2440 3707 2684 3753 nostrum
2719 3710 3000 3772 aggravat,
3038 3717 3161 3756 cum
3193 3700 3437 3758 carnalis
3462 3696 3702 3770 appetitus
3719 3686 3813 3743 mole

2299 3786 2632 3843 alacritatem
2665 3790 2889 3860 spiritus
2923 3800 3136 3847 onerat.

2371 3876 2535 3935 Vens.
2565 3879 2616 3936 8.
2647 3910 2718 3922 —
2748 3900 2768 3933 ‹
2807 3880 2911 3937 Sed
2936 3893 2990 3938 et
3017 3898 3141 3938 cum
3172 3882 3483 3939 clamavero
3522 3886 3571 3934 et
3597 3879 3807 3943 τοὲπθτθν

2301 3990 2320 4023 ‹
2365 3972 2593 4028 exclusit
2614 3974 2914 4030 orationem
2951 3990 3146 4031 meam.
3188 3997 3209 4030 ›
3248 3975 3390 4032 Ecce
3421 3971 3674 4047 plenitudo
3691 3956 3807 4056 malos

2296 4076 2436 4116 rum.
2489 4060 2818 4130 Clamamus,
2862 4080 2985 4120 cum
3040 4066 3253 4136 peccati
3307 4046 3586 4121 atrocitate
3630 4046 3805 4110 θοοηηε

2294 4153 2467 4208 nostri
2484 4155 2684 4226 gemitu
2707 4154 3020 4226 irrugimus.
3046 4149 3345 4230 Rogauius,
3376 4172 3497 4213 cum
3520 4149 3802 4223 qualicun‘luc

2293 4246 2395 4301 etsi
2450 4248 2642 4318 vapido
2688 4249 2853 4303 animi
2902 4258 3064 4318 statu,
3112 4268 3220 4308 non
3280 4264 3390 4307 tam
3421 4248 3667 4305 orationes
3688 4245 3799 4307 quam

2293 4341 2600 4396 orationum
2617 4343 2907 4399 simulacra
2928 4360 3270 4403 exercemus.
3290 4343 3477 4403 Oratio
3501 4350 3657 4397 tamen
3681 4322 3799 4430 etcla-

2293 4436 2459 4503 ditur,
2494 4453 2611 4508 qua:
2637 4442 2740 4495 sub
2771 4443 2980 4510 peccati
2996 4443 3154 4516 juxta
3199 4446 3467 4519 psalmum
3496 4434 3666 4494 affectu
3684 4424 3795 4482 eme"

2293 4536 2383 4584 tur
2413 4528 2586 4601 (Psal.
2618 4548 2773 4601 cvm,
2806 4534 2881 4605 7).

599 4634 654 4679 te
682 4635 868 4681 contra
922 4625 1116 4683 faciem
1170 4636 1317 4683 tuam
1343 4628 1514 4699 (Psal.
1544 4645 1688 4696 χιιι,
1720 4630 1831 4701 21).
1866 4650 1884 4682 ι
1913 4631 1979 4686 Et
2008 4649 2111 4686 non
2134 4632 2187 4687 in
2221 4644 2266 4700 ι)
2364 4625 2528 4681 Vens.
2551 4628 2603 4684 9.
2634 4659 2705 4671 —
2736 4648 2754 4681 ‹
2791 4628 3069 4686 Conclusit
3100 4631 3219 4687 vias
3262 4645 3415 4687 meas
3455 4619 3689 4696 lapidibus
3704 4617 3789 4675 till"

599 4714 769 4770 lucem
807 4718 1114 4788 adducitur,
1156 4736 1279 4776 cum
1325 4739 1432 4777 non
1468 4723 1547 4777 sui
1590 4723 1699 4778 sola
1731 4724 2061 4795 cognitione,
2092 4726 2188 4782 sed

600 4809 764 4865 etiam
800 4812 963 4868 totius
981 4814 1123 4868 sacri
1153 4814 1371 4885 eloquii,
1406 4817 1546 4889 quod
1566 4818 1742 4876 littera
1767 4828 1951 4877 nostra
1982 4820 2182 4888 sonuit,

595 4904 684 4974 pia
709 4907 1017 4963 eruditione
1045 4910 1298 4985 nudatur.

666 4998 830 5054 Vens.
860 5000 914 5054 5.
943 5031 1012 5041 —-
1044 5018 1062 5052 ‹
1100 4999 1331 5057 Tantum
1376 5002 1432 5059 in
1490 5020 1578 5060 me
1620 5005 1781 5061 vertit
1830 5014 1885 5062 et
1918 5007 2184 5063 convertit

598 5109 621 5145 ι
667 5106 885 5147 manum
927 5109 1080 5148 suam
1124 5103 1234 5150 tota
1267 5096 1373 5151 die.
1426 5116 1443 5148 ι
1491 5097 1643 5164 Quod
1674 5107 1758 5152 est
1788 5098 1971 5153 dicere
2001 5112 2014 5152 :
2047 5096 2183 5153 Cum

590 5185 736 5241 Deus
760 5186 1193 5244 animadvertere
1222 5188 1275 5242 in
1296 5188 1447 5249 vitia.
1477 5203 1597 5257 quae
1626 5204 1711 5243 me
1730 5189 2062 5259 opprimunt,
2092 5189 2183 5245 deo

588 5280 815 5345 nuisset,
879 5280 1011 5349 ipsis
1065 5283 1263 5337 erectis
1294 5284 1360 5335 ειεὶ
1390 5282 1495 5336 mei
1536 5290 1743 5336 tantum
1772 5283 2180 5353 oppressionem

589 5372 1027 5429 animadversum
1051 5383 1151 5429 est.
1169 5374 1280 5429 Nec
1304 5375 1406 5429 hoc
1434 5374 1631 5443 solum,
1660 5377 1753 5433 sed
1777 5393 1996 5432 manum
2023 5393 2177 5433 suam

586 5472 699 5520 tota
727 5466 810 5520 die
832 5468 1123 5532 convertit,
1145 5468 1347 5538 iugiter
1376 5467 1583 5523 scilicet
1614 5468 1914 5525 subsidium
1946 5471 2173 5527 interna}

584 5559 974 5616 consolationis
997 5576 1081 5615 me
1120 5561 1371 5616 indurato
1388 5562 1598 5617 avertit.
1636 5563 1789 5620 Unde
1812 5574 1896 5621 est
1922 5566 2065 5637 quod
2088 5565 2171 5620 di-

582 5652 757 5709 lectus
785 5671 1003 5710 manum
1032 5671 1186 5712 suam
1212 5658 1377 5714 mittit
1402 5675 1500 5730 per
1528 5659 1771 5717 foramen
1804 5663 1981 5735 (Cant.
2012 5680 2066 5730 v,
2093 5662 2169 5736 4).

1296 5768 1451 5809 Βετιι.

654 5837 822 5893 Vens.
847 5838 902 5893 4.
932 5867 1003 5879 -
1027 5859 1045 5892 ι
1082 5839 1369 5900 Vetustam
1404 5845 1533 5903 fecit
1552 5848 1747 5916 pellem
1761 5866 1959 5917 meam,
1984 5860 2041 5908 et
2057 5867 2174 5909 car-

592 5946 613 5981 s
657 5944 781 5987 nem
806 5944 1005 6000 meam,
1038 5935 1296 5993 contrivit
1324 5953 1449 5995 ossa
1481 5955 1621 5997 mea.
1664 5959 1682 5993 ι
1719 5941 1872 6013 Beth,
1907 5945 2169 6016 confusio.

2298 4739 2317 4774 s
2360 4720 2493 4790 dris,
2509 4723 2893 4779 scmitasmeas
2913 4725 3198 4780 subvertit.
3231 4746 3249 4779 ι
3272 4724 3383 4780 Via:
3400 4727 3582 4776 nostra:
3595 4700 3785 4780 Ιαρὶάὶδιε

2289 4814 2506 4884 quadris
2530 4814 2943 4884 concluduntur,
2979 4832 3102 4872 cum
3131 4833 3320 4873 eorum
3361 4807 3590 4880 exempl0
3615 4799 3782 4896 νε”¹,⁰⁸⁴ῗ’

2289 4906 2382 4977 qui
2432 4922 2594 4977 super
2636 4917 2836 4963 terram
2862 4908 3005 4965 volvi
3029 4911 3303 4981 dicuntur,
3334 4919 3513 4965 eorum
3535 4895 3680 4970 potius
3700 4895 3779 4981 inn:

2290 4974 2517 5070 talione,
2574 5003 2665 5071 qui
2715 5018 2781 5058 ex
2825 5004 2974 5059 omni
3016 5013 3169 5076 parte
3201 5015 3357 5061 terra:
3397 4974 3779 5076 funditusbitff‘i‘

2286 5094 2407 5160 viae,
2452 5095 2505 5150 id
2560 5104 2643 5151 est
2701 5111 2935 5169 nequam
2990 5098 3234 5154 actiones
3273 5095 3586 5151 minuuntur.
3619 5072 3774 5169 seu)“

2284 5186 2694 5253 subvertuntur,
2723 5168 2846 5243 cum
2879 5184 3354 5261 intentiones,qua:
3378 5183 3540 5240 minus
3563 5168 3772 5233 conspica'

2283 5279 2419 5338 biles
2445 5290 2590 5349 sunt,
2621 5282 2827 5352 pariter
2840 5283 3228 5355 depravantur.

2958 5393 3190 5434 Dstern.
3619 5438 3673 5457 η,

2356 5466 2517 5524 Vens.
2548 5468 2636 5524 10.
2659 5500 2731 5510 ——
2762 5489 2781 5522 ι
2814 5470 2986 5528 Ursus
3014 5472 3274 5528 insidians
3299 5467 3461 5524 factus
3484 5462 3557 5513 est
3573 5442 3691 5544 milli:

2285 5584 2304 5618 ι
2355 5564 2409 5618 in
2457 5564 2812 5621 absconditis.
2854 5584 2872 5617 ›
2915 5565 3127 5633 Dalcth,
3177 5535 3757 5666 ῑιιιενρτοιέεςτ

2281 5658 2345 5714 Ει
2372 5659 2500 5730 quid
2528 5667 2612 5715 est
2638 5659 2813 5726 nasci,
2859 5660 2962 5715 nisi
3025 5630 3121 5732 per
3151 5630 3329 5732 pravae
3368 5644 3514 5742 253

2278 5754 2688 5823 conceptionem
2720 5753 2788 5809 ad
2815 5754 3044 5810 crimina
3068 5750 3357 5811 informari
3381 5747 3402 5800 ἲ
3426 5740 3560 5797 llauc

2278 5859 2389 5907 tem
2409 5851 2511 5906 Job
2555 5860 2610 5908 et
2635 5848 2901 5907 Jeremias
2943 5851 3325 5909 maledicentia
3355 5804 3753 5949 d‘f'wf'ﬂr'g:

2278 5960 2359 6013 ttt,
2388 5945 2410 5999 1
2436 5961 2450 6013 ;
2484 5943 2599 6001 Jer.
2629 5960 2719 6014 xx,
2760 5944 2871 6015 14).
2897 5945 2985 6003 Fit
3014 5961 3144 6018 ergo
3168 5948 3316 6004 Deus
3342 5936 3419 5996 isti
3443 5913 3700 5987 nativitatiP

3707 5430 3761 5483 leo

3808 431 3887 496 668
