4038 6330
235 385 369 451 469

868 382 1326 443 TROPOLOGIE
1356 383 1425 442 IN
1460 384 1657 456 OSEE,
1697 383 1885 444 ΑΜοὸ
1908 385 2161 446 ETJER.
2187 421 2257 433 —
2282 390 2411 459 LIB.
2455 390 2521 448 V.
2561 391 2629 447 IN
2667 390 2811 449 JER.

3416 388 3525 445 470

238 526 406 571 mum
433 524 596 566 ursus
636 502 923 573 insidians,
963 504 1017 561 id
1050 514 1131 561 est
1158 504 1345 562 feralis
1385 506 1661 578 appetitus
1688 507 1834 563 inte-
1862 510 1911 568 A
1941 508 2087 563 salus
2114 510 2230 580 ejus
2270 510 2336 564 ad
2377 511 2639 565 incuriam
2671 509 2992 565 destinatur.
3042 507 3307 561 Bonorum
3340 507 3527 563 oblivi-

236 609 401 666 riora
432 612 618 661 nostra
654 612 849 658 cuncta
894 602 997 656 sibi
1050 602 1324 672 subigens.
1379 601 1642 658 Ursorum
1689 602 1834 656 enim

240 708 339 757 est
358 707 565 754 natura:
587 695 848 767 quidquid
862 694 1088 764 pedibus
1110 696 1466 764 applicuerint
1492 695 1830 750 conculcare.

242 792 468 848 Dicitur
501 798 681 843 autem
713 802 742 840 a
772 786 884 841 Deo
913 786 965 841 id
990 785 1129 851 ﬁeri,
1191 788 1335 856 quod
1362 786 1473 839 ﬁeri
1506 787 1832 856 permiserit.

245 882 433 946 Unde,
452 882 505 936 in
526 879 684 944 Osee,
710 879 865 950 quasi
884 892 1065 933 ursam
1091 892 1150 932 se
1178 876 1418 932 futurum
1448 880 1618 948 raptis
1641 877 1837 934 catulis

242 983 544 1030 attestatur
575 972 719 1044 (Ose.
752 986 874 1035 xm,
898 970 974 1040 8).
1016 969 1104 1024 Fit
1126 969 1210 1025 leo
1249 971 1303 1022 in
1338 970 1679 1031 absconditis,
1708 984 1837 1023 cum

190 1074 199 1083 ‘
244 1065 522 1138 quidquid
542 1064 667 1120 mali
684 1063 1010 1134 suggeritur,
1028 1060 1331 1130 inexplebili
1349 1060 1607 1116 ariditate
1633 1059 1833 1115 haurit.

244 1159 466 1215 Natura
495 1158 640 1211 enim
671 1156 841 1210 leonis
871 1163 953 1210 est
984 1162 1043 1208 ut
1077 1153 1241 1209 oblati
1266 1154 1484 1224 pecoris
1503 1163 1629 1208 ante
1659 1160 1835 1208 totum

250 1250 579 1322 sanguinem
608 1248 790 1302 ebibat
813 1261 972 1315 quam
1002 1260 1195 1300 carnes
1217 1245 1467 1315 attingat.
1510 1242 1678 1298 Ursus
1706 1257 1837 1312 ergo

243 1342 556 1406 insidians,
609 1340 849 1395 exterior
901 1353 1093 1393 sensus
1153 1347 1240 1393 est
1298 1352 1576 1407 aucupans
1640 1337 1721 1390 leo
1771 1336 1828 1388 in

245 1433 600 1499 absconditis,
622 1432 688 1486 ad
710 1431 1034 1500 explendum
1073 1431 1382 1486 immanitas
1412 1430 1632 1485 mentis.

328 1520 495 1581 Vsus.
530 1524 617 1577 tl.
644 1552 715 1565 --
750 1542 767 1574 ι
802 1521 1038 1577 Semitas
1062 1538 1210 1577 meas
1232 1523 1517 1591 subvertit,
1542 1531 1597 1578 et
1622 1519 1842 1577 confre-

253 1634 279 1671 ι
330 1617 408 1684 git
443 1630 529 1670 me
563 1614 786 1685 :posuit
826 1630 913 1668 me
941 1615 1258 1670 desolatam.
1298 1634 1319 1668 ι
1356 1615 1577 1672 Semitas
1619 1615 1843 1672 subver-

248 1718 469 1776 tuntur,
497 1724 618 1764 cum
648 1718 773 1764 ante
820 1708 1028 1763 ruinam
1080 1709 1395 1779 plerumque
1444 1709 1703 1764 exultatio
1732 1710 1842 1780 ιιι-ξε

247 1815 381 1859 vata
406 1800 775 1858 confunditur.
808 1802 1009 1856 Deinde
1034 1802 1409 1870 confringitur,
1434 1816 1557 1857 cum
1579 1804 1841 1873 quidquid

249 1895 407 1969 intus
434 1901 551 1949 erat
578 1892 788 1964 insigne
840 1893 1144 1964 deponitur.
1196 1893 1498 1959 Desolatur,
1556 1910 1679 1949 cum
1733 1894 1843 1950 Deo

250 1988 570 2045 habitatore
621 1988 885 2057 privatur.
939 1987 1124 2052 (Vens.
1162 1987 1247 2057 12)
1287 2007 1305 2040 ‹
1362 1988 1614 2044 Tetcntlit
1656 2004 1845 2045 arcum

258 2100 277 2133 ι
330 2097 509 2144 suum,
548 2089 604 2135 et
628 2080 807 2148 posuit
834 2094 922 2135 me
943 2080 1094 2151 quasi
1128 2080 1340 2150 signum
1388 2082 1452 2135 ad
1502 2083 1774 2152 sagittam.
1821 2101 1840 2134 ι

249 2178 449 2231 Arcum
470 2192 623 2229 suum
650 2176 841 2243 tendit,
868 2192 989 2232 cum
1036 2175 1330 2246 Scriptura:
1357 2179 1659 2233 sententias
1693 2178 1848 2233 habi-

254 2266 335 2327 tui
368 2278 553 2321 nostro
604 2268 993 2322 convenientes
1020 2264 1287 2323 obtendit.
1344 2268 1510 2334 Quasi
1541 2272 1747 2339 signum
1777 2272 1847 2323 ad

256 2360 509 2427 sagittam
538 2374 636 2413 nos
663 2360 838 2429 ponit,
876 2375 996 2414 cum
1028 2360 1222 2415 divina:
1253 2360 1475 2415 ultionis
1501 2360 1683 2430 jaeula
1713 2360 1850 2415 divi-

254 2448 408 2504 nitus
438 2450 692 2505 intentari
724 2450 825 2505 sub
868 2452 1125 2507 continuo
1157 2453 1351 2508 timore
1381 2453 1665 2523 depromit.

335 2636 498 2692 Vens.
548 2636 634 2690 15.
687 2667 757 2677 —
798 2656 816 2688 ι
848 2636 993 2693 Misit
1024 2638 1076 2691 in
1121 2638 1341 2693 renibus
1388 2637 1525 2694 ﬁlias
1580 2639 1851 2710 pharetra!

267 2746 289 2781 ο
333 2744 461 2782 smn.
499 2746 518 2780 ι
554 2728 649 2791 Hc,
705 2729 1097 2799 interpretatur
1138 2730 1303 2784 salus.
1334 2729 1473 2798 Quid
1502 2733 1645 2786 enim
1699 2732 1850 2787 salu-

260 2818 416 2874 brius
443 2836 604 2889 quam
635 2836 848 2890 semper
872 2822 1053 2893 urgeri
1103 2823 1409 2878 divinorum
1451 2824 1740 2878 verberum
1783 2824 1849 2878 ti-

262 2910 544 2965 moribus?
570 2911 718 2966 Filiaz
750 2912 1011 2982 pharetra:
1062 2914 1129 2969 ad
1163 2914 1399 2970 litteram
1444 2915 1519 2969 nil
1549 2916 1691 2969 aliud
1722 2924 1853 2972 sunt

265 3015 425 3069 quam
466 3002 694 3067 sagittae.
722 2999 889 3057 Filias
912 3004 1172 3073 pharetra:
1194 3006 1248 3058 in
1274 3004 1483 3060 renibus
1507 3007 1693 3071 mittit,
1727 3023 1848 3061 cuin

267 3094 488 3163 Superni
541 3096 750 3151 consilii
782 3098 1071 3153 sententiis
1124 3100 1535 3168 cogitationum,
1576 3100 1849 3157 t'cletiam

265 3188 509 3257 corporis
539 3190 706 3244 nostri
730 3190 1117 3247 delectamenta
1150 3192 1390 3264 contigit.

342 3282 503 3336 Vsus.
540 3282 624 3339 14.
651 3312 723 3322 —
761 3302 779 3335 ι
807 3283 1007 3339 Factus
1046 3300 1166 3338 sum
1209 3285 1262 3340 in
1297 3286 1533 3340 derisum
1564 3287 1712 3342 omni
1759 3301 1854 3355 ρος

275 3393 295 3427 s
341 3376 464 3444 pulo
494 3391 634 3439 meo,
662 3376 934 3431 canticum
964 3392 1149 3431 eorum
1183 3387 1291 3432 tota
1322 3379 1429 3433 die.
1462 3397 1485 3430 ν
1527 3380 1614 3435 Fit
1639 3381 1690 3435 in
1716 3380 1857 3434 deri-

268 3486 381 3524 sum
406 3468 595 3538 papulo
621 3484 740 3536 suo,
777 3485 900 3523 cum
936 3470 1062 3538 ipsze
1098 3472 1456 3540 cegitationcs
1486 3472 1661 3528 nullos
1690 3474 1855 3543 empti

272 3564 352 3618 sui
386 3565 553 3617 bonos
574 3578 859 3618 successus
891 3564 1158 3634 spondent
1185 3564 1400 3632 spiritui
1443 3580 1560 3619 suo.
1609 3565 1739 3619 Tota
1769 3567 1859 3621 die

273 3673 451 3709 eorum
498 3657 766 3711 canticum
835 3657 916 3723 tit,
967 3673 1090 3712 cum
1150 3657 1458 3726 frequentia
1514 3660 1857 3731 cogitationis

280 3749 535 3818 quidquid
564 3751 688 3804 boni
722 3750 983 3819 propositi
1009 3750 1291 3820 arripitur,
1321 3751 1475 3821 quasi
1500 3764 1623 3807 mox
1658 3753 1857 3808 transi-

276 3854 455 3900 turum
484 3844 535 3898 in
567 3844 709 3915 vulgi
753 3843 1013 3905 fabulam.
1051 3844 1105 3899 in
1128 3844 1345 3900 modum
1390 3843 1687 3916 cuiuspiam
1720 3846 1859 3901 ludi-

274 3939 369 3999 cri,
404 3939 721 3994 arbitratur.

349 4030 510 4085 Vens.
538 4032 623 4085 15.
652 4060 723 4072 --
758 4049 777 4084 ι
822 4030 1069 4102 Iteplevit
1119 4047 1204 4087 me
1235 4032 1711 4101 amaritudinibus,
1740 4033 1859 4089 iue-

281 4142 300 4175 t
346 4124 543 4178 briavit
571 4125 863 4180 absinthio:
919 4145 937 4178 ι
990 4125 1446 4180 Amaritudiuibtts
1476 4127 1734 4196 repletur,
1765 4128 1858 4197 qui

274 4226 713 4287 perpetratorum
732 4218 1034 4274 facinorum
1060 4219 1485 4288 ptenitndinibns
1508 4221 1599 4275 sed
1620 4236 1859 4277 momen.

279 4308 452 4361 taneis
480 4317 809 4363 eoarctatur.
838 4309 1142 4366 lnebriatur
1179 4310 1461 4373 absint/tio,
1501 4311 1589 4379 qui
1620 4314 1860 4383 appetitu

278 4396 581 4451 exardescit
607 4408 661 4452 et
688 4400 994 4463 ingemiscit
1029 4402 1283 4455 admisso.
1321 4399 1661 4472 Voluptatum
1692 4405 1855 4471 enim,

280 4492 354 4545 ait
379 4490 620 4559 quidam,
651 4493 955 4562 appetentis
981 4494 1139 4563 plena
1171 4495 1463 4551 anxietatis
1499 4505 1601 4563 est,
1636 4498 1857 4554 satietas

278 4599 405 4639 vero
429 4585 780 4653 poenitentiae.

1012 4693 1137 4734 νΑυ.

348 4766 511 4822 Vsus.
549 4769 637 4824 16.
676 4800 746 4811 -—
809 4788 827 4822 ι
882 4770 948 4825 Et
1005 4769 1166 4842 fregit
1218 4773 1284 4827 ad
1332 4788 1614 4829 numerum
1672 4774 1861 4831 dentes

285 4879 303 4913 ι
345 4875 517 4929 meos,
545 4863 749 4918 cibavit
782 4877 868 4917 me
897 4864 1100 4919 cinere.
1135 4883 1153 4915 ι
1216 4866 1344 4928 Van,
1395 4866 1593 4921 dicitur
1639 4877 1686 4922 et
1728 4867 1857 4923 ille:

281 4952 433 5021 Quod
454 4964 536 5009 est
566 4973 581 5010 ;
616 4954 682 5009 Et
719 4956 833 5021 ille,
855 4957 945 5026 qui
984 4956 1240 5027 pra-dicta
1273 4959 1424 5024 milii,
1458 4960 1552 5014 sed
1588 4977 1693 5015 non
1723 4960 1858 5028 inju—

280 5044 357 5099 ria
384 5045 589 5116 intulit,
615 5046 768 5117 fregit
794 5047 861 5101 ad
887 5064 1184 5113 numerum,
1224 5049 1275 5103 id
1299 5058 1382 5103 est
1422 5061 1681 5121 quotquot
1706 5060 1853 5118 sunt,

281 5137 456 5197 dentes
489 5156 646 5205 meos,
700 5140 1194 5196 intellectualitates
1234 5141 1439 5196 scilicet
1487 5145 1681 5213 quibus
1709 5161 1857 5199 com-

280 5231 530 5288 tuolinius
554 5234 811 5305 quidquid
856 5234 1077 5304 dignum
1109 5235 1360 5305 scrupulo
1411 5238 1728 5308 cogitamus.
1769 5238 1856 5293 Ci-

280 5342 399 5379 nere
425 5340 525 5382 nos
551 5327 713 5391 cibat,
742 5328 833 5398 qui
864 5331 1069 5398 peccati
1112 5330 1512 5387 refricationem
1551 5350 1672 5388 cum
1715 5335 1857 5391 dele-

280 5414 516 5499 ctatione
546 5419 700 5474 nobis
728 5419 1040 5478 inviscerat.
1073 5422 1185 5479 Hoc
1206 5422 1359 5490 facit,
1381 5426 1471 5495 qui
1499 5425 1612 5482 ﬁeri
1637 5430 1859 5498 permit-

281 5510 362 5563 tit.

353 5598 518 5658 Vens.
552 5604 638 5658 17.
659 5634 730 5646 -——
763 5622 783 5656 ι
816 5604 883 5660 Et
917 5606 1126 5677 repulsa
1150 5615 1233 5663 est
1277 5607 1459 5664 anima
1495 5624 1633 5673 mea,
1663 5609 1861 5666 oblitus

290 5712 307 5747 t
353 5711 469 5751 sum
520 5698 807 5755 bonorum.
850 5718 868 5753 ι
905 5701 1094 5756 Anima
1141 5712 1325 5759 nostra
1382 5703 1677 5774 repellitur,
1737 5720 1859 5760 cum

1939 603 2128 666 scitur,
2179 604 2289 671 qui,
2328 605 2573 671 quamvis
2631 603 2787 657 malis
2842 600 3115 654 intestinis
3167 590 3523 667 opprimatur,

1940 681 2200 748 bonorum
2227 705 2400 749 tamen
2427 711 2544 764 qnte
2588 695 2733 760 fecit,
2758 704 2852 748 aut
2873 709 2992 764 qum
3020 694 3070 746 in
3101 692 3321 763 prtemio
3343 691 3530 747 sortiri

1938 796 2136 857 potest,
2166 790 2423 842 memoria
2452 789 2597 842 nullo
2623 789 2782 842 modo
2812 787 3133 841 delectatur.

2011 878 2175 935 Vsus.
2208 880 2293 935 18.
2324 910 2395 920 -—
2427 898 2447 930 r
2485 881 2548 934 Et
2576 881 2708 947 dixi,
2740 880 2902 949 periit
2934 878 3057 933 ﬁnis
3102 892 3275 933 meus.
3319 884 3374 932 et
3403 888 3528 948 spes

1945 992 1967 1023 ι
2014 984 2131 1026 mea
2158 988 2189 1027 a
2217 973 2464 1028 Domino.
2506 990 2525 1025 ι
2556 973 2795 1027 Periisse
2839 972 3003 1026 ﬁnem
3038 986 3191 1027 suum
3218 971 3369 1039 dicit,
3401 972 3529 1028 dum

1941 1065 2085 1134 quod
2111 1081 2208 1134 pro
2240 1075 2440 1119 aeterna
2475 1066 2724 1120 mercede
2756 1064 3061 1117 faciendum
3092 1064 3382 1134 aliquando
3406 1072 3532 1133 prun

1942 1164 2223 1226 posuerat,
2272 1158 2324 1211 in
2372 1159 2578 1212 intimis
2627 1157 2910 1211 inanescit.
2955 1152 3080 1225 Spes
3126 1159 3290 1211 etiam
3330 1158 3532 1229 perita

1943 1247 2192 1316 Domino,
2222 1264 2344 1304 cum
2373 1249 2759 1305 tentationibus
2777 1257 3062 1318 occupata,
3081 1256 3135 1301 et
3166 1249 3318 1317 quasi
3344 1248 3535 1304 auxilii

1946 1340 2187 1398 caelestis
2232 1343 2474 1415 indigna,
2521 1344 2685 1399 etiam
2731 1342 2963 1398 deiicere
3005 1339 3120 1411 jam
3171 1339 3409 1413 disponit
3463 1340 3533 1398 alt

1945 1430 2089 1502 ipso.

2672 1534 2809 1579 ZAIN.

2018 1615 2185 1672 Vsus.
2212 1618 2277 1673 19
2306 1617 2439 1690 (l7).
2463 1648 2530 1659 —
2578 1636 2597 1671 ι
2629 1617 2886 1673 Memoria
2914 1632 3119 1673 memor
3157 1632 3271 1685 ero,
3306 1626 3358 1674 et
3388 1621 3535 1676 tabe-

1953 1730 1973 1763 (
2019 1722 2133 1768 seet
2163 1714 2216 1766 in
2261 1728 2346 1767 me
2376 1713 2554 1767 anima
2587 1729 2724 1767 mea.
2761 1732 2781 1765 ι
2821 1713 2974 1778 Zain,
3016 1715 3405 1783 interpretatur
3430 1716 3534 1769 duc

1946 1815 2019 1862 te.
2064 1808 2143 1861 Ae
2187 1806 2231 1861 si
2263 1806 2466 1861 diceret
2499 1824 2512 1859 :
2544 1806 2623 1861 Tu
2653 1821 2801 1878 spem
2852 1814 2997 1861 tuam
3036 1808 3261 1876 periisse
3290 1810 3527 1876 disteras,

1950 1913 2059 1955 non
2100 1910 2277 1953 tamen
2325 1900 2379 1954 in
2424 1901 2528 1954 bac
2562 1901 2884 1970 desipientia
2923 1916 3166 1964 maneas,
3205 1902 3297 1955 sed
3331 1903 3452 1967 due,
3484 1901 3535 1954 id

1950 2001 2056 2054 est.
2088 2004 2345 2063 promere
2403 2001 2474 2060 te,
2524 2002 2581 2047 ut
2608 1995 2673 2048 ad
2722 1988 2978 2049 interiora
3026 1996 3342 2050 contendas.
3403 1993 3541 2066 Spes

1951 2086 2096 2138 enim
2128 2085 2323 2138 dicitur
2343 2086 2496 2154 quasi
2527 2096 2598 2140 est
2631 2102 2763 2155 spes.
2803 2086 2919 2153 Quo
2948 2088 3154 2141 monitu
3196 2087 3283 2141 ille
3326 2086 3486 2142 infert
3522 2105 3536 2142 :

1953 2174 2236 2243 Memoria,
2294 2176 2489 2246 inquit,
2540 2192 2735 2231 memor
2764 2194 2886 2242 ero;
2945 2179 3221 2246 subaudis,
3277 2194 3381 2232 non
3441 2194 3540 2248 pro

1952 2269 2110 2338 lapsu
2168 2270 2589 2339 tlesperandnm,
2648 2270 2741 2325 sed
2780 2271 2895 2341 spei
2931 2271 3111 2340 potius
3161 2271 3537 2335 insistendum,

1954 2363 2033 2417 sic
2079 2371 2137 2417 ut
2191 2366 2371 2416 anima
2423 2364 2791 2431 contabescat,
2832 2364 3038 2419 scilicet
3063 2365 3391 2429 aniinalitas,
3421 2379 3542 2435 quae

1953 2470 2061 2508 non
2091 2456 2234 2523 capit
2277 2470 2398 2525 qua:
2424 2456 2519 2509 Dei
2560 2464 2705 2516 sunt,
2744 2464 2946 2509 sancta:
3001 2455 3115 2524 spei
3163 2455 3542 2523 spiritualitate

1954 2547 2394 2616 superveniente,
2427 2546 2479 2601 in
2515 2560 2575 2605 se
2602 2545 2837 2602 deﬁciat.
2887 2544 3058 2602 Orare
3096 2561 3225 2617 ergo
3263 2545 3375 2614 jam
3405 2545 3543 2600 inci-

1954 2640 2054 2711 pit.

2028 2730 2191 2786 Vsus.
2224 2730 2313 2785 20.
2348 2752 2418 2772 -
2458 2749 2476 2782 ι
2516 2728 2824 2786 Recordare
2880 2731 3217 2802 paupertatis
3257 2740 3313 2785 et
3364 2738 3543 2786 trans-

1962 2844 1981 2877 ‹
2029 2824 2322 2895 grcssionis
2365 2839 2517 2888 mete,
2544 2823 2801 2878 absinthii
2837 2833 2891 2877 et
2931 2815 3088 2879 fellis.
3122 2843 3141 2876 ι
3169 2824 3245 2879 Ac
3272 2824 3315 2877 si
3343 2825 3487 2879 dicat
3521 2841 3534 2876 :

1957 2918 2285 2985 Meminisse,
2345 2918 2590 2981 Domine,
2644 2917 2911 2973 debueras
2961 2918 3102 2988 quod
3157 2917 3227 2971 ob
3260 2917 3538 2986 penuriam

1955 3012 2151 3066 virium
2188 3012 2521 3066 internarum
2580 3012 2858 3082 hucusque
2905 3010 3249 3082 deliquerim,
3280 3026 3381 3066 nec
3439 3011 3540 3064 mi-

1956 3118 2059 3159 nus
2089 3105 2253 3160 etiam
2298 3105 2609 3160 meminisse
2641 3106 2782 3175 quod
2814 3104 3022 3175 lapsum
3077 3118 3198 3159 cum
3258 3104 3543 3173 aagerrime

1881 3223 1923 3281 ο
1960 3197 2196 3263 tulerim,
2223 3213 2321 3252 nec
2360 3197 2479 3267 ejus
2510 3198 2611 3251 nisi
2644 3214 2763 3253 cum
2813 3197 3015 3266 ingenti
3064 3198 3423 3251 amaritudine
3456 3210 3540 3250 τοι

1958 3291 2169 3345 cortlari
2204 3291 2486 3359 potuerim.
2535 3290 2759 3345 Videtur
2783 3300 2961 3345 autem
3001 3291 3245 3360 quaedam
3287 3291 3540 3345 distantia

1960 3382 2103 3436 inter
2129 3381 2496 3452 absynthium,
2526 3388 2580 3433 et
2606 3381 2695 3435 fel.
2722 3381 3083 3452 Absynthimu
3103 3382 3245 3435 enim
3268 3391 3322 3435 et
3347 3382 3538 3436 haustu

1957 3474 2137 3529 habile
2175 3482 2277 3541 est,
2323 3473 2556 3527 calorem
2601 3474 2863 3541 excitans,
2898 3483 2952 3527 et
2980 3475 3293 3544 sanguinem
3325 3475 3538 3543 sedans,

1958 3567 2030 3621 fel
2062 3575 2239 3620 autem
2264 3566 2596 3633 neutiquam.
2637 3565 2695 3619 In
2740 3566 3027 3637 abs3ntliio
3068 3581 3196 3637 ergo
3225 3581 3429 3621 mceror
3458 3581 3542 3620 re<

1958 3674 2088 3713 cens
2117 3659 2220 3712 acti
2255 3657 2532 3719 facinoris,
2558 3657 2649 3726 qui
2694 3672 2791 3712 nos
2813 3660 2879 3711 ad
2922 3660 3090 3713 Deum
3123 3659 3447 3725 recalelicat,
3488 3667 3541 3711 ct

1959 3750 2284 3809 incentivum
2313 3749 2559 3803 criminis
2590 3750 2769 3813 sedat;
2807 3750 2856 3803 in
2882 3748 3005 3804 felle
3029 3766 3161 3804 vero
3205 3752 3413 3819 peccati
3453 3759 3537 3804 est

1960 3850 2083 3912 post
2111 3844 2499 3912 ptenitudiuem
2534 3843 2792 3897 memoria
2824 3858 3049 3913 prorsus
3080 3844 3245 3898 menti
3288 3843 3544 3899 intolera.

1960 3935 2084 3989 bilis
2108 3944 2164 3989 ct
2183 3936 2421 4006 indigna.

2034 4027 2197 4083 Vsus.
2242 4027 2329 4083 21.
2357 4058 2428 4069 -—
2462 4047 2481 4080 ι
2512 4027 2634 4082 Haec
2669 4027 2911 4083 recolens
2945 4029 2994 4082 in
3032 4029 3197 4083 corde
3236 4042 3375 4093 meo,
3421 4027 3542 4081 ideo

1968 4136 1987 4170 ι
2033 4121 2282 4191 sperabo.
2324 4140 2340 4171 ι
2376 4119 2527 4187 Quod
2557 4129 2642 4175 est
2667 4139 2680 4175 :
2710 4120 2845 4175 Dum
2885 4120 2999 4175 haec
3038 4136 3158 4174 cum
3187 4136 3301 4174 mea
3341 4121 3541 4190 regiae

1964 4214 2108 4268 tione
2155 4222 2413 4281 retracto,
2455 4215 2525 4269 ad
2580 4228 2731 4283 spem
2761 4229 2845 4269 me
2876 4228 3130 4285 provoco.
3175 4214 3328 4269 Unde
3372 4224 3425 4267 et
3456 4229 3543 4267 sc-

1962 4305 2143 4375 quitur
2169 4320 2181 4358 :

2666 4408 2833 4454 ιπετιι.

2036 4490 2198 4544 Vrsas.
2225 4489 2315 4544 22.
2348 4520 2416 4530 —-
2447 4508 2466 4542 ι
2503 4489 2884 4545 Misericordia;
2919 4488 3131 4544 Domini
3174 4490 3374 4554 multa),
3415 4490 3536 4560 quia

1884 4588 1935 4649 Ῑ)
1967 4599 1983 4633 t
2031 4598 2135 4635 non
2168 4598 2351 4636 sumus
2373 4582 2700 4649 consumpti,
2756 4582 2883 4650 quia
2910 4598 3013 4637 non
3040 4581 3350 4638 defecerunt
3380 4582 3539 4637 mise-

1969 4689 1987 4721 ι
2036 4672 2276 4725 rationes
2302 4670 2439 4738 ejus.
2481 4691 2500 4724 ›
2541 4671 2699 4734 lleth,
2748 4672 2946 4727 dicitur
2970 4674 3251 4727 enarratio.
3304 4674 3370 4728 Et
3399 4676 3540 4743 quod

1962 4773 2045 4819 est
2071 4765 2211 4818 istud
2239 4780 2514 4831 enarrare,
2544 4766 2640 4819 nisi
2670 4766 2761 4820 Dei
2789 4767 3187 4821 misericordias
3210 4768 3372 4821 etiam
3399 4769 3540 4822 inter

1962 4856 2295 4930 peccandum
2353 4868 2605 4928 expertas
2644 4860 2813 4915 oculis
2848 4861 3025 4916 cordis
3074 4863 3350 4916 attexere?
3399 4862 3541 4930 Ergo

1965 4953 2047 5008 liti?
2073 4964 2216 5017 sunt;
2242 4952 2365 5023 quia
2398 4970 2501 5007 non
2522 4970 2701 5007 sumus
2728 4956 3040 5024 consumpti,
3067 4957 3369 5025 praestando
3392 4954 3541 5006 vidc-

1963 5046 2171 5103 licetin
2215 5048 2331 5117 ipso
2378 5062 2547 5117 pravo
2599 5057 2718 5103 actu
2768 5050 3027 5104 viciniora
3058 5050 3239 5104 saluti.
3289 5046 3541 5114 Alioquin

1963 5139 2204 5209 profecto
2254 5137 2579 5207 deﬁcerent,
2636 5141 2680 5196 si
2730 5141 3107 5211 iniquitatibus
3170 5137 3540 5193 misericordia:

1962 5233 2239 5287 cederent.

2037 5323 2198 5378 Vsus.
2251 5323 2342 5377 95.
2386 5354 2457 5365 —
2495 5341 2514 5375 ι
2556 5322 2689 5377 Novi
2739 5320 2995 5383 diluculo,
3047 5319 3212 5375 multa
3265 5328 3350 5375 est
3404 5319 3543 5376 ﬁdes

1971 5434 1990 5469 ι
2041 5427 2151 5471 tua.
2187 5436 2206 5468 ι
2253 5416 2403 5484 Quod
2440 5424 2523 5471 cst
2569 5416 2751 5469 dicere
2805 5414 2976 5469 Deum
3029 5415 3096 5469 ad
3148 5415 3382 5469 animam
3412 5432 3427 5471 ι
3460 5415 3542 5470 Ex

1967 5519 2057 5566 tua
2076 5511 2358 5565 sedulitate
2383 5520 2435 5563 et
2465 5508 2742 5576 vigilantia
2788 5507 2908 5560 novi
2938 5508 3062 5577 quia
3089 5508 3268 5563 multa:
3291 5509 3366 5564 sis
3391 5508 3538 5564 ﬁdei.

1965 5602 2271 5657 Dilueulum
2297 5600 2457 5671 254
2485 5600 2624 5654 enim
2649 5614 2746 5669 pro
2770 5598 3054 5654 sedulitate
3076 5602 3270 5655 crebro
3299 5602 3540 5668 ponitur,

1963 5696 2103 5751 sicut
2150 5703 2203 5749 et
2242 5696 2583 5748 matutinum.
2619 5693 2769 5760 Quod
2796 5693 2866 5761 si,
2898 5693 3051 5764 juxta
3091 5696 3331 5765 quietiam
3360 5709 3542 5750 exem'

359 5854 473 5928 (Π)
508 5856 710 5916 Versus
755 5860 869 5931 ipse
924 5859 978 5916 In
1028 5861 1263 5919 editione
1292 5861 1428 5919 Sixti
1456 5860 1525 5919 20
1551 5873 1863 5921 numeratur
1897 5872 1952 5921 et
1981 5877 2212 5934 sequens
2246 5864 2328 5917 t9.
