4038 6330
560 232 662 291 471

1311 245 1369 303 V.
1403 246 1732 308 GUIBERTI
1760 251 2052 318 ABBATIS
2076 260 2137 320 S.
2174 263 2419 322 MARLE
2439 264 2527 322 DE
2565 264 2966 329 NOVIGENTO
3689 285 3764 347 ιτα

559 352 755 475 pluria,
788 355 972 475 sessio
993 358 1040 415 si
1066 358 1589 475 mendosajdicatur
1612 382 1778 435 novre,
1809 366 1882 423 ita
1913 386 2152 443 espone-
2178 380 2232 441 Α
2265 398 2285 432 ‹
2328 380 2606 438 Dominus.
2636 403 2654 436 ι
2701 384 2873 454 Caph,
2906 386 3103 475 dicitur
3130 388 3458 461 incurvatus,
3504 407 3596 450 non
3636 408 3764 461 tamen

563 452 652 500 tur
708 464 721 500 ;
788 446 993 505 Veteres
1039 451 1412 508 misericordiae
1450 465 1609 525 sunt,
1666 473 1789 528 qua:
1832 461 2151 533 plerumque

557 548 892 609 praestantur
944 543 1193 613 ingratis,
1243 554 1301 600 et
1349 546 1433 602 hae
1474 563 1585 605 non
1642 537 1746 606 nisi
1799 555 2147 624 temporales.

558 636 727 693 Nova:
750 648 956 706 autem,
992 656 1113 711 quae
1139 657 1209 697 ex
1259 642 1657 703 illuminatione
1704 651 1910 705 recenti
1942 650 1995 705 in
2018 667 2155 708 con-

555 743 837 787 versorum
891 733 1161 803 tuentibus
1189 735 1349 805 quasi
1387 737 1685 794 diluculum
1731 740 2063 811 elucescunt,
2093 752 2153 799 et

555 825 639 880 hae
692 825 990 882 teternales.
1055 825 1262 884 Deinde
1312 831 1456 899 quod
1493 833 1756 902 sequitur,
1817 838 2146 906 apostropha

551 915 655 972 erit
676 914 793 986 ejus
816 916 885 973 ad
911 917 1108 986 Deum,
1131 919 1225 990 qui
1263 921 1346 976 sic
1390 920 1460 977 de
1490 924 1878 982 misericordiis
1900 927 2145 999 gratula-

548 1019 655 1066 tur.

620 1102 786 1162 Vens.
816 1105 908 1161 24.
937 1136 1009 1148 -—
1034 1124 1054 1160 ι
1090 1105 1227 1164 Pars
1276 1123 1396 1165 mea
1443 1110 1725 1179 Dominus,
1784 1112 1919 1169 dixit
1965 1098 2145 1171 anima

550 1214 573 1251 ι
620 1214 778 1265 mea;
810 1210 1098 1270 propterea
1130 1203 1459 1271 exspectabo
1487 1218 1631 1259 eum.
1673 1224 1692 1258 ι
1722 1204 1861 1272 Νοη,
1889 1206 2085 1277 inquit,
2110 1224 2144 1264 a

546 1290 662 1346 Deo
689 1289 1090 1347 misericordias
1120 1293 1444 1361 temporales
1495 1295 1797 1365 prsestolor,
1830 1297 1924 1353 sed
1963 1297 2142 1366 ipsum

548 1382 747 1437 animae
800 1395 936 1437 mete
985 1382 1139 1453 quasi
1192 1385 1592 1441 retributoriam
1643 1397 1852 1458 partem
1907 1391 2134 1457 sortior;

549 1482 834 1544 propterea
867 1488 960 1542 spe
991 1474 1165 1530 vivaci
1194 1490 1302 1531 non
1323 1474 1439 1545 ejus
1469 1478 1806 1547 transitoria,
1838 1480 1933 1536 sed
1957 1480 2141 1551 ipsum

547 1568 796 1626 eumdem
831 1569 1101 1640 opperior.

1269 1681 1433 1722 τΕτΗ.

2257 473 2313 527 in
2339 482 2579 540 terrena,
2607 477 2701 531 sed
2749 478 2816 532 ad
2852 480 2936 533 sui
2968 473 3385 549 vilipensionem
3422 485 3606 543 salubri
3642 497 3767 550 conti.

2255 564 2536 621 deratione
2590 568 2899 637 depressus.
2942 577 3020 626 Ac
3071 572 3116 627 si
3158 572 3371 628 diceret
3405 575 3586 634 :Haud
3628 582 3767 650 injuria

2254 657 2590 723 humiliatur,
2645 661 2771 729 quia
2817 676 2924 716 non
2989 663 3044 717 in
3099 665 3489 735 sempiternum
3540 674 3768 745 repellitur,

2253 748 2380 805 licet
2406 752 2679 808 moderate
2698 753 2892 809 vilitati
2922 755 3098 811 addici
3126 756 3400 824 videatur,
3427 759 3478 814 in
3503 777 3640 818 manu
3667 770 3768 825 enim

2252 840 2347 897 Dei
2375 843 2509 899 lines
2539 855 2701 902 terrae
2724 856 2873 913 sunt,
2911 849 3003 919 qui
3037 849 3253 906 scilicet
3302 853 3705 913 terrenitatemin
3733 879 3771 920 se

2252 946 2599 993 consumunt.
2640 938 2775 1006 Quia
2815 940 2860 995 si
2898 940 3094 1009 abiecit
3122 941 3176 996 in
3216 942 3323 997 hoc
3365 958 3458 1000 eos
3493 948 3663 1005 saeculo
3682 951 3769 1009 allli

2250 1026 2445 1094 gendo,
2488 1029 2837 1085 miserebitur
2872 1040 3053 1088 tamen
3093 1034 3398 1092 secundum
3448 1039 3773 1101 multitudinem

2250 1117 2662 1175 miseratiouum
2690 1138 2913 1178 suarum
2946 1126 2999 1180 in
3030 1126 3240 1182 futuro.

2321 1208 2466 1267 Vens
2502 1213 2591 1267 '53.
2620 1242 2691 1255 —
2720 1234 2737 1266 ι
2776 1213 2893 1270 Νοη
2931 1217 3075 1271 enim
3101 1217 3413 1273 humiliavit
3436 1234 3500 1275 ex
3520 1223 3660 1279 corde
3691 1240 3773 1297 suo,

2254 1321 2274 1354 ι
2319 1312 2374 1359 et
2403 1304 2600 1373 abiecit
2628 1306 2767 1363 ﬁlios
2783 1308 3155 1383 hominis[al.,
3180 1310 3508 1385 hominum].
3531 1333 3549 1367 ι
3578 1313 3774 1377 Humiliit

2248 1395 2393 1453 Deus
2417 1414 2482 1451 ex
2510 1400 2685 1467 corde,
2720 1415 2855 1472 quos
2901 1402 2981 1456 sic
3013 1403 3068 1457 in
3108 1405 3368 1474 praesenti
3409 1407 3559 1474 punit
3584 1411 3775 1483 utmagis

2245 1489 2437 1559 puniat
2470 1492 2839 1549 retributionis
2867 1503 3127 1567 tempore.
3175 1496 3339 1552 Modo
3365 1512 3493 1553 vero
3528 1498 3774 1572 ﬂagellatet

2244 1579 2432 1648 abjicit
2461 1584 2639 1653 specie
2690 1594 2843 1639 tenus
2872 1586 3014 1654 ﬁlios
3061 1586 3315 1654 hominis,
3361 1604 3484 1644 cum
3514 1605 3542 1645 a
3578 1593 3776 1650 mundiali

2247 1683 2502 1731 extorres
2534 1676 2663 1731 facit
2693 1676 2879 1733 laetitia
2928 1679 3073 1736 filios
3104 1680 3507 1752 Redemptoris.
3548 1681 3648 1739 Non
3672 1685 3775 1743 enim

615 1756 781 1815 Vens.
812 1758 905 1815 25.
928 1788 995 1800 —
1027 1776 1047 1811 ι
1077 1757 1259 1815 Bonus
1288 1768 1372 1816 est
1412 1759 1674 1817 Dominus
1704 1760 2049 1832 sperantibus
2081 1761 2137 1819 in
2167 1740 2217 1800 Β
2246 1767 2384 1823 dixit
2408 1768 2687 1824 hominum
2717 1771 2809 1825 sed
2870 1772 3117 1840 hominis,
3164 1740 3499 1843 illius.plane
3522 1775 3605 1843 qui

547 1868 570 1904 s
616 1866 760 1907 eum.
798 1870 817 1904 ι
876 1850 1036 1917 Tetli,
1087 1851 1480 1922 interpretatur
1541 1854 1753 1911 bonum.
1826 1853 1943 1921 Quo
1990 1855 2138 1910 enim

542 1940 889 2016 affectuosius
935 1956 1031 2012 spe
1063 1941 1167 1998 ibis
1216 1943 1270 1998 in
1321 1942 1515 2010 Deum,
1557 1943 1622 2000 eo
1648 1944 2055 2016 praecordialius
2081 1954 2139 2001 et

542 2034 870 2092 iuell'abilius
901 2036 1170 2107 intelliges
1203 2037 1424 2094 bonum.

612 2131 776 2187 Vens.
811 2130 899 2185 26.
929 2150 1052 2193 -,‹
1084 2130 1584 2202 Αιιῐηιωιᾳιιωνεηιὶ
1614 2134 1785 2189 illum.
1812 2132 2022 2191 Bonum
2051 2142 2139 2190 est

542 2244 563 2277 ι
606 2224 905 2295 prtestolari
931 2240 1054 2280 cum
1078 2223 1297 2281 silentio
1322 2226 1559 2281 salutare
1584 2227 1823 2284 Domini.
1852 2250 1871 2280 ›
1899 2227 2133 2292 Animas,

536 2334 656 2390 qua:
688 2319 821 2376 nihil
866 2328 1066 2390 printer
1099 2321 1267 2376 Deum
1299 2320 1492 2390 quaerit
1537 2321 1652 2391 (qui
1682 2323 1828 2375 enim
1883 2322 2133 2376 bifariam

535 2415 748 2479 nititur,
782 2415 949 2471 Deum
1006 2424 1154 2471 recte
1205 2414 1467 2485 quaesisse
1517 2431 1624 2471 non
1667 2415 1888 2484 dicitur)
1942 2419 2132 2470 bonum

534 2516 610 2562 est
642 2507 759 2562 sine
803 2508 1196 2577 praeparatione
1238 2506 1416 2576 aliqua
1465 2507 1565 2563 sub
1597 2508 1806 2562 diurnis
1857 2507 2138 2563 laboribus

535 2598 630 2653 Dei
656 2613 759 2652 non
792 2596 1037 2652 fastidire
1093 2598 1411 2662 servitium;
1464 2597 1541 2652 sic
1599 2598 1742 2653 enim
1777 2598 2049 2654 dormitur
2075 2596 2132 2653 in

536 2690 715 2746 medio
757 2688 1024 2745 clerorum
1073 2689 1246 2760 (Psal.
1304 2706 1471 2755 vau,
1505 2691 1618 2763 Μ).
1662 2692 1818 2759 Quod
1851 2695 1996 2749 enim
2043 2695 2135 2752 hic

535 2785 811 2843 silentium
841 2785 1059 2850 dicitur,
1100 2783 1206 2840 illic
1236 2784 1495 2841 dormire.

610 2877 769 2933 Vens.
799 2877 889 2932 27.
929 2907 1000 2917 —
1032 2896 1049 2929 ι
1089 2876 1296 2931 Βοιιυω
1346 2877 1481 2941 viro,
1532 2892 1653 2933 cum
1712 2880 2008 2947 portaverit
2047 2879 2135 2952 ju-

541 2993 562 3027 s
608 2989 733 3046 gum
764 2974 831 3028 ab
860 2972 1222 3028 adolescentia
1252 2988 1370 3028 sua.
1421 2992 1437 3023 ι
1467 2971 1666 3042 Jugum
1692 2975 1755 3027 ab
1778 2974 2131 3031 adolescentia

533 3076 735 3140 portat,
762 3066 857 3138 qui
888 3080 984 3136 pro
1014 3065 1396 3121 adolescentiae
1427 3066 1663 3121 motibus
1688 3080 1810 3123 sese
1830 3067 1932 3122 sub
1961 3068 2132 3126 divini

534 3161 747 3219 timoris
776 3158 1128 3231 depressione
1163 3159 1416 3229 castigat.

592 3238 599 3251 ”
1266 3266 1381 3308 son.
1425 3316 1435 3330 .

604 3350 771 3405 Vens.
800 3348 890 3405 28.
926 3377 997 3391 -
1022 3366 1042 3401 ι
1088 3346 1311 3404 Sedebit
1350 3345 1644 3409 solitarius,
1672 3354 1725 3401 et
1759 3345 1979 3413 tacebit,
2006 3345 2134 3416 quia

541 3462 559 3495 ι
605 3442 804 3497 levavit
853 3456 913 3497 se
959 3456 1123 3511 super
1174 3456 1255 3495 se.
1302 3460 1321 3493 ι
1354 3438 1476 3505 Jod,
1511 3441 1905 3511 interpretatur
1936 3440 2137 3509 princi-

530 3535 700 3607 pium,
758 3534 902 3605 quod
951 3532 1277 3604 principium
1322 3548 1434 3587 non
1471 3541 1579 3587 tam
1608 3532 1674 3586 ad
1703 3532 1939 3597 initium,
1970 3546 2133 3600 quam

536 3624 604 3680 ad
624 3624 913 3693 quamdam
957 3622 1409 3693 principalitatem
1460 3621 1719 3677 refertur.
1753 3622 2136 3677 Determinans

535 3716 680 3773 enim
704 3732 895 3787 jugum
921 3716 1134 3771 videtur
1178 3730 1473 3785 exponere.
1525 3714 1689 3771 Sedet
1718 3716 2011 3781 solitarius,
2039 3715 2135 3786 qui

536 3812 593 3868 in
618 3809 809 3867 humili
857 3825 916 3867 se
966 3808 1203 3873 cohibet,
1264 3824 1295 3863 a
1348 3809 1578 3864 terrenis
1638 3823 1761 3864 sese
1808 3807 2136 3863 removendo

536 3902 880 3961 tumultibus.
938 3901 1104 3957 Tacet
1148 3917 1299 3968 vero,
1347 3917 1471 3956 cum
1522 3901 1713 3970 sopitis
1742 3902 2134 3972 cogitationum

535 3997 1097 4068 imaginationumque
1144 3994 1303 4066 nugis
1357 3994 1457 4050 soli
1489 4009 1657 4050 orans
1710 3993 1948 4064 loquitur
2000 3994 2131 4050 Deo.

536 4088 692 4157 Quod
749 4086 908 4142 aliter
954 4086 1069 4141 fieri
1120 4101 1225 4140 non
1263 4085 1459 4155 potuit,
1510 4084 1613 4141 nisi
1655 4084 1781 4155 quia
1815 4103 1869 4140 se
1897 4102 2055 4156 super
2081 4102 2135 4140 se

534 4179 705 4247 levat,
732 4181 785 4237 id
825 4186 909 4237 est
960 4177 1354 4234 animalitatem
1391 4193 1544 4234 suam
1593 4178 1960 4249 spiritualitati
2001 4177 2135 4234 sub-

527 4275 706 4349 jugaL

610 4365 771 4422 Vens.
802 4366 890 4423 29.
931 4397 1001 4407 —
1035 4384 1054 4419 (
1085 4364 1259 4420 Ponet
1286 4364 1339 4419 in
1369 4364 1590 4434 pulvere
1612 4379 1674 4420 os
1704 4380 1883 4430 suum,
1914 4366 1961 4421 si
1993 4365 2137 4422 forte

2162 3112 2209 3177 C

2250 1879 2269 1913 ι
2317 1860 2374 1916 Si
2402 1876 2490 1915 me
2525 1864 2793 1931 persecuti
2826 1872 2972 1926 sunt,
3007 1872 3063 1919 et
3094 1879 3192 1921 vos
3236 1866 3774 1939 perscquenturlloas.

2248 1969 2269 2005 ι
2317 1967 2409 2019 xv,
2432 1951 2547 2024 20).
2584 1972 2607 2006 s

2744 2059 2963 2100 LAHETII
2991 2044 3115 2117 [at.,
3136 2046 3369 2121 Lmen].

2262 2172 2266 2175 -
2315 2134 2481 2190 Vens.
2507 2134 2598 2191 54.
2624 2165 2694 2177 —-
2729 2153 2749 2187 ‹
2795 2136 2865 2192 Ut
2895 2147 3208 2194 contereret
3250 2140 3355 2195 sub
3383 2138 3597 2209 pedibus
3632 2154 3772 2195 omnes

2249 2241 2269 2275 ι
2312 2224 2525 2280 vinctos
2573 2234 2747 2281 terrae.
2788 2247 2808 2280 ι
2844 2226 3054 2282 Dicitur
3099 2245 3311 2286 servo:
3342 2229 3621 2287 Senamus
3644 2240 3774 2286 autem

2242 2317 2385 2385 quod
2432 2333 2530 2386 pro
2580 2319 2842 2390 mysterio
2896 2322 3182 2377 habemus.
3237 2323 3546 2395 Mysterium
3592 2337 3698 2379 vero
3716 2331 3775 2380 est

2242 2410 2384 2479 quod
2418 2408 2576 2479 hujus
2603 2411 2783 2466 saeculi
2832 2416 3106 2484 pressuris
3151 2417 3471 2482 atterimur,
3502 2417 3589 2472 sed
3613 2416 3669 2471 de
3708 2429 3774 2471 sec

2242 2504 2459 2573 quentis
2508 2505 2635 2560 vita:
2688 2516 2831 2561 statu
2878 2507 3229 2576 ambigimus.
3282 2508 3488 2566 Sensus
3534 2523 3645 2579 ergo
3676 2516 3771 2563 est:

2239 2595 2441 2667 Abjicit
2462 2598 2679 2667 quidem
2706 2598 2847 2667 ﬁlios
2876 2601 3125 2669 hominis,
3156 2611 3213 2656 ut
3242 2611 3491 2659 conterat
3532 2617 3683 2657 omnes
3696 2602 3774 2655 rin-

2241 2700 2351 2744 ctos
2391 2702 2545 2745 terra:
2584 2690 2681 2745 sub
2716 2692 2934 2761 pedibus
2976 2693 3109 2758 suis,
3150 2702 3209 2748 ut
3255 2694 3505 2750 videlicet
3530 2708 3690 2749 omnes
3709 2691 3773 2762 qui

2238 2781 2402 2851 hujus
2423 2782 2602 2837 saeculi
2642 2784 2896 2855 negotiis,
2928 2794 3022 2840 aut
3050 2787 3389 2857 quibuslibet
3414 2787 3554 2843 vitiis
3576 2785 3773 2841 vinciun-

2244 2886 2352 2941 tur,
2383 2876 2799 2946 prtedicatorum
2829 2892 3048 2932 suorum
3080 2881 3182 2935 sub
3222 2882 3549 2937 documento
3576 2878 3775 2949 frangan-

2243 2981 2349 3025 tur.
2378 2969 2532 3037 Quod
2560 2980 2645 3026 est
2682 2972 2906 3027 dicere:
2942 2970 2999 3027 Si
3034 2972 3129 3028 ﬁlii
3164 2974 3265 3031 Dei
3290 2984 3346 3031 et
3376 2974 3599 3029 hominis
3643 2985 3774 3042 quan-

2243 3073 2354 3119 tum
2381 3064 2552 3119 oculis
2582 3063 2812 3133 adjacet,
2865 3064 3220 3136 abjiciuntur,
3278 3076 3481 3138 quanto
3523 3064 3670 3135 magis
3709 3059 3776 3115 lilii

2241 3153 2440 3211 diaboli
2466 3156 2737 3225 quondam
2764 3170 2886 3210 cum
2911 3157 2977 3210 ad
3021 3154 3117 3212 Dei
3148 3157 3470 3213 liliationem
3504 3154 3774 3225 rediguntur,

2240 3263 2349 3304 non
2384 3248 2543 3304 modo
2578 3249 2709 3314 Deo,
2757 3248 2852 3303 sed
2879 3249 3044 3304 etiam
3082 3251 3257 3305 servis
3296 3250 3413 3317 Dei,
3445 3249 3532 3319 qui
3570 3243 3776 3311 suntejus

2238 3342 2424 3412 pedes,
2450 3342 2592 3411 quod
2613 3356 2735 3396 eum
2763 3342 3106 3411 praedicando
3128 3342 3543 3407 circumferunt,
3566 3346 3774 3399 nonem.

2242 3443 2338 3491 aut
2364 3445 2535 3499 stare,
2567 3438 2660 3490 sed
2700 3436 2935 3502 conteri,
2970 3435 3022 3490 id
3066 3446 3149 3491 est
3180 3451 3409 3506 prorsus
3432 3428 3775 3489 bumiliarim

2188 3560 2191 3561 ν
2240 3530 2463 3584 rentur?
2502 3525 2649 3594 Quos
2697 3529 2908 3582 vinctos
2965 3527 3150 3582 educit
3199 3528 3485 3593 Dominus,
3509 3523 3645 3594 juxta
3668 3514 3773 3590 psal-

2241 3636 2411 3687 mum,
2445 3621 2498 3675 iu
2532 3621 2852 3676 fortitudine
2879 3620 3054 3691 (Psal.
3086 3636 3254 3688 vatt,
3300 3620 3377 3692 7).

2312 3715 2481 3771 Vens.
2520 3714 2612 3770 55.
2638 3744 2710 3756 -
2745 3734 2763 3766 ι
2800 3714 2861 3769 Ut
2889 3714 3190 3771 declinaret
3210 3714 3476 3784 judicium
3498 3709 3590 3766 viri
3614 3707 3659 3762 in
3679 3716 3773 3759 cou-

2247 3825 2266 3858 σ
2319 3815 2508 3876 spectu
2574 3805 2752 3861 vultus
2800 3806 3090 3861 Altissimi.
3154 3827 3174 3859 ι
3224 3807 3532 3862 Declinalur
3565 3796 3771 3870 judicia!

2240 3899 2338 3956 viri
2361 3901 2415 3953 in
2438 3910 2712 3969 conspectu
2741 3898 2913 3953 vultus
2937 3899 3217 3966 Altissimi,
3246 3915 3372 3955 cum
3396 3897 3583 3952 scimus
3604 3883 3770 3946 indubie

2238 4008 2339 4047 nos
2390 3993 2650 4063 operibus
2698 3992 2857 4047 bonis
2894 3992 3172 4056 insistere,
3222 4000 3279 4047 et
3343 4002 3514 4047 tamen
3559 3981 3771 4040 nescimus

2240 4089 2421 4136 utrum
2463 4083 2587 4137 odio
2637 4082 2784 4153 digni
2831 4083 3022 4149 simus,
3074 4099 3143 4137 an
3187 4098 3377 4139 amore
3406 4080 3591 4153 (Eccle.
3618 4090 3681 4138 ut,
3713 4063 3767 4137 llo

2239 4174 2494 4230 Nostrum
2545 4189 2676 4244 ergo
2707 4173 2977 4243 judicium
3011 4175 3078 4230 ad
3121 4175 3329 4232 vultum
3359 4169 3606 4231 Altissimi
3647 4159 3768 4218 decli-

2238 4284 2458 4334 namus,
2508 4284 2631 4322 cum
2677 4268 2819 4337 quod
2860 4269 2927 4324 de
2973 4267 3129 4325 nobis
3174 4270 3432 4325 metimur
3463 4264 3570 4335 ejus
3608 4255 3766 4314 trutqu

2240 4376 2605 4417 reservannus.

538 4482 559 4517 ι
606 4462 678 4518 sit
707 4476 851 4534 Spes.
894 4480 913 4514 ι
946 4460 1004 4515 In
1026 4459 1240 4527 pulvere
1267 4475 1323 4513 os
1367 4474 1522 4512 suum
1560 4458 1733 4529 ponit,
1771 4458 1860 4526 qui
1908 4459 2133 4529 quamli-
2162 4478 2212 4537 ι)
2312 4452 2477 4507 Vens.
2511 4451 2601 4507 56.
2641 4481 2712 4491 -
2743 4470 2761 4502 ι
2793 4451 2865 4507 Ut
2886 4462 3221 4521 perverteret
3243 4454 3513 4510 hominem
3534 4448 3583 4502 in
3611 4435 3766 4537 judifio

531 4556 626 4613 bet
651 4570 864 4611 summa
895 4563 1071 4623 gerat,
1128 4569 1186 4607 se
1245 4562 1424 4607 tamen
1458 4566 1674 4622 semper
1718 4552 2019 4623 pulverem,
2080 4553 2133 4608 id

532 4660 619 4705 est
642 4658 982 4719 peccatorem
1026 4647 1385 4716 recognoscit.
1421 4646 1675 4701 Peccanti
1722 4646 1867 4701 enim
1925 4647 2131 4701 dictum

533 4752 662 4801 est:
706 4761 724 4795 ς
755 4740 940 4795 Pulvis
969 4756 1027 4794 es
1072 4737 1224 4810 (Gen.
1278 4756 1359 4804 ut,
1398 4740 1505 4808 l9).
1546 4759 1564 4792 ›
1612 4740 1677 4793 Et
1727 4739 1829 4794 hoc
1886 4737 2036 4802 facit,
2085 4739 2133 4791 si

532 4838 670 4910 forte
699 4835 765 4889 sit
788 4850 935 4904 spes,
970 4844 1027 4886 ut
1078 4832 1333 4887 videlicet
1368 4832 1471 4885 sibi
1520 4847 1737 4901 semper
1777 4831 2029 4885 videatur
2067 4832 2134 4884 de

532 4932 646 4988 Deo
693 4941 914 5000 sperare
964 4924 1205 4995 praemia,
1244 4924 1397 4993 quasi
1446 4925 1692 4994 quaedam
1740 4923 1987 4993 ambigua
2023 4939 2129 4977 res.

534 5025 724 5099 (Vsus.
749 5020 840 5091 '50)
884 5039 903 5073 ι
939 5018 1101 5074 Dabit
1124 5016 1449 5089 percutienti
1481 5032 1539 5072 se
1585 5016 1884 5079 maxillam,
1931 5024 2137 5068 satura-

539 5135 560 5170 ι
606 5116 751 5173 bitur
776 5113 1104 5188 Opprobriis.
1143 5130 1161 5164 s
1193 5108 1517 5164 Percutienti
1545 5107 1818 5163 maxillam
1849 5107 1943 5162 dat
1979 5109 2133 5178 quis-

534 5213 737 5284 quisea
763 5226 883 5281 quae
909 5208 1013 5265 sibi
1071 5205 1375 5262 amantiora
1406 5211 1460 5259 et
1487 5201 1865 5275 spectabiliora
1900 5200 1951 5255 in
1999 5216 2136 5271 prae-

536 5301 679 5358 senti
715 5310 1016 5357 noscuntur
1064 5296 1290 5367 injurias
1319 5294 1525 5350 inferre
1568 5293 1874 5349 volentibus
1912 5292 2137 5364 exponit

534 5391 721 5464 potius
774 5406 937 5461 quam
991 5391 1254 5447 defensat.
1323 5386 1629 5459 Opprobriis
1687 5396 1983 5452 saturatur,
2040 5387 2133 5458 qui

536 5484 685 5555 ipsas
735 5481 1093 5538 contumelias
1148 5497 1246 5553 pro
1307 5479 1540 5538 summis
1592 5478 1695 5534 sibi
1748 5477 2134 5535 refectionibus

534 5578 861 5636 arbitratur.

1262 5684 1417 5725 CAP“.

610 5771 778 5837 Vens.
815 5774 906 5835 5i.
933 5800 1005 5817 --
1036 5791 1057 5828 ι
1105 5771 1244 5846 Quia
1274 5785 1379 5836 non
1411 5770 1634 5841 repellet
1659 5772 1716 5830 in
1745 5772 2132 5848 sempiternum

2244 4565 2263 4598 ‹
2312 4561 2430 4609 suo,
2464 4545 2725 4599 Dominus
2753 4544 3043 4615 ignoravit.
3086 4565 3106 4597 ι
3137 4548 3373 4612 Abiecit,
3417 4546 3637 4612 inquam,
3664 4528 3765 4600 illi“

2238 4644 2482 4711 hominis,
2514 4652 2572 4698 ut
2612 4652 2950 4713 perverteret
2997 4645 3275 4700 honinem
3304 4647 3359 4699 in
3373 4640 3566 4714 judicio
3591 4645 3688 4693 suo.
3722 4630 3764 4677 πί

2238 4738 2554 4793 ostenderet
2603 4738 2792 4807 utique
2849 4751 2956 4792 non
3020 4739 3095 4793 ita
3134 4755 3163 4795 a
3202 4740 3313 4794 Deo
3359 4735 3699 4812 praestitutum,
3723 4720 3764 4769 υῑ

2237 4839 2392 4894 bonis
2414 4838 2554 4891 bona
2588 4836 2910 4892 facientibus
2944 4838 3089 4892 bona
3120 4837 3187 4892 ad
3214 4850 3451 4909 praesens
3476 4826 3763 4887 restitueren-

2239 4942 2354 4998 tur;
2386 4931 2464 4985 sic
2500 4931 2642 4985 enim
2684 4930 2927 4986 moribus
2952 4942 3038 4987 est
3064 4932 3319 4988 humanis
3340 4928 3593 4987 inolitum,
3613 4922 3663 5012 ul

2234 5018 2366 5079 num
2401 5023 2695 5092 quemlibet
2743 5022 2903 5078 malis
2950 5038 3289 5094 oppressum,
3355 5024 3543 5079 bonum
3593 5004 3761 5094 minime

2237 5116 2511 5172 aestiment
2540 5115 2846 5181 exstitisse;
2881 5093 3105 5184 quodin
3127 5115 3427 5170 amicorum
3453 5108 3546 5166 Job
3562 5093 3761 5184 opinione

2238 5208 2498 5264 crevisse.
2542 5205 2648 5262 Sed
2682 5207 2783 5261 hoc
2836 5181 3099 5262 Dominus
3134 5204 3383 5279 ignorat,
3412 5201 3496 5275 qui
3519 5193 3651 5253 bonis
3670 5181 3754 5255 ριοο

2237 5314 2468 5369 rumque
2496 5297 2662 5366 mala,
2714 5307 2763 5353 et
2802 5298 2959 5354 malis
3008 5301 3173 5355 etiam
3228 5299 3393 5366 bona,
3431 5292 3643 5358 utrisque
3661 5285 3759 5347 ⁸1⁰⁰⁸

2236 5411 2341 5468 que
2372 5395 2661 5467 aliquoties
2691 5395 2901 5452 meritis
2928 5396 3042 5451 suis
3078 5395 3452 5454 convenientia
3474 5384 3676 5461 praesul-

2968 5507 3102 5548 κει.
3588 5568 3601 5569 7
3689 5556 3699 5569 .

2309 5588 2468 5642 Vens.
2489 5587 2578 5643 57.
2598 5617 2664 5627 -
2683 5576 2711 5639 ἱ
2723 5585 2857 5655 Quis
2879 5586 3081 5642 estiste
3095 5589 3187 5658 qui
3207 5588 3413 5644 dixitut
3433 5565 3753 5637 ﬁereloomi'”

2237 5683 2398 5755 255
2453 5664 2558 5739 non
2617 5684 2879 5755 iubente?
2910 5702 2930 5736 s
2964 5682 3133 5749 Mem,
3182 5685 3550 5756 interpretatur
3580 5663 3747 5759 visit:-

2236 5743 2520 5841 Ειξὶῆιωθι
2540 5743 2668 5856 ergo
2698 5776 2963 5855 prapheta
2982 5743 3251 5853 adversus
3417 5769 3499 5852 qui
3521 5762 3582 5825 de
3600 5743 3749 5813 uti!”
