4038 6330
142 382 262 442 ϊῑὸ

766 382 1228 443 TROPOLOGLE
1265 381 1335 439 1N
1366 383 1564 455 OSEE,
1599 386 1787 445 AMOS
1822 390 1910 446 ET
1937 389 2085 448 JER.
2123 423 2194 436 —
2230 394 2362 451 LIB.
2388 394 2455 452 V.
2496 393 2566 451 ΙΝ
2604 393 2749 452 JER.

3329 388 3434 445 575
3492 378 3499 391 ²

150 510 586 573 :onquerttntur,
636 501 929 558 secundum
977 516 1114 572 quos
1154 511 1211 557 et
1256 502 1518 573 psalmus,
1578 503 1749 570 Quam
1778 528 1826 585 Α
1930 509 2091 565 Vens.
2118 510 2209 564 44.
2236 542 2310 553 —
2355 528 2373 562 ι
2410 510 2717 582 Opposuisti
2768 511 2964 565 nubem
3013 506 3131 572 tibi,
3178 515 3438 561 netrans-

143 596 324 651 bonus
354 594 522 650 Israel
554 594 726 649 Deus!
757 596 1098 665 conscriptus
1142 604 1226 651 est
1265 594 1436 666 (Psal.
1473 614 1645 663 Lxxn,
1672 600 1742 663 l).

146 686 386 741 Domino
414 703 517 741 non
534 685 748 755 jubeute
769 684 885 740 fieri
914 687 1064 752 dicit,
1094 687 1183 758 qui
1209 702 1302 743 eos
1322 702 1457 757 quos
1481 690 1749 746 scelerosa
1786 716 1791 717 ί

147 779 411 836 victitare
432 779 731 850 cognoscit,
761 794 1033 850 sanesque
1061 779 1359 836 incolumes
1385 798 1449 837 ac
1463 784 1750 854 opulentos

147 873 412 942 attendit,
462 874 679 929 fortuna
729 875 909 944 potius
947 889 1111 945 quam
1148 876 1242 931 Dei
1276 876 1480 949 judicio
1517 879 1603 951 agi
1636 895 1750 936 crc-

150 969 261 1023 dit.

231 1057 397 1117 Vsus.
424 1059 514 1117 38.
545 1090 615 1100 —
644 1079 664 1114 ι
698 1059 779 1117 Ex
806 1075 903 1117 ore
946 1062 1212 1119 Altissimi
1263 1078 1370 1118 non
1401 1063 1749 1135 egrediantur

152 1175 175 1211 ι
214 1172 321 1213 με
347 1157 511 1223 bona,
547 1172 646 1213 nec
681 1156 843 1211 mala.
868 1176 885 1209 ι
923 1154 1033 1211 Nec
1055 1158 1212 1225 bona,
1257 1174 1351 1213 nec
1391 1157 1535 1213 mala
1566 1174 1631 1212 ea:
1659 1174 1748 1213 ore

149 1250 420 1306 Altissimi
474 1250 850 1321 egrediuntur,
916 1251 1041 1322 quia
1080 1266 1356 1321 nunquam
1395 1252 1446 1306 in
1515 1267 1749 1319 praesen-

150 1343 359 1400 tiarutn
382 1343 599 1414 proprie
637 1343 774 1398 bona
807 1344 996 1409 bonis,
1046 1359 1147 1401 nec
1200 1360 1388 1399 rursus
1435 1345 1747 1415 specialiter

150 1435 303 1492 mala
370 1434 525 1490 malis
592 1450 660 1491 ex
733 1436 1000 1493 sententia
1073 1436 1364 1507 contigisse
1432 1438 1745 1493 creduntur.

151 1526 462 1600 Utrobique
496 1527 643 1584 enim
692 1528 919 1597 cedunt,
976 1529 1104 1600 quia
1155 1530 1399 1601 utrisque
1439 1530 1749 1587 communia

147 1629 306 1677 sunt.

226 1712 395 1770 Vens.
426 1712 518 1770 39.
552 1740 626 1754 —
650 1728 669 1764 ι
705 1709 843 1781 Quid
883 1712 1316 1769 immurmuravit
1352 1712 1476 1786 [al.,
1502 1728 1747 1769 murmu-

156 1824 178 1861 ί
217 1805 386 1879 ravit]
419 1807 579 1862 homo
602 1807 812 1872 vivens,
844 1805 925 1861 vir
953 1822 1051 1877 pro
1073 1806 1313 1878 peccatis
1343 1807 1500 1863 suis?
1521 1826 1539 1860 ι
1575 1805 1747 1863 Homo

1864 625 1881 654 ι
1915 613 2004 658 eat
2049 604 2247 659 oratio.
2282 624 2299 657 ι
2334 603 2514 659 Nubes
2535 606 2582 659 ei
2612 605 2924 674 opponitur,
2953 618 3074 656 cum
3096 600 3434 656 obstaculum

1850 697 1994 751 inter
2017 713 2116 752 nos
2138 705 2192 751 et
2224 696 2390 751 Deum
2416 713 2595 767 pravae
2622 705 2821 752 nostra:
2846 694 3164 750 intentionis
3194 692 3438 748 obtendi-

1851 800 1955 845 tur.
1994 789 2181 844 Oratio
2205 806 2309 845 non
2339 790 2556 859 transit,
2591 805 2755 861 quam
2801 789 3194 847 malevolentiae
3236 787 3436 844 crassi-

1850 891 1980 946 tudo
2002 890 2223 946 retudit.

1919 986 2082 1041 Vens.
2113 984 2204 1039 45.
2228 1014 2300 1026 -
2327 1002 2345 1037 t
2382 981 2818 1039 Eradicationem
2859 992 2916 1038 et
2953 982 3310 1052 abjectionem
3332 995 3436 1053 po-

1853 1097 1874 1131 ι
1900 1078 2054 1134 suisti
2086 1094 2171 1133 me
2222 1078 2275 1132 in
2317 1076 2494 1132 medio
2546 1074 2931 1146 populorum.»
2968 1073 3082 1128 Νοη
3116 1075 3268 1140 dixit,
3304 1067 3437 1129 'era-

1849 1172 2041 1228 dicasti
2072 1186 2179 1236 me,
2221 1173 2313 1227 sed
2340 1171 2750 1226 eradicationem
2777 1168 2997 1240 posuisti
3027 1185 3125 1222 me.
3175 1168 3436 1225 Eradica-

1851 1268 1947 1330 tio,
1980 1266 2061 1321 vel
2108 1265 2338 1335 abjectio
2370 1280 2523 1319 mens
2567 1263 2654 1318 illa
2718 1263 2775 1317 tit
2812 1272 2904 1316 aut
2939 1262 3173 1333 ponitur.
3210 1278 3329 1334 qua:
3358 1271 3442 1318 to-

1849 1359 1958 1413 tius
1990 1358 2268 1414 interioris
2294 1357 2420 1412 boni
2444 1355 2719 1425 scmetipsi
2767 1354 2934 1425 peStis
2971 1351 3219 1409 edicitur.
3254 1352 3439 1409 Eradi-

1848 1460 1939 1508 cat
1964 1451 2108 1506 enim
2136 1461 2190 1506 et
2222 1450 2433 1521 abiicit,
2465 1449 2555 1519 qui
2604 1449 2743 1502 bona
2779 1446 3100 1502 naturaliter
3139 1446 3297 1501 insita
3330 1462 3360 1499 a
3383 1461 3441 1502 se

1848 1551 2160 1612 extorquet,
2193 1549 2243 1597 et
2278 1541 2510 1612 superbe
2537 1539 2799 1595 excludit.
2831 1537 2898 1593 Et
2921 1539 3022 1593 hoc
3052 1538 3110 1593 fit
3158 1538 3213 1593 in
3265 1537 3438 1593 medio

1847 1636 2184 1707 populorum,
2243 1635 2725 1707 eircnmstrepente
2766 1632 2953 1704 utique
3002 1631 3167 1687 animi
3221 1631 3440 1687 auribus

1848 1728 2152 1802 frequentia
2186 1727 2463 1784 vitiorum.

2586 1834 2706 1876 Ριιε.

153 1901 333 1957 vivens
359 1909 687 1965 murmurat,
722 1899 851 1969 quia
882 1915 1007 1956 cum
1065 1900 1115 1954 in
1170 1901 1415 1971 peccatis
1444 1902 1610 1966 vivat,
1638 1916 1743 1956 non

1920 1913 2085 1971 Vsus.
2118 1915 2305 1971 46.—
2333 1933 2352 1968 ι
2400 1915 2749 1987 Aperuerunt
2799 1926 2962 1982 super
3012 1925 3114 1967 nos
3167 1924 3233 1965 os
3280 1924 3437 1964 suum

150 1993 222 2047 ad
270 2000 494 2062 peccata
542 1989 766 2061 respicit
820 2006 941 2061 quae
979 2000 1275 2062 perpetrat,
1334 1992 1380 2047 si
1420 1991 1622 2062 aliquid
1653 1992 1748 2047 ad-

153 2085 436 2140 versitatis
464 2084 728 2152 incurrat,
756 2084 850 2140 sed
897 2098 1106 2150 eorum,
1140 2085 1231 2154 qui
1258 2098 1419 2154 agere
1442 2083 1632 2156 pejora
1669 2085 1748 2141 vi-

161 2178 384 2245 dentur,
441 2192 563 2234 sese
606 2177 1014 2248 comparatione
1047 2177 1331 2247 justiﬁeat.
1393 2177 1486 2232 Vir
1533 2193 1748 2250 quoque

152 2288 251 2341 pro
281 2271 508 2342 peccatis
533 2279 854 2335 murmurat,
895 2284 1021 2326 cum
1051 2286 1159 2326 non
1207 2286 1305 2327 sua
1346 2272 1489 2328 inter
1533 2273 1747 2344 patien-

150 2360 284 2416 dum
338 2369 577 2432 peccata,
604 2370 846 2427 accusat,
903 2361 999 2419 sed
1046 2361 1217 2420 Deum
1248 2362 1415 2421 nimie
1459 2361 1747 2421 ferientem

151 2453 512 2526 querimoniis
542 2452 740 2523 pulsat.

897 2562 1024 2606 IIII.

231 2639 400 2696 Vsus.
430 2639 514 2695 i0.
542 2670 615 2684 —-
659 2658 679 2695 ι
718 2636 1041 2700 Scrutemur
1083 2642 1203 2699 vias
1241 2652 1481 2712 nostras,
1512 2652 1569 2701 ct
1597 2660 1746 2717 qua:—

158 2750 181 2786 ι
220 2747 408 2790 ramus
452 2741 508 2790 et
528 2744 867 2792 revertamur
896 2735 964 2792 ad
996 2736 1304 2794 Dominum.
1327 2757 1347 2791 ρ
1376 2736 1517 2804 Nun,
1554 2740 1744 2809 sempi-

155 2839 394 2885 ternum.
429 2827 548 2885 Non
574 2831 719 2887 enim
765 2831 1040 2899 convenit,
1072 2831 1119 2888 si
1145 2832 1213 2888 ad
1256 2842 1465 2905 tempus
1500 2847 1599 2905 pro
1623 2849 1745 2904 pee-

151 2930 283 2979 θειο
311 2921 621 2999 puniamur,
659 2938 1018 2989 murmurare,
1066 2923 1163 2981 sed
1212 2924 1394 2995 potius
1432 2925 1499 2980 ad
1548 2925 1746 2996 sempi-

155 3024 394 3082 ternum,
435 3017 580 3088 quod
610 3015 752 3074 Deus
795 3028 899 3085 est,
935 3033 1251 3090 properare.
1308 3018 1463 3075 Unde
1506 3019 1617 3074 vias
1648 3035 1745 3075 no-

152 3120 293 3166 stras
321 3121 635 3178 scrutemur,
669 3110 722 3165 id
750 3118 835 3167 est
859 3111 1100 3168 actiones
1130 3112 1504 3168 discutiamus.
1558 3112 1742 3168 Domi-

153 3220 282 3259 num
312 3219 527 3274 quoque
554 3219 873 3275 quaeramus,
903 3214 952 3259 et
988 3206 1054 3261 ad
1078 3219 1202 3261 eum
1227 3215 1567 3272 revertamur,
1598 3204 1747 3262 Scri-

1858 2020 1878 2056 s
1908 2018 2097 2059 omnes
2121 2005 2344 2061 inimici.
2376 2023 2396 2058 ι
2429 2004 2562 2071 Plie,
2596 2004 2985 2073 interpretatur
3025 2018 3103 2066 os,
3128 2007 3183 2055 et
3207 2000 3349 2070 quod
3376 1998 3441 2054 il-

1852 2095 1944 2153 lud
1980 2114 2059 2163 os,
2090 2098 2191 2153 nisi
2214 2098 2359 2169 quod
2392 2099 2559 2154 menti
2605 2099 2673 2153 ad
2721 2097 3108 2169 pervcrsitates
3138 2100 3249 2166 jam
3280 2111 3437 2167 pror-

1850 2208 1943 2248 sus
1978 2193 2196 2258 acclini,
2232 2208 2425 2248 omnes
2449 2202 2604 2247 actus
2642 2191 2948 2246 insusurrat
2994 2189 3300 2245 obscenos?
3324 2185 3440 2244 Hoc

1848 2301 2003 2355 super
2031 2301 2123 2339 nos
2150 2301 2325 2339 omnes
2349 2284 2549 2338 inimici
2578 2283 2751 2338 nostri
2776 2283 3044 2352 aperiunt,
3074 2296 3195 2337 cum
3222 2281 3288 2335 ad
3318 2296 3441 2336 suc-

1849 2376 2182 2432 cendendam
2211 2391 2308 2447 per
2333 2376 2586 2447 quaelibet
2609 2375 2839 2431 crimina
2863 2374 3253 2431 conscientiam
3278 2373 3437 2430 indu-

1847 2468 2086 2525 bitanter
2114 2479 2424 2539 erumpunt.
3034 2475 3045 2483 ‘

1919 2561 2083 2617 Vens.
2113 2561 2203 2619 47.
2234 2591 2306 2602 -—-
2336 2579 2356 2613 ι
2382 2559 2639 2616 Formido
2668 2566 2723 2615 et
2750 2558 2977 2630 laqueus
3000 2557 3147 2613 facta
3173 2566 3256 2613 est
3280 2556 3439 2612 nobis

1853 2668 1873 2705 ι
1909 2650 2229 2706 vaticinatio
2256 2658 2309 2706 et
2343 2650 2618 2706 contritio.
2642 2668 2661 2702 ›
2693 2648 2841 2705 Ordo
2871 2656 2955 2704 est
2991 2665 3005 2703 :
3045 2646 3218 2702 Facta
3244 2658 3318 2703 est
3342 2664 3437 2703 no-

1848 2746 1926 2802 bis
1954 2746 2258 2802 uaticinatio
2288 2756 2335 2801 et
2360 2747 2626 2814 contritio,
2658 2745 2877 2817 laqueus
2899 2754 2950 2800 et
3000 2743 3252 2815 formido.
3293 2742 3442 2800 Vati-

1846 2842 2044 2897 cinatio
2072 2850 2176 2907 est,
2194 2857 2316 2897 eum
2351 2855 2503 2897 mens
2525 2841 2748 2897 obsessa
2776 2838 2998 2909 flagitiis
3024 2852 3312 2895 successus
3336 2838 3440 2895 sibi

1846 2949 2163 3006 prosperos,
2191 2942 2244 2989 et
2274 2948 2399 3004 spes
2427 2933 2723 3004 gloriarum
2753 2933 3001 3005 spondet.
3028 2931 3135 2988 Sed
3175 2932 3318 2991 hanc
3343 2947 3441 2988 va-

1848 3028 2219 3083 ticinationem
2246 3028 2491 3098 sequitur
2520 3028 2787 3094 contritio,
2824 3028 2950 3097 quia
2978 3042 3085 3086 ouo
3118 3041 3291 3098 magis
3322 3026 3443 3085 sine

1850 3121 1933 3176 sui
1960 3130 2210 3193 respectu
2268 3120 2565 3186 extollitur,
2606 3135 2673 3176 eo
2724 3120 2960 3191 graviori
3002 3120 3326 3192 opprimitur
3355 3136 3444 3177 re-

1849 3217 2009 3283 pente
2032 3219 2279 3280 peccato.
2307 3210 2504 3281 Fitque
2527 3223 2656 3266 mox
2684 3218 2975 3281 utrumque
3005 3211 3219 3265 misera:
3244 3211 3441 3266 animae

156 3297 336 3369 ptnris
356 3297 568 3354 scilicet
590 3297 951 3368 invigilemns,
984 3298 1059 3353 ibi
1090 3308 1398 3368 quaerentes
1430 3300 1573 3355 unde
1602 3314 1748 3356 eom-
1774 3279 1817 3339 α
1849 3279 2077 3374 formido
2117 3313 2164 3358 et
2197 3279 2438 3375 laqueus,
2493 3303 2620 3358 dum
2674 3279 3112 3357 vaticinationem
3168 3302 3443 3358 mordacis

157 3406 488 3462 panguntur,
543 3398 601 3446 et
638 3390 707 3447 ad
749 3390 927 3462 ipsum
961 3391 1159 3463 praevia
1185 3391 1601 3463 compunetione
1654 3392 1747 3449 du-

154 3498 368 3540 εθιιιιιν.

231 3575 402 3631 Vens.
432 3576 523 3631 il.
551 3607 623 3617 —
652 3595 671 3630 ι
714 3574 980 3634 Levemus
1010 3579 1173 3635 corda
1201 3588 1386 3634 nostra
1421 3594 1544 3635 cum
1574 3579 1747 3635 mani-

163 3687 186 3725 s
219 3670 323 3726 bus
353 3669 421 3725 ad
444 3669 731 3725 Dominum
779 3671 834 3726 in
878 3671 1066 3729 caelos.
1109 3691 1127 3725 ι
1161 3670 1337 3728 Corda
1390 3683 1567 3729 nostra
1626 3689 1746 3727 cum

157 3765 409 3820 manibus
434 3764 696 3835 levamus,
745 3782 867 3822 cum
916 3767 1299 3841 intelligentias
1356 3782 1479 3823 cum
1527 3782 1747 3824 exsecu-

158 3856 311 3913 tione
339 3872 585 3928 operum,
635 3858 755 3913 sine
796 3857 996 3914 infimae
1052 3858 1227 3914 laudis
1254 3859 1632 3930 aspiratione,
1677 3858 1746 3915 ad

161 3947 330 4003 Deum
359 3948 462 4003 sub
483 3963 579 4018 spe
604 3948 816 4005 scilicet
840 3948 954 4005 sola
985 3948 1192 4005 caelesti
1220 3949 1565 4021 porrigimus.

236 4042 405 4099 Vsus.
428 4042 521 4097 42.
544 4072 616 4083 -
641 4060 661 4096 s
694 4042 805 4099 Nos
836 4042 1021 4114 inique
1064 4043 1293 4115 egimus,
1322 4052 1378 4098 et
1438 4043 1505 4099 ad
1533 4042 1747 4098 iracun-

166 4156 187 4189 ι
220 4135 366 4191 diam
397 4136 832 4206 provocavimus,
878 4136 1079 4191 idcirco
1114 4143 1171 4191 tu
1213 4135 1567 4191 inexorabilis
1602 4149 1683 4192 es.
1718 4152 1739 4189 ι

159 4228 377 4299 Liquet,
429 4236 628 4285 caetera
669 4242 1081 4299 prosequamur.
1134 4226 1249 4284 lloc
1295 4237 1476 4282 tamen
1527 4226 1748 4283 videtur

163 4321 504 4378 tractandum
536 4322 681 4393 quod
712 4337 811 4393 pro
862 4321 1239 4391 iniquitatibus
1286 4321 1629 4377 inexorabilis
1655 4322 1747 4379 hic

161 4414 358 4469 dicitur
383 4412 545 4478 Deus,
572 4421 627 4467 et
650 4411 802 4479 alibi,
834 4420 1149 4481 peccatores
1198 4426 1304 4467 non
1347 4412 1537 4467 audire
1558 4410 1744 4483 (Joan.

159 4520 238 4572 is,
265 4506 383 4575 31),
407 4505 550 4574 quod
573 4520 681 4560 uno
705 4505 874 4560 verbo
895 4504 1283 4574 solvitur,quia
1308 4505 1560 4560 videlicet
1580 4520 1747 4576 quan-

161 4596 250 4652 diu
312 4597 367 4650 in
426 4596 726 4652 intentione
776 4596 1041 4667 peccandi
1098 4610 1453 4667 perseverare
1509 4596 1746 4669 proban-

159 4698 264 4752 tur,
311 4696 368 4743 ct
413 4687 805 4746 inexorabilem
834 4688 1007 4744 Deum
1052 4686 1257 4744 faciant
1302 4700 1357 4744 et
1391 4687 1616 4743 minime
1652 4701 1746 4742 au-

156 4781 393 4838 diantur.

826 4893 1053 4935 SAM-EC“.

222 4966 393 5025 Vens.
424 4967 609 5023 4:5.—
647 4987 669 5022 ‹
703 4968 975 5041 Operuisti
1005 4971 1058 5027 in
1082 4969 1289 5039 furore,
1333 4978 1389 5027 et
1426 4972 1742 5044 percussisti

159 5078 177 5114 ς
206 5076 330 5131 nos,
362 5062 633 5130 occidisti,
661 5077 763 5120 nec
791 5062 1105 5135 pepercisti.
1132 5084 1151 5119 ι
1181 5064 1439 5131 Samech,
1476 5066 1743 5138 interpre-

156 5161 301 5208 tatur
350 5152 501 5207 audi.
553 5153 775 5209 Summa
821 5154 966 5209 enim
1017 5169 1139 5225 ope,
1196 5171 1305 5226 quo
1359 5144 1743 5213 inexorabilior

148 5247 476 5315 aestimatur,
502 5246 705 5303 dimota
730 5262 1028 5317 pravorum
1077 5248 1410 5320 appetituum
1450 5250 1737 5320 densitate,

148 5353 381 5395 necesse
419 5346 507 5395 est
529 5348 586 5394 ut
605 5339 811 5406 audiat,
838 5339 884 5396 si
916 5340 1173 5397 obnixius
1198 5342 1539 5398 inclame‘tur.
1564 5342 1632 5399 In
1662 5345 1741 5415 fu-

88 5420 91 5425 ’
145 5446 265 5486 rore
292 5430 593 5501 operimur,
622 5446 745 5487 cum
768 5433 1014 5490 irruente
1033 5434 1324 5491 criminum
1364 5436 1556 5492 nebula
1605 5438 1739 5494 desi~

142 5524 369 5597 pientiae
418 5534 576 5582 nocte
631 5526 1009 5598 deprimimur.
1057 5528 1403 5586 Percntimur
1432 5573 1447 5599 ,
1500 5546 1622 5587 cum
1671 5531 1739 5587 ab

140 5617 292 5674 omni
314 5617 627 5691 integritate
643 5620 955 5693 dejieimur.
989 5622 1198 5681 Occidit
1224 5626 1384 5695 Deus,
1412 5641 1512 5681 nec
1553 5641 1739 5699 peper-

140 5712 237 5779 cit,
262 5727 388 5767 cum
419 5713 669 5785 spiritum
691 5730 834 5773 asua
855 5717 976 5775 luce
998 5719 1315 5791 exstinguit,
1341 5722 1392 5778 in
1419 5736 1527 5794 quo
1556 5731 1734 5779 tamen

138 5804 301 5862 nobis
341 5816 612 5877 parceret,
641 5808 687 5865 si
722 5810 810 5869 vel
852 5811 1086 5873 scintilla
1110 5814 1267 5875 nobis
1324 5815 1551 5891 alicujus
1572 5816 1736 5876 bene-

136 5897 397 5960 volentia
424 5912 754 5965 remaneret».

1381 5962 1423 5989 ..ν

1850 3393 2126 3463 intercipit
2175 3392 2347 3462 culpae
2404 3399 2602 3457 metus,
2653 3401 2709 3447 et
2749 3391 3062 3447 contritioni
3122 3391 3334 3460 adjacet
3385 3391 3433 3447 is

1850 3485 1941 3556 qui
1968 3485 2219 3555 spiritum
2247 3483 2607 3540 confessionis
2631 3482 2883 3540 occludet
2934 3484 3331 3555 desperationis
3357 3483 3442 3539 la-

1849 3590 2038 3649 quens.

1920 3671 2082 3727 Vens.
2116 3671 2205 3727 a8.
2227 3699 2300 3712 --
2332 3688 2351 3723 ι
2384 3669 2687 3727 Divisiones
2739 3684 3004 3741 aquarum
3042 3668 3265 3724 deduxit
3310 3683 3442 3725 oeu-

1854 3782 1874 3818 ι
1908 3763 1994 3821 lus
2043 3780 2199 3821 meus
2229 3762 2283 3820 in
2315 3765 2644 3820 contritione
2679 3763 2805 3819 filiae
2845 3762 3026 3835 populi
3061 3762 3189 3819 mei.
3210 3783 3231 3816 ι
3273 3762 3442 3834 Aqua:

1849 3857 2187 3925 dividuntur,
2239 3873 2362 3915 eum
2414 3858 2717 3930 spiritualis
2752 3857 3083 3914 subtilitatcs
3134 3857 3443 3928 intelligen-

1849 3952 1959 4017 tiae,
1991 3953 2036 4007 si
2064 3966 2186 4023 quae
2232 3951 2558 4015 resederint,
2591 3950 2998 4022 disperguntur.
3028 3948 3161 4015 Has,
3187 3951 3313 4005 dum
3340 3964 3441 4019 po-

1846 4044 2005 4115 pulus
2026 4045 2349 4111 conteritur,
2381 4044 2567 4101 oculus
2597 4044 2837 4110 deducit,
2866 4044 3012 4115 quia,
3053 4043 3179 4097 dum
3220 4041 3444 4097 sceleri-

1848 4135 1950 4191 bus
1976 4136 2166 4208 ineipit
2213 4137 2494 4207 subjacere
2526 4135 2847 4191 intentionis
2892 4149 3143 4203 acumen,
3180 4132 3442 4208 paulatim

1848 4236 2173 4285 extenuatus
2200 4228 2434 4285 interius
2457 4237 2610 4285 extra
2641 4244 2699 4285 sc
2733 4228 2933 4283 fundit.

2597 4337 2707 4377 MN.

1922 4412 2085 4470 Vens.
2108 4412 2203 4480 49,
2226 4412 2411 4469 50.-—
2445 4432 2463 4467 ι
2505 4412 2705 4470 Oculus
2738 4427 2894 4469 meus
2936 4410 3167 4467 alﬂietns
3204 4418 3311 4478 est,
3337 4427 3442 4468 nec

1854 4525 1873 4559 ι
1915 4508 2104 4573 tacuit,
2133 4521 2199 4562 eo
2227 4507 2371 4579 quod
2412 4521 2518 4561 non
2542 4514 2686 4562 esset
2725 4505 2961 4576 requies.
2991 4503 3173 4559 Donec
3201 4518 3443 4575 respice-

1852 4619 1871 4655 ι
1900 4610 2003 4667 ret,
2035 4610 2089 4655 et
2111 4600 2320 4655 videret
2346 4601 2603 4656 Dominus
2631 4601 2698 4655 de
2753 4599 2929 4655 caelis.
2952 4618 2971 4652 ι
3008 4597 3208 4654 Oculus
3253 4598 3443 4671 afﬂigi-

1852 4701 1958 4761 tur,
1991 4710 2084 4748 nec
2118 4702 2280 4758 tacet,
2312 4709 2434 4748 cum
2480 4693 2711 4749 intentio
2750 4693 2896 4749 vitiis
2944 4692 3225 4759 atteritur,
3278 4706 3381 4749 nec
3411 4708 3442 4748 a

1847 4788 2078 4859 strepitu
2118 4785 2515 4843 desideriorum
2575 4787 2738 4843 etiam
2777 4787 3118 4843 conscientia
3172 4801 3231 4842 se
3282 4801 3445 4843 accu-

1847 4883 2021 4938 sando
2050 4879 2324 4953 aﬂligente
2352 4881 2587 4938 cohibet.
2628 4881 2697 4936 Et
2746 4880 2849 4937 hoc
2907 4880 2967 4937 tit
3020 4882 3147 4952 quia
3204 4897 3310 4937 non
3360 4890 3446 4937 cst

1847 4978 2069 5047 requies,
2096 4974 2242 5030 nulla
2268 4974 2518 5031 videlicet
2542 4976 2610 5032 ab
2638 4984 2771 5031 aastn
2817 4974 3077 5031 interiore
3124 4974 3439 5045 temperies,

1846 5070 2009 5124 donec
2040 5070 2317 5140 respiciat,
2367 5079 2422 5124 et
2450 5070 2633 5125 videat
2657 5068 2916 5124 Dominus
2972 5069 3037 5121 de
3072 5066 3232 5127 caelis,
3269 5064 3444 5119 donec

1845 5161 2033 5232 utique
2086 5160 2432 5225 misereatur,
2486 5169 2541 5215 et
2580 5160 2842 5231 approbet
2906 5157 3318 5215 conversionem
3342 5168 3443 5212 no-

1846 5262 2017 5309 stram
2042 5253 2304 5309 Dominus
2339 5268 2437 5323 per
2476 5253 2835 5310 imitationem
2874 5249 3118 5307 caelestis
3148 5262 3442 5305 conversa-

1847 5347 2031 5404 tionis.
2773 5384 2779 5390 .
3198 5400 3201 5405 _

1915 5440 2086 5498 Vens.
2116 5438 2300 5497 51.—-—
2334 5441 2590 5499 «Oculus
2640 5454 2796 5499 meus
2842 5440 3185 5512 depraedatus
3212 5451 3297 5497 est
3324 5440 3444 5497 ani-

1848 5554 1869 5589 σ
1898 5536 2041 5592 mam
2085 5537 2250 5609 256
2272 5552 2451 5592 meam
2483 5537 2537 5591 in
2562 5538 2777 5594 cunctis
2805 5536 3020 5595 ﬁliabus
3047 5537 3198 5593 urbis
3235 5553 3390 5595 meat.
3413 5556 3433 5592 ι

1840 5629 1966 5697 Ain,
1997 5630 2387 5703 interpretatur
2436 5631 2640 5686 oculus.
2676 5631 2744 5687 Et
2768 5633 2889 5704 quis
2945 5640 3027 5688 cst
3074 5632 3283 5701 oculus,
3331 5633 3438 5691 nisi

1842 5721 1959 5795 ipsa
1993 5725 2181 5780 eadem
2214 5723 2474 5791 intentio,
2498 5738 2618 5795 quae
2640 5723 2884 5781 animam
2913 5725 3280 5797 deprmdatur,
3305 5726 3432 5785 dum

1840 5825 2037 5872 cuncta
2070 5832 2190 5887 qum
2248 5815 2387 5875 bene
2428 5832 2685 5879 exercere
2729 5818 3021 5892 aliquando
3073 5819 3307 5885 videtur,
3341 5833 3439 5890 per

1839 5909 1922 5969 sui
1974 5911 2487 5984 praevaricationem
2542 5912 2836 5984 subtrahit,
2870 5912 3002 5973 dum
3056 5911 3251 5972 laudes
3293 5910 3438 5970 lora-
