3998 6326
588 336 688 392 ΗΒ

1326 336 1389 393 v.
1422 338 1749 394 cursum
1785 336 2077 395 ABBATIS
2106 334 2165 396 Β.
2195 334 2435 400 mare;
2463 308 2556 397 DE
2575 334 2978 398 NOVIGENTO
3274 347 3330 364 να
3364 351 3391 365 ’κ
3441 353 3451 365 ν
3502 364 3503 367 γ
3695 356 3776 416 ne

583 455 748 510 sticas
802 455 1139 524 aucupatur?
1172 454 1277 509 Sed
1299 455 1401 510 hoc
1454 470 1558 509 non
1590 455 1649 508 lit
1696 456 1797 511 nisi
1853 457 1908 509 in
1936 456 2147 525 ﬁliabus
2177 462 2225 521 Α
2256 458 2460 511 tionem
2491 456 2627 511 redit
2653 456 2851 510 rationi
2877 456 2959 511 sui
2979 454 3121 527 quod
3153 456 3409 516 amiserat
3437 458 3631 521 arbitrii
3656 471 3776 539 prin.

583 549 726 603 urbis
756 562 890 613 sure,
938 550 991 602 in
1023 549 1247 604 mollitie
1279 550 1531 605 videlicet
1560 550 1842 605 habituum
1876 551 2154 608 conscien-

582 643 673 698 tiae
696 650 913 697 nostris.

1293 754 1446 795 DADEo

656 824 820 881 Vens.
871 828 970 884 52.
1020 858 1089 869 —
1144 846 1162 880 ι
1203 829 1503 884 Venatione
1552 838 1817 900 ceperunt
1870 844 1955 885 me
2003 828 2158 900 quasi

587 935 607 971 ι
634 933 787 972 avem
812 919 1015 974 inimici
1047 920 1150 975 mei
1202 921 1391 989 gratis.
1415 940 1434 972 ι
1467 920 1631 986 Sede,
1681 920 1878 976 dicitur
1930 920 2155 988 iustitia,

580 1027 699 1081 qua:
731 1020 907 1066 tamen
928 1012 1147 1082 justitia
1173 1027 1280 1067 non
1310 1012 1411 1066 alia
1444 1012 1576 1068 mihi
1601 1013 1813 1067 videtur
1840 1027 1999 1083 quam
2018 1011 2158 1080 quod

578 1100 728 1171 justo
760 1103 852 1157 Dei
872 1102 1075 1172 judicio
1104 1106 1297 1175 cuique
1327 1105 1492 1158 etiam
1542 1104 1599 1160 in
1619 1104 1877 1174 praesenti
1901 1104 1968 1157 ad
2005 1103 2162 1158 meris

586 1198 1061 1252 tuinretribuitnr.
1121 1199 1274 1255 Unde
1325 1199 1478 1268 quasi
1534 1214 1687 1252 avem
1730 1200 1797 1251 ab
1839 1197 2161 1253 inimicisse

583 1287 857 1341 venatione
888 1298 1103 1359 captum
1135 1290 1403 1359 queritur,
1433 1288 1559 1358 quia
1590 1303 1686 1358 per
1715 1287 2009 1353 levitatem,
2043 1300 2162 1354 qua:

585 1377 637 1430 in
673 1379 756 1430 avi
802 1377 1080 1448 figuratur,
1137 1381 1301 1450 gratis
1332 1389 1387 1433 et
1430 1380 1547 1434 sine
1583 1378 1731 1433 omni
1760 1378 1936 1433 fructu
1981 1377 2048 1431 ab
2081 1376 2165 1432 his

586 1469 675 1539 qui
710 1485 814 1522 non
849 1470 952 1523 nisi
977 1471 1217 1523 carnalia
1243 1479 1515 1540 quaerunt,
1540 1470 1696 1524 vanis
1725 1469 2000 1526 favoribus
2024 1468 2163 1523 irre-

589 1564 735 1617 litur.
757 1564 822 1618 Et
850 1572 996 1618 recte
1028 1564 1279 1620 inimicos
1310 1565 1577 1630 nominat,
1608 1580 1744 1633 quos
1772 1564 1823 1617 in
1854 1563 1935 1617 sui
1959 1559 2166 1616 beatifi-

588 1654 825 1717 catione,
869 1653 1020 1723 juxta
1061 1657 1403 1725 prophetam,
1431 1655 1770 1726 deceptiores
1794 1654 1988 1724 probat
2025 1651 2163 1725 (ιω.

585 1745 800 1814 111,12).

2258 548 2488 619 cipatus.
2510 548 2722 604 Iudicat
2744 565 2957 603 causam
2983 553 3171 606 anima:
3193 564 3382 609 nostris
3406 554 3665 625 Dominus,
3685 578 3779 621 cum

2260 642 2521 696 discernit
2546 643 2953 698 commissiones
2976 645 3155 699 carnis
3183 655 3237 700 et
3284 648 3520 717 Spiritus.
3559 650 3693 708 Unde
3715 674 3781 711 re-

2258 732 2498 803 demptor
2518 734 2637 787 vita:
2684 743 2884 788 nostra:
2932 732 3151 800 dicitur,
3181 738 3304 807 quia
3356 748 3529 817 motus
3573 744 3781 815 rationis,

2258 821 2377 878 sine
2402 823 2601 892 quibus
2632 838 2737 878 non
2764 824 2983 889 vivitur,
3016 838 3046 879 a
3065 826 3337 883 veteribus
3359 828 3592 887 eximere
3623 844 3781 893 terum-

2259 915 2343 970 nis
2374 916 2798 971 misericorditer
2823 917 3097 988 dignatur.

2338 1008 2494 1064 Vens.
2521 1009 2607 1064 59.
2636 1026 2750 1061 -σ
2779 1004 2991 1072 Vidisti,
3040 1013 3289 1079 Domine,
3342 1012 3667 1083 iniquitatem
3712 1024 3783 1077 ad-

2266 1115 2287 1150 σ
2319 1113 2537 1154 versum
2563 1099 2888 1169 me:judica
2938 1102 3200 1173 judicium
3245 1120 3489 1161 meum.»
3540 1106 3790 1168 YidetDo-

2264 1194 2448 1249 minus
2496 1197 2829 1265 iniquitatem
2886 1198 3163 1253 adversum
3202 1215 3321 1265 nos,
3360 1212 3483 1255 cum
3533 1203 3695 1260 videre
3716 1221 3789 1263 nos

2266 1283 2399 1340 facit
2427 1286 2679 1340 stimulos
2710 1287 2970 1342 adversus
2997 1288 3245 1357 spiritum
3271 1292 3665 1362 superequitare
3692 1302 3788 1351 c‘or-

2264 1392 2478 1447 poreos.
2512 1379 2784 1432 Judicium
2817 1390 3063 1436 nostrum
3084 1381 3314 1451 judicat,
3345 1398 3467 1438 cum
3502 1384 3788 1444 intellectua-

2265 1470 2471 1526 litatem
2495 1472 2563 1525 ad
2593 1471 2844 1527 universa
2873 1472 3295 1531 discernendum
3335 1488 3435 1531 suo
3478 1476 3655 1547 illapsu
3698 1480 3789 1534 illu-

2268 1562 2456 1616 minat.

2338 1654 2501 1709 Vsus.
2533 1653 2620 1710 60.
2660 1680 2731 1696 —-
2758 1672 2776 1709 ι
2807 1657 3001 1714 Vidisti
3051 1668 3273 1714 omnem
3329 1660 3585 1715 furorem.
3616 1663 3795 1719 univer-

2272 1765 2293 1798 ι
2332 1760 2419 1801 sas
2472 1748 2835 1819 cegitationes
2889 1764 3074 1807 eorum
3124 1753 3413 1808 adversum
3465 1766 3609 1809 me.»
3658 1757 3797 1814 Furor

660 1841 824 1895 Vsus.
850 1840 938 1896 55.
974 1872 1044 1881 -
1071 1859 1090 1892 ι
1138 1841 1311 1913 Lapsa
1339 1850 1421 1897 est
1476 1841 1531 1896 in
1577 1840 1754 1895 lacum
1782 1840 1894 1894 vita
1942 1853 2080 1902 mea,
2110 1847 2165 1893 et
2198 1821 2240 1880 Β
2274 1837 2526 1892 vitiorum
2559 1848 2667 1904 est,
2698 1842 2858 1910 quod,
2892 1843 3033 1912 apud
3075 1841 3196 1907 Job,
3245 1843 3455 1898 clamor
3499 1844 3684 1900 dicitur
3700 1864 3797 1903 exa-

528 1970 531 1971 ν
594 1951 613 1984 ε
649 1942 946 2002 posuerunt
970 1933 1201 2003 lapidem
1252 1936 1416 2005 super
1438 1949 1543 1989 me.
1570 1953 1587 1985 ι
1616 1933 1672 1987 ιη
1701 1932 1875 1985 lacum
1899 1932 2001 1987 vita
2025 1930 2160 1985 labi-

591 2032 700 2088 tur,
729 2041 851 2079 cum
890 2026 942 2080 in
976 2025 1343 2098 labyrinthum
1395 2026 1809 2096 inexpedibilem
1858 2034 2033 2080 status
2062 2040 2163 2081 no-

585 2125 698 2170 ster
720 2115 1033 2171 inclinatur.
1064 2117 1227 2187 Lapis
1258 2117 1664 2187 superponitur,
1687 2132 1807 2172 cum
1839 2117 2038 2171 mentis
2071 2116 2168 2171 ob-

584 2208 799 2261 dttt‘atio
823 2209 1137 2279 cogitationi
1163 2211 1215 2264 in
1247 2210 1430 2265 infima
1458 2224 1651 2265 mersa:
1678 2210 1980 2265 adducitur.
2011 2207 2167 2264 Unde

530 2343 534 2346 ι
582 2301 826 2372 psalmus
856 2320 870 2355 :
905 2320 922 2352 ι
959 2300 1075 2356 Non
1098 2302 1415 2367 absorbeat,
1452 2302 1651 2373 inquit,
1676 2317 1764 2357 me
1809 2301 2159 2370 profundum,

586 2410 760 2464 neque
797 2403 983 2464 urgeat
1012 2410 1175 2465 super
1204 2411 1291 2449 me
1318 2406 1508 2465 puteus
1534 2411 1593 2451 os
1608 2411 1762 2450 suum
1786 2394 1958 2467 (Psal.
1976 2410 2166 2461 vam,

586 2484 702 2547 ili).
732 2505 751 2538 ι
786 2485 939 2551 Quod
990 2484 1101 2542 illic
1146 2500 1362 2558 urgere,
1407 2486 1512 2544 hac
1561 2487 1652 2543 hic
1702 2485 1927 2557 lapidem
1977 2500 2168 2558 super-

585 2592 809 2647 ponere.

666 2673 827 2727 Vsus.
863 2672 953 2728 54.
995 2702 1065 2714 --
1093 2690 1112 2726 σ
1165 2671 1568 2728 Inundaverunt
1616 2688 1771 2743 aqum
1802 2687 1964 2743 super
2008 2678 2170 2743 caput

599 2782 617 2815 α
658 2780 859 2819 meum.
902 2764 1023 2820 Dixi
1051 2782 1064 2819 :
1102 2763 1264 2819 Perii.
1291 2784 1307 2817 ι
1338 2766 1497 2835 Aqua:
1521 2780 1677 2834 super
1698 2774 1853 2834 caput
1884 2762 2166 2828 inundant,

590 2871 712 2910 cum
772 2855 950 2913 ﬂuxus
1017 2856 1313 2911 carnalium
1373 2857 1714 2926 voluptatum
1783 2857 1925 2911 ultra
1998 2871 2161 2926 quam

590 2962 742 3003 mens
767 2964 959 3019 capere
1010 2951 1200 3019 possit,
1236 2964 1354 3005 sese
1402 2949 1452 3004 ei
1512 2948 1873 3004 accumulant.
1923 2946 2079 3004 Unde
2117 2956 2172 3004 et

589 3040 820 3111 periisse
882 3056 940 3097 se
998 3040 1154 3109 dicit,
1209 3041 1336 3112 quia
1395 3056 1653 3112 quorsum
1706 3041 1937 3098 evadere
1991 3039 2171 3095 valeat

591 3131 783 3188 nescit.

1298 3242 1453 3285 COPB.

674 3320 1041 3377 v’eas.55.-—
1082 3338 1103 3373 ο
1153 3320 1403 3377 lnvocavi
1456 3336 1650 3378 nomen
1702 3328 1874 3388 tuum,
1920 3319 2169 3389 Domine,

596 3432 615 3465 ‹
663 3414 729 3467 de
754 3414 872 3468 lacu
907 3414 1224 3470 novissimo.
1253 3434 1271 3467 ›
1323 3414 1494 3485 Copli,
1522 3415 1746 3470 vacatio.
1778 3416 2049 3471 Vocantur
2071 3430 2170 3472 au-

594 3513 726 3569 tem,
762 3521 885 3559 cum
913 3506 1059 3560 inter
1080 3505 1361 3560 molestias
1412 3505 1701 3560 interiores
1729 3506 1793 3558 ad
1819 3506 2059 3562 divinqu
2088 3522 2173 3561 re-

592 3611 814 3651 currere
835 3596 1114 3651 oraculum
1144 3596 1482 3652 rationaliter
1509 3598 1887 3651 admonemur.
1918 3594 2171 3651 Inuocaui

595 3705 781 3742 nomen
809 3700 978 3752 tuum,
1010 3689 1259 3750 Domine,
1293 3703 1397 3743 non
1420 3697 1502 3744 est
1530 3687 1676 3742 aliud
1719 3702 1882 3758 quam
1930 3690 2005 3743 De
2042 3702 2171 3758 pto—

595 3779 779 3835 fundis
804 3781 1037 3835 clamavi
1071 3782 1137 3835 ad
1173 3790 1222 3836 Ie
1252 3780 1427 3844 (Paul.
1472 3796 1654 3847 «χχιχ,
1691 3780 1766 3847 l).
1829 3779 1980 3848 Quod
2029 3781 2172 3836 enim

597 3872 660 3924 de
689 3872 991 3942 profundis,
1017 3873 1121 3927 hoc
1147 3873 1213 3927 de
1240 3871 1359 3926 lacu
1390 3873 1689 3927 novissimo.

675 3963 838 4018 Vens.
875 3965 962 4020 56.
992 3995 1062 4005 -
1097 3984 1114 4016 ‹
1145 3966 1342 4020 Vocem
1377 3980 1552 4020 meum
1608 3964 1831 4030 audisti,
1866 3979 1931 4019 ne
1958 3972 2174 4021 avertas

603 4073 621 4107 ‹
657 4071 840 4111 aurem
868 4066 1010 4110 tuam
1033 4071 1061 4111 a
1094 4056 1334 4127 singultu
1368 4072 1490 4112 meo
1543 4067 1597 4112 et
1630 4057 1980 4113 clamoribus.
2004 4078 2022 4110 ι
2058 4056 2172 4114 Vox

597 4149 661 4204 de
688 4147 806 4201 lacu
835 4151 1113 4204 novissimo
1163 4150 1458 4206 clamantis
1508 4153 1746 4214 auditur,
1795 4169 1919 4208 cum
1967 4154 2175 4223 rugitus

597 4244 825 4299 interior
857 4244 924 4298 de
954 4253 1096 4298 statu
1126 4259 1261 4313 pene
1286 4245 1607 4313 desperabili
1658 4246 1711 4299 in
1758 4247 1972 4301 divinas
2012 4262 2175 4302 aures

596 4336 919 4391 admittitur.
953 4335 1152 4391 Audire
1180 4344 1361 4390 autem
1392 4335 1509 4401 Dei,
1559 4345 1642 4391 est
1670 4339 2168 4408 concupiscentiam

596 4428 819 4498 spiritus
871 4429 1132 4483 adversus
1171 4443 1391 4483 carnem
1439 4428 1522 4483 vel
1557 4429 1624 4485 ad
1665 4430 1937 4486 modicum
1993 4431 2174 4487 suble-

2265 1929 2436 1983 ctoris
2460 1928 2604 1997 (Job.
2653 1947 2841 1997 xxxix,
2876 1932 2948 2003 7).
2990 1926 3343 2003 Cogitationes
3374 1944 3573 2001 eorum,
3620 1953 3675 1992 ea
3701 1950 3799 1996 sunt

2268 2032 2389 2088 quae
2410 2022 2609 2075 mentis
2633 2024 2912 2079 obtutibus
2928 2026 3243 2081 omnimoda
3274 2029 3650 2101 imaginatione
3674 2049 3802 2108 coag-

2267 2121 2479 2179 gerant.
2532 2112 2716 2183 Cogito
2759 2116 2905 2170 enim
2960 2115 3415 2188 frequentativum
3445 2138 3473 2176 a
3504 2140 3645 2195 cogo,
3672 2129 3801 2198 cogis,

2266 2203 2343 2257 nil
2366 2204 2511 2258 aliud
2541 2221 2703 2275 quam
2763 2210 3070 2266 coadunare
3128 2221 3227 2268 ost.
3266 2213 3419 2269 Unde
3448 2216 3596 2281 illud,
3633 2234 3650 2269 t
3680 2237 3801 2287 coge,

2268 2296 2465 2366 inquit,
2491 2300 2777 2355 concilium
2807 2302 2943 2367 (lca.
2970 2318 3079 2369 sm,
3105 2306 3178 2377 5).
3212 2325 3231 2357 ι
3275 2307 3401 2373 Has,
3467 2309 3695 2380 inquam,
3736 2324 3805 2367 co-

2269 2388 2556 2459 gitationes
2608 2392 2750 2447 Deus
2785 2394 2950 2461 videt,
3001 2410 3122 2451 cum
3154 2398 3313 2455 nobis
3353 2402 3625 2456 acuminat
3666 2404 3722 2459 ad
3764 2404 3807 2461 id

2268 2480 2658 2550 providendum
2686 2483 3063 2542 discretiones.

2348 2665 2505 2723 νῆις.
2529 2668 2616 2723 (il.
2644 2696 2715 2713 -ο-
2741 2689 2760 2724 ι
2787 2670 2997 2727 Audisti
3033 2673 3318 2744 opprobria
3350 2688 3563 2743 eorum,
3600 2678 3806 2745 Domine,

2281 2780 2300 2814 ι
2333 2775 2523 2817 omnes
2577 2763 2937 2833 cogitationes
2973 2779 3163 2819 eorum
3197 2767 3486 2822 adversum
3533 2784 3633 2824 me.
3656 2788 3675 2822 ι
3715 2770 3807 2837 Sin,

2272 2854 2473 2911 dicitur
2496 2873 2653 2926 super
2700 2856 2905 2912 minus.
2933 2857 2999 2912 Et
3029 2859 3253 2926 morale,
3305 2870 3388 2915 est
3423 2869 3483 2915 ut
3519 2864 3811 2933 cataplasma

2272 2949 2483 3003 vulneri
2512 2949 2840 3019 imponatur.
2871 2950 3025 3017 Quod
3057 2967 3162 3006 non
3202 2953 3345 3007 aliud
3371 2963 3456 3009 est
3495 2972 3651 3025 quam
3695 2956 3812 3027 quod

2273 3043 2539 3111 sequitur.
2582 3043 2811 3112 Semper
2847 3052 3062 3098 ainatur
3094 3043 3149 3097 in
3200 3060 3308 3115 quo
3342 3058 3412 3100 ex
3448 3047 3815 3103 deliberatione

2272 3143 2550 3202 peccatur,
2581 3144 2638 3189 et
2658 3134 2781 3190 ideo
2826 3135 3024 3206 probro
3056 3136 3237 3192 minus
3285 3138 3605 3207 imputatur.
3646 3137 3815 3192 Eorum

2273 3241 2403 3297 ergo
2426 3227 2565 3282 Deus
2589 3227 2865 3297 approbria
2891 3228 3066 3293 audit,
3090 3244 3215 3282 cum
3245 3244 3407 3299 quam
3455 3232 3563 3286 sint
3592 3233 3816 3302 probrosa

2272 3325 2326 3372 et
2348 3317 2594 3387 pudenda
2618 3332 2686 3372 ex
2716 3316 3048 3387 plenitudine
3074 3320 3424 3388 paenitudinis
3454 3322 3673 3392 intelligi
3696 3322 3814 3375 facit.

2272 3411 2581 3467 Notandum
2615 3412 2813 3481 repetit
2856 3412 2999 3479 quod
3047 3413 3101 3468 in
3149 3414 3416 3483 superiori
3446 3415 3645 3468 dictum
3674 3414 3819 3467 fuerat

2273 3510 2539 3566 ναι-ευ,οι
2585 3500 2813 3557 forsitan
2864 3516 2971 3557 non
3021 3504 3116 3557 abs
3140 3518 3217 3557 re.
3273 3502 3467 3558 Omnes
3511 3506 3815 3574 cogitationes

2274 3612 2453 3650 eorum
2500 3596 2772 3649 adversum
2809 3610 2929 3658 nos.
2964 3596 3091 3666 quia
3142 3610 3250 3667 quo
3299 3599 3479 3667 magis
3515 3612 3615 3653 nos
3658 3610 3816 3651 eorum

2274 3688 2549 3759 puduerit,
2579 3698 2630 3742 et
2652 3704 2760 3757 quo
2789 3689 2962 3757 major
3011 3700 3200 3744 contra
3252 3690 3368 3745 limo
3393 3692 3587 3746 cadent
3610 3692 3709 3745 erit
3747 3705 3820 3744 ao-

2275 3790 2386 3837 stra
2438 3780 2689 3846 rebellio,
2735 3790 2885 3835 tanto
2931 3782 3169 3837 acriores
3222 3782 3459 3838 assultus
3515 3783 3821 3855 experiemur

2276 3876 2536 3931 iuternos.

2350 3968 2511 4023 Vens.
2543 3965 2630 4021 62.
2656 3996 2724 4007 -—
2751 3984 2771 4019 ι
2816 3965 2982 4022 Labia
3019 3967 3415 4039 insurgentium
3455 3968 3611 4034 mihi,
3641 3976 3694 4024 et
3733 3978 3821 4021 tue-

2281 4080 2299 4114 ι
2336 4062 2635 4116 ditationes
2655 4075 2841 4116 eorum
2884 4061 3170 4115 adversum
3201 4075 3291 4115 me
3315 4070 3424 4116 tota
3459 4062 3567 4117 die.
3601 4080 3620 4112 ι
3660 4059 3822 4114 Ιπεκτο

2275 4155 2503 4225 gentium
2559 4154 2723 4219 labia,
2783 4152 2859 4207 nil
2901 4151 3047 4207 aliud
3092 4164 3218 4207 sunt
3271 4168 3432 4223 quam
3469 4152 3821 4223 emet-gentium

2277 4247 2684 4316 suggestionqu
2720 4258 2963 4301 susurra.
3014 4245 3172 4301 Muta
3213 4246 3358 4301 enim
3411 4247 3729 4301 teutationes
3760 4241 3821 4296 nil

2277 4337 2421 4392 aliud
2449 4353 2608 4408 quam
2630 4339 2797 4392 verba
2823 4345 2971 4401 sunt;
2997 4352 3136 4407 quae,
3175 4338 3319 4406 quod
3345 4338 3439 4391 alii
3489 4338 3687 4399 verbis.
3717 4336 3822 4406 ipsa:

2277 4433 2578 4502 specierum
2608 4430 2875 4486 lenocinio
2927 4440 3212 4501 peragunt.
3269 4428 3637 4484 Meditutiones
3672 4441 3821 4481 eorum

594 4536 747 4575 vare.
779 4520 1058 4591 Singultus
1086 4529 1190 4585 est,
1236 4537 1361 4576 cum
1429 4536 1583 4578 mens
1611 4523 1763 4593 prius
1814 4524 2024 4579 timoris
2077 4541 2174 4579 an-
2204 4556 2253 4615 D
2280 4525 2717 4591 retractationes,
2744 4525 2827 4580 vel
2850 4526 3030 4594 potius
3061 4524 3446 4579 delectationes
3468 4537 3587 4577 esse
3620 4536 3821 4576 noscun-

596 4611 800 4667 xictale
849 4613 1093 4681 quatitur
1136 4629 1151 4678 ;
1211 4613 1417 4669 clamor
1457 4630 1608 4680 vero,
1663 4632 1786 4672 cum
1834 4618 2174 4673 vehementia

598 4696 818 4756 fervida:
852 4700 1303 4772 compunctionis
1336 4705 1620 4760 attollitur.
1655 4705 1735 4759 Ab
1784 4707 1870 4761 his
1903 4708 1996 4762 Dei
2030 4708 2178 4764 auris

598 4810 707 4847 non
764 4792 1049 4858 avertitur,
1103 4808 1225 4847 cum
1274 4793 1392 4866 ejus
1442 4794 1790 4866 aspirationis
1841 4796 2176 4851 nutrimento

598 4888 885 4953 utrumque
912 4876 1152 4938 fulcitur.

669 4972 834 5029 Vens.
863 4973 949 5029 57.
980 5005 1051 5016 —-
1078 4993 1096 5025 ‹
1117 4973 1575 5045 Appropinquasli
1628 4975 1680 5029 in
1734 4975 1817 5030 die
1848 4976 2060 5047 quando
2097 4976 2178 5032 in-

603 5088 620 5123 t
656 5068 847 5123 vocavi
880 5076 953 5122 te.
983 5064 1178 5121 Dixisti
1208 5086 1219 5121 :
1248 5065 1326 5120 Ne
1354 5068 1562 5121 timeas.
1584 5087 1602 5119 ι
1632 5067 1785 5135 Quod
1840 5080 1921 5123 est
1948 5070 2129 5125 dicere
2161 5089 2174 5125 :

596 5164 729 5219 Cum
756 5161 907 5218 lacus
937 5161 1068 5214 mihi
1099 5157 1521 5224 tenebrasccret,
1553 5169 1607 5213 tu
1643 5159 1786 5215 diem
1843 5161 2041 5216 interni
2093 5163 2178 5215 lu-

599 5255 764 5308 minis
818 5261 905 5306 tua
967 5249 1374 5321 propinquitate
1423 5248 1660 5318 donasti,
1695 5267 1793 5307 nec
1831 5252 2055 5308 dixisti:
2102 5253 2180 5310 Nc

598 5345 817 5410 clames,
842 5346 935 5399 sed
968 5343 1188 5414 potius:
1221 5343 1299 5399 Ne
1331 5345 1534 5410 timeas,
1565 5354 1625 5401 ut
1652 5347 1796 5416 quod
1830 5347 2022 5404 timore
2051 5362 2181 5403 con-

598 5440 829 5511 ceperis,
862 5454 1049 5493 amorc
1078 5437 1363 5497 exhibeas.

1336 5552 1453 5591 RES.

677 5629 840 5683 Vens.
866 5628 953 5684 58.
990 5661 1059 5670 —
1084 5650 1101 5683 ι
1137 5629 1421 5696 Jndicasti,
1460 5628 1706 5695 Domine,
1732 5646 1953 5686 causam
1985 5631 2181 5688 animus

608 5738 630 5773 ι
663 5736 816 5787 mea),
866 5720 1197 5793 Redemptor
1242 5724 1363 5778 vitm
1404 5740 1553 5779 mete.
1582 5746 1597 5776 ι
1641 5722 1771 5790 Res,
1823 5724 2021 5779 dicitur
2076 5727 2183 5795 pri-

602 5825 800 5870 matus.
858 5815 967 5872 Ncc
998 5817 1050 5871 id
1111 5814 1325 5881 injuria.
1356 5817 1483 5874 Post
1516 5818 1755 5874 divinam
1786 5820 1929 5875 enim
1962 5819 2183 5875 exaudi-

2279 4627 2369 4674 tur
2388 4620 2706 4690 imaginum.
2745 4618 2837 4673 llas
2865 4618 2999 4674 ﬁunt
3031 4626 3142 4672 tota
3172 4617 3273 4680 die,
3333 4616 3523 4686 procul
3578 4616 3727 4672 dubio
3752 4628 3822 4666 as-

2279 4710 2451 4765 sidue.

2351 4802 2513 4856 Vens.
2547 4801 2635 4857 59.
2667 4831 2735 4841 -—
2762 4819 2779 4852 ‹
2820 4800 3131 4858 Sessionem
3167 4816 3377 4868 eorum,
3401 4808 3455 4854 et
3487 4797 3812 4854 resurrectio-

2285 4910 2304 4944 ι
2334 4907 2457 4946 nem
2492 4908 2681 4946 eorum
2704 4893 2851 4954 vide,
2875 4907 2976 4965 ego
2997 4908 3115 4948 sum
3136 4892 3379 4962 psalmus
3396 4900 3606 4947 eorum.
3634 4912 3651 4943 ι
3670 4888 3821 4945 Sessio

2280 5003 2459 5041 eorum
2483 4995 2566 5042 est
2603 5001 2667 5041 ex
2718 4986 2982 5043 diabolica
3027 4987 3324 5041 calliditate
3371 4986 3627 5041 vitiorum
3673 4984 3823 5038 fucata

2282 5076 2508 5146 quietio.
2543 5077 2626 5131 Ad
2684 5090 2894 5147 tempus
2926 5078 3069 5131 enim
3102 5092 3133 5130 a
3167 5077 3467 5132 tentatione
3519 5076 3753 5146 quiescit,
3777 5081 3825 5123 ut

2282 5182 2348 5223 ex
2406 5168 2680 5237 insperato
2734 5178 3043 5238 prosternat
3089 5169 3234 5238 quod
3293 5183 3490 5223 secure
3546 5163 3823 5237 aliquandiu

2282 5261 2535 5316 victitare
2596 5261 2865 5331 permisit.
2920 5260 3095 5317 Porro
3147 5259 3305 5330 257
3340 5260 3607 5315 surrectio
3644 5269 3825 5315 eertum,

2287 5355 2548 5409 mentium
2580 5355 2857 5425 repentina
2884 5355 3152 5425 pervasio.
3198 5354 3347 5408 Hauc
3378 5354 3612 5422 petimus
3633 5360 3687 5405 ut
3711 5351 3826 5404 Deus

2282 5448 2486 5513 videat,
2519 5449 2835 5503 discernere
2876 5447 3129 5503 videlicet
3176 5461 3274 5501 nos
3314 5446 3507 5509 faciat,
3556 5455 3615 5499 ut
3644 5444 3757 5497 dum
3783 5438 3825 5491 in

2284 5544 2461 5613 aliqua
2515 5541 2880 5613 perfunctoria
2944 5557 3075 5611 pace
3144 5541 3407 5609 sortimur,
3461 5546 3728 5607 numinum
3772 5532 3825 5585 ad

2286 5636 2523 5690 subitum
2585 5634 2701 5688 elisi
2762 5633 3087 5703 praecipitari
3148 5632 3438 5702 possimus.
3504 5630 3733 5698 Denique
3780 5623 3827 5675 ﬁl

2284 5728 2516 5799 psalmus
2547 5744 2747 5793 eorum,
2797 5742 2919 5781 cum
2957 5725 3183 5781 intentio
3211 5724 3569 5794 suggestionis
3619 5719 3827 5792 pascitur

2287 5836 2355 5875 ex
2387 5821 2565 5889 inepta
2600 5818 2981 5874 retractatione
3027 5817 3272 5872 cordium
3318 5809 3827 5877 ιθηιθιθῑυιηνίθηιε
