4038 6330
210 310 335 372 477

837 290 1302 355 moramora
1338 288 1409 350 IN
1448 291 1649 360 osus,
1682 288 1872 351 AMOS
1900 282 1989 349 ET
2027 284 2174 351 tua.
2199 279 2270 338 ἐ-
2294 287 2425 353 Lte.
2450 294 2520 355 v.
2554 294 2622 356 tu
2658 292 2808 356 tua.

3412 302 3518 365 ιη

222 443 351 485 mus
374 420 524 480 enim
568 415 647 475 nil
693 413 836 473 aliud
868 422 953 470 est
1008 428 1171 486 quam
1226 411 1369 483 quod
1416 410 1576 482 vulgo
1629 408 1827 465 dicitur
1855 408 1903 469 Α
1937 428 1956 462 ε
1986 411 2140 483 quasi
2187 416 2426 471 struthio
2484 417 2538 471 in
2589 418 2830 474 deserto.
2864 434 2885 469 ι
2927 416 3164 485 Ghimel,
3197 374 3510 478 retributio.

228 522 443 585 (adius,
474 514 565 587 qui
590 513 707 569 sine
734 510 887 568 vocis
911 506 1175 564 exercitio
1202 504 1489 561 conﬁcitur
1524 503 1741 558 chordis
1765 508 1819 557 et

224 616 513 673 manilius.
548 608 697 661 Sicut
753 621 884 673 ergo
938 601 1179 672 psalmus
1216 614 1395 665 aures,
1447 600 1525 654 sic
1554 596 1820 653 revolutio

225 701 583 778 cogitationis
627 696 867 755 mulcere
917 693 1276 767 dignoscitur,
1320 701 1375 748 et
1422 691 1633 747 nutrire
1666 688 1821 745 malae

224 793 642 871 spiritualitatis
672 790 961 859 imagines.

620 872 628 885 ’
948 892 1111 938 τηΑυ.

310 981 475 1037 Vsus.
510 977 597 1035 64.
628 1008 698 1019 -
729 994 748 1029 ι
782 973 971 1032 Redde
1021 968 1104 1029 eis
1149 968 1347 1037 vicem,
1381 966 1625 1034 Domine,
1657 964 1820 1036 juxta

230 1095 255 1130 ι
319 1089 488 1145 opera
538 1086 794 1127 manuum
844 1082 1137 1125 suarum.)
1193 1065 1381 1129 Thau,
1432 1064 1824 1132 interpretatur

226 1165 640 1223 consummavit.
674 1162 1022 1218 Consunimat
1060 1166 1238 1213 autem
1268 1157 1427 1221 Deus,
1469 1169 1697 1224 quorum
1724 1152 1824 1207 ηαδ

218 1260 565 1315 ctuationcm
596 1254 863 1309 diutinam
910 1261 1061 1308 certo
1106 1248 1213 1307 line
1264 1248 1608 1306 determinat.
1648 1246 1822 1301 Vicem

219 1353 414 1410 reddit
457 1352 613 1422 juxta
661 1360 842 1417 opera,
892 1363 1013 1403 cum
1072 1360 1171 1417 per
1222 1344 1460 1415 singulas
1517 1351 1707 1398 noctes
1755 1339 1823 1395 ad

221 1448 564 1505 abiuendnnt
591 1445 790 1500 lectum
818 1439 1177 1515 lacrymarum
1208 1440 1447 1512 suggerit
1474 1437 1706 1507 lavacra.

304 1541 470 1600 Vsus.
498 1540 583 1596 65.
610 1570 680 1580 —-
712 1558 730 1592 ι
767 1534 929 1593 Dabis
978 1538 1060 1591 eis
1091 1547 1305 1591 scutum
1354 1533 1533 1589 cordis
1579 1514 1821 1587 laborem

227 1655 249 1688 ι
292 1642 467 1690 tuum.
495 1654 512 1685 ι
571 1632 752 1689 Labor
790 1628 884 1685 Dei
936 1636 1037 1693 ρει,
1072 1628 1195 1683 dttm
1228 1626 1372 1681 vitiis
1405 1624 1585 1681 debita
1620 1623 1823 1678 vivaci-

222 1738 345 1786 tate
372 1727 668 1785 resistitur.
705 1725 810 1780 iste
868 1720 1022 1778 labor
1058 1730 1269 1777 scutum
1304 1719 1486 1775 cordis
1516 1717 1765 1783 eﬁicitur,
1793 1733 1822 1773 a

222 1837 345 1892 quo
398 1818 598 1875 diaboli
652 1816 916 1888 spiculum
981 1800 1142 1871 omne
1191 1816 1476 1869 recutitur.
1535 1810 1649 1866 lloc
1724 1826 1822 1882 pro
1853 1784 1898 1844 Β

222 1927 462 1983 operum
491 1922 710 1966 suorutn
737 1908 859 1963 vice
892 1907 971 1963 eis
1018 1907 1282 1971 redditur,
1314 1913 1371 1959 ut
1397 1921 1504 1976 quo
1531 1903 1827 1960 insolenter

226 2004 596 2071 intraverant,
622 2002 745 2057 inde
769 2001 927 2072 digna
958 2001 1252 2055 severitate
1278 1998 1566 2070 pellantur.

306 2093 476 2149 Vens.
503 2094 592 2150 66.
616 2125 687 2134 —-
719 2113 736 2146 ι
776 2092 1127 2162 Persequeris
1162 2090 1213 2144 in
1272 2087 1455 2144 furore
1482 2095 1537 2143 et
1589 2086 1825 2142 conteris

234 2207 256 2239 ι
300 2203 395 2243 eos
427 2188 527 2243 sub
550 2188 723 2253 ctelis,
748 2187 997 2242 Domine.
1018 2204 1035 2237 ι
1072 2183 1136 2238 In
1170 2184 1349 2253 furore
1398 2190 1823 2252 persequuntur,

164 2346 173 2351 ν
226 2281 328 2350 qui
393 2281 602 2351 integra
664 2274 1136 2336 animadversione
1192 2276 1259 2332 ab
1326 2276 1508 2330 animo
1567 2274 1826 2330 divinitus

228 2368 596 2424 extricantur.
625 2364 732 2422 Sub
756 2366 897 2420 caelis
922 2376 1137 2437 quoque
1164 2371 1541 2428 conteruntur,
1575 2376 1698 2416 cum
1724 2362 1825 2417 sub

226 2461 500 2517 virtutum
526 2477 647 2531 jure
673 2460 1017 2531 franguntur.
1074 2456 1255 2514 Catius
1285 2456 1513 2512 virtutes
1558 2462 1735 2520 vocat,
1769 2454 1824 2509 in

234 2561 441 2633 quibus
471 2560 594 2617 solis
620 2566 900 2632 gratanter
932 2558 1072 2612 Deus
1098 2555 1376 2610 mansitat.

862 2646 1091 2706 CAPUT
1131 2644 1217 2703 IV.

792 2740 797 2743 “
933 2754 1123 2797 sacra.

317 2834 478 2892 Vens.
516 2834 657 2891 l.-—
686 2851 704 2886 ι
742 2832 1023 2901 Quomodo
1075 2831 1424 2886 obscuratum
1476 2834 1558 2885 est
1609 2843 1821 2895 aurum,

238 2949 260 2984 ς
300 2937 543 2986 mutatus
579 2937 663 2985 est
702 2926 852 2983 color
894 2924 1155 2996 Optimus,
1190 2924 1422 2994 dispersi
1454 2932 1583 2978 sunt
1615 2921 1825 2994 lapides

242 3043 261 3076 ι
292 3020 590 3079 sanctuarii
623 3019 675 3075 in
720 3020 897 3089 capite
921 3018 1163 3074 omnium
1212 3016 1512 3088 platearum
1535 3016 1595 3069 ἓν
1632 3016 1823 3087 Alepb,

1925 504 2133 560 Meritis
2151 506 2293 560 enim
2324 506 2523 563 nostris
2553 508 2891 578 exigentibus
2920 508 3221 579 ltnjusmodi
3243 529 3254 565 :
3275 512 3513 569 Casuum

1926 602 2175 662 infamias
2200 619 2299 673 pro
2331 605 2686 661 retributione
2729 608 3003 662 sortimur.
3029 608 3123 663 Est
3152 624 3279 679 ergo
3301 610 3510 665 dicere:

1925 698 2043 754 Non
2073 701 2246 756 solum
2278 701 2330 756 in
2363 709 2579 757 terrena
2636 704 2814 759 studia
2863 702 3138 771 labuntur,
3174 708 3268 761 sed
3301 716 3356 761 et
3378 706 3509 763 facti

1925 794 2100 850 lamin!
2127 806 2417 850 mammam
2446 795 2669 863 nudant,
2696 812 2819 852 cum
2842 797 2940 852 sub
2964 798 3145 867 specie
3167 797 3513 869 benignitatis

1925 898 1981 947 et
2021 878 2157 944 alias
2197 888 2263 942 ad
2307 888 2496 943 eadem
2543 903 2662 959 quae
2706 887 2807 958 ipsi
2859 887 3067 945 faciunt
3114 892 3504 962 perpetranda,

1925 985 2106 1041 virosa
2163 983 2453 1039 verborum
2508 982 2823 1049 dulcedine,
2868 988 2925 1039 et
2973 982 3204 1039 feminea
3274 987 3509 1057 quadam

1928 1080 2261 1137 adultalione
2284 1077 2629 1149 compellant.
2677 1075 2866 1131 Lamia
2896 1078 3039 1132 enim
3072 1088 3376 1133 monstrum
3407 1090 3509 1146 est,

1928 1174 2245 1230 muliebrem
2279 1171 2494 1243 cingulo
2520 1179 2673 1225 tenus
2699 1169 2905 1224 habens
2945 1166 3195 1222 formam.
3226 1166 3512 1227 Mammam

1928 1284 2055 1339 ergo
2081 1266 2308 1331 nudant,
2345 1281 2465 1319 cum
2492 1263 2794 1318 doctrinam
2828 1262 2894 1317 ad
2930 1278 2991 1318 ea
3017 1277 3136 1331 qua:
3180 1271 3347 1332 agunt
3389 1277 3513 1331 pro‘

1927 1359 2171 1433 pagantla
2198 1358 2567 1429 promulgant.
2624 1354 2842 1410 Catulos
2875 1354 3097 1420 lactant,
3148 1368 3269 1408 cum
3308 1356 3374 1409 ad
3424 1354 3518 1409 be-

1927 1450 2113 1509 Stiales
2143 1451 2278 1504 ritus
2303 1448 2437 1503 alios
2460 1444 2815 1501 Ienocinando
2836 1453 3144 1501 attrectant.
3168 1443 3314 1499 Filia
3334 1444 3518 1516 populi

1927 1545 2091 1615 hujus
2122 1541 2352 1597 crudelis
2368 1540 2522 1612 quasi
2567 1539 2794 1593 struthio
2824 1538 2876 1592 in
2904 1537 3128 1605 deserto,
3162 1539 3287 1608 quia
3320 1536 3394 1604 hi,
3424 1536 3515 1606 qui

1929 1634 2179 1707 superius
2208 1634 2300 1688 lilii
2364 1632 2707 1687 dicebantur.
2736 1638 2790 1684 et
2849 1646 2993 1685 nunc
3021 1646 3118 1702 per
3146 1646 3357 1685 morum
3388 1628 3517 1685 elle-

1929 1731 2280 1785 minationem
2308 1726 2537 1782 ﬁliarum
2568 1725 2832 1781 vocabulo
2878 1723 2988 1793 jam
3044 1733 3359 1790 censentur,
3391 1734 3517 1779 cru-

1931 1827 2079 1883 deles
2124 1834 2271 1891 sunt,
2307 1824 2430 1894 quia
2467 1836 2605 1892 quos
2634 1820 2897 1876 diabolica
2948 1818 3167 1872 suadela
3208 1819 3513 1890 genuerint,

1931 1919 2031 1976 Sub
2071 1927 2287 1972 terrena
2344 1914 2567 1968 levitate
2618 1911 2937 1966 recondunt.
2980 1908 3319 1964 Struthiouis
3371 1907 3515 1962 enim

1928 2021 2145 2071 natura.
2171 2017 2255 2063 cst
2280 2022 2381 2063 ova
2412 2008 2464 2061 in
2492 2015 2640 2061 terra
2667 2014 2890 2074 ponere,
2924 2010 2977 2057 et
3003 2016 3066 2056 ea
3115 2000 3337 2071 pulvere
3385 2000 3517 2053 ado-

1928 2114 2077 2176 perta
2108 2102 2433 2171 relinquere.
2467 2097 2635 2152 Ferro
2682 2098 2849 2152 etiam
2902 2095 3049 2163 pasci
3087 2093 3307 2158 dicitur,
3356 2092 3518 2146 nimi.

1932 2202 2050 2249 rum
2103 2194 2228 2263 quia
2293 2189 2621 2260 huiusmodi,
2672 2202 2737 2242 ac
2780 2187 2826 2241 si
2875 2184 3030 2250 cibis,
3089 2182 3518 2255 malignitatibus

1929 2288 2216 2349 satiantur.

2612 2388 2844 2434 υΑιΕτπ.

2000 2476 2167 2533 Vsus.
2187 2474 2241 2531 4.
2272 2505 2343 2515 -
2373 2490 2391 2526 ι
2420 2470 2665 2528 Adhaesit
2686 2464 2868 2542 lingua
2908 2464 3161 2523 lactentis
3188 2463 3255 2519 ad
3276 2460 3518 2535 palatum

1934 2593 1955 2628 ‹
1991 2571 2107 2643 ejus
2137 2572 2187 2627 in
2214 2569 2325 2625 siti.
2354 2566 2573 2624 Parvuli
2601 2566 2876 2638 petierunt
2902 2576 3124 2635 panem,
3173 2568 3229 2615 et
3258 2572 3364 2613 non
3402 2562 3523 2611 erat

1933 2686 1953 2721 ι
1985 2668 2075 2738 qui
2110 2667 2389 2735 frangeret
2411 2662 2516 2717 eis.
2542 2680 2559 2714 ›
2617 2658 2831 2727 Daletb,
2883 2654 3275 2726 interpretatur
3305 2648 3520 2704 tabula.

1928 2763 2030 2831 Qui
2060 2770 2185 2817 sunt
2210 2757 2423 2823 tabulae,
2462 2752 2564 2810 nisi
2590 2755 2679 2826 qui
2713 2750 2897 2808 exciso
2924 2767 2952 2803 a
2982 2765 3040 2805 se
3086 2748 3311 2803 interna!
3334 2742 3512 2815 pleuid

1930 2854 2132 2909 tudinis
2162 2852 2353 2906 robore
2377 2865 2405 2902 a
2428 2847 2643 2903 virtutis
2667 2845 2865 2900 duritia
2892 2848 3263 2899 extenuantur
3280 2836 3519 2906 cogitatu

1931 2955 1985 3003 et
2009 2946 2217 3018 opere?
2251 2942 2452 3015 Lingua
2481 2956 2611 3012 ergo
2656 2938 2896 2993 lactentis
2923 2936 2991 2991 ad
3040 2934 3277 3005 palatum
3324 2946 3439 3000 ejus
3466 2929 3521 2982 in

1931 3040 2017 3095 siti
2048 3038 2307 3101 adluerct,
2341 3050 2463 3089 cum
2497 3030 2781 3090 deﬁciente
2812 3045 2947 3100 aqua
2975 3026 3249 3099 sapientia:
3268 3021 3521 3080 salutaris

233 3119 383 3173 Sic"!
404 3115 676 3212 superi?“
702 3114 942 3168 domm“
968 3119 1073 3176 es"
1103 3110 1256 3212 ch-im
1283 3109 1481 3212 ῗ⁰¹¹¹ίί⁰
1522 3110 1575 3163 in
1607 3123 1823 3212 vers"?
1850 3148 1899 3212 ρ
1932 3135 2134 3193 locutio
2160 3136 2295 3203 ejus,
2332 3130 2424 3200 qui
2456 3136 2800 3185 monstruoso
2832 3124 2974 3178 lacte
3020 3123 3265 3193 pascitur
3293 3118 3359 3172 ad
3406 3114 3522 3184 ejus

231 3210 442 3279 poterit
467 3208 701 3278 pendere
731 3214 1072 3276 sequentem.
1122 3202 1390 3270 Quaeritur
1412 3215 1541 3272 ergo
1562 3200 1824 3271 quomodo

238 3316 432 3355 aurum
491 3300 837 3362 obscuretur,
899 3296 1172 3369 quomodo
1222 3296 1409 3363 utique
1457 3294 1646 3347 notitia
1709 3293 1822 3357 Dei,

239 3411 362 3465 quae
392 3409 495 3448 non
522 3402 604 3448 est
647 3393 748 3447 nisi
797 3406 969 3457 amor,
1004 3398 1057 3445 et
1086 3405 1189 3460 qua
1228 3386 1361 3442 nihil
1394 3387 1684 3457 pretiosius
1720 3392 1826 3449 est,

236 3498 291 3544 et
317 3489 370 3542 in
402 3504 507 3558 qua
536 3486 699 3542 etiam
729 3487 910 3541 omnia
945 3483 1160 3540 scienda
1194 3492 1245 3537 et
1268 3481 1502 3552 gerenda
1549 3478 1824 3544 docemur,

240 3591 523 3652 tantopere
564 3583 616 3635 in
654 3580 838 3635 animo
891 3594 919 3632 a
958 3577 1187 3649 pristina
1244 3574 1426 3646 specie
1475 3582 1823 3629 extenuatur.

238 3673 404 3729 Color
428 3673 649 3744 optimus
684 3679 944 3736 mutatur,
979 3684 1104 3724 cum
1147 3668 1438 3724 sinceritas
1479 3666 1826 3737 cogitationis

238 3765 523 3821 avertitur.
559 3761 781 3832 Lapides
809 3761 1101 3816 sanctuarii
1146 3761 1201 3814 in
1251 3761 1422 3829 capite
1452 3759 1683 3813 omnium
1716 3758 1829 3828 pla-

239 3870 445 3914 tearum
469 3859 874 3928 disperguntur,
892 3870 1014 3910 cum
1046 3852 1388 3910 nitidissimze
1409 3860 1463 3908 et
1490 3853 1830 3923 perspicaces

236 3953 291 4009 in
318 3952 463 4007 omni
504 3961 691 4006 sancta
743 3949 1033 4020 prudentia
1061 3948 1321 4013 rationes,
1369 3962 1467 4015 per
1502 3945 1684 4001 surculi
1739 3960 1831 4000 v0-

234 4044 473 4115 lnptates
506 4053 561 4098 et
590 4042 790 4114 glorias
820 4042 959 4113 (haec
992 4042 1134 4095 enim
1179 4049 1308 4094 sunt
1346 4040 1510 4093 totius
1554 4037 1832 4092 saecularis

232 4138 470 4194 intentio
496 4137 674 4207 prima
705 4134 960 4205 licentiae)
993 4148 1025 4188 a
1056 4148 1150 4188 sua
1181 4134 1233 4188 in
1281 4132 1448 4188 Deum
1486 4132 1831 4202 simplicitate

231 4230 578 4287 dividuntur.

956 4335 1116 4376 BETH.

310 4415 474 4474 Vens.
510 4427 565 4471 2..
608 4444 680 4458 --
721 4433 739 4467 ι
782 4414 907 4471 Filii
960 4413 1090 4469 Sion
1133 4413 1317 4485 inclyti
1370 4419 1426 4467 et
1486 4409 1648 4464 amici
1696 4424 1831 4464 auro

1932 3224 2400 3287 conforniitatctn,
2446 3236 2475 3275 a
2517 3228 2624 3290 quo
2670 3217 2956 3273 virulentae
3008 3213 3270 3268 doctrina:
3325 3206 3522 3264 salivas

1933 3325 2241 3387 acceperat,
2296 3330 2354 3369 se
2407 3313 2667 3369 continet.
2697 3310 2737 3364 A
2772 3309 2950 3381 palato
2978 3307 3123 3361 enim
3154 3304 3320 3359 saliva
3348 3302 3521 3369 digre-

1932 3412 2101 3475 ditur,
2130 3418 2183 3462 et
2212 3408 2395 3475 lingua
2427 3405 2609 3475 palato
2635 3401 2972 3471 astringitur,
3005 3414 3126 3453 cum
3160 3396 3326 3449 verba
3354 3390 3517 3446 disci-

1930 3501 2043 3573 puli
2071 3498 2311 3555 doctorls
2358 3494 2596 3567 nequitia
2630 3492 3033 3562 resculpuntur.
3086 3485 3305 3540 Parruli
3335 3496 3520 3552 pultem

1932 3571 2144 3666 petunt,
2165 3607 2285 3645 cum
2307 3586 2712 3643 inuoceutiores
2732 3593 2783 3639 et
2806 3582 3077 3652 pravitate
3104 3579 3281 3633 minus
3304 3571 3519 3638 imbuti,

1935 3690 2321 3744 documentum
2358 3680 2523 3737 vitale
2551 3680 2876 3750 deposcunt,
2909 3674 3002 3731 sed
3051 3672 3376 3728 dissertores
3405 3677 3522 3720 om-

1933 3778 2062 3836 nino
2090 3776 2365 3834 deﬁciunt.

2008 3910 2019 3915 -
2574 3879 2579 3881 ’
2685 3879 2776 3920 BE.

2017 3965 2247 4023 Vens.5.
2280 3995 2350 4006 ——
2377 3983 2393 4015 ‹
2432 3962 2533 4031 Qu.
2586 3960 2950 4017 vescebantur
3004 3955 3342 4025 voluptuose,
3388 3948 3525 4003 inte-

1942 4076 1961 4112 ο
1988 4058 2195 4113 rierunt
2236 4055 2289 4109 in
2328 4053 2454 4120 viis,
2487 4052 2576 4121 qui
2618 4050 3000 4105 nutriebantur
3026 4046 3078 4100 in
3138 4042 3361 4104 croceis,
3411 4050 3523 4091 am-

1943 4168 1961 4204 ε
1991 4149 2191 4221 picxati
2226 4154 2350 4201 sunt
2381 4155 2687 4200 stercora.»
2726 4142 2826 4208 lle,
2877 4142 3075 4195 dicitur
3114 4139 3236 4191 ista.
3293 4135 3357 4187 Et
3402 4145 3524 4202 quae

1932 4245 2060 4307 ista,
2097 4241 2197 4296 nisi
2233 4237 2561 4310 prtesentia?
2609 4234 2928 4304 Voluptnosc
2952 4232 3190 4286 vescitur
3215 4226 3381 4297 258
3429 4224 3522 4293 qui

1937 4332 2136 4389 divinis
2165 4330 2394 4400 eloquiis
2424 4343 2521 4400 pro
2555 4325 2807 4399 prmscnti
2855 4322 3031 4376 solum
3065 4319 3235 4389 gloria
3284 4314 3524 4369 delecta-

1939 4436 2047 4483 tttr.
2083 4425 2130 4481 ls
2168 4423 2340 4478 inviis
2392 4421 2596 4484 interit,
2632 4418 2759 4486 quia
2790 4416 2915 4469 dum
2954 4426 3115 4481 super
3179 4409 3261 4463 bis
3314 4416 3435 4476 quae
3459 4404 3526 4458 ad

238 4528 259 4565 ι
302 4511 506 4583 primo.
560 4510 845 4579 Quomodo
894 4508 1135 4579 reputati
1186 4515 1313 4561 sunt
1352 4506 1403 4560 in
1458 4520 1585 4559 vasa
1636 4512 1826 4571 testea,

1936 4516 2104 4577 Deum
2133 4515 2430 4588 pertinent,
2492 4511 2716 4567 verbum
2746 4508 2839 4563 Dei
2893 4504 3265 4564 adulterando,
3312 4500 3525 4554 favores

239 4624 259 4661 ι
301 4620 441 4678 opus
473 4621 729 4660 manuum
775 4603 1007 4675 ﬁguli?»
1042 4601 1203 4667 Bctb,
1236 4598 1494 4668 confusio.
1524 4599 1656 4664 Quis
1686 4599 1830 4652 enim

232 4699 445 4771 iustius
498 4698 849 4754 confunditur
900 4710 1062 4767 quam
1106 4697 1197 4766 qui
1255 4696 1322 4749 de
1370 4703 1520 4747 tanto
1545 4693 1721 4762 pretio
1767 4693 1832 4747 ad

234 4793 374 4851 nihil
403 4808 542 4864 pene
573 4791 879 4864 redigitur?
903 4789 1033 4845 Filii
1070 4790 1196 4845 Sion
1250 4789 1457 4860 inclyti,
1489 4786 1833 4842 intellectua-

235 4888 315 4944 lcs
342 4896 475 4944 sunt
522 4897 702 4943 motus
753 4885 1051 4942 masmtlina
1096 4885 1296 4939 virtute
1338 4881 1627 4937 liberrimi.
1686 4880 1831 4934 Auro

236 4986 412 5059 primo
449 4986 803 5051 amiciuntur,
837 4985 927 5054 qui
962 4982 1240 5053 sapientia:
1291 4980 1490 5037 divinae
1534 4978 1835 5051 privilegiis

239 5080 600 5135 adornantur.
641 5076 707 5131 In
738 5094 860 5132 vnsa
896 5088 1054 5130 testea
1078 5083 1415 5144 repntantur,
1452 5087 1574 5127 cum
1610 5072 1724 5139 jam
1767 5072 1833 5126 ad

194 5232 215 5239 _
238 5172 455 5241 fragilia
481 5186 647 5242 opera
670 5170 1048 5226 devolvmttur.
1070 5168 1213 5238 Opus
1240 5180 1488 5221 manuum
1513 5166 1663 5236 ﬁguli
1687 5177 1833 5235 sunt,

239 5267 370 5337 quia
424 5274 705 5321 auctorem
741 5261 854 5333 jam
908 5263 1107 5317 habent
1139 5276 1202 5317 ex
1270 5270 1376 5315 tam
1410 5272 1664 5330 perversa
1713 5276 1838 5316 con-

238 5363 556 5420 versatione
586 5361 884 5415 diabolum.
943 5359 1098 5415 llunc
1135 5359 1349 5413 l’harao
1409 5357 1499 5413 ille
1543 5356 1834 5429 signiﬁcat.

239 5458 335 5531 qui
398 5455 668 5511 lsraelitas
720 5454 774 5509 in
832 5454 944 5509 luto
997 5460 1052 5508 et
1098 5452 1267 5509 latere
1312 5460 1367 5508 et
1410 5451 1582 5522 paleis
1629 5452 1835 5508 servire

240 5549 493 5623 cogebat.

924 5650 1141 5697 CHIMEL.

319 5737 489 5795 Vens.
522 5734 578 5791 5.
600 5765 672 5775 --
693 5755 709 5787 ς
742 5732 847 5790 Sed
863 5741 916 5790 et
951 5733 1127 5788 lamice
1156 5733 1496 5788 nudaverant
1520 5744 1833 5795 mammam,

251 5852 268 5887 ι
308 5833 652 5890 iactaverunt
683 5828 893 5889 catulos
914 5839 1063 5901 suos,
1096 5827 1203 5885 lilia
1230 5816 1411 5901 populi
1439 5825 1545 5885 mei
1575 5824 1833 5894 crudelis,

1939 4614 2150 4671 scilicet
2178 4608 2525 4679 requirendo,
2560 4613 2715 4661 extra
2739 4618 2795 4659 se
2826 4601 3143 4672 digreditur,
3188 4597 3350 4668 perit.
3393 4593 3524 4648 Cro-

1939 4720 2034 4762 cus
2064 4703 2245 4760 aurosi
2279 4700 2478 4758 coloris
2501 4706 2602 4763 est,
2623 4706 2675 4753 et
2699 4695 2923 4752 redolet.
2952 4694 3017 4748 In
3046 4693 3239 4747 croceis
3262 4687 3523 4752 nutritur,

1940 4798 2029 4871 qui
2075 4804 2168 4851 aut
2223 4793 2531 4850 sanctitatis
2569 4790 2769 4861 specie,
2817 4797 2904 4844 aut
2957 4785 3236 4857 sapientiae
3273 4779 3525 4852 opinione

1938 4891 2218 4962 gloriatur.
2260 4886 2323 4941 ili
2352 4885 2729 4955 amplexantur
2757 4893 3013 4944 stercora,
3064 4892 3184 4933 cum
3230 4888 3425 4944 magna
3457 4873 3522 4925 de

1940 5000 1997 5041 se
2017 4982 2258 5039 volentes
2296 4976 2546 5050 intelligi,
2578 4978 2719 5047 turpi
2749 4975 2931 5032 subito
2970 4973 3229 5027 aviditate
3256 4971 3527 5037 proruunt

1939 5079 2006 5133 ad
2060 5077 2268 5141 inﬁma,
2321 5089 2442 5144 quae
2473 5072 2767 5144 Apostolus
2822 5068 3118 5124 arbitratur
3165 5069 3220 5115 ttt
3279 5068 3524 5113 stercora

1940 5170 2107 5246 (Phil.
2137 5187 2218 5235 nt,
2245 5168 2321 5241 8).
2362 5168 2477 5222 lluc
2506 5166 2651 5222 enim
2688 5169 2954 5234 respectat
2978 5164 3157 5213 nostra
3181 5152 3379 5207 littera.

2670 5266 2794 5313 VAU.

2010 5355 2174 5412 Vrsas.
2217 5354 2269 5410 6.
2297 5384 2366 5394 -—
2395 5369 2413 5404 ‹
2452 5350 2517 5406 Et
2575 5346 2747 5416 major
2777 5342 2969 5397 ell'ecta
2993 5344 3076 5396 est
3117 5336 3374 5408 iniquitas
3407 5332 3528 5388 litim

1944 5469 1961 5503 ι
1996 5448 2179 5520 populi
2245 5447 2348 5502 inci
2399 5450 2621 5516 peccato
2661 5438 3040 5498 Sodomorum,
3094 5447 3212 5503 qua:
3269 5430 3527 5484 subversa

1944 5558 1962 5593 ‹
1996 5552 2077 5597 est
2116 5540 2167 5594 in
2196 5544 2492 5601 momento,
2524 5543 2578 5589 et
2622 5544 2729 5586 non
2757 5536 3019 5599 ceperunt
3069 5530 3122 5581 in
3169 5540 3231 5580 ea
3265 5538 3477 5578 manus.
3502 5541 3519 5574 ο

1944 5632 2077 5702 Van,
2103 5631 2497 5701 interpretatur
2522 5628 2649 5696 ipse,
2677 5621 2863 5694 procul
2908 5620 3073 5675 dubio
3112 5618 3254 5673 idem
3284 5616 3374 5686 qui
3401 5616 3521 5675 ista,

1939 5738 2059 5798 qum
2107 5723 2355 5793 superius
2406 5719 2640 5774 diximus
2678 5713 2986 5787 signiﬁcare
3035 5710 3348 5781 prrcsentia;
3380 5708 3528 5761 inve-

1941 5820 2090 5877 nitur
2134 5815 2415 5875 aﬁ‘ectarc;
2448 5813 2619 5887 Hujus
2644 5810 2773 5901 [ilic
2801 5806 2981 5880 populi
3009 5812 3221 5877 peccato
3270 5800 3529 5859 Sodomo-
