3998 6326
546 324 653 384 479

1365 328 1425 383 v.
1459 302 1788 384 GUIBERTI
1820 319 2116 380 seems
2146 318 2204 375 s.
2233 313 2475 373 manus
2498 313 2587 371 ne
2613 308 3010 371 NOVIGENTO
3368 295 3376 302 ’
3701 320 3784 387 ιεο

546 456 661 493 rum
687 441 860 509 major
885 439 1136 511 iniquitas
1160 440 1411 508 edicitur,
1444 442 1570 511 quia
1622 449 1885 511 quantum
1926 437 2128 510 argenti

2242 441 2349 486 tate
2379 443 2553 495 teme,
2600 431 2725 500 quia
2752 431 3005 483 vitiorum
3035 427 3315 497 putoribus
3361 435 3488 485 sunt
3510 429 3691 489 addicti
3711 450 3787 509 pro

544 531 757 602 pondus
811 546 838 583 a
882 532 1120 600 pondere
1165 533 1368 601 plumbi
1414 533 1599 594 distat.
1660 541 1870 588 tantum
1915 540 2135 601 peccata

545 625 879 696 simplicium
939 635 995 682 et
1023 628 1283 683 hebetum
1329 645 1357 683 a
1408 639 1634 698 peccato
1687 645 1874 684 eorum
1916 631 2006 699 qui
2042 647 2128 684 ro-

543 717 784 789 luptuose
807 729 1123 790 vescuntur,
1153 732 1208 776 et
1232 722 1548 778 nutriuntur
1582 725 1636 779 in
1665 726 1888 790 croceis,
1915 724 2136 781 diﬂ'erre

544 814 781 865 censtat.
830 809 1068 867 Sodoma
1114 814 1259 868 enim
1315 814 1708 883 interpretatur
1752 833 1910 885 pecus
1950 817 2131 870 silens.

540 899 609 957 Et
637 903 765 972 quid
817 917 984 973 pecus
1027 906 1131 959 nisi
1160 905 1399 978 ingenita
1444 905 1689 974 fatuitas,
1735 908 1886 978 cujus
1932 906 2133 979 ingenii

540 992 685 1047 nulla
713 1009 813 1049 vox
848 996 974 1051 est?
1022 995 1154 1064 Quae
1204 998 1367 1052 etiam
1416 996 1654 1053 Sodoma
1701 1000 2036 1054 subvertitur
2078 1000 2134 1055 in

540 1094 829 1151 momento,
864 1086 991 1156 quia
1026 1087 1402 1144 subvertibilis
1436 1099 1540 1158 est,
1571 1099 1624 1145 et
1657 1106 1824 1161 prona
1875 1092 2047 1155 casui,
2088 1092 2130 1147 si

540 1172 612 1229 sit
640 1176 733 1245 qui
763 1176 989 1247 impetat
1018 1179 1209 1249 quovis
1241 1180 1421 1235 modo.
1476 1180 1542 1233 Et
1586 1197 1692 1236 non
1720 1182 1941 1251 capiunt
1990 1184 2041 1235 in
2072 1199 2131 1237 ea

540 1288 754 1340 manus,
785 1276 911 1346 quia
943 1278 1307 1349 quodcunque
1349 1279 1440 1334 tali
1474 1280 1639 1334 menti
1695 1292 1813 1333 sese
1862 1276 2128 1345 intulerit,

542 1377 827 1437 gratanter
855 1372 1159 1426 admittitur
1207 1380 1360 1442 turpe
1398 1387 1555 1441 opus.
1604 1371 1797 1425 Manus
1834 1386 2053 1441 quoque
2077 1371 2133 1424 iu

541 1474 606 1513 ea
646 1476 756 1516 non
802 1463 1043 1533 capiunt,
1082 1463 1208 1518 dum
1238 1466 1523 1537 plusquam
1567 1464 1903 1537 possibilitas
1939 1464 2131 1536 agendi

542 1550 829 1619 sustineat,
852 1550 1034 1609 facere
1054 1566 1335 1626 appetunt.

1275 1667 1418 1706 ZAIN.

613 1737 779 1797 Vsus.
834 1740 888 1797 7.
918 1774 990 1785 -—
1046 1762 1065 1796 ι
1120 1744 1479 1803 Candidiores
1523 1745 1769 1804 Nazarzei
1816 1747 1933 1818 ejus
1984 1750 2128 1816 nive,

2239 525 2644 581 incultihilitate
2683 534 2737 578 et
2784 524 2943 594 longa
2993 522 3199 578 incuria
3254 522 3453 579 mentis
3498 539 3622 580 suae.
3664 526 3791 590 Unde

2238 618 2433 674 merito
2460 634 2492 673 a
2542 616 2921 688 praedictorum
2966 614 3074 680 isti;
3101 613 3259 683 juxta
3300 630 3517 669 sensum
3539 619 3792 686 praemissa

2239 712 2451 776 litterae,
2482 719 2628 765 sorte
2673 708 3058 774 excluduntur,
3107 722 3243 779 quos
3289 707 3471 763 cordis
3498 723 3600 765 non
3626 718 3792 773 terreni

2237 808 2333 863 sed
2366 806 2562 878 lapidci
2600 805 2856 861 feracitas
2901 802 3048 858 nulla
3072 802 3446 874 consequitur.

2969 914 3084 956 10D.

2310 998 2475 1054 Vens.
2496 996 2684 1054 lO.—t
2716 994 2906 1050 Manus
2921 992 3208 1048 mulierum
3222 990 3649 1051 misericordium
3663 1009 3794 1055 coxe-

2242 1110 2260 1144 ι
2309 1100 2435 1146 runt
2466 1091 2607 1146 ﬁlios
2650 1103 2801 1154 suos,
2839 1087 2971 1142 facti
2999 1094 3126 1142 sunt
3155 1086 3310 1141 cibus
3337 1100 3527 1140 earum
3558 1086 3609 1141 in
3630 1091 3796 1146 contri-

2241 1204 2260 1238 ι
2310 1186 2511 1240 tionem
2544 1184 2668 1240 (ilia:
2702 1181 2885 1253 populi
2933 1180 3061 1235 mei.
3106 1199 3125 1232 ι
3162 1178 3289 1243 Jod,
3330 1178 3588 1234 desolatio
3618 1189 3709 1235 est.
3744 1182 3798 1238 Et

2236 1276 2366 1347 quid
2400 1275 2575 1347 magis
2597 1274 2877 1331 desolatur
2901 1288 3063 1344 quam
3092 1273 3234 1342 quod
3267 1271 3379 1327 Deo
3398 1270 3610 1342 hospite
3633 1287 3799 1331 vacua-

2237 1371 2363 1426 tur?
2396 1370 2589 1426 .llanus
2639 1368 2922 1425 mulierum
2959 1367 3377 1422 misericordium
3404 1366 3545 1435 ﬁlios
3587 1384 3701 1424 suos
3722 1387 3797 1427 oo-

2235 1473 2440 1536 quunt,
2468 1480 2591 1520 cum
2617 1478 2782 1534 opera
2826 1462 3161 1531 ejuratorum
3190 1460 3496 1525 hominum,
3527 1460 3656 1515 nihil
3677 1464 3799 1519 scili-

2233 1567 2325 1614 cet
2387 1555 2768 1612 iutellecrualis
2822 1553 3029 1610 tenoris
3078 1552 3415 1619 habentium,
3460 1567 3573 1617 eos,
3600 1568 3724 1623 quos
3748 1559 3802 1614 ad

2233 1651 2318 1707 sui
2350 1648 2597 1719 exempla
2623 1646 3017 1707 contraxerint,
3063 1645 3131 1701 ad
3162 1644 3245 1701 sui
3274 1645 3517 1716 ipsorum
3540 1649 3801 1703 contermi-

2238 1749 2377 1797 tates
2408 1742 2535 1813 igne
2562 1740 2801 1795 subdola:
2826 1736 3197 1809 persuasionis
3236 1736 3546 1793 eruolliunt.
3577 1737 3800 1797 Mulieres

545 1848 565 1884 ι
614 1831 899 1890 nitidiores
951 1834 1113 1905 lacte,
1169 1837 1583 1895 rubicundiorcs
1646 1840 1811 1897 ebore
1860 1841 2082 1912 antiquo
2115 1886 2129 1909 ,
2166 1810 2210 1865 Β
2237 1847 2292 1892 et
2321 1836 2527 1892 irouice
2557 1832 2937 1890 misericordes
2982 1843 3270 1899 vocantur,
3297 1832 3431 1904 quia
3477 1832 3602 1889 hinc
3627 1833 3801 1891 lenoci-

545 1940 564 1976 ι
601 1924 825 1994 saphiro
849 1926 1210 1997 pulchriores.
1243 1950 1262 1983 ι
1315 1930 1470 1997 Zain,
1500 1932 1809 1988 alimentum
1832 1935 2036 1989 mundi.
2068 1935 2135 1990 Et

540 2033 573 2074 a
609 2021 806 2090 quibus
843 2024 1016 2094 magis
1039 2023 1206 2080 alitur
1251 2027 1488 2082 mundus
1538 2043 1700 2097 quam
1753 2043 1782 2081 a
1830 2027 1954 2083 liliis
2001 2028 2132 2084 Sion

540 2110 780 2184 inclytis,
809 2114 902 2184 qui
950 2116 1284 2172 amiciuntur
1314 2133 1447 2173 auro
1483 2119 1703 2188 primo?
1749 2118 1861 2175 Hos
1885 2134 2016 2189 ergo
2038 2134 2133 2174 ex-

538 2206 826 2276 primendo
853 2210 1225 2279 prosequitur.
1269 2209 1559 2266 Nazarzeus
1587 2213 1984 2281 interpretatur
2009 2229 2133 2266 san-

539 2308 671 2353 ctus.
698 2299 868 2367 Quasi
915 2301 1125 2357 diceret
1166 2322 1179 2357 :
1222 2302 1322 2368 llli,
1371 2305 1462 2375 qui
1503 2306 1777 2377 quondam
1822 2306 2132 2363 sanctitatis

539 2394 810 2449 munditia
835 2392 1109 2450 ﬂorulenti
1137 2406 1318 2465 erant,
1348 2398 1489 2467 (hmc
1525 2398 1672 2453 enim
1702 2399 1805 2453 tria
1837 2397 2130 2455 Nazaraeus

538 2488 720 2556 sonat)
770 2499 866 2553 per
916 2486 1216 2555 appetitum
1259 2488 1500 2543 caelestis
1552 2489 1740 2561 gloria:
1790 2491 2130 2545 candidiores

539 2586 667 2630 sunt
693 2577 830 2644 nive,
866 2577 982 2633 haac
1016 2580 1164 2635 enim
1210 2580 1426 2637 coalitus
1458 2581 1664 2637 labitur
1696 2599 1710 2649 ;
1748 2597 1845 2652 per
1868 2583 2131 2654 simplicis

537 2666 902 2725 innocentiam
939 2672 1174 2727 actionis
1205 2673 1477 2729 nitidiores
1509 2674 1663 2742 lacte,
1694 2677 1837 2745 quod
1870 2692 1935 2732 ex
1966 2691 2130 2733 carne

537 2763 830 2830 nascitur;
881 2779 979 2835 per
1028 2765 1374 2822 tolerantiam
1433 2782 1708 2838 corporeae
1764 2769 2125 2837 titillatiouis,

539 2853 939 2909 rubrcundiores
971 2855 1125 2910 ebore
1160 2857 1393 2928 antiquo,
1423 2858 1475 2912 id
1506 2867 1610 2925 est,
1648 2859 1780 2929 ipsis
1838 2859 2129 2917 incentivis

538 2944 655 3000 suis
707 2945 1133 3002 examinatiores
1180 2947 1362 3018 aliquo
1404 2950 1578 3005 veteri
1624 2960 1837 3005 sancto.
1893 2948 2129 3021 Bleph-as

537 3036 705 3103 enim,
734 3039 874 3093 unde
898 3038 1054 3106 ebur,
1087 3038 1295 3109 frigidae
1327 3049 1536 3096 natura:
1562 3050 1665 3097 est.
1723 3041 1953 3112 Saphiro
1976 3043 2130 3099 deui-

538 3143 646 3200 que
676 3130 1037 3200 pulchriores,
1089 3132 1176 3188 his
1238 3133 1485 3189 videlicet
1542 3134 1746 3203 amitis,
1794 3150 2023 3205 quorum
2072 3136 2125 3191 in

2238 1928 2453 1984 niorum
2493 1925 2718 1981 mollitie
2741 1924 2959 1990 fallunt,
2992 1934 3047 1981 et
3083 1925 3229 1981 illinc
3256 1926 3358 1981 sub
3386 1924 3565 1981 colore
3588 1926 3802 1997 benigni-

2241 2021 2367 2075 tatis
2389 2020 2497 2075 imo
2527 2018 2682 2089 quasi
2705 2017 3021 2073 consulendi
3068 2033 3128 2074 se
3161 2018 3437 2088 ingerunt.
3471 2016 3629 2072 Cibus
3648 2036 3802 2074 earum

2236 2114 2395 2179 liunt,
2425 2114 2550 2168 dum
2587 2127 2683 2168 eos
2727 2112 2829 2168 sibi
2877 2113 3227 2182 incorporare
3256 2112 3612 2167 contendunt.
3644 2112 3702 2167 Et
3730 2129 3801 2167 ex.

2237 2207 2363 2263 inde
2390 2206 2499 2261 ﬁlia
2531 2205 2710 2277 populi
2757 2205 3084 2271 conteritur,
3112 2205 3239 2261 dum
3277 2219 3383 2259 non
3418 2205 3641 2260 rationis
3667 2204 3799 2270 ﬁlius,

2234 2300 2349 2371 qui,
2382 2298 2536 2368 juxta
2571 2298 2975 2369 Apocalypsim,
3004 2298 3072 2354 ad
3097 2300 3350 2353 thronum
3382 2299 3477 2353 Dei
3506 2299 3792 2369 perducitur

2235 2391 2421 2463 (Apoc.
2448 2407 2548 2457 χιι,
2587 2392 2664 2461 5),
2696 2392 2789 2446 sed
2826 2390 3165 2463 vulgaritatis
3194 2390 3401 2447 intimae
3422 2390 3685 2448 instabilis
3710 2392 3801 2449 lilia

2233 2485 2605 2542 indesinenter
2633 2483 2901 2541 obruitur.

2968 2590 3104 2633 CAPH

2305 2667 2471 2725 Vsus.
2502 2670 2677 2724 ll.—
2706 2688 2725 2723 ι
2771 2667 3077 2740 Complevit
3099 2667 3362 2724 Dominus
3387 2666 3628 2724 furorem
3650 2682 3804 2736 suum,

2238 2780 2257 2815 ι
2299 2760 2488 2817 eﬂ‘udit
2510 2763 2646 2817 iram
2678 2761 3070 2834 indignationis
3112 2776 3244 2828 suae,
3268 2769 3324 2816 et
3345 2762 3628 2817 succendit
3652 2762 3804 2831 ignem

2238 2874 2257 2908 ι
2304 2855 2358 2910 in
2390 2854 2549 2919 Sion,
2601 2864 2656 2910 et
2686 2855 2970 2911 devoravit
3018 2855 3366 2910 fundamenta
3419 2852 3557 2925 ejus.
3596 2872 3615 2907 ι
3658 2854 3804 2925 Capb,

2231 2949 2621 3019 interpretatur
2669 2950 2923 3019 operatio.
2956 2948 3085 3017 Qua:
3115 2948 3359 3019 operatio
3404 2962 3511 3003 non
3563 2947 3660 3002 nisi
3688 2962 3805 3017 pra:-

2231 3044 2412 3100 missa:
2456 3042 2756 3113 iniquitatis
2785 3041 3007 3112 quidam
3056 3040 3282 3097 eﬂ‘ectus
3323 3040 3547 3107 dicitur,
3598 3040 3726 3096 sicut
3749 3055 3805 3095 ex

2232 3143 2458 3207 peccato
2486 3136 2695 3206 peccati
2736 3150 2896 3207 poma
2936 3133 3187 3191 eliicitur.
3218 3133 3373 3190 Unde
3410 3134 3640 3204 furorem
3671 3149 3806 3187 suum

533 3223 690 3280 cretis
716 3226 1060 3280 conversatio
1085 3238 1205 3281 esse
1224 3227 1439 3305 dicitur
1467 3225 1633 3297 (Phil.
1664 3228 1877 3300 111,20),
1903 3229 2117 3300 diguio-
2154 3223 2202 3251 “‘
2230 3226 2494 3283 Dominus
2544 3228 2802 3299 complet,
2846 3237 2905 3283 ut
2953 3230 3045 3299 qui
3092 3237 3319 3300 peccato
3367 3228 3718 3292 irascebatur,
3745 3242 3802 3281 ex

531 3330 653 3381 res;
688 3316 941 3388 sapbirus
970 3317 1115 3373 enim
1139 3319 1375 3375 ethereae
1401 3320 1601 3390 speciei
1624 3331 1726 3377 est.

1243 3426 1407 3466 RETH.

610 3499 776 3558 Vens.
800 3503 854 3559 8.
881 3533 950 3543 —
983 3520 1002 3554 ι
1038 3503 1330 3576 Denigrata
1357 3513 1443 3561 est
1480 3521 1643 3577 super
1664 3508 1929 3564 carbones
1955 3508 2125 3566 facies

541 3614 562 3652 ι
596 3613 803 3662 eorum,
866 3606 1060 3654 etnon
1109 3608 1237 3655 sunt
1288 3600 1488 3671 cogniti
1530 3601 1583 3656 in
1619 3602 1851 3672 plateis;
1898 3604 2125 3661 adhaesit

546 3710 566 3745 ι
604 3692 748 3748 cutis
808 3707 996 3746 eorum
1041 3693 1278 3760 ossibus,
1335 3695 1497 3761 aruit,
1555 3704 1610 3749 et
1658 3694 1797 3751 facta
1843 3706 1926 3753 est
1968 3698 2123 3767 quasi

542 3801 562 3836 ι
596 3783 823 3853 lignum.
851 3802 869 3836 ι
924 3782 1085 3849 lleth,
1118 3785 1245 3839 vita.
1300 3784 1356 3840 Si
1386 3787 1661 3856 superbia,
1720 3804 1824 3858 qua
1855 3789 2121 3858 cadimus,

537 3877 695 3934 ruina
717 3893 815 3933 sua
846 3888 1076 3934 mortem
1114 3880 1284 3950 parit,
1323 3880 1631 3949 humilitas,
1661 3897 1765 3953 qua
1808 3899 1935 3939 vere
1982 3885 2129 3941 leva-

535 3984 682 4036 mur,
732 3970 898 4024 vitam
942 3969 1137 4025 munit.
1172 3970 1324 4028 Unde
1367 3972 1532 4042 facies
1578 3990 1757 4028 eorum
1805 3993 1963 4046 super
2010 3995 2128 4032 cur-

537 4061 695 4117 bones
716 4062 1050 4134 denigratur,
1089 4079 1211 4126 cum
1255 4071 1363 4119 tota
1396 4079 1583 4119 eorum
1625 4067 1941 4136 speciositas
1971 4068 2124 4139 plus-

548 4168 710 4225 quam
745 4169 932 4209 eorum
966 4156 1056 4226 qui
1087 4166 1309 4224 peccato
1349 4156 1601 4211 exstincti
1650 4168 1966 4228 peccatores
1987 4163 2129 4217 aesti-

539 4246 860 4313 mantur,i11
892 4246 975 4302 sui
1005 4246 1248 4318 ipsorum
1271 4248 1707 4305 consideratione
1754 4251 2131 4322 vilipendenda

536 4344 779 4409 putatur.
826 4338 955 4394 Inde
983 4341 1241 4410 estquod
1288 4355 1458 4395 comm
1505 4343 1686 4411 sponsi
1736 4346 1891 4414 quasi
1935 4362 2132 4405 corvus

537 4430 709 4501 nigra:
734 4429 992 4486 dicuntur
1020 4430 1197 4503 (Cant.
1230 4448 1281 4499 v,
1322 4433 1430 4503 11).
1452 4433 1532 4487 ,lu
1555 4434 1743 4504 plateis
1773 4454 1875 4493 non
1896 4450 2019 4494 sunt
2044 4459 2133 4497 co-

2225 3321 2410 3379 furore
2433 3322 2546 3391 jam
2567 3322 2894 3378 sententiam
2925 3336 3099 3393 poma:
3128 3322 3354 3392 irroget.
3396 3320 3546 3375 Iram
3572 3321 3795 3391 indigum

2224 3416 2504 3470 tionissua:
2530 3412 2777 3480 eﬂundit,
2794 3430 2917 3469 cum
2943 3414 3255 3469 teutationis
3275 3414 3531 3471 miseram
3548 3402 3800 3468 conscien-

2227 3506 2618 3563 tiamludibriis
2638 3506 2879 3575 exponit.
2904 3506 3069 3577 259
3094 3505 3275 3577 Ignem
3311 3508 3363 3559 in
3388 3503 3516 3560 Sion
3530 3502 3801 3567 succendit,

2227 3617 2349 3658 cum
2381 3601 2563 3657 carnis
2590 3600 2901 3671 petulantia:
2925 3598 3170 3654 ﬂammas
3196 3600 3247 3653 in
3277 3607 3478 3661 mente,
3513 3612 3629 3667 qua:
3656 3597 3800 3651 Deum

2229 3693 2499 3765 speculari
2550 3702 2930 3759 consueverat,
2985 3691 3157 3763 iugeri
3209 3690 3352 3746 Deus
3401 3690 3553 3745 sinit.
3606 3687 3804 3742 Funda-

2229 3796 2404 3842 menta
2435 3786 2550 3857 ejus
2575 3786 2819 3851 devorat,
2861 3801 2986 3840 cum
3028 3784 3438 3841 subsistentiam
3474 3783 3635 3840 totius
3669 3782 3803 3838 bona:

2230 3880 2548 3936 intentionis
2569 3880 2806 3936 absumit
2833 3888 2887 3936 et
2916 3880 3163 3951 abrogat.

2929 4005 3129 4046 LAMED.

2305 4083 2465 4138 Vsus.
2504 4082 2590 4139 12.
2623 4113 2695 4125 -
2736 4102 2755 4136 ι
2789 4082 2904 4139 Νοιι
2955 4083 3303 4139 crediderunt
3357 4097 3514 4155 reges
3561 4092 3708 4138 terra:
3745 4087 3794 4136 et

2238 4196 2257 4230 ι
2300 4177 2537 4233 universi
2591 4178 2927 4235 habitatores
2968 4179 3222 4249 quoniam
3251 4177 3627 4248 ingrederetur
3651 4177 3799 4231 hostis

2239 4284 2259 4320 ι
2302 4278 2355 4323 et
2403 4269 2656 4323 inimicus
2706 4284 2803 4338 per
2844 4278 3029 4340 portas
3064 4267 3392 4324 Jerusalem.
3430 4286 3450 4320 ι
3495 4265 3805 4329 Lamed,di—

2234 4358 2375 4414 citur
2408 4375 2500 4413 cor
2526 4360 2808 4413 servitutis.
2857 4359 2961 4415 Cor
2988 4359 3252 4415 servitutis
3280 4357 3599 4427 intelligitur
3628 4355 3803 4412 intelli-

2233 4450 2436 4521 gentia,
2480 4467 2602 4522 qua:
2638 4466 2744 4506 non
2776 4467 2843 4507 ex
2883 4450 3117 4515 ratione,
3159 4466 3280 4521 qua:
3328 4451 3585 4521 imperat,
3633 4448 3720 4506 sed
3745 4462 3801 4502 ex

535 4525 693 4594 gniti,
731 4526 861 4595 quia
885 4525 937 4579 in
972 4525 1096 4581 latis
1120 4536 1174 4580 et
1196 4526 1451 4598 spatiosis
1478 4528 1635 4596 hujus
1661 4532 1839 4585 surculi
1867 4534 2129 4589 sollicitu-
2166 4553 2210 4608 ι)
2237 4541 2610 4606 sensualitate,
2645 4557 2764 4612 qua}
2795 4543 2983 4608 servit,
3020 4542 3269 4596 habetur.
3312 4541 3480 4613 Reges
3532 4552 3678 4597 terra:
3698 4546 3805 4595 sunt

536 4617 753 4674 dinibus
774 4634 880 4673 non
919 4628 1044 4675 sunt
1075 4619 1196 4675 visi.
1254 4619 1402 4675 Cutis
1429 4638 1612 4676 eorum
1646 4627 1852 4683 ossibus
1875 4628 2125 4697 adlucsit,

535 4711 663 4781 quia
689 4711 1067 4778 all'ectualitas,
1092 4723 1147 4769 et
1170 4716 1285 4785 ipsa
1316 4717 1481 4771 ctiam
1506 4720 1875 4775 sensualitatis
1896 4722 2127 4781 facilitas

537 4801 940 4860 indivisibiliter
970 4821 1029 4861 se
1074 4806 1379 4861 fortitudini
1418 4809 1645 4864 rationis
1691 4808 1957 4877 adjunxit.
1986 4813 2126 4871 Are-

537 4897 660 4963 scit,
701 4913 821 4953 cum
853 4899 922 4955 ab
942 4900 1087 4954 omni
1133 4898 1278 4954 ﬂuxu
1310 4901 1546 4957 lascivire
1578 4903 1876 4970 iuauescit;
1905 4916 1952 4960 et
1974 4910 2127 4978 quasi

531 4991 733 5061 lignum
782 4992 862 5058 lit,
918 5008 1039 5047 cum
1088 4994 1153 5048 ad
1204 4994 1654 5064 impassibilitatis
1698 4996 1952 5052 duritiam
2001 5016 2124 5058 coa-

530 5082 713 5141 lescit.

1236 5192 1401 5231 TETH.
1940 5230 1943 5233 .

600 5269 764 5325 Vens.
797 5269 851 5325 9.
881 5295 949 5308 —
986 5283 1005 5318 ‹
1044 5266 1231 5323 Melius
1255 5267 1357 5326 fuit
1393 5270 1591 5326 occisis
1648 5271 1826 5344 gladio
1854 5289 2016 5345 quam
2042 5276 2124 5332 in.

534 5377 555 5414 ι
601 5358 843 5416 terfectis
870 5356 1037 5425 fame,
1066 5361 1322 5431 quoniam
1360 5363 1449 5418 isti
1480 5365 1844 5422 extabnerunt
1870 5384 2124 5425 consum-

533 5472 553 5508 ι
598 5456 676 5525 pti
727 5454 795 5509 ab
825 5454 1114 5512 sterilitate
1161 5467 1340 5515 terrae.
1378 5479 1397 5511 ι
1438 5458 1596 5525 Teth,
1641 5462 1839 5519 dicitur
1863 5465 2121 5523 exclusio.

529 5546 728 5604 Melius
752 5557 834 5604 est
854 5549 1040 5605 occisis
1069 5550 1268 5622 gladio,
1298 5571 1457 5626 quam
1487 5554 1776 5625 interfectis
1806 5557 1964 5627 fame,
1994 5560 2121 5631 quia

528 5639 705 5695 levius
731 5649 815 5697 est
845 5645 1170 5701 occumbere
1195 5647 1312 5702 sine
1349 5648 1737 5706 deliberatione
1767 5651 1945 5722 aliqua
1972 5653 2121 5724 lapsu

528 5733 740 5804 peccati
764 5735 1045 5793 subitaneo
1067 5756 1228 5809 quam
1247 5740 1454 5797 defectu
1481 5744 1800 5812 pedetentim
1826 5747 2123 5804 lentescere

530 5824 807 5888 diuturno.
834 5828 935 5891 Isti
970 5835 1115 5899 enim
1142 5839 1485 5899 cautibuerunt
1512 5841 1807 5913 consumpti
1836 5842 1901 5899 ab
1929 5842 2123 5901 sterili-

2233 4636 2529 4692 rationales
2557 4645 2757 4695 motus.
2796 4638 2889 4707 qui
2936 4636 3117 4692 omnia
3156 4644 3339 4690 nostra
3381 4648 3599 4691 terrena
3646 4635 3804 4702 dispo-

2233 4739 2390 4784 nunt.
2424 4729 2600 4785 Terra:
2625 4730 2968 4796 habitatores,
3015 4730 3258 4784 membra
3296 4740 3424 4785 sunt
3455 4738 3642 4786 nostra
3664 4741 3806 4798 super

2236 4830 2465 4887 terram,
2496 4822 2582 4875 vel
2621 4820 2875 4891 quaelibet
2904 4837 3181 4893 corporea:
3223 4821 3590 4879 habitudines.
3625 4821 3684 4876 lli
3712 4835 3805 4876 non

2229 4915 2459 4971 credunt
2511 4915 2757 4985 quoniam
2788 4930 2880 4983 per
2902 4924 3082 4984 portas
3103 4912 3403 4969 Jerusalem
3431 4915 3595 4969 hostis
3648 4924 3690 4968 et
3714 4910 3805 4965 iui-

2228 5006 2393 5059 micus
2422 5005 2772 5076 ingrediatur.
2804 5007 2950 5075 quia,
2987 5021 3052 5060 ex
3083 5005 3463 5061 vetcrimentis
3494 5005 3673 5077 quiete
3694 5001 3793 5070 jam

2227 5098 2441 5153 desides
2493 5113 2599 5153 non
2652 5099 3062 5154 arbitrabantur
3109 5099 3380 5170 quodper
3448 5098 3807 5156 sensualitates

2227 5192 2426 5248 visioni
2476 5194 2626 5263 pacis
2664 5195 2937 5265 quomlam
2975 5192 3275 5259 dedicatas,
3325 5193 3501 5249 hostis
3549 5194 3801 5264 antiquus,

2227 5293 2281 5339 ct
2304 5294 2426 5356 post
2459 5301 2582 5341 eum
2608 5287 2891 5343 inimicitia
2923 5286 3187 5344 naturalis
3218 5288 3495 5360 appetitus
3524 5299 3795 5362 suggerere

2231 5378 2508 5451 quidpiam
2537 5390 2854 5437 attentaret.

2965 5490 3099 5531 ιιειι.
3154 5460 3159 5463 ἦ

2301 5566 2465 5622 Vens.
2533 5566 2619 5621 15.
2670 5597 2740 5606 -
2796 5584 2814 5619 ι
2868 5565 3098 5638 PrOptcr
3156 5574 3378 5637 peccata
3438 5566 3809 5639 prophetarum

2236 5674 2255 5708 ι
2305 5657 2421 5726 ejus
2453 5669 2505 5711 et
2538 5656 2859 5727 iniquitates
2886 5659 3255 5723 sacerdotum,
3296 5658 3387 5730 qui
3428 5658 3723 5714 ell‘uderunt
3756 5652 3806 5709 in

2231 5767 2250 5803 ι
2297 5749 2473 5803 medio
2519 5747 2631 5819 ejus
2660 5750 2974 5820 sanguinem
3013 5751 3307 5822 justorum.
3340 5771 3359 5803 ι
3403 5749 3569 5815 Mem,
3602 5749 3805 5804 viscera.

2233 5844 2296 5906 Et
2321 5845 2451 5921 quid
2479 5854 2605 5904 sunt
2630 5844 2850 5916 viscera,
2877 5847 2979 5905 nisi
3009 5848 3123 5924 ipsa
3153 5846 3544 5926 cogitationum
3570 5842 3805 5909 ititettliO.
