  <div class='ocr_page' id='page_1' title='image "/cluster/home/n/w/nwhite01/storage/ocr_20150623/156/hvd.32044010683712/246.png"; bbox 0 0 4038 6330; ppageno 0'>
   <div class='ocr_carea' id='block_1_1' title="bbox 162 358 280 418">
    <p class='ocr_par' dir='ltr' id='par_1_1' title="bbox 162 358 280 418">
     <span class='ocr_line' id='line_1_1' title="bbox 162 358 280 418; baseline 0.017 -2"><span class='ocrx_word' id='word_1_1' title='bbox 162 358 280 418; x_wconf 68' lang='grc'><strong>481</strong></span> 
     </span>
    </p>
   </div>
   <div class='ocr_carea' id='block_1_2' title="bbox 822 354 1762 427">
    <p class='ocr_par' dir='ltr' id='par_1_2' title="bbox 822 354 1762 427">
     <span class='ocr_line' id='line_1_2' title="bbox 822 354 1762 427; baseline -0.003 -9"><span class='ocrx_word' id='word_1_2' title='bbox 822 355 1283 421; x_wconf 61' lang='grc' dir='ltr'><strong>ΤΒΟΡΟΕΟΟΙᾹΞ</strong></span> <span class='ocrx_word' id='word_1_3' title='bbox 1325 359 1390 417; x_wconf 81' lang='grc' dir='ltr'><strong>ΙΝ</strong></span> <span class='ocrx_word' id='word_1_4' title='bbox 1429 354 1637 427; x_wconf 75' lang='lat' dir='ltr'><strong>OSEE,</strong></span> <span class='ocrx_word' id='word_1_5' title='bbox 1670 355 1762 415; x_wconf 83' lang='lat' dir='ltr'><strong>AM</strong></span> 
     </span>
    </p>
   </div>
   <div class='ocr_carea' id='block_1_3' title="bbox 1864 354 2775 427">
    <p class='ocr_par' dir='ltr' id='par_1_3' title="bbox 1883 356 2775 418">
     <span class='ocr_line' id='line_1_3' title="bbox 1883 356 2775 418; baseline -0.003 -2"><span class='ocrx_word' id='word_1_6' title='bbox 1883 359 1971 417; x_wconf 87' lang='grc' dir='ltr'><strong>ΕΤ</strong></span> <span class='ocrx_word' id='word_1_7' title='bbox 1994 358 2140 417; x_wconf 83' lang='lat' dir='ltr'><strong>JER.</strong></span> <span class='ocrx_word' id='word_1_8' title='bbox 2163 391 2235 403; x_wconf 94' lang='lat'><strong>—</strong></span> <span class='ocrx_word' id='word_1_9' title='bbox 2262 358 2391 417; x_wconf 86' lang='lat' dir='ltr'><strong>LIB.</strong></span> <span class='ocrx_word' id='word_1_10' title='bbox 2416 359 2482 418; x_wconf 84' lang='lat' dir='ltr'><strong>V.</strong></span> <span class='ocrx_word' id='word_1_11' title='bbox 2514 357 2585 416; x_wconf 85' lang='grc' dir='ltr'><strong>ΙΝ</strong></span> <span class='ocrx_word' id='word_1_12' title='bbox 2626 356 2775 416; x_wconf 77' lang='lat' dir='ltr'><strong>JER.</strong></span> 
     </span>
    </p>
   </div>
   <div class='ocr_carea' id='block_1_4' title="bbox 3348 349 3458 407">
    <p class='ocr_par' dir='ltr' id='par_1_4' title="bbox 3348 349 3458 407">
     <span class='ocr_line' id='line_1_4' title="bbox 3348 349 3458 407; baseline 0 -1"><span class='ocrx_word' id='word_1_13' title='bbox 3348 349 3458 407; x_wconf 71' lang='grc'><strong>482</strong></span> 
     </span>
    </p>
   </div>
   <div class='ocr_carea' id='block_1_5' title="bbox 167 470 3448 549">
    <p class='ocr_par' dir='ltr' id='par_1_5' title="bbox 167 470 3448 549">
     <span class='ocr_line' id='line_1_5' title="bbox 167 470 3448 549; baseline 0 -24"><span class='ocrx_word' id='word_1_14' title='bbox 167 490 329 543; x_wconf 69' lang='lat' dir='ltr'><strong>quae,</strong></span> <span class='ocrx_word' id='word_1_15' title='bbox 353 474 497 531; x_wconf 81' lang='lat' dir='ltr'><strong>sicut</strong></span> <span class='ocrx_word' id='word_1_16' title='bbox 524 475 731 531; x_wconf 81' lang='lat' dir='ltr'><strong>viscera</strong></span> <span class='ocrx_word' id='word_1_17' title='bbox 758 476 810 531; x_wconf 92' lang='lat' dir='ltr'><strong>in</strong></span> <span class='ocrx_word' id='word_1_18' title='bbox 843 492 1088 547; x_wconf 90' lang='lat' dir='ltr'><strong>corpore,</strong></span> <span class='ocrx_word' id='word_1_19' title='bbox 1118 479 1189 533; x_wconf 89' lang='lat' dir='ltr'><strong>ita</strong></span> <span class='ocrx_word' id='word_1_20' title='bbox 1220 479 1319 534; x_wconf 98' lang='lat' dir='ltr'><strong>sub</strong></span> <span class='ocrx_word' id='word_1_21' title='bbox 1349 477 1765 549; x_wconf 89' lang='lat' dir='ltr'><strong>cogitationibus</strong></span> <span class='ocrx_word' id='word_1_22' title='bbox 1792 482 1839 541; x_wconf 80' lang='grc' dir='ltr'><strong>Α</strong></span> <span class='ocrx_word' id='word_1_23' title='bbox 1869 478 2134 533; x_wconf 79' lang='lat' dir='ltr'><strong>referunt.</strong></span> <span class='ocrx_word' id='word_1_24' title='bbox 2188 477 2257 533; x_wconf 89' lang='lat' dir='ltr'><strong>Et</strong></span> <span class='ocrx_word' id='word_1_25' title='bbox 2287 478 2414 547; x_wconf 85' lang='lat' dir='ltr'><strong>quia</strong></span> <span class='ocrx_word' id='word_1_26' title='bbox 2461 493 2530 533; x_wconf 83' lang='lat' dir='ltr'><strong>ex</strong></span> <span class='ocrx_word' id='word_1_27' title='bbox 2579 473 2968 533; x_wconf 75' lang='lat' dir='ltr'><strong>deliberatione</strong></span> <span class='ocrx_word' id='word_1_28' title='bbox 3006 470 3086 531; x_wconf 88' lang='lat' dir='ltr'><strong>sic</strong></span> <span class='ocrx_word' id='word_1_29' title='bbox 3115 470 3183 526; x_wconf 89' lang='lat' dir='ltr'><strong>ad</strong></span> <span class='ocrx_word' id='word_1_30' title='bbox 3230 481 3448 541; x_wconf 85' lang='lat' dir='ltr'><strong>peccata</strong></span> 
     </span>
    </p>
   </div>
   <div class='ocr_carea' id='block_1_6' title="bbox 168 563 1767 639">
    <p class='ocr_par' dir='ltr' id='par_1_6' title="bbox 168 563 1767 639">
     <span class='ocr_line' id='line_1_6' title="bbox 168 563 1767 639; baseline 0.004 -22"><span class='ocrx_word' id='word_1_31' title='bbox 168 563 319 619; x_wconf 87' lang='lat' dir='ltr'><strong>latet</strong></span> <span class='ocrx_word' id='word_1_32' title='bbox 354 564 407 619; x_wconf 92' lang='lat' dir='ltr'><strong>in</strong></span> <span class='ocrx_word' id='word_1_33' title='bbox 462 566 673 621; x_wconf 85' lang='lat' dir='ltr'><strong>tuente?</strong></span> <span class='ocrx_word' id='word_1_34' title='bbox 696 565 846 622; x_wconf 88' lang='lat' dir='ltr'><strong>Unde</strong></span> <span class='ocrx_word' id='word_1_35' title='bbox 890 580 944 622; x_wconf 89' lang='lat' dir='ltr'><strong>et</strong></span> <span class='ocrx_word' id='word_1_36' title='bbox 981 569 1272 639; x_wconf 79' lang='lat' dir='ltr'><strong>Apostolus</strong></span> <span class='ocrx_word' id='word_1_37' title='bbox 1316 579 1561 624; x_wconf 87' lang='lat' dir='ltr'><strong>sanctum</strong></span> <span class='ocrx_word' id='word_1_38' title='bbox 1594 568 1767 639; x_wconf 90' lang='lat' dir='ltr'><strong>Spiri-</strong></span> 
     </span>
    </p>
   </div>
   <div class='ocr_carea' id='block_1_7' title="bbox 167 658 1763 727">
    <p class='ocr_par' dir='ltr' id='par_1_7' title="bbox 167 658 1763 727">
     <span class='ocr_line' id='line_1_7' title="bbox 167 658 1763 727; baseline 0.006 -20"><span class='ocrx_word' id='word_1_39' title='bbox 167 663 300 710; x_wconf 80' lang='lat' dir='ltr'><strong>tum</strong></span> <span class='ocrx_word' id='word_1_40' title='bbox 330 664 490 711; x_wconf 83' lang='lat' dir='ltr'><strong>vocat</strong></span> <span class='ocrx_word' id='word_1_41' title='bbox 519 658 905 727; x_wconf 79' lang='lat' dir='ltr'><strong>cogitationum</strong></span> <span class='ocrx_word' id='word_1_42' title='bbox 933 661 1285 715; x_wconf 77' lang='lat' dir='ltr'><strong>disrretorem</strong></span> <span class='ocrx_word' id='word_1_43' title='bbox 1314 670 1367 716; x_wconf 93' lang='lat' dir='ltr'><strong>et</strong></span> <span class='ocrx_word' id='word_1_44' title='bbox 1402 662 1763 716; x_wconf 91' lang='lat' dir='ltr'><strong>intentionum</strong></span> 
     </span>
    </p>
   </div>
   <div class='ocr_carea' id='block_1_8' title="bbox 166 743 1766 821">
    <p class='ocr_par' dir='ltr' id='par_1_8' title="bbox 166 743 1766 821">
     <span class='ocr_line' id='line_1_8' title="bbox 166 743 1766 821; baseline 0.004 -24"><span class='ocrx_word' id='word_1_45' title='bbox 166 743 374 815; x_wconf 83' lang='lat' dir='ltr'><strong>(Hebr.</strong></span> <span class='ocrx_word' id='word_1_46' title='bbox 402 761 476 811; x_wconf 87' lang='lat' dir='ltr'><strong>tv,</strong></span> <span class='ocrx_word' id='word_1_47' title='bbox 510 745 619 815; x_wconf 77' lang='grc'><strong>12).</strong></span> <span class='ocrx_word' id='word_1_48' title='bbox 651 746 832 801; x_wconf 63' lang='lat' dir='ltr'><strong>Poena!</strong></span> <span class='ocrx_word' id='word_1_49' title='bbox 861 763 992 819; x_wconf 85' lang='lat' dir='ltr'><strong>ergo</strong></span> <span class='ocrx_word' id='word_1_50' title='bbox 1029 750 1304 805; x_wconf 89' lang='lat' dir='ltr'><strong>interioris</strong></span> <span class='ocrx_word' id='word_1_51' title='bbox 1350 750 1601 815; x_wconf 81' lang='lat' dir='ltr'><strong>intentio,</strong></span> <span class='ocrx_word' id='word_1_52' title='bbox 1642 767 1766 821; x_wconf 83' lang='lat' dir='ltr'><strong>pec-</strong></span> 
     </span>
    </p>
   </div>
   <div class='ocr_carea' id='block_1_9' title="bbox 168 840 1763 914">
    <p class='ocr_par' dir='ltr' id='par_1_9' title="bbox 168 840 1763 914">
     <span class='ocr_line' id='line_1_9' title="bbox 168 840 1763 914; baseline 0.006 -24"><span class='ocrx_word' id='word_1_53' title='bbox 168 848 302 891; x_wconf 87' lang='lat' dir='ltr'><strong>cata</strong></span> <span class='ocrx_word' id='word_1_54' title='bbox 351 848 478 892; x_wconf 89' lang='lat' dir='ltr'><strong>sunt</strong></span> <span class='ocrx_word' id='word_1_55' title='bbox 512 840 903 909; x_wconf 83' lang='lat' dir='ltr'><strong>prophetarum,</strong></span> <span class='ocrx_word' id='word_1_56' title='bbox 956 852 1007 896; x_wconf 89' lang='lat' dir='ltr'><strong>et</strong></span> <span class='ocrx_word' id='word_1_57' title='bbox 1054 844 1356 914; x_wconf 84' lang='lat' dir='ltr'><strong>iniquitates</strong></span> <span class='ocrx_word' id='word_1_58' title='bbox 1410 846 1763 900; x_wconf 78' lang='lat' dir='ltr'><strong>sacerdotum.</strong></span> 
     </span>
    </p>
   </div>
   <div class='ocr_carea' id='block_1_10' title="bbox 169 927 1766 1005">
    <p class='ocr_par' dir='ltr' id='par_1_10' title="bbox 169 927 1766 1005">
     <span class='ocr_line' id='line_1_10' title="bbox 169 927 1766 1005; baseline 0.006 -22"><span class='ocrx_word' id='word_1_59' title='bbox 169 927 571 997; x_wconf 83' lang='lat' dir='ltr'><strong>Sacerdotum,</strong></span> <span class='ocrx_word' id='word_1_60' title='bbox 622 930 673 984; x_wconf 91' lang='lat' dir='ltr'><strong>id</strong></span> <span class='ocrx_word' id='word_1_61' title='bbox 711 939 796 987; x_wconf 90' lang='lat' dir='ltr'><strong>est</strong></span> <span class='ocrx_word' id='word_1_62' title='bbox 834 932 1178 988; x_wconf 84' lang='lat' dir='ltr'><strong>rationaliuiu</strong></span> <span class='ocrx_word' id='word_1_63' title='bbox 1217 944 1477 1002; x_wconf 87' lang='lat' dir='ltr'><strong>motuum,</strong></span> <span class='ocrx_word' id='word_1_64' title='bbox 1528 937 1619 1005; x_wconf 86' lang='lat' dir='ltr'><strong>qui</strong></span> <span class='ocrx_word' id='word_1_65' title='bbox 1668 951 1766 993; x_wconf 91' lang='lat' dir='ltr'><strong>nos</strong></span> 
     </span>
    </p>
   </div>
   <div class='ocr_carea' id='block_1_11' title="bbox 170 1019 1766 1098">
    <p class='ocr_par' dir='ltr' id='par_1_11' title="bbox 170 1019 1766 1098">
     <span class='ocr_line' id='line_1_11' title="bbox 170 1019 1766 1098; baseline 0.006 -25"><span class='ocrx_word' id='word_1_66' title='bbox 170 1019 474 1076; x_wconf 75' lang='lat' dir='ltr'><strong>salubriter</strong></span> <span class='ocrx_word' id='word_1_67' title='bbox 523 1022 795 1080; x_wconf 89' lang='lat' dir='ltr'><strong>ductitare</strong></span> <span class='ocrx_word' id='word_1_68' title='bbox 830 1024 1146 1092; x_wconf 85' lang='lat' dir='ltr'><strong>debuerant,</strong></span> <span class='ocrx_word' id='word_1_69' title='bbox 1201 1026 1456 1097; x_wconf 83' lang='lat' dir='ltr'><strong>iniquitas</strong></span> <span class='ocrx_word' id='word_1_70' title='bbox 1490 1036 1590 1092; x_wconf 89' lang='lat' dir='ltr'><strong>est,</strong></span> <span class='ocrx_word' id='word_1_71' title='bbox 1622 1028 1766 1098; x_wconf 90' lang='lat' dir='ltr'><strong>quod</strong></span> 
     </span>
    </p>
   </div>
   <div class='ocr_carea' id='block_1_12' title="bbox 174 1112 1761 1188">
    <p class='ocr_par' dir='ltr' id='par_1_12' title="bbox 174 1112 1761 1188">
     <span class='ocr_line' id='line_1_12' title="bbox 174 1112 1761 1188; baseline 0.005 -22"><span class='ocrx_word' id='word_1_72' title='bbox 174 1112 330 1167; x_wconf 90' lang='lat' dir='ltr'><strong>inter</strong></span> <span class='ocrx_word' id='word_1_73' title='bbox 361 1114 622 1184; x_wconf 89' lang='lat' dir='ltr'><strong>impetum</strong></span> <span class='ocrx_word' id='word_1_74' title='bbox 654 1116 837 1171; x_wconf 90' lang='lat' dir='ltr'><strong>carnis</strong></span> <span class='ocrx_word' id='word_1_75' title='bbox 867 1124 922 1171; x_wconf 91' lang='lat' dir='ltr'><strong>et</strong></span> <span class='ocrx_word' id='word_1_76' title='bbox 947 1118 1169 1187; x_wconf 88' lang='lat' dir='ltr'><strong>spiritus</strong></span> <span class='ocrx_word' id='word_1_77' title='bbox 1196 1133 1299 1172; x_wconf 90' lang='lat' dir='ltr'><strong>non</strong></span> <span class='ocrx_word' id='word_1_78' title='bbox 1324 1134 1474 1188; x_wconf 73' lang='lat' dir='ltr'><strong>aeque</strong></span> <span class='ocrx_word' id='word_1_79' title='bbox 1494 1118 1761 1188; x_wconf 88' lang='lat' dir='ltr'><strong>judicaut.</strong></span> 
     </span>
    </p>
   </div>
   <div class='ocr_carea' id='block_1_13' title="bbox 171 1202 1765 1281">
    <p class='ocr_par' dir='ltr' id='par_1_13' title="bbox 171 1202 1765 1281">
     <span class='ocr_line' id='line_1_13' title="bbox 171 1202 1765 1281; baseline 0.005 -22"><span class='ocrx_word' id='word_1_80' title='bbox 171 1204 570 1276; x_wconf 80' lang='lat' dir='ltr'><strong>Prophetarum</strong></span> <span class='ocrx_word' id='word_1_81' title='bbox 608 1223 759 1275; x_wconf 88' lang='lat' dir='ltr'><strong>vero,</strong></span> <span class='ocrx_word' id='word_1_82' title='bbox 802 1202 855 1264; x_wconf 82' lang='lat' dir='ltr'><strong>id</strong></span> <span class='ocrx_word' id='word_1_83' title='bbox 891 1219 975 1265; x_wconf 88' lang='lat' dir='ltr'><strong>est</strong></span> <span class='ocrx_word' id='word_1_84' title='bbox 1024 1210 1509 1281; x_wconf 86' lang='lat' dir='ltr'><strong>providentiarum,</strong></span> <span class='ocrx_word' id='word_1_85' title='bbox 1552 1222 1765 1281; x_wconf 83' lang='lat' dir='ltr'><strong>peccata</strong></span> 
     </span>
    </p>
   </div>
   <div class='ocr_carea' id='block_1_14' title="bbox 171 1299 1765 1373">
    <p class='ocr_par' dir='ltr' id='par_1_14' title="bbox 171 1299 1765 1373">
     <span class='ocr_line' id='line_1_14' title="bbox 171 1299 1765 1373; baseline 0.004 -21"><span class='ocrx_word' id='word_1_86' title='bbox 171 1306 325 1363; x_wconf 82' lang='lat' dir='ltr'><strong>sunt,</strong></span> <span class='ocrx_word' id='word_1_87' title='bbox 348 1299 494 1369; x_wconf 87' lang='lat' dir='ltr'><strong>quod</strong></span> <span class='ocrx_word' id='word_1_88' title='bbox 524 1300 625 1355; x_wconf 80' lang='lat' dir='ltr'><strong>sibi</strong></span> <span class='ocrx_word' id='word_1_89' title='bbox 654 1315 761 1355; x_wconf 92' lang='lat' dir='ltr'><strong>non</strong></span> <span class='ocrx_word' id='word_1_90' title='bbox 787 1300 954 1356; x_wconf 83' lang='lat' dir='ltr'><strong>futuri</strong></span> <span class='ocrx_word' id='word_1_91' title='bbox 988 1303 1167 1358; x_wconf 67' lang='lat' dir='ltr'><strong>saeculi</strong></span> <span class='ocrx_word' id='word_1_92' title='bbox 1206 1318 1394 1373; x_wconf 72' lang='lat' dir='ltr'><strong>poenas</strong></span> <span class='ocrx_word' id='word_1_93' title='bbox 1422 1313 1513 1358; x_wconf 90' lang='lat' dir='ltr'><strong>aut</strong></span> <span class='ocrx_word' id='word_1_94' title='bbox 1541 1304 1765 1373; x_wconf 69' lang='lat' dir='ltr'><strong>praemia</strong></span> 
     </span>
    </p>
   </div>
   <div class='ocr_carea' id='block_1_15' title="bbox 172 1390 1763 1465">
    <p class='ocr_par' dir='ltr' id='par_1_15' title="bbox 172 1390 1763 1465">
     <span class='ocr_line' id='line_1_15' title="bbox 172 1390 1763 1465; baseline 0.004 -22"><span class='ocrx_word' id='word_1_95' title='bbox 172 1390 540 1460; x_wconf 86' lang='lat' dir='ltr'><strong>prospiciunt,</strong></span> <span class='ocrx_word' id='word_1_96' title='bbox 598 1392 693 1447; x_wconf 91' lang='lat' dir='ltr'><strong>sed</strong></span> <span class='ocrx_word' id='word_1_97' title='bbox 746 1392 1018 1462; x_wconf 70' lang='lat' dir='ltr'><strong>quaelibet,</strong></span> <span class='ocrx_word' id='word_1_98' title='bbox 1076 1411 1195 1465; x_wconf 68' lang='lat' dir='ltr'><strong>qua:</strong></span> <span class='ocrx_word' id='word_1_99' title='bbox 1248 1395 1469 1450; x_wconf 90' lang='lat' dir='ltr'><strong>fortuitu</strong></span> <span class='ocrx_word' id='word_1_100' title='bbox 1530 1395 1763 1450; x_wconf 85' lang='lat' dir='ltr'><strong>suboriri</strong></span> 
     </span>
    </p>
   </div>
   <div class='ocr_carea' id='block_1_16' title="bbox 166 1481 1763 1554">
    <p class='ocr_par' dir='ltr' id='par_1_16' title="bbox 166 1481 1763 1554">
     <span class='ocr_line' id='line_1_16' title="bbox 166 1481 1763 1554; baseline 0.005 -21"><span class='ocrx_word' id='word_1_101' title='bbox 166 1488 410 1550; x_wconf 69' lang='lat' dir='ltr'><strong>queant,</strong></span> <span class='ocrx_word' id='word_1_102' title='bbox 449 1481 548 1535; x_wconf 88' lang='lat' dir='ltr'><strong>sibi</strong></span> <span class='ocrx_word' id='word_1_103' title='bbox 598 1481 653 1535; x_wconf 91' lang='lat' dir='ltr'><strong>in</strong></span> <span class='ocrx_word' id='word_1_104' title='bbox 709 1488 966 1551; x_wconf 65' lang='lat' dir='ltr'><strong>praesenti</strong></span> <span class='ocrx_word' id='word_1_105' title='bbox 1017 1483 1260 1540; x_wconf 87' lang='lat' dir='ltr'><strong>fastuosa</strong></span> <span class='ocrx_word' id='word_1_106' title='bbox 1302 1486 1639 1554; x_wconf 87' lang='lat' dir='ltr'><strong>promittunt.</strong></span> <span class='ocrx_word' id='word_1_107' title='bbox 1697 1485 1763 1541; x_wconf 82' lang='lat' dir='ltr'><strong>Hi</strong></span> 
     </span>
    </p>
   </div>
   <div class='ocr_carea' id='block_1_17' title="bbox 174 1574 1764 1648">
    <p class='ocr_par' dir='ltr' id='par_1_17' title="bbox 174 1574 1764 1648">
     <span class='ocr_line' id='line_1_17' title="bbox 174 1574 1764 1648; baseline 0.004 -20"><span class='ocrx_word' id='word_1_108' title='bbox 174 1575 492 1644; x_wconf 82' lang='lat' dir='ltr'><strong>sanguinem</strong></span> <span class='ocrx_word' id='word_1_109' title='bbox 534 1574 804 1645; x_wconf 83' lang='lat' dir='ltr'><strong>juslorum</strong></span> <span class='ocrx_word' id='word_1_110' title='bbox 845 1579 899 1630; x_wconf 83' lang='lat' dir='ltr'><strong>in</strong></span> <span class='ocrx_word' id='word_1_111' title='bbox 929 1580 1098 1632; x_wconf 86' lang='lat' dir='ltr'><strong>medio</strong></span> <span class='ocrx_word' id='word_1_112' title='bbox 1147 1583 1261 1648; x_wconf 87' lang='lat' dir='ltr'><strong>ejus</strong></span> <span class='ocrx_word' id='word_1_113' title='bbox 1306 1578 1607 1645; x_wconf 73' lang='lat' dir='ltr'><strong>effundunt,</strong></span> <span class='ocrx_word' id='word_1_114' title='bbox 1640 1595 1764 1634; x_wconf 84' lang='lat' dir='ltr'><strong>cum</strong></span> 
     </span>
    </p>
   </div>
   <div class='ocr_carea' id='block_1_18' title="bbox 175 1665 1764 1740">
    <p class='ocr_par' dir='ltr' id='par_1_18' title="bbox 175 1665 1764 1740">
     <span class='ocr_line' id='line_1_18' title="bbox 175 1665 1764 1740; baseline 0.004 -20"><span class='ocrx_word' id='word_1_115' title='bbox 175 1680 241 1720; x_wconf 88' lang='lat' dir='ltr'><strong>ea</strong></span> <span class='ocrx_word' id='word_1_116' title='bbox 276 1682 400 1736; x_wconf 69' lang='lat' dir='ltr'><strong>quae</strong></span> <span class='ocrx_word' id='word_1_117' title='bbox 457 1665 598 1720; x_wconf 89' lang='lat' dir='ltr'><strong>intra</strong></span> <span class='ocrx_word' id='word_1_118' title='bbox 641 1682 699 1722; x_wconf 90' lang='lat' dir='ltr'><strong>se</strong></span> <span class='ocrx_word' id='word_1_119' title='bbox 728 1670 1051 1723; x_wconf 85' lang='lat' dir='ltr'><strong>naturaliter</strong></span> <span class='ocrx_word' id='word_1_120' title='bbox 1078 1668 1305 1737; x_wconf 66' lang='lat' dir='ltr'><strong>iustitiae</strong></span> <span class='ocrx_word' id='word_1_121' title='bbox 1340 1672 1634 1727; x_wconf 87' lang='lat' dir='ltr'><strong>convenire</strong></span> <span class='ocrx_word' id='word_1_122' title='bbox 1668 1686 1764 1740; x_wconf 85' lang='lat' dir='ltr'><strong>po-</strong></span> 
     </span>
    </p>
   </div>
   <div class='ocr_carea' id='block_1_19' title="bbox 179 1758 1125 1830">
    <p class='ocr_par' dir='ltr' id='par_1_19' title="bbox 179 1758 1125 1830">
     <span class='ocr_line' id='line_1_19' title="bbox 179 1758 1125 1830; baseline 0.005 -16"><span class='ocrx_word' id='word_1_123' title='bbox 179 1767 419 1824; x_wconf 89' lang='lat' dir='ltr'><strong>tuerant,</strong></span> <span class='ocrx_word' id='word_1_124' title='bbox 446 1758 500 1813; x_wconf 93' lang='lat' dir='ltr'><strong>in</strong></span> <span class='ocrx_word' id='word_1_125' title='bbox 526 1771 749 1830; x_wconf 87' lang='lat' dir='ltr'><strong>peccata</strong></span> <span class='ocrx_word' id='word_1_126' title='bbox 779 1772 1125 1819; x_wconf 89' lang='lat' dir='ltr'><strong>convertunt.</strong></span> 
     </span>
    </p>
   </div>
   <div class='ocr_carea' id='block_1_20' title="bbox 911 1871 1034 1910">
    <p class='ocr_par' dir='ltr' id='par_1_20' title="bbox 911 1871 1034 1910">
     <span class='ocr_line' id='line_1_20' title="bbox 911 1871 1034 1910; baseline 0.008 -1"><span class='ocrx_word' id='word_1_127' title='bbox 911 1871 1034 1910; x_wconf 78' lang='lat' dir='ltr'><strong>NUN.</strong></span> 
     </span>
    </p>
   </div>
   <div class='ocr_carea' id='block_1_21' title="bbox 251 1941 1765 2018">
    <p class='ocr_par' dir='ltr' id='par_1_21' title="bbox 251 1941 1765 2018">
     <span class='ocr_line' id='line_1_21' title="bbox 251 1941 1765 2018; baseline 0.003 -21"><span class='ocrx_word' id='word_1_128' title='bbox 251 1941 418 1999; x_wconf 73' lang='lat' dir='ltr'><strong>Vens.</strong></span> <span class='ocrx_word' id='word_1_129' title='bbox 449 1943 536 1999; x_wconf 74' lang='lat' dir='ltr'><strong>l4.</strong></span> <span class='ocrx_word' id='word_1_130' title='bbox 564 1975 634 1987; x_wconf 92' lang='grc'><strong><em>--</em></strong></span> <span class='ocrx_word' id='word_1_131' title='bbox 668 1965 688 1998; x_wconf 72' lang='lat' dir='ltr'><strong>c</strong></span> <span class='ocrx_word' id='word_1_132' title='bbox 721 1945 1053 2003; x_wconf 86' lang='lat' dir='ltr'><strong>Erraverunt</strong></span> <span class='ocrx_word' id='word_1_133' title='bbox 1087 1948 1217 2003; x_wconf 60' lang='lat' dir='ltr'><strong>cruci</strong></span> <span class='ocrx_word' id='word_1_134' title='bbox 1252 1950 1302 2002; x_wconf 94' lang='lat' dir='ltr'><strong>in</strong></span> <span class='ocrx_word' id='word_1_135' title='bbox 1328 1948 1543 2018; x_wconf 87' lang='lat' dir='ltr'><strong>plateis,</strong></span> <span class='ocrx_word' id='word_1_136' title='bbox 1580 1947 1765 2018; x_wconf 89' lang='lat' dir='ltr'><strong>polluti</strong></span> 
     </span>
    </p>
   </div>
   <div class='ocr_carea' id='block_1_22' title="bbox 180 2039 1767 2112">
    <p class='ocr_par' dir='ltr' id='par_1_22' title="bbox 180 2039 1767 2112">
     <span class='ocr_line' id='line_1_22' title="bbox 180 2039 1767 2112; baseline 0.003 -23"><span class='ocrx_word' id='word_1_137' title='bbox 180 2053 200 2089; x_wconf 79' lang='lat' dir='ltr'><strong>t</strong></span> <span class='ocrx_word' id='word_1_138' title='bbox 248 2046 379 2091; x_wconf 88' lang='lat' dir='ltr'><strong>sunt</strong></span> <span class='ocrx_word' id='word_1_139' title='bbox 408 2039 1032 2111; x_wconf 55' lang='lat' dir='ltr'><strong>sanguine—Cumque</strong></span> <span class='ocrx_word' id='word_1_140' title='bbox 1063 2057 1167 2097; x_wconf 93' lang='lat' dir='ltr'><strong>non</strong></span> <span class='ocrx_word' id='word_1_141' title='bbox 1203 2052 1445 2112; x_wconf 85' lang='lat' dir='ltr'><strong>possent,</strong></span> <span class='ocrx_word' id='word_1_142' title='bbox 1477 2049 1767 2096; x_wconf 85' lang='lat' dir='ltr'><strong>tenuerunt</strong></span> 
     </span>
    </p>
   </div>
   <div class='ocr_carea' id='block_1_23' title="bbox 181 2127 1763 2203">
    <p class='ocr_par' dir='ltr' id='par_1_23' title="bbox 181 2127 1763 2203">
     <span class='ocr_line' id='line_1_23' title="bbox 181 2127 1763 2203; baseline 0.004 -24"><span class='ocrx_word' id='word_1_143' title='bbox 181 2127 480 2185; x_wconf 71' lang='lat' dir='ltr'><strong>«lacinias</strong></span> <span class='ocrx_word' id='word_1_144' title='bbox 505 2145 653 2187; x_wconf 88' lang='lat' dir='ltr'><strong>suas.</strong></span> <span class='ocrx_word' id='word_1_145' title='bbox 685 2150 705 2184; x_wconf 76' lang='grc' dir='ltr'><strong><em>ι</em></strong></span> <span class='ocrx_word' id='word_1_146' title='bbox 738 2130 882 2198; x_wconf 84' lang='grc' dir='ltr'><strong>Νυη,</strong></span> <span class='ocrx_word' id='word_1_147' title='bbox 913 2133 1110 2188; x_wconf 89' lang='lat' dir='ltr'><strong>dicitur</strong></span> <span class='ocrx_word' id='word_1_148' title='bbox 1134 2150 1334 2203; x_wconf 83' lang='lat' dir='ltr'><strong>pascua</strong></span> <span class='ocrx_word' id='word_1_149' title='bbox 1372 2148 1571 2186; x_wconf 86' lang='lat' dir='ltr'><strong>eorum.</strong></span> <span class='ocrx_word' id='word_1_150' title='bbox 1625 2128 1763 2185; x_wconf 88' lang='lat' dir='ltr'><strong>Pas-</strong></span> 
     </span>
    </p>
   </div>
   <div class='ocr_carea' id='block_1_24' title="bbox 179 2224 1762 2295">
    <p class='ocr_par' dir='ltr' id='par_1_24' title="bbox 179 2224 1762 2295">
     <span class='ocr_line' id='line_1_24' title="bbox 179 2224 1762 2295; baseline 0.002 -21"><span class='ocrx_word' id='word_1_151' title='bbox 179 2236 280 2274; x_wconf 85' lang='lat' dir='ltr'><strong>cua</strong></span> <span class='ocrx_word' id='word_1_152' title='bbox 314 2237 497 2274; x_wconf 88' lang='lat' dir='ltr'><strong>eorum</strong></span> <span class='ocrx_word' id='word_1_153' title='bbox 530 2233 657 2278; x_wconf 91' lang='lat' dir='ltr'><strong>sunt</strong></span> <span class='ocrx_word' id='word_1_154' title='bbox 683 2224 943 2295; x_wconf 87' lang='lat' dir='ltr'><strong>quidquid</strong></span> <span class='ocrx_word' id='word_1_155' title='bbox 976 2226 1028 2279; x_wconf 90' lang='lat' dir='ltr'><strong>in</strong></span> <span class='ocrx_word' id='word_1_156' title='bbox 1067 2227 1267 2280; x_wconf 88' lang='lat' dir='ltr'><strong>mundo</strong></span> <span class='ocrx_word' id='word_1_157' title='bbox 1293 2225 1373 2279; x_wconf 89' lang='lat' dir='ltr'><strong>eis</strong></span> <span class='ocrx_word' id='word_1_158' title='bbox 1401 2224 1640 2295; x_wconf 88' lang='lat' dir='ltr'><strong>suppetit</strong></span> <span class='ocrx_word' id='word_1_159' title='bbox 1667 2238 1762 2279; x_wconf 91' lang='lat' dir='ltr'><strong>cu-</strong></span> 
     </span>
    </p>
   </div>
   <div class='ocr_carea' id='block_1_25' title="bbox 177 2313 1765 2387">
    <p class='ocr_par' dir='ltr' id='par_1_25' title="bbox 177 2313 1765 2387">
     <span class='ocr_line' id='line_1_25' title="bbox 177 2313 1765 2387; baseline 0.003 -21"><span class='ocrx_word' id='word_1_160' title='bbox 177 2328 386 2368; x_wconf 84' lang='lat' dir='ltr'><strong>rarum.</strong></span> <span class='ocrx_word' id='word_1_161' title='bbox 419 2313 571 2370; x_wconf 89' lang='lat' dir='ltr'><strong>Unde</strong></span> <span class='ocrx_word' id='word_1_162' title='bbox 609 2326 797 2371; x_wconf 87' lang='lat' dir='ltr'><strong>errant</strong></span> <span class='ocrx_word' id='word_1_163' title='bbox 825 2318 950 2371; x_wconf 76' lang='lat' dir='ltr'><strong>cwci</strong></span> <span class='ocrx_word' id='word_1_164' title='bbox 980 2318 1034 2370; x_wconf 83' lang='lat' dir='ltr'><strong>in</strong></span> <span class='ocrx_word' id='word_1_165' title='bbox 1060 2316 1277 2387; x_wconf 82' lang='lat' dir='ltr'><strong>plateis,</strong></span> <span class='ocrx_word' id='word_1_166' title='bbox 1309 2317 1434 2386; x_wconf 82' lang='lat' dir='ltr'><strong>quia</strong></span> <span class='ocrx_word' id='word_1_167' title='bbox 1474 2320 1574 2371; x_wconf 88' lang='lat' dir='ltr'><strong>sub</strong></span> <span class='ocrx_word' id='word_1_168' title='bbox 1616 2314 1765 2370; x_wconf 86' lang='lat' dir='ltr'><strong>nullo</strong></span> 
     </span>
    </p>
   </div>
   <div class='ocr_carea' id='block_1_26' title="bbox 179 2404 1767 2480">
    <p class='ocr_par' dir='ltr' id='par_1_26' title="bbox 179 2404 1767 2480">
     <span class='ocr_line' id='line_1_26' title="bbox 179 2404 1767 2480; baseline 0.001 -20"><span class='ocrx_word' id='word_1_169' title='bbox 179 2404 530 2462; x_wconf 85' lang='lat' dir='ltr'><strong>discretionis</strong></span> <span class='ocrx_word' id='word_1_170' title='bbox 568 2407 776 2464; x_wconf 89' lang='lat' dir='ltr'><strong>lumine</strong></span> <span class='ocrx_word' id='word_1_171' title='bbox 800 2408 1152 2465; x_wconf 55' lang='lat' dir='ltr'><strong>saecularibus</strong></span> <span class='ocrx_word' id='word_1_172' title='bbox 1183 2425 1244 2465; x_wconf 92' lang='lat' dir='ltr'><strong>se</strong></span> <span class='ocrx_word' id='word_1_173' title='bbox 1269 2411 1575 2480; x_wconf 75' lang='lat' dir='ltr'><strong>inSpersere</strong></span> <span class='ocrx_word' id='word_1_174' title='bbox 1600 2423 1767 2479; x_wconf 79' lang='lat' dir='ltr'><strong>nego-</strong></span> 
     </span>
    </p>
   </div>
   <div class='ocr_carea' id='block_1_27' title="bbox 179 2498 1763 2574">
    <p class='ocr_par' dir='ltr' id='par_1_27' title="bbox 179 2498 1763 2574">
     <span class='ocr_line' id='line_1_27' title="bbox 179 2498 1763 2574; baseline 0.003 -21"><span class='ocrx_word' id='word_1_175' title='bbox 179 2498 297 2554; x_wconf 89' lang='lat' dir='ltr'><strong>tiis.</strong></span> <span class='ocrx_word' id='word_1_176' title='bbox 342 2498 609 2571; x_wconf 82' lang='lat' dir='ltr'><strong>Sanguine</strong></span> <span class='ocrx_word' id='word_1_177' title='bbox 659 2502 993 2574; x_wconf 82' lang='lat' dir='ltr'><strong>polluuntur,</strong></span> <span class='ocrx_word' id='word_1_178' title='bbox 1023 2518 1146 2559; x_wconf 88' lang='lat' dir='ltr'><strong>cum</strong></span> <span class='ocrx_word' id='word_1_179' title='bbox 1199 2504 1342 2559; x_wconf 89' lang='lat' dir='ltr'><strong>inter</strong></span> <span class='ocrx_word' id='word_1_180' title='bbox 1368 2520 1433 2559; x_wconf 87' lang='lat' dir='ltr'><strong>ea</strong></span> <span class='ocrx_word' id='word_1_181' title='bbox 1482 2503 1627 2559; x_wconf 89' lang='lat' dir='ltr'><strong>nulla</strong></span> <span class='ocrx_word' id='word_1_182' title='bbox 1656 2519 1763 2559; x_wconf 88' lang='lat' dir='ltr'><strong>non</strong></span> 
     </span>
    </p>
   </div>
   <div class='ocr_carea' id='block_1_28' title="bbox 175 2591 1765 2666">
    <p class='ocr_par' dir='ltr' id='par_1_28' title="bbox 175 2591 1765 2666">
     <span class='ocr_line' id='line_1_28' title="bbox 175 2591 1765 2666; baseline 0 -19"><span class='ocrx_word' id='word_1_183' title='bbox 175 2591 505 2663; x_wconf 78' lang='lat' dir='ltr'><strong>contagione</strong></span> <span class='ocrx_word' id='word_1_184' title='bbox 533 2592 778 2649; x_wconf 91' lang='lat' dir='ltr'><strong>criminis</strong></span> <span class='ocrx_word' id='word_1_185' title='bbox 802 2595 1138 2649; x_wconf 85' lang='lat' dir='ltr'><strong>inficiuntur.</strong></span> <span class='ocrx_word' id='word_1_186' title='bbox 1171 2592 1404 2666; x_wconf 80' lang='lat' dir='ltr'><strong>Cumque</strong></span> <span class='ocrx_word' id='word_1_187' title='bbox 1429 2596 1509 2650; x_wconf 90' lang='lat' dir='ltr'><strong>eis</strong></span> <span class='ocrx_word' id='word_1_188' title='bbox 1536 2607 1765 2664; x_wconf 85' lang='lat' dir='ltr'><strong>peccare</strong></span> 
     </span>
    </p>
   </div>
   <div class='ocr_carea' id='block_1_29' title="bbox 174 2684 1763 2755">
    <p class='ocr_par' dir='ltr' id='par_1_29' title="bbox 174 2684 1763 2755">
     <span class='ocr_line' id='line_1_29' title="bbox 174 2684 1763 2755; baseline 0.001 -16"><span class='ocrx_word' id='word_1_189' title='bbox 174 2699 284 2739; x_wconf 86' lang='lat' dir='ltr'><strong>non</strong></span> <span class='ocrx_word' id='word_1_190' title='bbox 330 2685 585 2755; x_wconf 83' lang='lat' dir='ltr'><strong>suppetit,</strong></span> <span class='ocrx_word' id='word_1_191' title='bbox 627 2684 852 2740; x_wconf 76' lang='lat' dir='ltr'><strong>lacinias</strong></span> <span class='ocrx_word' id='word_1_192' title='bbox 899 2703 1023 2740; x_wconf 87' lang='lat' dir='ltr'><strong>suas</strong></span> <span class='ocrx_word' id='word_1_193' title='bbox 1073 2694 1287 2753; x_wconf 90' lang='lat' dir='ltr'><strong>tenent,</strong></span> <span class='ocrx_word' id='word_1_194' title='bbox 1319 2686 1443 2755; x_wconf 88' lang='lat' dir='ltr'><strong>quia</strong></span> <span class='ocrx_word' id='word_1_195' title='bbox 1486 2700 1763 2755; x_wconf 78' lang='lat' dir='ltr'><strong>nunquam</strong></span> 
     </span>
    </p>
   </div>
   <div class='ocr_carea' id='block_1_30' title="bbox 178 2776 1761 2848">
    <p class='ocr_par' dir='ltr' id='par_1_30' title="bbox 178 2776 1761 2848">
     <span class='ocr_line' id='line_1_30' title="bbox 178 2776 1761 2848; baseline 0.001 -16"><span class='ocrx_word' id='word_1_196' title='bbox 178 2791 304 2832; x_wconf 87' lang='lat' dir='ltr'><strong>esse</strong></span> <span class='ocrx_word' id='word_1_197' title='bbox 341 2779 550 2847; x_wconf 86' lang='lat' dir='ltr'><strong>absque</strong></span> <span class='ocrx_word' id='word_1_198' title='bbox 578 2776 837 2848; x_wconf 89' lang='lat' dir='ltr'><strong>peccandi</strong></span> <span class='ocrx_word' id='word_1_199' title='bbox 878 2779 1271 2834; x_wconf 89' lang='lat' dir='ltr'><strong>intentionibus</strong></span> <span class='ocrx_word' id='word_1_200' title='bbox 1295 2778 1583 2834; x_wconf 86' lang='lat' dir='ltr'><strong>sustinent.</strong></span> <span class='ocrx_word' id='word_1_201' title='bbox 1615 2779 1761 2833; x_wconf 86' lang='lat' dir='ltr'><strong>Sicut</strong></span> 
     </span>
    </p>
   </div>
   <div class='ocr_carea' id='block_1_31' title="bbox 176 2870 1765 2939">
    <p class='ocr_par' dir='ltr' id='par_1_31' title="bbox 176 2870 1765 2939">
     <span class='ocr_line' id='line_1_31' title="bbox 176 2870 1765 2939; baseline 0.001 -14"><span class='ocrx_word' id='word_1_202' title='bbox 176 2870 322 2926; x_wconf 90' lang='lat' dir='ltr'><strong>enim</strong></span> <span class='ocrx_word' id='word_1_203' title='bbox 366 2871 587 2928; x_wconf 88' lang='lat' dir='ltr'><strong>lacerna</strong></span> <span class='ocrx_word' id='word_1_204' title='bbox 626 2871 867 2939; x_wconf 83' lang='lat' dir='ltr'><strong>laciniis,</strong></span> <span class='ocrx_word' id='word_1_205' title='bbox 895 2872 975 2929; x_wconf 85' lang='lat' dir='ltr'><strong>sic</strong></span> <span class='ocrx_word' id='word_1_206' title='bbox 1010 2888 1141 2928; x_wconf 90' lang='lat' dir='ltr'><strong>cura</strong></span> <span class='ocrx_word' id='word_1_207' title='bbox 1172 2872 1432 2930; x_wconf 86' lang='lat' dir='ltr'><strong>forastica</strong></span> <span class='ocrx_word' id='word_1_208' title='bbox 1469 2872 1765 2928; x_wconf 88' lang='lat' dir='ltr'><strong>innectitur</strong></span> 
     </span>
    </p>
   </div>
   <div class='ocr_carea' id='block_1_32' title="bbox 177 2964 809 3035">
    <p class='ocr_par' dir='ltr' id='par_1_32' title="bbox 177 2964 809 3035">
     <span class='ocr_line' id='line_1_32' title="bbox 177 2964 809 3035; baseline 0.009 -17"><span class='ocrx_word' id='word_1_209' title='bbox 177 2964 574 3021; x_wconf 83' lang='lat' dir='ltr'><strong>intentionibus</strong></span> <span class='ocrx_word' id='word_1_210' title='bbox 600 2964 809 3035; x_wconf 83' lang='lat' dir='ltr'><strong>pravis.</strong></span> 
     </span>
    </p>
   </div>
   <div class='ocr_carea' id='block_1_33' title="bbox 864 3074 1089 3115">
    <p class='ocr_par' dir='ltr' id='par_1_33' title="bbox 864 3074 1089 3115">
     <span class='ocr_line' id='line_1_33' title="bbox 864 3074 1089 3115; baseline -0.004 -1"><span class='ocrx_word' id='word_1_211' title='bbox 864 3074 1089 3115; x_wconf 67' lang='lat' dir='ltr'><strong>SAMECH.</strong></span> 
     </span>
    </p>
   </div>
   <div class='ocr_carea' id='block_1_34' title="bbox 253 3147 1834 3254">
    <p class='ocr_par' dir='ltr' id='par_1_34' title="bbox 253 3147 1834 3254">
     <span class='ocr_line' id='line_1_34' title="bbox 253 3147 1834 3254; baseline 0.006 -55"><span class='ocrx_word' id='word_1_212' title='bbox 253 3147 418 3205; x_wconf 70' lang='lat' dir='ltr'><strong>Vens.</strong></span> <span class='ocrx_word' id='word_1_213' title='bbox 453 3148 539 3204; x_wconf 83' lang='grc'><strong>15.</strong></span> <span class='ocrx_word' id='word_1_214' title='bbox 563 3178 634 3190; x_wconf 82' lang='grc'><strong>--</strong></span> <span class='ocrx_word' id='word_1_215' title='bbox 659 3167 679 3202; x_wconf 73' lang='grc' dir='ltr'>ι</span> <span class='ocrx_word' id='word_1_216' title='bbox 707 3150 987 3217; x_wconf 86' lang='lat' dir='ltr'><strong>Becedite,</strong></span> <span class='ocrx_word' id='word_1_217' title='bbox 1012 3150 1224 3221; x_wconf 90' lang='lat' dir='ltr'><strong>polluti,</strong></span> <span class='ocrx_word' id='word_1_218' title='bbox 1247 3150 1618 3208; x_wconf 90' lang='lat' dir='ltr'><strong>clamaverunt</strong></span> <span class='ocrx_word' id='word_1_219' title='bbox 1646 3152 1758 3208; x_wconf 89' lang='lat' dir='ltr'><strong>eis:</strong></span> <span class='ocrx_word' id='word_1_220' title='bbox 1789 3192 1834 3254; x_wconf 66' lang='grc' dir='ltr'><strong>Ο</strong></span> 
     </span>
    </p>
   </div>
   <div class='ocr_carea' id='block_1_35' title="bbox 177 3240 1760 3313">
    <p class='ocr_par' dir='ltr' id='par_1_35' title="bbox 177 3240 1760 3313">
     <span class='ocr_line' id='line_1_35' title="bbox 177 3240 1760 3313; baseline 0.004 -22"><span class='ocrx_word' id='word_1_221' title='bbox 177 3260 197 3291; x_wconf 71' lang='grc' dir='ltr'>ι</span> <span class='ocrx_word' id='word_1_222' title='bbox 250 3240 531 3306; x_wconf 75' lang='lat' dir='ltr'><strong>[tecedite,</strong></span> <span class='ocrx_word' id='word_1_223' title='bbox 584 3242 748 3307; x_wconf 88' lang='lat' dir='ltr'><strong>abite,</strong></span> <span class='ocrx_word' id='word_1_224' title='bbox 804 3241 970 3297; x_wconf 90' lang='lat' dir='ltr'><strong>nolite</strong></span> <span class='ocrx_word' id='word_1_225' title='bbox 1020 3250 1260 3312; x_wconf 83' lang='lat' dir='ltr'><strong>tangere.</strong></span> <span class='ocrx_word' id='word_1_226' title='bbox 1309 3241 1516 3313; x_wconf 83' lang='lat' dir='ltr'><strong>Jurgati</strong></span> <span class='ocrx_word' id='word_1_227' title='bbox 1564 3243 1760 3312; x_wconf 82' lang='lat' dir='ltr'><strong>quippe</strong></span> 
     </span>
    </p>
   </div>
   <div class='ocr_carea' id='block_1_36' title="bbox 177 3333 1760 3404">
    <p class='ocr_par' dir='ltr' id='par_1_36' title="bbox 177 3333 1760 3404">
     <span class='ocr_line' id='line_1_36' title="bbox 177 3333 1760 3404; baseline 0.002 -18"><span class='ocrx_word' id='word_1_228' title='bbox 177 3352 197 3385; x_wconf 71' lang='grc' dir='ltr'><strong>ε</strong></span> <span class='ocrx_word' id='word_1_229' title='bbox 244 3342 393 3397; x_wconf 89' lang='lat' dir='ltr'><strong>sunt,</strong></span> <span class='ocrx_word' id='word_1_230' title='bbox 442 3342 493 3388; x_wconf 88' lang='lat' dir='ltr'><strong>et</strong></span> <span class='ocrx_word' id='word_1_231' title='bbox 541 3333 800 3388; x_wconf 91' lang='lat' dir='ltr'><strong>commoti</strong></span> <span class='ocrx_word' id='word_1_232' title='bbox 845 3334 1100 3388; x_wconf 80' lang='lat' dir='ltr'><strong>dixerunt</strong></span> <span class='ocrx_word' id='word_1_233' title='bbox 1147 3334 1291 3389; x_wconf 90' lang='lat' dir='ltr'><strong>inter</strong></span> <span class='ocrx_word' id='word_1_234' title='bbox 1336 3342 1524 3404; x_wconf 80' lang='lat' dir='ltr'><strong>gentes</strong></span> <span class='ocrx_word' id='word_1_235' title='bbox 1579 3352 1591 3386; x_wconf 88' lang='lat'><strong>:</strong></span> <span class='ocrx_word' id='word_1_236' title='bbox 1644 3333 1760 3389; x_wconf 89' lang='lat' dir='ltr'><strong>Non</strong></span> 
     </span>
    </p>
   </div>
   <div class='ocr_carea' id='block_1_37' title="bbox 182 3425 1762 3492">
    <p class='ocr_par' dir='ltr' id='par_1_37' title="bbox 182 3425 1762 3492">
     <span class='ocr_line' id='line_1_37' title="bbox 182 3425 1762 3492; baseline 0.003 -15"><span class='ocrx_word' id='word_1_237' title='bbox 182 3444 203 3477; x_wconf 74' lang='grc' dir='ltr'><strong><em>ι</em></strong></span> <span class='ocrx_word' id='word_1_238' title='bbox 252 3426 417 3480; x_wconf 89' lang='lat' dir='ltr'><strong>addet</strong></span> <span class='ocrx_word' id='word_1_239' title='bbox 450 3425 587 3480; x_wconf 91' lang='lat' dir='ltr'><strong>ultra</strong></span> <span class='ocrx_word' id='word_1_240' title='bbox 619 3435 678 3479; x_wconf 90' lang='lat' dir='ltr'><strong>ut</strong></span> <span class='ocrx_word' id='word_1_241' title='bbox 705 3426 971 3481; x_wconf 83' lang='lat' dir='ltr'><strong>inhabitet</strong></span> <span class='ocrx_word' id='word_1_242' title='bbox 1001 3427 1053 3481; x_wconf 92' lang='lat' dir='ltr'><strong>in</strong></span> <span class='ocrx_word' id='word_1_243' title='bbox 1080 3426 1179 3481; x_wconf 89' lang='lat' dir='ltr'><strong>eis.</strong></span> <span class='ocrx_word' id='word_1_244' title='bbox 1209 3444 1227 3478; x_wconf 72' lang='grc' dir='ltr'><strong><em>ι</em></strong></span> <span class='ocrx_word' id='word_1_245' title='bbox 1264 3425 1519 3492; x_wconf 87' lang='lat' dir='ltr'><strong>Samecb,</strong></span> <span class='ocrx_word' id='word_1_246' title='bbox 1561 3426 1762 3481; x_wconf 77' lang='lat' dir='ltr'><strong>dicitur</strong></span> 
     </span>
    </p>
   </div>
   <div class='ocr_carea' id='block_1_38' title="bbox 174 3516 1761 3589">
    <p class='ocr_par' dir='ltr' id='par_1_38' title="bbox 174 3516 1761 3589">
     <span class='ocr_line' id='line_1_38' title="bbox 174 3516 1761 3589; baseline 0.002 -18"><span class='ocrx_word' id='word_1_247' title='bbox 174 3517 328 3572; x_wconf 79' lang='lat' dir='ltr'><strong>audi.</strong></span> <span class='ocrx_word' id='word_1_248' title='bbox 369 3516 535 3572; x_wconf 87' lang='lat' dir='ltr'><strong>Plane</strong></span> <span class='ocrx_word' id='word_1_249' title='bbox 579 3525 836 3587; x_wconf 89' lang='lat' dir='ltr'><strong>petuntur</strong></span> <span class='ocrx_word' id='word_1_250' title='bbox 878 3525 939 3572; x_wconf 91' lang='lat' dir='ltr'><strong>ut</strong></span> <span class='ocrx_word' id='word_1_251' title='bbox 978 3518 1219 3581; x_wconf 87' lang='lat' dir='ltr'><strong>audiant,</strong></span> <span class='ocrx_word' id='word_1_252' title='bbox 1254 3518 1450 3587; x_wconf 86' lang='lat' dir='ltr'><strong>quibus</strong></span> <span class='ocrx_word' id='word_1_253' title='bbox 1499 3518 1761 3589; x_wconf 80' lang='lat' dir='ltr'><strong>sanguine</strong></span> 
     </span>
    </p>
   </div>
   <div class='ocr_carea' id='block_1_39' title="bbox 170 3605 1762 3678">
    <p class='ocr_par' dir='ltr' id='par_1_39' title="bbox 170 3605 1762 3678">
     <span class='ocr_line' id='line_1_39' title="bbox 170 3605 1762 3678; baseline -0.001 -17"><span class='ocrx_word' id='word_1_254' title='bbox 170 3607 395 3677; x_wconf 85' lang='lat' dir='ltr'><strong>pollutis</strong></span> <span class='ocrx_word' id='word_1_255' title='bbox 426 3608 693 3662; x_wconf 87' lang='lat' dir='ltr'><strong>clamatur</strong></span> <span class='ocrx_word' id='word_1_256' title='bbox 722 3618 834 3663; x_wconf 89' lang='lat' dir='ltr'><strong>uta</strong></span> <span class='ocrx_word' id='word_1_257' title='bbox 863 3623 960 3664; x_wconf 90' lang='lat' dir='ltr'><strong>sua</strong></span> <span class='ocrx_word' id='word_1_258' title='bbox 987 3608 1285 3678; x_wconf 87' lang='lat' dir='ltr'><strong>pollutione</strong></span> <span class='ocrx_word' id='word_1_259' title='bbox 1315 3606 1593 3662; x_wconf 86' lang='lat' dir='ltr'><strong>recedant.</strong></span> <span class='ocrx_word' id='word_1_260' title='bbox 1623 3605 1762 3660; x_wconf 74' lang='lat' dir='ltr'><strong>Sunt</strong></span> 
     </span>
    </p>
   </div>
   <div class='ocr_carea' id='block_1_40' title="bbox 172 3698 1757 3769">
    <p class='ocr_par' dir='ltr' id='par_1_40' title="bbox 172 3698 1757 3769">
     <span class='ocr_line' id='line_1_40' title="bbox 172 3698 1757 3769; baseline -0.001 -16"><span class='ocrx_word' id='word_1_261' title='bbox 172 3709 361 3754; x_wconf 89' lang='lat' dir='ltr'><strong>autem</strong></span> <span class='ocrx_word' id='word_1_262' title='bbox 391 3700 479 3769; x_wconf 85' lang='lat' dir='ltr'><strong>qui</strong></span> <span class='ocrx_word' id='word_1_263' title='bbox 513 3700 752 3756; x_wconf 86' lang='lat' dir='ltr'><strong>clamant</strong></span> <span class='ocrx_word' id='word_1_264' title='bbox 780 3710 873 3755; x_wconf 89' lang='lat' dir='ltr'><strong>aut</strong></span> <span class='ocrx_word' id='word_1_265' title='bbox 897 3701 1080 3755; x_wconf 90' lang='lat' dir='ltr'><strong>divina</strong></span> <span class='ocrx_word' id='word_1_266' title='bbox 1112 3700 1302 3765; x_wconf 87' lang='lat' dir='ltr'><strong>verba,</strong></span> <span class='ocrx_word' id='word_1_267' title='bbox 1337 3714 1457 3769; x_wconf 67' lang='lat' dir='ltr'><strong>qua:</strong></span> <span class='ocrx_word' id='word_1_268' title='bbox 1487 3698 1757 3765; x_wconf 59' lang='lat' dir='ltr'><strong>intonata,</strong></span> 
     </span>
    </p>
   </div>
   <div class='ocr_carea' id='block_1_41' title="bbox 174 3790 1758 3862">
    <p class='ocr_par' dir='ltr' id='par_1_41' title="bbox 174 3790 1758 3862">
     <span class='ocr_line' id='line_1_41' title="bbox 174 3790 1758 3862; baseline -0.001 -15"><span class='ocrx_word' id='word_1_269' title='bbox 174 3800 270 3847; x_wconf 85' lang='lat' dir='ltr'><strong>aut</strong></span> <span class='ocrx_word' id='word_1_270' title='bbox 307 3791 826 3859; x_wconf 89' lang='lat' dir='ltr'><strong>intellectualitates,</strong></span> <span class='ocrx_word' id='word_1_271' title='bbox 878 3807 999 3862; x_wconf 67' lang='lat' dir='ltr'><strong>qua:</strong></span> <span class='ocrx_word' id='word_1_272' title='bbox 1040 3792 1183 3861; x_wconf 90' lang='lat' dir='ltr'><strong>quod</strong></span> <span class='ocrx_word' id='word_1_273' title='bbox 1224 3792 1470 3862; x_wconf 87' lang='lat' dir='ltr'><strong>improbe</strong></span> <span class='ocrx_word' id='word_1_274' title='bbox 1508 3790 1569 3845; x_wconf 87' lang='lat' dir='ltr'><strong>tit</strong></span> <span class='ocrx_word' id='word_1_275' title='bbox 1596 3798 1758 3845; x_wconf 81' lang='lat' dir='ltr'><strong>natu-</strong></span> 
     </span>
    </p>
   </div>
   <div class='ocr_carea' id='block_1_42' title="bbox 173 3884 1760 3957">
    <p class='ocr_par' dir='ltr' id='par_1_42' title="bbox 173 3884 1760 3957">
     <span class='ocr_line' id='line_1_42' title="bbox 173 3884 1760 3957; baseline -0.001 -17"><span class='ocrx_word' id='word_1_276' title='bbox 173 3884 364 3940; x_wconf 86' lang='lat' dir='ltr'><strong>raliter</strong></span> <span class='ocrx_word' id='word_1_277' title='bbox 387 3885 698 3957; x_wconf 82' lang='lat' dir='ltr'><strong>objurgant.</strong></span> <span class='ocrx_word' id='word_1_278' title='bbox 717 3885 998 3941; x_wconf 84' lang='lat' dir='ltr'><strong>Receduut</strong></span> <span class='ocrx_word' id='word_1_279' title='bbox 1015 3884 1059 3940; x_wconf 92' lang='lat' dir='ltr'><strong>si</strong></span> <span class='ocrx_word' id='word_1_280' title='bbox 1088 3899 1116 3938; x_wconf 92' lang='lat' dir='ltr'><strong>a</strong></span> <span class='ocrx_word' id='word_1_281' title='bbox 1133 3899 1387 3953; x_wconf 85' lang='lat' dir='ltr'><strong>perversa</strong></span> <span class='ocrx_word' id='word_1_282' title='bbox 1413 3886 1760 3941; x_wconf 83' lang='lat' dir='ltr'><strong>exsecutione</strong></span> 
     </span>
    </p>
   </div>
   <div class='ocr_carea' id='block_1_43' title="bbox 173 3966 1760 4042">
    <p class='ocr_par' dir='ltr' id='par_1_43' title="bbox 173 3966 1760 4042">
     <span class='ocr_line' id='line_1_43' title="bbox 173 3966 1760 4042; baseline 0.001 -11"><span class='ocrx_word' id='word_1_283' title='bbox 173 3992 235 4031; x_wconf 86' lang='lat' dir='ltr'><strong>se</strong></span> <span class='ocrx_word' id='word_1_284' title='bbox 259 3974 615 4042; x_wconf 84' lang='lat' dir='ltr'><strong>subtrahunt,</strong></span> <span class='ocrx_word' id='word_1_285' title='bbox 647 3976 850 4032; x_wconf 86' lang='lat' dir='ltr'><strong>abeunt</strong></span> <span class='ocrx_word' id='word_1_286' title='bbox 880 3976 923 4030; x_wconf 89' lang='lat' dir='ltr'><strong>si</strong></span> <span class='ocrx_word' id='word_1_287' title='bbox 948 3976 1015 4030; x_wconf 92' lang='lat' dir='ltr'><strong>ab</strong></span> <span class='ocrx_word' id='word_1_288' title='bbox 1046 3966 1405 4030; x_wconf 88' lang='lat' dir='ltr'><strong>intentionum</strong></span> <span class='ocrx_word' id='word_1_289' title='bbox 1429 3966 1760 4033; x_wconf 83' lang='lat' dir='ltr'><strong>vanitatibus</strong></span> 
     </span>
    </p>
   </div>
   <div class='ocr_carea' id='block_1_44' title="bbox 173 4066 1759 4137">
    <p class='ocr_par' dir='ltr' id='par_1_44' title="bbox 173 4066 1759 4137">
     <span class='ocr_line' id='line_1_44' title="bbox 173 4066 1759 4137; baseline 0.001 -15"><span class='ocrx_word' id='word_1_290' title='bbox 173 4068 524 4137; x_wconf 88' lang='lat' dir='ltr'><strong>resipiscunt.</strong></span> <span class='ocrx_word' id='word_1_291' title='bbox 577 4068 819 4137; x_wconf 87' lang='lat' dir='ltr'><strong>Tangere</strong></span> <span class='ocrx_word' id='word_1_292' title='bbox 858 4075 1140 4137; x_wconf 79' lang='lat' dir='ltr'><strong>vetantur,</strong></span> <span class='ocrx_word' id='word_1_293' title='bbox 1197 4083 1318 4124; x_wconf 89' lang='lat' dir='ltr'><strong>cum</strong></span> <span class='ocrx_word' id='word_1_294' title='bbox 1372 4066 1759 4124; x_wconf 81' lang='lat' dir='ltr'><strong>aﬂ‘cctumiflo</strong></span> 
     </span>
    </p>
   </div>
   <div class='ocr_carea' id='block_1_45' title="bbox 175 4159 1758 4231">
    <p class='ocr_par' dir='ltr' id='par_1_45' title="bbox 175 4159 1758 4231">
     <span class='ocr_line' id='line_1_45' title="bbox 175 4159 1758 4231; baseline 0.001 -16"><span class='ocrx_word' id='word_1_295' title='bbox 175 4176 283 4215; x_wconf 92' lang='lat' dir='ltr'><strong>non</strong></span> <span class='ocrx_word' id='word_1_296' title='bbox 324 4161 642 4230; x_wconf 87' lang='lat' dir='ltr'><strong>intorquere</strong></span> <span class='ocrx_word' id='word_1_297' title='bbox 663 4159 941 4230; x_wconf 87' lang='lat' dir='ltr'><strong>jubentur.</strong></span> <span class='ocrx_word' id='word_1_298' title='bbox 976 4159 1187 4230; x_wconf 86' lang='lat' dir='ltr'><strong>Jurgati</strong></span> <span class='ocrx_word' id='word_1_299' title='bbox 1207 4169 1348 4227; x_wconf 82' lang='lat' dir='ltr'><strong>sunt,</strong></span> <span class='ocrx_word' id='word_1_300' title='bbox 1380 4161 1472 4231; x_wconf 89' lang='lat' dir='ltr'><strong>qui</strong></span> <span class='ocrx_word' id='word_1_301' title='bbox 1493 4176 1561 4215; x_wconf 79' lang='lat' dir='ltr'><strong>ex</strong></span> <span class='ocrx_word' id='word_1_302' title='bbox 1592 4160 1758 4216; x_wconf 88' lang='lat' dir='ltr'><strong>divini</strong></span> 
     </span>
    </p>
   </div>
   <div class='ocr_carea' id='block_1_46' title="bbox 172 4249 1759 4320">
    <p class='ocr_par' dir='ltr' id='par_1_46' title="bbox 172 4249 1759 4320">
     <span class='ocr_line' id='line_1_46' title="bbox 172 4249 1759 4320; baseline 0.003 -17"><span class='ocrx_word' id='word_1_303' title='bbox 172 4250 528 4320; x_wconf 62' lang='lat' dir='ltr'><strong>perceptione</strong></span> <span class='ocrx_word' id='word_1_304' title='bbox 572 4249 777 4320; x_wconf 83' lang='lat' dir='ltr'><strong>eloquii</strong></span> <span class='ocrx_word' id='word_1_305' title='bbox 830 4257 1020 4307; x_wconf 89' lang='lat' dir='ltr'><strong>contra</strong></span> <span class='ocrx_word' id='word_1_306' title='bbox 1065 4265 1217 4306; x_wconf 88' lang='lat' dir='ltr'><strong>suam</strong></span> <span class='ocrx_word' id='word_1_307' title='bbox 1265 4253 1572 4307; x_wconf 81' lang='lat' dir='ltr'><strong>vecordiam</strong></span> <span class='ocrx_word' id='word_1_308' title='bbox 1610 4252 1759 4308; x_wconf 84' lang='lat' dir='ltr'><strong>rixas</strong></span> 
     </span>
    </p>
   </div>
   <div class='ocr_carea' id='block_1_47' title="bbox 173 4340 1759 4415">
    <p class='ocr_par' dir='ltr' id='par_1_47' title="bbox 173 4340 1759 4415">
     <span class='ocr_line' id='line_1_47' title="bbox 173 4340 1759 4415; baseline 0.003 -20"><span class='ocrx_word' id='word_1_309' title='bbox 173 4341 229 4395; x_wconf 93' lang='lat' dir='ltr'><strong>in</strong></span> <span class='ocrx_word' id='word_1_310' title='bbox 257 4340 445 4396; x_wconf 91' lang='lat' dir='ltr'><strong>animo</strong></span> <span class='ocrx_word' id='word_1_311' title='bbox 469 4350 852 4412; x_wconf 87' lang='lat' dir='ltr'><strong>conceperunt.</strong></span> <span class='ocrx_word' id='word_1_312' title='bbox 898 4342 1344 4410; x_wconf 89' lang='lat' dir='ltr'><strong>Commoventur,</strong></span> <span class='ocrx_word' id='word_1_313' title='bbox 1374 4359 1495 4398; x_wconf 89' lang='lat' dir='ltr'><strong>cum</strong></span> <span class='ocrx_word' id='word_1_314' title='bbox 1538 4345 1593 4399; x_wconf 92' lang='lat' dir='ltr'><strong>iu</strong></span> <span class='ocrx_word' id='word_1_315' title='bbox 1643 4344 1759 4415; x_wconf 90' lang='lat' dir='ltr'><strong>ipsa</strong></span> 
     </span>
    </p>
   </div>
   <div class='ocr_carea' id='block_1_48' title="bbox 172 4433 1762 4514">
    <p class='ocr_par' dir='ltr' id='par_1_48' title="bbox 172 4433 1762 4514">
     <span class='ocr_line' id='line_1_48' title="bbox 172 4433 1762 4514; baseline 0.001 -25"><span class='ocrx_word' id='word_1_316' title='bbox 172 4449 270 4489; x_wconf 90' lang='lat' dir='ltr'><strong>sua</strong></span> <span class='ocrx_word' id='word_1_317' title='bbox 329 4433 725 4505; x_wconf 88' lang='lat' dir='ltr'><strong>disceptatione</strong></span> <span class='ocrx_word' id='word_1_318' title='bbox 776 4434 1080 4490; x_wconf 88' lang='lat' dir='ltr'><strong>turbantur.</strong></span> <span class='ocrx_word' id='word_1_319' title='bbox 1128 4434 1278 4491; x_wconf 87' lang='lat' dir='ltr'><strong>Unde</strong></span> <span class='ocrx_word' id='word_1_320' title='bbox 1335 4436 1400 4489; x_wconf 87' lang='lat' dir='ltr'><strong>ad</strong></span> <span class='ocrx_word' id='word_1_321' title='bbox 1450 4437 1629 4491; x_wconf 88' lang='lat' dir='ltr'><strong>studia</strong></span> <span class='ocrx_word' id='word_1_322' title='bbox 1668 4453 1762 4514; x_wconf 8' lang='lat' dir='ltr'><strong>ve—r</strong></span> 
     </span>
    </p>
   </div>
   <div class='ocr_carea' id='block_1_49' title="bbox 174 4520 1765 4599">
    <p class='ocr_par' dir='ltr' id='par_1_49' title="bbox 174 4520 1765 4599">
     <span class='ocr_line' id='line_1_49' title="bbox 174 4520 1765 4599; baseline 0.003 -19"><span class='ocrx_word' id='word_1_323' title='bbox 174 4535 331 4580; x_wconf 87' lang='lat' dir='ltr'><strong>terna</strong></span> <span class='ocrx_word' id='word_1_324' title='bbox 378 4541 503 4580; x_wconf 76' lang='lat' dir='ltr'><strong>mox</strong></span> <span class='ocrx_word' id='word_1_325' title='bbox 536 4528 720 4582; x_wconf 78' lang='lat' dir='ltr'><strong>reﬂexi</strong></span> <span class='ocrx_word' id='word_1_326' title='bbox 748 4528 1021 4593; x_wconf 90' lang='lat' dir='ltr'><strong>dicuntur,</strong></span> <span class='ocrx_word' id='word_1_327' title='bbox 1063 4528 1117 4582; x_wconf 90' lang='lat' dir='ltr'><strong>id</strong></span> <span class='ocrx_word' id='word_1_328' title='bbox 1148 4538 1232 4583; x_wconf 88' lang='lat' dir='ltr'><strong>est</strong></span> <span class='ocrx_word' id='word_1_329' title='bbox 1262 4539 1590 4598; x_wconf 89' lang='lat' dir='ltr'><strong>proponunt,</strong></span> <span class='ocrx_word' id='word_1_330' title='bbox 1615 4520 1765 4599; x_wconf 52' lang='lat' dir='ltr'><strong>quod&#39;</strong></span> 
     </span>
    </p>
   </div>
   <div class='ocr_carea' id='block_1_50' title="bbox 173 4616 1759 4689">
    <p class='ocr_par' dir='ltr' id='par_1_50' title="bbox 173 4616 1759 4689">
     <span class='ocr_line' id='line_1_50' title="bbox 173 4616 1759 4689; baseline 0.008 -22"><span class='ocrx_word' id='word_1_331' title='bbox 173 4616 313 4668; x_wconf 78' lang='lat' dir='ltr'><strong>inter</strong></span> <span class='ocrx_word' id='word_1_332' title='bbox 366 4628 546 4687; x_wconf 80' lang='lat' dir='ltr'><strong>gentes</strong></span> <span class='ocrx_word' id='word_1_333' title='bbox 591 4634 685 4674; x_wconf 89' lang='lat' dir='ltr'><strong>eos</strong></span> <span class='ocrx_word' id='word_1_334' title='bbox 715 4634 821 4674; x_wconf 92' lang='lat' dir='ltr'><strong>non</strong></span> <span class='ocrx_word' id='word_1_335' title='bbox 870 4618 1151 4684; x_wconf 87' lang='lat' dir='ltr'><strong>inhabitet,</strong></span> <span class='ocrx_word' id='word_1_336' title='bbox 1188 4635 1466 4689; x_wconf 86' lang='lat' dir='ltr'><strong>possessas</strong></span> <span class='ocrx_word' id='word_1_337' title='bbox 1508 4622 1759 4678; x_wconf 86' lang='lat' dir='ltr'><strong>videlicet</strong></span> 
     </span>
    </p>
   </div>
   <div class='ocr_carea' id='block_1_51' title="bbox 173 4706 1759 4782">
    <p class='ocr_par' dir='ltr' id='par_1_51' title="bbox 173 4706 1759 4782">
     <span class='ocr_line' id='line_1_51' title="bbox 173 4706 1759 4782; baseline 0.004 -21"><span class='ocrx_word' id='word_1_338' title='bbox 173 4706 347 4761; x_wconf 87' lang='lat' dir='ltr'><strong>semel</strong></span> <span class='ocrx_word' id='word_1_339' title='bbox 379 4724 409 4761; x_wconf 90' lang='lat' dir='ltr'><strong>a</strong></span> <span class='ocrx_word' id='word_1_340' title='bbox 441 4717 521 4763; x_wconf 91' lang='lat' dir='ltr'><strong>tot</strong></span> <span class='ocrx_word' id='word_1_341' title='bbox 547 4709 868 4766; x_wconf 84' lang='lat' dir='ltr'><strong>criminibus</strong></span> <span class='ocrx_word' id='word_1_342' title='bbox 895 4720 1104 4766; x_wconf 88' lang='lat' dir='ltr'><strong>mentes</strong></span> <span class='ocrx_word' id='word_1_343' title='bbox 1136 4725 1476 4782; x_wconf 89' lang='lat' dir='ltr'><strong>nequaquam</strong></span> <span class='ocrx_word' id='word_1_344' title='bbox 1506 4711 1648 4769; x_wconf 91' lang='lat' dir='ltr'><strong>Deus</strong></span> <span class='ocrx_word' id='word_1_345' title='bbox 1672 4712 1759 4768; x_wconf 65' lang='grc' dir='ltr'>ιιι-α</span> 
     </span>
    </p>
   </div>
   <div class='ocr_carea' id='block_1_52' title="bbox 177 4799 885 4858">
    <p class='ocr_par' dir='ltr' id='par_1_52' title="bbox 177 4799 885 4858">
     <span class='ocr_line' id='line_1_52' title="bbox 177 4799 885 4858; baseline 0.007 -6"><span class='ocrx_word' id='word_1_346' title='bbox 177 4799 348 4852; x_wconf 89' lang='lat' dir='ltr'><strong>terius</strong></span> <span class='ocrx_word' id='word_1_347' title='bbox 376 4814 667 4857; x_wconf 89' lang='lat' dir='ltr'><strong>mansurus</strong></span> <span class='ocrx_word' id='word_1_348' title='bbox 696 4802 885 4858; x_wconf 89' lang='lat' dir='ltr'><strong>intret.</strong></span> 
     </span>
    </p>
   </div>
   <div class='ocr_carea' id='block_1_53' title="bbox 902 4910 1021 4950">
    <p class='ocr_par' dir='ltr' id='par_1_53' title="bbox 902 4910 1021 4950">
     <span class='ocr_line' id='line_1_53' title="bbox 902 4910 1021 4950; baseline -0.008 -1"><span class='ocrx_word' id='word_1_349' title='bbox 902 4910 1021 4950; x_wconf 73' lang='grc' dir='ltr'><strong>ΡΗΕ.</strong></span> 
     </span>
    </p>
   </div>
   <div class='ocr_carea' id='block_1_54' title="bbox 244 4981 1758 5055">
    <p class='ocr_par' dir='ltr' id='par_1_54' title="bbox 244 4981 1758 5055">
     <span class='ocr_line' id='line_1_54' title="bbox 244 4981 1758 5055; baseline 0.007 -20"><span class='ocrx_word' id='word_1_350' title='bbox 244 4981 413 5038; x_wconf 73' lang='lat' dir='ltr'><strong>Vens.</strong></span> <span class='ocrx_word' id='word_1_351' title='bbox 431 4984 617 5040; x_wconf 78' lang='grc'><strong>16.--‹</strong></span> <span class='ocrx_word' id='word_1_352' title='bbox 637 4986 828 5042; x_wconf 81' lang='lat' dir='ltr'><strong>Facies</strong></span> <span class='ocrx_word' id='word_1_353' title='bbox 844 4987 1056 5043; x_wconf 89' lang='lat' dir='ltr'><strong>Domini</strong></span> <span class='ocrx_word' id='word_1_354' title='bbox 1074 4988 1257 5043; x_wconf 91' lang='lat' dir='ltr'><strong>divisit</strong></span> <span class='ocrx_word' id='word_1_355' title='bbox 1280 5003 1393 5055; x_wconf 91' lang='lat' dir='ltr'><strong>eos,</strong></span> <span class='ocrx_word' id='word_1_356' title='bbox 1407 5005 1513 5045; x_wconf 91' lang='lat' dir='ltr'><strong>non</strong></span> <span class='ocrx_word' id='word_1_357' title='bbox 1526 4991 1684 5047; x_wconf 88' lang='lat' dir='ltr'><strong>addet</strong></span> <span class='ocrx_word' id='word_1_358' title='bbox 1700 4999 1758 5046; x_wconf 90' lang='lat' dir='ltr'><strong>ut</strong></span> 
     </span>
    </p>
   </div>
   <div class='ocr_carea' id='block_1_55' title="bbox 179 5078 1755 5154">
    <p class='ocr_par' dir='ltr' id='par_1_55' title="bbox 179 5078 1755 5154">
     <span class='ocr_line' id='line_1_55' title="bbox 179 5078 1755 5154; baseline 0.008 -27"><span class='ocrx_word' id='word_1_359' title='bbox 179 5094 197 5127; x_wconf 80' lang='grc' dir='ltr'>ι</span> <span class='ocrx_word' id='word_1_360' title='bbox 245 5078 504 5147; x_wconf 87' lang='lat' dir='ltr'><strong>respiciat</strong></span> <span class='ocrx_word' id='word_1_361' title='bbox 530 5096 646 5147; x_wconf 87' lang='lat' dir='ltr'><strong>eos,</strong></span> <span class='ocrx_word' id='word_1_362' title='bbox 683 5080 851 5137; x_wconf 81' lang='lat' dir='ltr'><strong>facies</strong></span> <span class='ocrx_word' id='word_1_363' title='bbox 888 5082 1231 5138; x_wconf 90' lang='lat' dir='ltr'><strong>sacerdotum</strong></span> <span class='ocrx_word' id='word_1_364' title='bbox 1264 5099 1370 5138; x_wconf 91' lang='lat' dir='ltr'><strong>non</strong></span> <span class='ocrx_word' id='word_1_365' title='bbox 1400 5086 1755 5154; x_wconf 85' lang='lat' dir='ltr'><strong>erubuerunt,</strong></span> 
     </span>
    </p>
   </div>
   <div class='ocr_carea' id='block_1_56' title="bbox 179 5173 1757 5245">
    <p class='ocr_par' dir='ltr' id='par_1_56' title="bbox 179 5173 1757 5245">
     <span class='ocr_line' id='line_1_56' title="bbox 179 5173 1757 5245; baseline 0.008 -26"><span class='ocrx_word' id='word_1_366' title='bbox 179 5187 197 5219; x_wconf 78' lang='grc' dir='ltr'><strong>σ</strong></span> <span class='ocrx_word' id='word_1_367' title='bbox 246 5183 425 5238; x_wconf 89' lang='lat' dir='ltr'><strong>neque</strong></span> <span class='ocrx_word' id='word_1_368' title='bbox 464 5185 652 5225; x_wconf 84' lang='lat' dir='ltr'><strong>senum</strong></span> <span class='ocrx_word' id='word_1_369' title='bbox 694 5173 900 5227; x_wconf 84' lang='lat' dir='ltr'><strong>miserti</strong></span> <span class='ocrx_word' id='word_1_370' title='bbox 944 5183 1091 5229; x_wconf 91' lang='lat' dir='ltr'><strong>sunt.</strong></span> <span class='ocrx_word' id='word_1_371' title='bbox 1131 5192 1150 5227; x_wconf 73' lang='grc' dir='ltr'><strong><em>ι</em></strong></span> <span class='ocrx_word' id='word_1_372' title='bbox 1188 5173 1322 5241; x_wconf 88' lang='lat' dir='ltr'><strong>Pbe,</strong></span> <span class='ocrx_word' id='word_1_373' title='bbox 1364 5178 1757 5245; x_wconf 87' lang='lat' dir='ltr'><strong>interpretatur</strong></span> 
     </span>
    </p>
   </div>
   <div class='ocr_carea' id='block_1_57' title="bbox 179 5259 1759 5340">
    <p class='ocr_par' dir='ltr' id='par_1_57' title="bbox 179 5259 1759 5340">
     <span class='ocr_line' id='line_1_57' title="bbox 179 5259 1759 5340; baseline 0.005 -27"><span class='ocrx_word' id='word_1_374' title='bbox 179 5277 263 5314; x_wconf 82' lang='lat' dir='ltr'><strong>os.</strong></span> <span class='ocrx_word' id='word_1_375' title='bbox 292 5259 366 5316; x_wconf 91' lang='lat' dir='ltr'><strong>Os</strong></span> <span class='ocrx_word' id='word_1_376' title='bbox 388 5273 567 5317; x_wconf 87' lang='lat' dir='ltr'><strong>autem</strong></span> <span class='ocrx_word' id='word_1_377' title='bbox 609 5264 684 5319; x_wconf 93' lang='lat' dir='ltr'><strong>nil</strong></span> <span class='ocrx_word' id='word_1_378' title='bbox 726 5265 871 5320; x_wconf 89' lang='lat' dir='ltr'><strong>aliud</strong></span> <span class='ocrx_word' id='word_1_379' title='bbox 900 5275 985 5322; x_wconf 88' lang='lat' dir='ltr'><strong>est</strong></span> <span class='ocrx_word' id='word_1_380' title='bbox 1016 5283 1177 5338; x_wconf 89' lang='lat' dir='ltr'><strong>quam</strong></span> <span class='ocrx_word' id='word_1_381' title='bbox 1209 5268 1323 5337; x_wconf 87' lang='lat' dir='ltr'><strong>ipsa</strong></span> <span class='ocrx_word' id='word_1_382' title='bbox 1348 5284 1469 5338; x_wconf 73' lang='lat' dir='ltr'><strong>quae</strong></span> <span class='ocrx_word' id='word_1_383' title='bbox 1496 5269 1599 5323; x_wconf 90' lang='lat' dir='ltr'><strong>sibi</strong></span> <span class='ocrx_word' id='word_1_384' title='bbox 1629 5270 1759 5340; x_wconf 76' lang='lat' dir='ltr'><strong>jun.</strong></span> 
     </span>
    </p>
   </div>
   <div class='ocr_carea' id='block_1_58' title="bbox 173 5355 1750 5432">
    <p class='ocr_par' dir='ltr' id='par_1_58' title="bbox 173 5355 1750 5432">
     <span class='ocr_line' id='line_1_58' title="bbox 173 5355 1750 5432; baseline 0.006 -23"><span class='ocrx_word' id='word_1_385' title='bbox 173 5355 324 5424; x_wconf 76' lang='lat' dir='ltr'><strong>gitur</strong></span> <span class='ocrx_word' id='word_1_386' title='bbox 368 5357 464 5412; x_wconf 84' lang='lat' dir='ltr'><strong>Dei</strong></span> <span class='ocrx_word' id='word_1_387' title='bbox 507 5359 688 5428; x_wconf 77' lang='lat' dir='ltr'><strong>facies.</strong></span> <span class='ocrx_word' id='word_1_388' title='bbox 721 5359 933 5429; x_wconf 85' lang='lat' dir='ltr'><strong>Facies,</strong></span> <span class='ocrx_word' id='word_1_389' title='bbox 985 5360 1162 5432; x_wconf 84' lang='lat' dir='ltr'><strong>inquit</strong></span> <span class='ocrx_word' id='word_1_390' title='bbox 1188 5362 1401 5416; x_wconf 89' lang='lat' dir='ltr'><strong>Domini</strong></span> <span class='ocrx_word' id='word_1_391' title='bbox 1430 5364 1604 5417; x_wconf 83' lang='lat' dir='ltr'><strong>divisit</strong></span> <span class='ocrx_word' id='word_1_392' title='bbox 1646 5381 1750 5429; x_wconf 87' lang='lat' dir='ltr'><strong>eos,</strong></span> 
     </span>
    </p>
   </div>
   <div class='ocr_carea' id='block_1_59' title="bbox 173 5451 1755 5526">
    <p class='ocr_par' dir='ltr' id='par_1_59' title="bbox 173 5451 1755 5526">
     <span class='ocr_line' id='line_1_59' title="bbox 173 5451 1755 5526; baseline 0.005 -22"><span class='ocrx_word' id='word_1_393' title='bbox 173 5451 308 5518; x_wconf 87' lang='lat' dir='ltr'><strong>quia</strong></span> <span class='ocrx_word' id='word_1_394' title='bbox 336 5452 461 5506; x_wconf 90' lang='lat' dir='ltr'><strong>dum</strong></span> <span class='ocrx_word' id='word_1_395' title='bbox 490 5453 542 5507; x_wconf 92' lang='lat' dir='ltr'><strong>in</strong></span> <span class='ocrx_word' id='word_1_396' title='bbox 568 5454 678 5515; x_wconf 82' lang='lat' dir='ltr'><strong>illa</strong></span> <span class='ocrx_word' id='word_1_397' title='bbox 713 5454 956 5511; x_wconf 89' lang='lat' dir='ltr'><strong>interiori</strong></span> <span class='ocrx_word' id='word_1_398' title='bbox 994 5456 1339 5512; x_wconf 90' lang='lat' dir='ltr'><strong>contentione</strong></span> <span class='ocrx_word' id='word_1_399' title='bbox 1380 5456 1541 5511; x_wconf 90' lang='lat' dir='ltr'><strong>istinc</strong></span> <span class='ocrx_word' id='word_1_400' title='bbox 1581 5457 1755 5526; x_wconf 79' lang='lat' dir='ltr'><strong>pteni-</strong></span> 
     </span>
    </p>
   </div>
   <div class='ocr_carea' id='block_1_60' title="bbox 176 5544 1752 5618">
    <p class='ocr_par' dir='ltr' id='par_1_60' title="bbox 176 5544 1752 5618">
     <span class='ocr_line' id='line_1_60' title="bbox 176 5544 1752 5618; baseline 0.005 -22"><span class='ocrx_word' id='word_1_401' title='bbox 176 5544 368 5599; x_wconf 77' lang='lat' dir='ltr'><strong>tentia:</strong></span> <span class='ocrx_word' id='word_1_402' title='bbox 397 5545 690 5618; x_wconf 87' lang='lat' dir='ltr'><strong>lacrymas,</strong></span> <span class='ocrx_word' id='word_1_403' title='bbox 729 5548 877 5603; x_wconf 91' lang='lat' dir='ltr'><strong>illinc</strong></span> <span class='ocrx_word' id='word_1_404' title='bbox 904 5548 1205 5604; x_wconf 88' lang='lat' dir='ltr'><strong>nnmdialcs</strong></span> <span class='ocrx_word' id='word_1_405' title='bbox 1244 5549 1493 5605; x_wconf 83' lang='lat' dir='ltr'><strong>lascivias</strong></span> <span class='ocrx_word' id='word_1_406' title='bbox 1524 5565 1618 5603; x_wconf 89' lang='lat' dir='ltr'><strong>sua</strong></span> <span class='ocrx_word' id='word_1_407' title='bbox 1650 5549 1752 5604; x_wconf 91' lang='lat' dir='ltr'><strong>sibi</strong></span> 
     </span>
    </p>
   </div>
   <div class='ocr_carea' id='block_1_61' title="bbox 173 5635 1751 5710">
    <p class='ocr_par' dir='ltr' id='par_1_61' title="bbox 173 5635 1751 5710">
     <span class='ocr_line' id='line_1_61' title="bbox 173 5635 1751 5710; baseline 0.004 -22"><span class='ocrx_word' id='word_1_408' title='bbox 173 5635 226 5689; x_wconf 90' lang='lat' dir='ltr'><strong>in</strong></span> <span class='ocrx_word' id='word_1_409' title='bbox 260 5646 442 5692; x_wconf 90' lang='lat' dir='ltr'><strong>mente</strong></span> <span class='ocrx_word' id='word_1_410' title='bbox 464 5640 848 5710; x_wconf 85' lang='lat' dir='ltr'><strong>praesculpuut,</strong></span> <span class='ocrx_word' id='word_1_411' title='bbox 873 5640 1026 5709; x_wconf 90' lang='lat' dir='ltr'><strong>quasi</strong></span> <span class='ocrx_word' id='word_1_412' title='bbox 1065 5636 1189 5695; x_wconf 85' lang='lat' dir='ltr'><strong>ante</strong></span> <span class='ocrx_word' id='word_1_413' title='bbox 1213 5642 1431 5709; x_wconf 83' lang='lat' dir='ltr'><strong>superni</strong></span> <span class='ocrx_word' id='word_1_414' title='bbox 1464 5641 1669 5696; x_wconf 76' lang='lat' dir='ltr'><strong>Judit-is</strong></span> <span class='ocrx_word' id='word_1_415' title='bbox 1694 5656 1751 5695; x_wconf 92' lang='lat' dir='ltr'><strong>se</strong></span> 
     </span>
    </p>
   </div>
   <div class='ocr_carea' id='block_1_62' title="bbox 172 5728 1750 5792">
    <p class='ocr_par' dir='ltr' id='par_1_62' title="bbox 172 5728 1750 5792">
     <span class='ocr_line' id='line_1_62' title="bbox 172 5728 1750 5792; baseline 0.002 -10"><span class='ocrx_word' id='word_1_416' title='bbox 172 5742 267 5782; x_wconf 87' lang='lat' dir='ltr'><strong>ora</strong></span> <span class='ocrx_word' id='word_1_417' title='bbox 298 5728 655 5792; x_wconf 89' lang='lat' dir='ltr'><strong>constituunt,</strong></span> <span class='ocrx_word' id='word_1_418' title='bbox 680 5741 734 5785; x_wconf 87' lang='lat' dir='ltr'><strong>et</strong></span> <span class='ocrx_word' id='word_1_419' title='bbox 760 5740 960 5786; x_wconf 70' lang='lat' dir='ltr'><strong>sanctre</strong></span> <span class='ocrx_word' id='word_1_420' title='bbox 984 5733 1413 5788; x_wconf 88' lang='lat' dir='ltr'><strong>conversationis</strong></span> <span class='ocrx_word' id='word_1_421' title='bbox 1441 5731 1750 5787; x_wconf 76' lang='lat' dir='ltr'><strong>difﬁcultate</strong></span> 
     </span>
    </p>
   </div>
   <div class='ocr_carea' id='block_1_63' title="bbox 171 5819 1750 5894">
    <p class='ocr_par' dir='ltr' id='par_1_63' title="bbox 171 5819 1750 5894">
     <span class='ocr_line' id='line_1_63' title="bbox 171 5819 1750 5894; baseline 0.003 -20"><span class='ocrx_word' id='word_1_422' title='bbox 171 5825 485 5890; x_wconf 83' lang='lat' dir='ltr'><strong>perspecta,</strong></span> <span class='ocrx_word' id='word_1_423' title='bbox 521 5819 676 5893; x_wconf 88' lang='lat' dir='ltr'><strong>quasi</strong></span> <span class='ocrx_word' id='word_1_424' title='bbox 710 5821 779 5877; x_wconf 91' lang='lat' dir='ltr'><strong>ab</strong></span> <span class='ocrx_word' id='word_1_425' title='bbox 798 5836 894 5880; x_wconf 89' lang='lat' dir='ltr'><strong>ore</strong></span> <span class='ocrx_word' id='word_1_426' title='bbox 924 5821 1017 5878; x_wconf 89' lang='lat' dir='ltr'><strong>Dei</strong></span> <span class='ocrx_word' id='word_1_427' title='bbox 1045 5823 1111 5877; x_wconf 86' lang='lat' dir='ltr'><strong>ad</strong></span> <span class='ocrx_word' id='word_1_428' title='bbox 1136 5823 1411 5894; x_wconf 86' lang='lat' dir='ltr'><strong>proposita</strong></span> <span class='ocrx_word' id='word_1_429' title='bbox 1455 5822 1656 5878; x_wconf 83' lang='lat' dir='ltr'><strong>laxiora</strong></span> <span class='ocrx_word' id='word_1_430' title='bbox 1689 5837 1750 5879; x_wconf 87' lang='lat' dir='ltr'><strong>se</strong></span> 
     </span>
    </p>
   </div>
   <div class='ocr_carea' id='block_1_64' title="bbox 1791 1839 1841 1899">
    <p class='ocr_par' dir='ltr' id='par_1_64' title="bbox 1791 1839 1841 1899">
     <span class='ocr_line' id='line_1_64' title="bbox 1791 1839 1841 1899; baseline 0 0"><span class='ocrx_word' id='word_1_431' title='bbox 1791 1839 1841 1899; x_wconf 82' lang='grc' dir='ltr'><strong>Β</strong></span> 
     </span>
    </p>
   </div>
   <div class='ocr_carea' id='block_1_65' title="bbox 1867 566 3449 642">
    <p class='ocr_par' dir='ltr' id='par_1_65' title="bbox 1867 566 3449 642">
     <span class='ocr_line' id='line_1_65' title="bbox 1867 566 3449 642; baseline -0.003 -17"><span class='ocrx_word' id='word_1_432' title='bbox 1867 572 2139 637; x_wconf 87' lang='lat' dir='ltr'><strong>feruntur,</strong></span> <span class='ocrx_word' id='word_1_433' title='bbox 2186 588 2525 642; x_wconf 88' lang='lat' dir='ltr'><strong>nequaquam</strong></span> <span class='ocrx_word' id='word_1_434' title='bbox 2571 571 2722 626; x_wconf 89' lang='lat' dir='ltr'><strong>addit</strong></span> <span class='ocrx_word' id='word_1_435' title='bbox 2764 570 2906 625; x_wconf 80' lang='lat' dir='ltr'><strong>Deus</strong></span> <span class='ocrx_word' id='word_1_436' title='bbox 2933 576 2993 622; x_wconf 93' lang='lat' dir='ltr'><strong>ut</strong></span> <span class='ocrx_word' id='word_1_437' title='bbox 3031 581 3126 638; x_wconf 89' lang='lat' dir='ltr'><strong>per</strong></span> <span class='ocrx_word' id='word_1_438' title='bbox 3154 566 3449 622; x_wconf 88' lang='lat' dir='ltr'><strong>illationem</strong></span> 
     </span>
    </p>
   </div>
   <div class='ocr_carea' id='block_1_66' title="bbox 1868 659 3451 733">
    <p class='ocr_par' dir='ltr' id='par_1_66' title="bbox 1868 659 3451 733">
     <span class='ocr_line' id='line_1_66' title="bbox 1868 659 3451 733; baseline -0.003 -16"><span class='ocrx_word' id='word_1_439' title='bbox 1868 663 2226 733; x_wconf 85' lang='lat' dir='ltr'><strong>poenitudinis</strong></span> <span class='ocrx_word' id='word_1_440' title='bbox 2283 671 2674 733; x_wconf 86' lang='lat' dir='ltr'><strong>respectentur.</strong></span> <span class='ocrx_word' id='word_1_441' title='bbox 2726 660 2917 715; x_wconf 84' lang='lat' dir='ltr'><strong>Facies</strong></span> <span class='ocrx_word' id='word_1_442' title='bbox 2965 659 3293 714; x_wconf 84' lang='lat' dir='ltr'><strong>sacerdotum</strong></span> <span class='ocrx_word' id='word_1_443' title='bbox 3348 674 3451 712; x_wconf 81' lang='lat' dir='ltr'><strong>non</strong></span> 
     </span>
    </p>
   </div>
   <div class='ocr_carea' id='block_1_67' title="bbox 1868 751 3512 830">
    <p class='ocr_par' dir='ltr' id='par_1_67' title="bbox 1868 751 3512 830">
     <span class='ocr_line' id='line_1_67' title="bbox 1868 751 3512 830; baseline -0.004 -20"><span class='ocrx_word' id='word_1_444' title='bbox 1868 756 2203 821; x_wconf 74' lang='lat' dir='ltr'><strong>erubuerunt,</strong></span> <span class='ocrx_word' id='word_1_445' title='bbox 2234 770 2357 809; x_wconf 90' lang='lat' dir='ltr'><strong>cum</strong></span> <span class='ocrx_word' id='word_1_446' title='bbox 2396 756 2589 808; x_wconf 87' lang='lat' dir='ltr'><strong>rationi</strong></span> <span class='ocrx_word' id='word_1_447' title='bbox 2619 770 2741 810; x_wconf 89' lang='lat' dir='ltr'><strong>cum</strong></span> <span class='ocrx_word' id='word_1_448' title='bbox 2771 753 2880 807; x_wconf 88' lang='lat' dir='ltr'><strong>Deo</strong></span> <span class='ocrx_word' id='word_1_449' title='bbox 2913 768 2970 809; x_wconf 86' lang='lat' dir='ltr'><strong>se</strong></span> <span class='ocrx_word' id='word_1_450' title='bbox 2995 751 3235 806; x_wconf 90' lang='lat' dir='ltr'><strong>monenti</strong></span> <span class='ocrx_word' id='word_1_451' title='bbox 3280 752 3451 821; x_wconf 82' lang='lat' dir='ltr'><strong>impu-</strong></span> <span class='ocrx_word' id='word_1_452' title='bbox 3509 828 3512 830; x_wconf 9' lang='grc' dir='ltr'>γ</span> 
     </span>
    </p>
   </div>
   <div class='ocr_carea' id='block_1_68' title="bbox 1869 843 3451 917">
    <p class='ocr_par' dir='ltr' id='par_1_68' title="bbox 1869 843 3451 917">
     <span class='ocr_line' id='line_1_68' title="bbox 1869 843 3451 917; baseline -0.005 -13"><span class='ocrx_word' id='word_1_453' title='bbox 1869 849 2060 904; x_wconf 89' lang='lat' dir='ltr'><strong>denter</strong></span> <span class='ocrx_word' id='word_1_454' title='bbox 2090 847 2428 902; x_wconf 88' lang='lat' dir='ltr'><strong>restiterunt.</strong></span> <span class='ocrx_word' id='word_1_455' title='bbox 2464 843 2649 917; x_wconf 85' lang='lat' dir='ltr'><strong>Neque</strong></span> <span class='ocrx_word' id='word_1_456' title='bbox 2687 861 2870 899; x_wconf 83' lang='lat' dir='ltr'><strong>senum</strong></span> <span class='ocrx_word' id='word_1_457' title='bbox 2921 843 3118 897; x_wconf 84' lang='lat' dir='ltr'><strong>miserti</strong></span> <span class='ocrx_word' id='word_1_458' title='bbox 3147 852 3289 905; x_wconf 85' lang='lat' dir='ltr'><strong>sunt,</strong></span> <span class='ocrx_word' id='word_1_459' title='bbox 3325 856 3451 897; x_wconf 89' lang='lat' dir='ltr'><strong>eum</strong></span> 
     </span>
    </p>
   </div>
   <div class='ocr_carea' id='block_1_69' title="bbox 1868 935 3451 1010">
    <p class='ocr_par' dir='ltr' id='par_1_69' title="bbox 1868 935 3451 1010">
     <span class='ocr_line' id='line_1_69' title="bbox 1868 935 3451 1010; baseline -0.004 -15"><span class='ocrx_word' id='word_1_460' title='bbox 1868 950 2084 996; x_wconf 88' lang='lat' dir='ltr'><strong>maturo</strong></span> <span class='ocrx_word' id='word_1_461' title='bbox 2113 938 2404 1010; x_wconf 90' lang='lat' dir='ltr'><strong>aliquoties</strong></span> <span class='ocrx_word' id='word_1_462' title='bbox 2437 938 2636 1003; x_wconf 88' lang='lat' dir='ltr'><strong>statui,</strong></span> <span class='ocrx_word' id='word_1_463' title='bbox 2672 945 2723 992; x_wconf 88' lang='lat' dir='ltr'><strong>et</strong></span> <span class='ocrx_word' id='word_1_464' title='bbox 2771 946 2995 1006; x_wconf 89' lang='lat' dir='ltr'><strong>peccata</strong></span> <span class='ocrx_word' id='word_1_465' title='bbox 3024 935 3322 993; x_wconf 80' lang='lat' dir='ltr'><strong>fastidienti</strong></span> <span class='ocrx_word' id='word_1_466' title='bbox 3369 935 3451 990; x_wconf 89' lang='lat' dir='ltr'><strong>in-</strong></span> 
     </span>
    </p>
   </div>
   <div class='ocr_carea' id='block_1_70' title="bbox 1867 1029 2920 1105">
    <p class='ocr_par' dir='ltr' id='par_1_70' title="bbox 1867 1029 2920 1105">
     <span class='ocr_line' id='line_1_70' title="bbox 1867 1029 2920 1105; baseline -0.005 -14"><span class='ocrx_word' id='word_1_467' title='bbox 1867 1036 2081 1091; x_wconf 89' lang='lat' dir='ltr'><strong>centiva</strong></span> <span class='ocrx_word' id='word_1_468' title='bbox 2107 1035 2269 1090; x_wconf 90' lang='lat' dir='ltr'><strong>etiam</strong></span> <span class='ocrx_word' id='word_1_469' title='bbox 2297 1032 2554 1105; x_wconf 87' lang='lat' dir='ltr'><strong>peccandi</strong></span> <span class='ocrx_word' id='word_1_470' title='bbox 2590 1029 2920 1086; x_wconf 87' lang='lat' dir='ltr'><strong>obtulerunt.</strong></span> 
     </span>
    </p>
   </div>
   <div class='ocr_carea' id='block_1_71' title="bbox 2601 1208 2710 1247">
    <p class='ocr_par' dir='ltr' id='par_1_71' title="bbox 2601 1208 2710 1247">
     <span class='ocr_line' id='line_1_71' title="bbox 2601 1208 2710 1247; baseline -0.009 -1"><span class='ocrx_word' id='word_1_471' title='bbox 2601 1208 2710 1247; x_wconf 74' lang='grc' dir='ltr'><strong>ΔΙΝ.</strong></span> 
     </span>
    </p>
   </div>
   <div class='ocr_carea' id='block_1_72' title="bbox 1940 1305 3448 1373">
    <p class='ocr_par' dir='ltr' id='par_1_72' title="bbox 1940 1305 3448 1373">
     <span class='ocr_line' id='line_1_72' title="bbox 1940 1305 3448 1373; baseline -0.001 -9"><span class='ocrx_word' id='word_1_472' title='bbox 1940 1308 2105 1364; x_wconf 77' lang='lat' dir='ltr'><strong>Vens.</strong></span> <span class='ocrx_word' id='word_1_473' title='bbox 2135 1309 2220 1363; x_wconf 86' lang='lat' dir='ltr'><strong>l7.</strong></span> <span class='ocrx_word' id='word_1_474' title='bbox 2250 1338 2321 1349; x_wconf 89' lang='lat'><strong>—</strong></span> <span class='ocrx_word' id='word_1_475' title='bbox 2347 1326 2366 1359; x_wconf 83' lang='grc'><em>‹</em></span> <span class='ocrx_word' id='word_1_476' title='bbox 2385 1307 2520 1363; x_wconf 92' lang='lat' dir='ltr'><strong>Cum</strong></span> <span class='ocrx_word' id='word_1_477' title='bbox 2549 1306 2725 1362; x_wconf 90' lang='lat' dir='ltr'><strong>adhuc</strong></span> <span class='ocrx_word' id='word_1_478' title='bbox 2758 1306 3200 1373; x_wconf 90' lang='lat' dir='ltr'><strong>subsisteremus,</strong></span> <span class='ocrx_word' id='word_1_479' title='bbox 3233 1305 3448 1363; x_wconf 86' lang='lat' dir='ltr'><strong>defece-</strong></span> 
     </span>
    </p>
   </div>
   <div class='ocr_carea' id='block_1_73' title="bbox 1874 1399 3448 1463">
    <p class='ocr_par' dir='ltr' id='par_1_73' title="bbox 1874 1399 3448 1463">
     <span class='ocr_line' id='line_1_73' title="bbox 1874 1399 3448 1463; baseline 0.002 -12"><span class='ocrx_word' id='word_1_480' title='bbox 1874 1413 1893 1451; x_wconf 67' lang='grc' dir='ltr'><em>ι</em></span> <span class='ocrx_word' id='word_1_481' title='bbox 1939 1409 2067 1455; x_wconf 89' lang='lat' dir='ltr'><strong>runt</strong></span> <span class='ocrx_word' id='word_1_482' title='bbox 2110 1400 2249 1455; x_wconf 94' lang='lat' dir='ltr'><strong>oculi</strong></span> <span class='ocrx_word' id='word_1_483' title='bbox 2294 1400 2463 1455; x_wconf 89' lang='lat' dir='ltr'><strong>nostri</strong></span> <span class='ocrx_word' id='word_1_484' title='bbox 2508 1400 2576 1454; x_wconf 91' lang='lat' dir='ltr'><strong>ad</strong></span> <span class='ocrx_word' id='word_1_485' title='bbox 2630 1399 2889 1455; x_wconf 81' lang='lat' dir='ltr'><strong>auxilium</strong></span> <span class='ocrx_word' id='word_1_486' title='bbox 2945 1408 3189 1455; x_wconf 90' lang='lat' dir='ltr'><strong>nostrum</strong></span> <span class='ocrx_word' id='word_1_487' title='bbox 3231 1414 3448 1463; x_wconf 88' lang='lat' dir='ltr'><strong>vanum,</strong></span> 
     </span>
    </p>
   </div>
   <div class='ocr_carea' id='block_1_74' title="bbox 1874 1490 3454 1562">
    <p class='ocr_par' dir='ltr' id='par_1_74' title="bbox 1874 1490 3454 1562">
     <span class='ocr_line' id='line_1_74' title="bbox 1874 1490 3454 1562; baseline 0 -17"><span class='ocrx_word' id='word_1_488' title='bbox 1874 1512 1891 1545; x_wconf 75' lang='grc' dir='ltr'>ι</span> <span class='ocrx_word' id='word_1_489' title='bbox 1942 1508 2064 1547; x_wconf 89' lang='lat' dir='ltr'><strong>cum</strong></span> <span class='ocrx_word' id='word_1_490' title='bbox 2095 1492 2490 1561; x_wconf 83' lang='lat' dir='ltr'><strong>respiceremus</strong></span> <span class='ocrx_word' id='word_1_491' title='bbox 2520 1492 2711 1547; x_wconf 84' lang='lat' dir='ltr'><strong>attenti</strong></span> <span class='ocrx_word' id='word_1_492' title='bbox 2739 1493 2804 1545; x_wconf 92' lang='lat' dir='ltr'><strong>ad</strong></span> <span class='ocrx_word' id='word_1_493' title='bbox 2829 1501 3066 1562; x_wconf 85' lang='lat' dir='ltr'><strong>gentem.</strong></span> <span class='ocrx_word' id='word_1_494' title='bbox 3099 1506 3218 1560; x_wconf 80' lang='lat' dir='ltr'><strong>quae</strong></span> <span class='ocrx_word' id='word_1_495' title='bbox 3242 1490 3454 1545; x_wconf 82' lang='lat' dir='ltr'><strong>salvare</strong></span> 
     </span>
    </p>
   </div>
   <div class='ocr_carea' id='block_1_75' title="bbox 1848 1582 3451 1655">
    <p class='ocr_par' dir='ltr' id='par_1_75' title="bbox 1848 1582 3451 1655">
     <span class='ocr_line' id='line_1_75' title="bbox 1848 1582 3451 1655; baseline 0 -18"><span class='ocrx_word' id='word_1_496' title='bbox 1848 1603 1893 1637; x_wconf 59' lang='grc' dir='ltr'><strong>η(</strong></span> <span class='ocrx_word' id='word_1_497' title='bbox 1940 1601 2037 1640; x_wconf 91' lang='lat' dir='ltr'><strong>nos</strong></span> <span class='ocrx_word' id='word_1_498' title='bbox 2062 1601 2167 1641; x_wconf 93' lang='lat' dir='ltr'><strong>non</strong></span> <span class='ocrx_word' id='word_1_499' title='bbox 2221 1594 2455 1655; x_wconf 86' lang='lat' dir='ltr'><strong>poterat.</strong></span> <span class='ocrx_word' id='word_1_500' title='bbox 2492 1605 2509 1637; x_wconf 71' lang='grc' dir='ltr'><strong>ι</strong></span> <span class='ocrx_word' id='word_1_501' title='bbox 2552 1585 2676 1648; x_wconf 85' lang='lat' dir='ltr'><strong>Ain,</strong></span> <span class='ocrx_word' id='word_1_502' title='bbox 2722 1584 2922 1639; x_wconf 88' lang='lat' dir='ltr'><strong>dicitur</strong></span> <span class='ocrx_word' id='word_1_503' title='bbox 2952 1584 3089 1652; x_wconf 78' lang='lat' dir='ltr'><strong>fons,</strong></span> <span class='ocrx_word' id='word_1_504' title='bbox 3130 1584 3215 1638; x_wconf 85' lang='lat' dir='ltr'><strong>vel</strong></span> <span class='ocrx_word' id='word_1_505' title='bbox 3245 1582 3451 1637; x_wconf 84' lang='lat' dir='ltr'><strong>oculus.</strong></span> 
     </span>
    </p>
   </div>
   <div class='ocr_carea' id='block_1_76' title="bbox 1866 1675 3452 1744">
    <p class='ocr_par' dir='ltr' id='par_1_76' title="bbox 1866 1675 3452 1744">
     <span class='ocr_line' id='line_1_76' title="bbox 1866 1675 3452 1744; baseline -0.001 -14"><span class='ocrx_word' id='word_1_506' title='bbox 1866 1676 1925 1730; x_wconf 92' lang='lat' dir='ltr'><strong>lu</strong></span> <span class='ocrx_word' id='word_1_507' title='bbox 1954 1677 2099 1732; x_wconf 89' lang='lat' dir='ltr'><strong>fonte</strong></span> <span class='ocrx_word' id='word_1_508' title='bbox 2127 1677 2207 1731; x_wconf 87' lang='lat' dir='ltr'><strong>vel</strong></span> <span class='ocrx_word' id='word_1_509' title='bbox 2234 1676 2411 1740; x_wconf 87' lang='lat' dir='ltr'><strong>oculo,</strong></span> <span class='ocrx_word' id='word_1_510' title='bbox 2455 1676 2642 1731; x_wconf 88' lang='lat' dir='ltr'><strong>itidem</strong></span> <span class='ocrx_word' id='word_1_511' title='bbox 2674 1675 2905 1730; x_wconf 85' lang='lat' dir='ltr'><strong>intentio</strong></span> <span class='ocrx_word' id='word_1_512' title='bbox 2935 1675 3217 1744; x_wconf 88' lang='lat' dir='ltr'><strong>accipitur,</strong></span> <span class='ocrx_word' id='word_1_513' title='bbox 3248 1675 3315 1729; x_wconf 91' lang='lat' dir='ltr'><strong>de</strong></span> <span class='ocrx_word' id='word_1_514' title='bbox 3347 1688 3452 1742; x_wconf 88' lang='lat' dir='ltr'><strong>qua</strong></span> 
     </span>
    </p>
   </div>
   <div class='ocr_carea' id='block_1_77' title="bbox 1867 1750 3452 1837">
    <p class='ocr_par' dir='ltr' id='par_1_77' title="bbox 1867 1750 3452 1837">
     <span class='ocr_line' id='line_1_77' title="bbox 1867 1750 3452 1837; baseline -0.003 -15"><span class='ocrx_word' id='word_1_515' title='bbox 1867 1776 2158 1836; x_wconf 81' lang='lat' dir='ltr'><strong>emergunt</strong></span> <span class='ocrx_word' id='word_1_516' title='bbox 2189 1777 2386 1822; x_wconf 86' lang='lat' dir='ltr'><strong>cuncta</strong></span> <span class='ocrx_word' id='word_1_517' title='bbox 2416 1782 2534 1836; x_wconf 64' lang='lat' dir='ltr'><strong>quae</strong></span> <span class='ocrx_word' id='word_1_518' title='bbox 2564 1750 2747 1821; x_wconf 80' lang='lat' dir='ltr'><strong>mente</strong></span> <span class='ocrx_word' id='word_1_519' title='bbox 2772 1766 3123 1837; x_wconf 90' lang='lat' dir='ltr'><strong>concipimus.</strong></span> <span class='ocrx_word' id='word_1_520' title='bbox 3155 1765 3307 1822; x_wconf 87' lang='lat' dir='ltr'><strong>Unde</strong></span> <span class='ocrx_word' id='word_1_521' title='bbox 3334 1779 3452 1819; x_wconf 84' lang='lat' dir='ltr'><strong>cum</strong></span> 
     </span>
    </p>
   </div>
   <div class='ocr_carea' id='block_1_78' title="bbox 1868 1857 3452 1927">
    <p class='ocr_par' dir='ltr' id='par_1_78' title="bbox 1868 1857 3452 1927">
     <span class='ocr_line' id='line_1_78' title="bbox 1868 1857 3452 1927; baseline -0.003 -14"><span class='ocrx_word' id='word_1_522' title='bbox 1868 1861 2040 1913; x_wconf 81' lang='lat' dir='ltr'><strong>adhuc</strong></span> <span class='ocrx_word' id='word_1_523' title='bbox 2065 1859 2433 1923; x_wconf 90' lang='lat' dir='ltr'><strong>subsistimus,</strong></span> <span class='ocrx_word' id='word_1_524' title='bbox 2470 1859 2521 1913; x_wconf 89' lang='lat' dir='ltr'><strong>id</strong></span> <span class='ocrx_word' id='word_1_525' title='bbox 2554 1868 2633 1913; x_wconf 93' lang='lat' dir='ltr'><strong>cst</strong></span> <span class='ocrx_word' id='word_1_526' title='bbox 2659 1866 2777 1927; x_wconf 90' lang='lat' dir='ltr'><strong>post</strong></span> <span class='ocrx_word' id='word_1_527' title='bbox 2808 1858 2900 1911; x_wconf 88' lang='lat' dir='ltr'><strong>Dei</strong></span> <span class='ocrx_word' id='word_1_528' title='bbox 2928 1857 3293 1912; x_wconf 88' lang='lat' dir='ltr'><strong>desertiouem</strong></span> <span class='ocrx_word' id='word_1_529' title='bbox 3326 1870 3452 1910; x_wconf 92' lang='lat' dir='ltr'><strong>cum</strong></span> 
     </span>
    </p>
   </div>
   <div class='ocr_carea' id='block_1_79' title="bbox 1867 1947 3457 2022">
    <p class='ocr_par' dir='ltr' id='par_1_79' title="bbox 1867 1947 3457 2022">
     <span class='ocr_line' id='line_1_79' title="bbox 1867 1947 3457 2022; baseline -0.003 -16"><span class='ocrx_word' id='word_1_530' title='bbox 1867 1967 1966 2022; x_wconf 91' lang='lat' dir='ltr'><strong>pro</strong></span> <span class='ocrx_word' id='word_1_531' title='bbox 2008 1952 2121 2005; x_wconf 91' lang='lat' dir='ltr'><strong>sola</strong></span> <span class='ocrx_word' id='word_1_532' title='bbox 2159 1951 2339 2007; x_wconf 79' lang='lat' dir='ltr'><strong>saeculi</strong></span> <span class='ocrx_word' id='word_1_533' title='bbox 2374 1952 2661 2007; x_wconf 87' lang='lat' dir='ltr'><strong>honestate</strong></span> <span class='ocrx_word' id='word_1_534' title='bbox 2708 1966 2738 2003; x_wconf 90' lang='lat' dir='ltr'><strong>a</strong></span> <span class='ocrx_word' id='word_1_535' title='bbox 2778 1949 3101 2005; x_wconf 88' lang='lat' dir='ltr'><strong>criminibus</strong></span> <span class='ocrx_word' id='word_1_536' title='bbox 3146 1963 3244 2003; x_wconf 89' lang='lat' dir='ltr'><strong>nos</strong></span> <span class='ocrx_word' id='word_1_537' title='bbox 3276 1947 3457 2003; x_wconf 91' lang='lat' dir='ltr'><strong>conti-</strong></span> 
     </span>
    </p>
   </div>
   <div class='ocr_carea' id='block_1_80' title="bbox 1868 2038 3453 2112">
    <p class='ocr_par' dir='ltr' id='par_1_80' title="bbox 1868 2038 3453 2112">
     <span class='ocr_line' id='line_1_80' title="bbox 1868 2038 3453 2112; baseline -0.003 -16"><span class='ocrx_word' id='word_1_538' title='bbox 1868 2058 1998 2097; x_wconf 89' lang='lat' dir='ltr'><strong>nere</strong></span> <span class='ocrx_word' id='word_1_539' title='bbox 2034 2042 2389 2112; x_wconf 86' lang='lat' dir='ltr'><strong>disponimus,</strong></span> <span class='ocrx_word' id='word_1_540' title='bbox 2444 2040 2580 2094; x_wconf 86' lang='lat' dir='ltr'><strong>oculi</strong></span> <span class='ocrx_word' id='word_1_541' title='bbox 2604 2039 2776 2094; x_wconf 79' lang='lat' dir='ltr'><strong>nostri</strong></span> <span class='ocrx_word' id='word_1_542' title='bbox 2815 2039 2885 2093; x_wconf 86' lang='lat' dir='ltr'><strong>ad</strong></span> <span class='ocrx_word' id='word_1_543' title='bbox 2914 2038 3173 2093; x_wconf 69' lang='lat' dir='ltr'><strong>auxilium</strong></span> <span class='ocrx_word' id='word_1_544' title='bbox 3218 2046 3453 2091; x_wconf 78' lang='lat' dir='ltr'><strong>nostrum</strong></span> 
     </span>
    </p>
   </div>
   <div class='ocr_carea' id='block_1_81' title="bbox 1868 2129 3452 2200">
    <p class='ocr_par' dir='ltr' id='par_1_81' title="bbox 1868 2129 3452 2200">
     <span class='ocr_line' id='line_1_81' title="bbox 1868 2129 3452 2200; baseline -0.003 -12"><span class='ocrx_word' id='word_1_545' title='bbox 1868 2152 2057 2189; x_wconf 84' lang='lat' dir='ltr'><strong>vanum</strong></span> <span class='ocrx_word' id='word_1_546' title='bbox 2109 2134 2401 2199; x_wconf 83' lang='lat' dir='ltr'><strong>deficiunt,</strong></span> <span class='ocrx_word' id='word_1_547' title='bbox 2460 2150 2580 2187; x_wconf 90' lang='lat' dir='ltr'><strong>cum</strong></span> <span class='ocrx_word' id='word_1_548' title='bbox 2637 2134 2967 2188; x_wconf 83' lang='lat' dir='ltr'><strong>intentiones</strong></span> <span class='ocrx_word' id='word_1_549' title='bbox 3020 2141 3221 2186; x_wconf 67' lang='lat' dir='ltr'><strong>nostrae</strong></span> <span class='ocrx_word' id='word_1_550' title='bbox 3275 2129 3452 2200; x_wconf 83' lang='lat' dir='ltr'><strong>fragili</strong></span> 
     </span>
    </p>
   </div>
   <div class='ocr_carea' id='block_1_82' title="bbox 1867 2221 3453 2281">
    <p class='ocr_par' dir='ltr' id='par_1_82' title="bbox 1867 2221 3453 2281">
     <span class='ocr_line' id='line_1_82' title="bbox 1867 2221 3453 2281; baseline -0.003 -1"><span class='ocrx_word' id='word_1_551' title='bbox 1867 2224 2109 2281; x_wconf 88' lang='lat' dir='ltr'><strong>subsidio</strong></span> <span class='ocrx_word' id='word_1_552' title='bbox 2140 2224 2330 2279; x_wconf 67' lang='lat' dir='ltr'><strong>inuisae</strong></span> <span class='ocrx_word' id='word_1_553' title='bbox 2357 2222 2537 2278; x_wconf 91' lang='lat' dir='ltr'><strong>subito</strong></span> <span class='ocrx_word' id='word_1_554' title='bbox 2567 2232 2967 2277; x_wconf 88' lang='lat' dir='ltr'><strong>emarcescunt.</strong></span> <span class='ocrx_word' id='word_1_555' title='bbox 3010 2222 3164 2276; x_wconf 87' lang='lat' dir='ltr'><strong>Brevi</strong></span> <span class='ocrx_word' id='word_1_556' title='bbox 3212 2221 3356 2275; x_wconf 87' lang='lat' dir='ltr'><strong>enim</strong></span> <span class='ocrx_word' id='word_1_557' title='bbox 3394 2234 3453 2275; x_wconf 89' lang='lat' dir='ltr'><strong>se</strong></span> 
     </span>
    </p>
   </div>
   <div class='ocr_carea' id='block_1_83' title="bbox 1866 2310 3450 2383">
    <p class='ocr_par' dir='ltr' id='par_1_83' title="bbox 1866 2310 3450 2383">
     <span class='ocr_line' id='line_1_83' title="bbox 1866 2310 3450 2383; baseline -0.006 -11"><span class='ocrx_word' id='word_1_558' title='bbox 1866 2318 2127 2380; x_wconf 90' lang='lat' dir='ltr'><strong>continet,</strong></span> <span class='ocrx_word' id='word_1_559' title='bbox 2157 2330 2261 2368; x_wconf 95' lang='lat' dir='ltr'><strong>non</strong></span> <span class='ocrx_word' id='word_1_560' title='bbox 2291 2315 2454 2377; x_wconf 92' lang='lat' dir='ltr'><strong>Deus,</strong></span> <span class='ocrx_word' id='word_1_561' title='bbox 2489 2313 2583 2367; x_wconf 88' lang='lat' dir='ltr'><strong>sed</strong></span> <span class='ocrx_word' id='word_1_562' title='bbox 2610 2311 2877 2383; x_wconf 65' lang='lat' dir='ltr'><strong>Egyptus</strong></span> <span class='ocrx_word' id='word_1_563' title='bbox 2918 2312 3180 2366; x_wconf 79' lang='lat' dir='ltr'><strong>auxilium</strong></span> <span class='ocrx_word' id='word_1_564' title='bbox 3227 2310 3450 2379; x_wconf 67' lang='lat' dir='ltr'><strong>prtebet,</strong></span> 
     </span>
    </p>
   </div>
   <div class='ocr_carea' id='block_1_84' title="bbox 1867 2402 3449 2474">
    <p class='ocr_par' dir='ltr' id='par_1_84' title="bbox 1867 2402 3449 2474">
     <span class='ocr_line' id='line_1_84' title="bbox 1867 2402 3449 2474; baseline -0.005 -11"><span class='ocrx_word' id='word_1_565' title='bbox 1867 2408 1977 2463; x_wconf 91' lang='lat' dir='ltr'><strong>imo</strong></span> <span class='ocrx_word' id='word_1_566' title='bbox 2008 2423 2228 2461; x_wconf 90' lang='lat' dir='ltr'><strong>manum</strong></span> <span class='ocrx_word' id='word_1_567' title='bbox 2257 2406 2541 2460; x_wconf 88' lang='lat' dir='ltr'><strong>innitentis</strong></span> <span class='ocrx_word' id='word_1_568' title='bbox 2560 2405 2662 2460; x_wconf 83' lang='lat' dir='ltr'><strong>sibi</strong></span> <span class='ocrx_word' id='word_1_569' title='bbox 2693 2404 2957 2474; x_wconf 89' lang='lat' dir='ltr'><strong>perforat,</strong></span> <span class='ocrx_word' id='word_1_570' title='bbox 2988 2419 3108 2473; x_wconf 75' lang='lat' dir='ltr'><strong>qua:</strong></span> <span class='ocrx_word' id='word_1_571' title='bbox 3138 2419 3243 2459; x_wconf 91' lang='lat' dir='ltr'><strong>non</strong></span> <span class='ocrx_word' id='word_1_572' title='bbox 3277 2402 3449 2458; x_wconf 88' lang='lat' dir='ltr'><strong>solum</strong></span> 
     </span>
    </p>
   </div>
   <div class='ocr_carea' id='block_1_85' title="bbox 1866 2496 3450 2568">
    <p class='ocr_par' dir='ltr' id='par_1_85' title="bbox 1866 2496 3450 2568">
     <span class='ocr_line' id='line_1_85' title="bbox 1866 2496 3450 2568; baseline -0.004 -15"><span class='ocrx_word' id='word_1_573' title='bbox 1866 2498 2077 2553; x_wconf 87' lang='lat' dir='ltr'><strong>salvare</strong></span> <span class='ocrx_word' id='word_1_574' title='bbox 2111 2513 2215 2551; x_wconf 92' lang='lat' dir='ltr'><strong>non</strong></span> <span class='ocrx_word' id='word_1_575' title='bbox 2256 2505 2455 2566; x_wconf 90' lang='lat' dir='ltr'><strong>potest,</strong></span> <span class='ocrx_word' id='word_1_576' title='bbox 2510 2496 2605 2551; x_wconf 89' lang='lat' dir='ltr'><strong>sed</strong></span> <span class='ocrx_word' id='word_1_577' title='bbox 2653 2499 2827 2568; x_wconf 91' lang='lat' dir='ltr'><strong>ipsum</strong></span> <span class='ocrx_word' id='word_1_578' title='bbox 2880 2510 3037 2550; x_wconf 90' lang='lat' dir='ltr'><strong>suum</strong></span> <span class='ocrx_word' id='word_1_579' title='bbox 3083 2510 3220 2564; x_wconf 90' lang='lat' dir='ltr'><strong>opus</strong></span> <span class='ocrx_word' id='word_1_580' title='bbox 3263 2510 3450 2548; x_wconf 88' lang='lat' dir='ltr'><strong>coram</strong></span> 
     </span>
    </p>
   </div>
   <div class='ocr_carea' id='block_1_86' title="bbox 1868 2584 3454 2657">
    <p class='ocr_par' dir='ltr' id='par_1_86' title="bbox 1868 2584 3454 2657">
     <span class='ocr_line' id='line_1_86' title="bbox 1868 2584 3454 2657; baseline -0.002 -14"><span class='ocrx_word' id='word_1_581' title='bbox 1868 2588 1977 2643; x_wconf 83' lang='lat' dir='ltr'><strong>Deo</strong></span> <span class='ocrx_word' id='word_1_582' title='bbox 2023 2587 2396 2657; x_wconf 89' lang='lat' dir='ltr'><strong>imprudenter</strong></span> <span class='ocrx_word' id='word_1_583' title='bbox 2421 2586 2732 2641; x_wconf 90' lang='lat' dir='ltr'><strong>addemnat.</strong></span> <span class='ocrx_word' id='word_1_584' title='bbox 2765 2585 2873 2640; x_wconf 85' lang='lat' dir='ltr'><strong>Sed</strong></span> <span class='ocrx_word' id='word_1_585' title='bbox 2907 2585 3224 2650; x_wconf 88' lang='lat' dir='ltr'><strong>videndum,</strong></span> <span class='ocrx_word' id='word_1_586' title='bbox 3272 2585 3326 2638; x_wconf 90' lang='lat' dir='ltr'><strong>in</strong></span> <span class='ocrx_word' id='word_1_587' title='bbox 3368 2584 3454 2640; x_wconf 85' lang='lat' dir='ltr'><strong>bis</strong></span> 
     </span>
    </p>
   </div>
   <div class='ocr_carea' id='block_1_87' title="bbox 1867 2676 3450 2749">
    <p class='ocr_par' dir='ltr' id='par_1_87' title="bbox 1867 2676 3450 2749">
     <span class='ocr_line' id='line_1_87' title="bbox 1867 2676 3450 2749; baseline -0.001 -16"><span class='ocrx_word' id='word_1_588' title='bbox 1867 2678 2080 2733; x_wconf 90' lang='lat' dir='ltr'><strong>duobus</strong></span> <span class='ocrx_word' id='word_1_589' title='bbox 2126 2678 2522 2746; x_wconf 89' lang='lat' dir='ltr'><strong>posterioribus</strong></span> <span class='ocrx_word' id='word_1_590' title='bbox 2575 2678 2738 2749; x_wconf 78' lang='lat'><strong>260</strong></span> <span class='ocrx_word' id='word_1_591' title='bbox 2790 2676 3133 2747; x_wconf 89' lang='lat' dir='ltr'><strong>alphabetis,</strong></span> <span class='ocrx_word' id='word_1_592' title='bbox 3193 2676 3450 2746; x_wconf 87' lang='lat' dir='ltr'><strong>quiddam</strong></span> 
     </span>
    </p>
   </div>
   <div class='ocr_carea' id='block_1_88' title="bbox 1865 2768 3454 2844">
    <p class='ocr_par' dir='ltr' id='par_1_88' title="bbox 1865 2768 3454 2844">
     <span class='ocr_line' id='line_1_88' title="bbox 1865 2768 3454 2844; baseline -0.001 -16"><span class='ocrx_word' id='word_1_593' title='bbox 1865 2773 2006 2844; x_wconf 88' lang='lat' dir='ltr'><strong>quod</strong></span> <span class='ocrx_word' id='word_1_594' title='bbox 2036 2788 2065 2826; x_wconf 91' lang='lat' dir='ltr'><strong>a</strong></span> <span class='ocrx_word' id='word_1_595' title='bbox 2094 2771 2367 2841; x_wconf 89' lang='lat' dir='ltr'><strong>prioribus</strong></span> <span class='ocrx_word' id='word_1_596' title='bbox 2405 2772 2701 2842; x_wconf 88' lang='lat' dir='ltr'><strong>discrepat,</strong></span> <span class='ocrx_word' id='word_1_597' title='bbox 2742 2779 2797 2827; x_wconf 91' lang='lat' dir='ltr'><strong>ct</strong></span> <span class='ocrx_word' id='word_1_598' title='bbox 2837 2779 3047 2827; x_wconf 88' lang='lat' dir='ltr'><strong>certum</strong></span> <span class='ocrx_word' id='word_1_599' title='bbox 3091 2770 3277 2840; x_wconf 89' lang='lat' dir='ltr'><strong>utique</strong></span> <span class='ocrx_word' id='word_1_600' title='bbox 3309 2768 3454 2840; x_wconf 86' lang='lat' dir='ltr'><strong>quod</strong></span> 
     </span>
    </p>
   </div>
   <div class='ocr_carea' id='block_1_89' title="bbox 1865 2860 3455 2935">
    <p class='ocr_par' dir='ltr' id='par_1_89' title="bbox 1865 2860 3455 2935">
     <span class='ocr_line' id='line_1_89' title="bbox 1865 2860 3455 2935; baseline -0.003 -14"><span class='ocrx_word' id='word_1_601' title='bbox 1865 2882 1970 2922; x_wconf 92' lang='lat' dir='ltr'><strong>non</strong></span> <span class='ocrx_word' id='word_1_602' title='bbox 2011 2867 2108 2922; x_wconf 91' lang='lat' dir='ltr'><strong>abs</strong></span> <span class='ocrx_word' id='word_1_603' title='bbox 2133 2882 2191 2921; x_wconf 88' lang='lat' dir='ltr'><strong>re</strong></span> <span class='ocrx_word' id='word_1_604' title='bbox 2223 2866 2334 2920; x_wconf 81' lang='lat' dir='ltr'><strong>fiat.</strong></span> <span class='ocrx_word' id='word_1_605' title='bbox 2370 2867 2486 2920; x_wconf 86' lang='lat' dir='ltr'><strong>Duo</strong></span> <span class='ocrx_word' id='word_1_606' title='bbox 2510 2881 2705 2935; x_wconf 88' lang='lat' dir='ltr'><strong>nempe</strong></span> <span class='ocrx_word' id='word_1_607' title='bbox 2736 2860 3080 2920; x_wconf 83' lang='lat' dir='ltr'><strong>characteres</strong></span> <span class='ocrx_word' id='word_1_608' title='bbox 3108 2864 3160 2918; x_wconf 91' lang='lat' dir='ltr'><strong>in</strong></span> <span class='ocrx_word' id='word_1_609' title='bbox 3195 2863 3281 2918; x_wconf 90' lang='lat' dir='ltr'><strong>bis</strong></span> <span class='ocrx_word' id='word_1_610' title='bbox 3316 2863 3455 2918; x_wconf 87' lang='lat' dir='ltr'><strong>ulte-</strong></span> 
     </span>
    </p>
   </div>
   <div class='ocr_carea' id='block_1_90' title="bbox 1864 2954 3455 3025">
    <p class='ocr_par' dir='ltr' id='par_1_90' title="bbox 1864 2954 3455 3025">
     <span class='ocr_line' id='line_1_90' title="bbox 1864 2954 3455 3025; baseline -0.003 -14"><span class='ocrx_word' id='word_1_611' title='bbox 1864 2958 2101 3012; x_wconf 88' lang='lat' dir='ltr'><strong>rioribus</strong></span> <span class='ocrx_word' id='word_1_612' title='bbox 2150 2954 2261 3011; x_wconf 71' lang='lat' dir='ltr'><strong>Plte</strong></span> <span class='ocrx_word' id='word_1_613' title='bbox 2291 2956 2534 3022; x_wconf 84' lang='lat' dir='ltr'><strong>scilicet,</strong></span> <span class='ocrx_word' id='word_1_614' title='bbox 2575 2965 2630 3011; x_wconf 89' lang='lat' dir='ltr'><strong>ct</strong></span> <span class='ocrx_word' id='word_1_615' title='bbox 2671 2956 2773 3010; x_wconf 83' lang='lat' dir='ltr'><strong>Ain</strong></span> <span class='ocrx_word' id='word_1_616' title='bbox 2819 2963 3302 3025; x_wconf 84' lang='lat' dir='ltr'><strong>praeposterantur,</strong></span> <span class='ocrx_word' id='word_1_617' title='bbox 3335 2967 3455 3022; x_wconf 73' lang='lat' dir='ltr'><strong>qua:</strong></span> 
     </span>
    </p>
   </div>
   <div class='ocr_carea' id='block_1_91' title="bbox 1866 3046 3453 3118">
    <p class='ocr_par' dir='ltr' id='par_1_91' title="bbox 1866 3046 3453 3118">
     <span class='ocr_line' id='line_1_91' title="bbox 1866 3046 3453 3118; baseline -0.003 -15"><span class='ocrx_word' id='word_1_618' title='bbox 1866 3048 1918 3103; x_wconf 90' lang='lat' dir='ltr'><strong>in</strong></span> <span class='ocrx_word' id='word_1_619' title='bbox 1943 3047 2218 3118; x_wconf 88' lang='lat' dir='ltr'><strong>prioribus</strong></span> <span class='ocrx_word' id='word_1_620' title='bbox 2261 3047 2363 3100; x_wconf 84' lang='lat' dir='ltr'><strong>Ain</strong></span> <span class='ocrx_word' id='word_1_621' title='bbox 2402 3047 2655 3102; x_wconf 87' lang='lat' dir='ltr'><strong>videlicet</strong></span> <span class='ocrx_word' id='word_1_622' title='bbox 2679 3055 2805 3100; x_wconf 91' lang='lat' dir='ltr'><strong>ante</strong></span> <span class='ocrx_word' id='word_1_623' title='bbox 2831 3046 2944 3100; x_wconf 84' lang='lat' dir='ltr'><strong>Phe</strong></span> <span class='ocrx_word' id='word_1_624' title='bbox 2968 3046 3219 3100; x_wconf 88' lang='lat' dir='ltr'><strong>ordinate</strong></span> <span class='ocrx_word' id='word_1_625' title='bbox 3265 3046 3453 3100; x_wconf 84' lang='lat' dir='ltr'><strong>locan-</strong></span> 
     </span>
    </p>
   </div>
   <div class='ocr_carea' id='block_1_92' title="bbox 1868 3137 3452 3208">
    <p class='ocr_par' dir='ltr' id='par_1_92' title="bbox 1868 3137 3452 3208">
     <span class='ocr_line' id='line_1_92' title="bbox 1868 3137 3452 3208; baseline -0.003 -13"><span class='ocrx_word' id='word_1_626' title='bbox 1868 3150 1974 3195; x_wconf 89' lang='lat' dir='ltr'><strong>tur.</strong></span> <span class='ocrx_word' id='word_1_627' title='bbox 2006 3141 2074 3195; x_wconf 83' lang='lat' dir='ltr'><strong>Et</strong></span> <span class='ocrx_word' id='word_1_628' title='bbox 2101 3140 2306 3194; x_wconf 77' lang='lat' dir='ltr'><strong>dixisse</strong></span> <span class='ocrx_word' id='word_1_629' title='bbox 2337 3154 2420 3193; x_wconf 87' lang='lat' dir='ltr'><strong>me</strong></span> <span class='ocrx_word' id='word_1_630' title='bbox 2450 3139 2632 3193; x_wconf 87' lang='lat' dir='ltr'><strong>recolo</strong></span> <span class='ocrx_word' id='word_1_631' title='bbox 2657 3139 2799 3208; x_wconf 91' lang='lat' dir='ltr'><strong>quod</strong></span> <span class='ocrx_word' id='word_1_632' title='bbox 2831 3138 2884 3191; x_wconf 90' lang='lat' dir='ltr'><strong>in</strong></span> <span class='ocrx_word' id='word_1_633' title='bbox 2921 3139 3022 3192; x_wconf 89' lang='lat' dir='ltr'><strong>bac</strong></span> <span class='ocrx_word' id='word_1_634' title='bbox 3065 3137 3452 3193; x_wconf 86' lang='lat' dir='ltr'><strong>lamentatione</strong></span> 
     </span>
    </p>
   </div>
   <div class='ocr_carea' id='block_1_93' title="bbox 1865 3228 3450 3301">
    <p class='ocr_par' dir='ltr' id='par_1_93' title="bbox 1865 3228 3450 3301">
     <span class='ocr_line' id='line_1_93' title="bbox 1865 3228 3450 3301; baseline -0.004 -16"><span class='ocrx_word' id='word_1_635' title='bbox 1865 3239 2131 3301; x_wconf 83' lang='lat' dir='ltr'><strong>quaterna</strong></span> <span class='ocrx_word' id='word_1_636' title='bbox 2184 3240 2418 3299; x_wconf 85' lang='lat' dir='ltr'><strong>quatuor</strong></span> <span class='ocrx_word' id='word_1_637' title='bbox 2466 3228 2725 3297; x_wconf 87' lang='lat' dir='ltr'><strong>peccandi</strong></span> <span class='ocrx_word' id='word_1_638' title='bbox 2787 3228 3182 3296; x_wconf 84' lang='lat' dir='ltr'><strong>portendantur</strong></span> <span class='ocrx_word' id='word_1_639' title='bbox 3229 3241 3450 3296; x_wconf 84' lang='lat' dir='ltr'><strong>genera.</strong></span> 
     </span>
    </p>
   </div>
   <div class='ocr_carea' id='block_1_94' title="bbox 1865 3319 3456 3391">
    <p class='ocr_par' dir='ltr' id='par_1_94' title="bbox 1865 3319 3456 3391">
     <span class='ocr_line' id='line_1_94' title="bbox 1865 3319 3456 3391; baseline -0.003 -13"><span class='ocrx_word' id='word_1_640' title='bbox 1865 3324 2036 3378; x_wconf 91' lang='lat' dir='ltr'><strong>Porro</strong></span> <span class='ocrx_word' id='word_1_641' title='bbox 2068 3323 2123 3378; x_wconf 90' lang='lat' dir='ltr'><strong>in</strong></span> <span class='ocrx_word' id='word_1_642' title='bbox 2162 3322 2392 3388; x_wconf 89' lang='lat' dir='ltr'><strong>duobus,</strong></span> <span class='ocrx_word' id='word_1_643' title='bbox 2436 3320 2731 3391; x_wconf 85' lang='lat' dir='ltr'><strong>penultitno</strong></span> <span class='ocrx_word' id='word_1_644' title='bbox 2758 3320 2943 3389; x_wconf 89' lang='lat' dir='ltr'><strong>utique</strong></span> <span class='ocrx_word' id='word_1_645' title='bbox 2982 3328 3036 3374; x_wconf 90' lang='lat' dir='ltr'><strong>et</strong></span> <span class='ocrx_word' id='word_1_646' title='bbox 3076 3319 3289 3383; x_wconf 89' lang='lat' dir='ltr'><strong>ultimo,</strong></span> <span class='ocrx_word' id='word_1_647' title='bbox 3322 3334 3456 3373; x_wconf 91' lang='lat' dir='ltr'><strong>eon-</strong></span> 
     </span>
    </p>
   </div>
   <div class='ocr_carea' id='block_1_95' title="bbox 1867 3410 3454 3482">
    <p class='ocr_par' dir='ltr' id='par_1_95' title="bbox 1867 3410 3454 3482">
     <span class='ocr_line' id='line_1_95' title="bbox 1867 3410 3454 3482; baseline -0.003 -12"><span class='ocrx_word' id='word_1_648' title='bbox 1867 3429 2060 3470; x_wconf 89' lang='lat' dir='ltr'><strong>sensus</strong></span> <span class='ocrx_word' id='word_1_649' title='bbox 2083 3411 2403 3482; x_wconf 78' lang='lat' dir='ltr'><strong>intelligitur</strong></span> <span class='ocrx_word' id='word_1_650' title='bbox 2428 3427 2492 3467; x_wconf 89' lang='lat' dir='ltr'><strong>ac</strong></span> <span class='ocrx_word' id='word_1_651' title='bbox 2523 3413 2792 3480; x_wconf 87' lang='lat' dir='ltr'><strong>operatio,</strong></span> <span class='ocrx_word' id='word_1_652' title='bbox 2824 3412 2967 3466; x_wconf 89' lang='lat' dir='ltr'><strong>sicut</strong></span> <span class='ocrx_word' id='word_1_653' title='bbox 2991 3412 3044 3465; x_wconf 94' lang='lat' dir='ltr'><strong>in</strong></span> <span class='ocrx_word' id='word_1_654' title='bbox 3068 3412 3277 3466; x_wconf 75' lang='lat' dir='ltr'><strong>(IthbUs</strong></span> <span class='ocrx_word' id='word_1_655' title='bbox 3306 3410 3454 3481; x_wconf 86' lang='lat' dir='ltr'><strong>prio-</strong></span> 
     </span>
    </p>
   </div>
   <div class='ocr_carea' id='block_1_96' title="bbox 1866 3502 2748 3576">
    <p class='ocr_par' dir='ltr' id='par_1_96' title="bbox 1866 3502 2748 3576">
     <span class='ocr_line' id='line_1_96' title="bbox 1866 3502 2748 3576; baseline -0.002 -16"><span class='ocrx_word' id='word_1_656' title='bbox 1866 3506 2017 3560; x_wconf 86' lang='lat' dir='ltr'><strong>ribus</strong></span> <span class='ocrx_word' id='word_1_657' title='bbox 2057 3504 2335 3576; x_wconf 81' lang='lat' dir='ltr'><strong>suggeStio</strong></span> <span class='ocrx_word' id='word_1_658' title='bbox 2360 3512 2415 3558; x_wconf 90' lang='lat' dir='ltr'><strong>et</strong></span> <span class='ocrx_word' id='word_1_659' title='bbox 2441 3502 2748 3558; x_wconf 85' lang='lat' dir='ltr'><strong>delectatio.</strong></span> 
     </span>
    </p>
   </div>
   <div class='ocr_carea' id='block_1_97' title="bbox 1943 3592 3454 3668">
    <p class='ocr_par' dir='ltr' id='par_1_97' title="bbox 1943 3592 3454 3668">
     <span class='ocr_line' id='line_1_97' title="bbox 1943 3592 3454 3668; baseline 0.001 -16"><span class='ocrx_word' id='word_1_660' title='bbox 1943 3598 2001 3652; x_wconf 90' lang='lat' dir='ltr'><strong>lu</strong></span> <span class='ocrx_word' id='word_1_661' title='bbox 2040 3598 2231 3668; x_wconf 89' lang='lat' dir='ltr'><strong>primis</strong></span> <span class='ocrx_word' id='word_1_662' title='bbox 2256 3596 2421 3666; x_wconf 64' lang='lat' dir='ltr'><strong>igitur</strong></span> <span class='ocrx_word' id='word_1_663' title='bbox 2450 3597 2551 3650; x_wconf 78' lang='lat' dir='ltr'><strong>Ain</strong></span> <span class='ocrx_word' id='word_1_664' title='bbox 2580 3604 2709 3651; x_wconf 89' lang='lat' dir='ltr'><strong>ante</strong></span> <span class='ocrx_word' id='word_1_665' title='bbox 2736 3592 2850 3650; x_wconf 79' lang='lat' dir='ltr'><strong>Plte</strong></span> <span class='ocrx_word' id='word_1_666' title='bbox 2878 3596 3117 3665; x_wconf 86' lang='lat' dir='ltr'><strong>ponitur,</strong></span> <span class='ocrx_word' id='word_1_667' title='bbox 3148 3604 3205 3651; x_wconf 89' lang='lat' dir='ltr'><strong>ut</strong></span> <span class='ocrx_word' id='word_1_668' title='bbox 3228 3611 3326 3667; x_wconf 89' lang='lat' dir='ltr'><strong>per</strong></span> <span class='ocrx_word' id='word_1_669' title='bbox 3351 3596 3454 3654; x_wconf 86' lang='lat' dir='ltr'><strong>hoc</strong></span> 
     </span>
    </p>
   </div>
   <div class='ocr_carea' id='block_1_98' title="bbox 1867 3691 3454 3763">
    <p class='ocr_par' dir='ltr' id='par_1_98' title="bbox 1867 3691 3454 3763">
     <span class='ocr_line' id='line_1_98' title="bbox 1867 3691 3454 3763; baseline -0.001 -15"><span class='ocrx_word' id='word_1_670' title='bbox 1867 3694 2060 3748; x_wconf 81' lang='lat' dir='ltr'><strong>innuat</strong></span> <span class='ocrx_word' id='word_1_671' title='bbox 2118 3692 2244 3761; x_wconf 90' lang='lat' dir='ltr'><strong>quia</strong></span> <span class='ocrx_word' id='word_1_672' title='bbox 2300 3692 2355 3747; x_wconf 91' lang='lat' dir='ltr'><strong>in</strong></span> <span class='ocrx_word' id='word_1_673' title='bbox 2396 3691 2746 3763; x_wconf 83' lang='lat' dir='ltr'><strong>suggestione</strong></span> <span class='ocrx_word' id='word_1_674' title='bbox 2794 3699 2850 3746; x_wconf 87' lang='lat' dir='ltr'><strong>et</strong></span> <span class='ocrx_word' id='word_1_675' title='bbox 2888 3691 3245 3746; x_wconf 85' lang='lat' dir='ltr'><strong>delectatione</strong></span> <span class='ocrx_word' id='word_1_676' title='bbox 3299 3707 3454 3748; x_wconf 88' lang='lat' dir='ltr'><strong>mens</strong></span> 
     </span>
    </p>
   </div>
   <div class='ocr_carea' id='block_1_99' title="bbox 1866 3787 3454 3860">
    <p class='ocr_par' dir='ltr' id='par_1_99' title="bbox 1866 3787 3454 3860">
     <span class='ocr_line' id='line_1_99' title="bbox 1866 3787 3454 3860; baseline 0.001 -17"><span class='ocrx_word' id='word_1_677' title='bbox 1866 3804 2024 3843; x_wconf 89' lang='lat' dir='ltr'><strong>suum</strong></span> <span class='ocrx_word' id='word_1_678' title='bbox 2064 3788 2312 3843; x_wconf 90' lang='lat' dir='ltr'><strong>ordinem</strong></span> <span class='ocrx_word' id='word_1_679' title='bbox 2354 3803 2460 3842; x_wconf 90' lang='lat' dir='ltr'><strong>non</strong></span> <span class='ocrx_word' id='word_1_680' title='bbox 2512 3787 2779 3854; x_wconf 78' lang='lat' dir='ltr'><strong>excedat,</strong></span> <span class='ocrx_word' id='word_1_681' title='bbox 2821 3788 2946 3842; x_wconf 91' lang='lat' dir='ltr'><strong>dum</strong></span> <span class='ocrx_word' id='word_1_682' title='bbox 2997 3788 3222 3844; x_wconf 91' lang='lat' dir='ltr'><strong>intentio</strong></span> <span class='ocrx_word' id='word_1_683' title='bbox 3269 3790 3454 3860; x_wconf 87' lang='lat' dir='ltr'><strong>quale-</strong></span> 
     </span>
    </p>
   </div>
   <div class='ocr_carea' id='block_1_100' title="bbox 1867 3877 3451 3949">
    <p class='ocr_par' dir='ltr' id='par_1_100' title="bbox 1867 3877 3451 3949">
     <span class='ocr_line' id='line_1_100' title="bbox 1867 3877 3451 3949; baseline 0.002 -16"><span class='ocrx_word' id='word_1_684' title='bbox 1867 3894 2080 3949; x_wconf 90' lang='lat' dir='ltr'><strong>cunque</strong></span> <span class='ocrx_word' id='word_1_685' title='bbox 2121 3894 2259 3948; x_wconf 90' lang='lat' dir='ltr'><strong>opus</strong></span> <span class='ocrx_word' id='word_1_686' title='bbox 2304 3878 2473 3949; x_wconf 87' lang='lat' dir='ltr'><strong>ipsius</strong></span> <span class='ocrx_word' id='word_1_687' title='bbox 2525 3877 2991 3933; x_wconf 76' lang='lat' dir='ltr'><strong>delectatiunculae</strong></span> <span class='ocrx_word' id='word_1_688' title='bbox 3024 3880 3332 3947; x_wconf 80' lang='lat' dir='ltr'><strong>praecedere</strong></span> <span class='ocrx_word' id='word_1_689' title='bbox 3367 3881 3451 3936; x_wconf 85' lang='lat' dir='ltr'><strong>vi-</strong></span> 
     </span>
    </p>
   </div>
   <div class='ocr_carea' id='block_1_101' title="bbox 1866 3972 3453 4042">
    <p class='ocr_par' dir='ltr' id='par_1_101' title="bbox 1866 3972 3453 4042">
     <span class='ocr_line' id='line_1_101' title="bbox 1866 3972 3453 4042; baseline 0.002 -16"><span class='ocrx_word' id='word_1_690' title='bbox 1866 3972 2076 4026; x_wconf 84' lang='lat' dir='ltr'><strong>deatur.</strong></span> <span class='ocrx_word' id='word_1_691' title='bbox 2102 3972 2172 4025; x_wconf 84' lang='lat' dir='ltr'><strong>At</strong></span> <span class='ocrx_word' id='word_1_692' title='bbox 2201 3980 2487 4042; x_wconf 89' lang='lat' dir='ltr'><strong>postquam</strong></span> <span class='ocrx_word' id='word_1_693' title='bbox 2518 3986 2818 4025; x_wconf 88' lang='lat' dir='ltr'><strong>consensus</strong></span> <span class='ocrx_word' id='word_1_694' title='bbox 2844 3979 2898 4025; x_wconf 92' lang='lat' dir='ltr'><strong>et</strong></span> <span class='ocrx_word' id='word_1_695' title='bbox 2918 3972 3162 4042; x_wconf 88' lang='lat' dir='ltr'><strong>operatio</strong></span> <span class='ocrx_word' id='word_1_696' title='bbox 3191 3972 3243 4026; x_wconf 90' lang='lat' dir='ltr'><strong>in</strong></span> <span class='ocrx_word' id='word_1_697' title='bbox 3269 3981 3453 4030; x_wconf 86' lang='lat' dir='ltr'><strong>mente</strong></span> 
     </span>
    </p>
   </div>
   <div class='ocr_carea' id='block_1_102' title="bbox 1866 4062 3444 4132">
    <p class='ocr_par' dir='ltr' id='par_1_102' title="bbox 1866 4062 3444 4132">
     <span class='ocr_line' id='line_1_102' title="bbox 1866 4062 3444 4132; baseline 0.003 -16"><span class='ocrx_word' id='word_1_698' title='bbox 1866 4064 2258 4129; x_wconf 88' lang='lat' dir='ltr'><strong>successerint,</strong></span> <span class='ocrx_word' id='word_1_699' title='bbox 2296 4062 2587 4118; x_wconf 63' lang='lat' dir='ltr'><strong>ibi~oculus</strong></span> <span class='ocrx_word' id='word_1_700' title='bbox 2636 4077 2815 4131; x_wconf 76' lang='lat' dir='ltr'><strong>prava:</strong></span> <span class='ocrx_word' id='word_1_701' title='bbox 2859 4064 3210 4132; x_wconf 75' lang='lat' dir='ltr'><strong>providentia:</strong></span> <span class='ocrx_word' id='word_1_702' title='bbox 3246 4067 3444 4122; x_wconf 88' lang='lat' dir='ltr'><strong>cessim</strong></span> 
     </span>
    </p>
   </div>
   <div class='ocr_carea' id='block_1_103' title="bbox 1864 4154 3450 4225">
    <p class='ocr_par' dir='ltr' id='par_1_103' title="bbox 1864 4154 3450 4225">
     <span class='ocr_line' id='line_1_103' title="bbox 1864 4154 3450 4225; baseline 0.002 -15"><span class='ocrx_word' id='word_1_703' title='bbox 1864 4157 2034 4221; x_wconf 85' lang='lat' dir='ltr'><strong>vadit,</strong></span> <span class='ocrx_word' id='word_1_704' title='bbox 2074 4156 2196 4225; x_wconf 92' lang='lat' dir='ltr'><strong>quia</strong></span> <span class='ocrx_word' id='word_1_705' title='bbox 2228 4171 2381 4211; x_wconf 92' lang='lat' dir='ltr'><strong>mens</strong></span> <span class='ocrx_word' id='word_1_706' title='bbox 2413 4156 2663 4210; x_wconf 85' lang='lat' dir='ltr'><strong>universa</strong></span> <span class='ocrx_word' id='word_1_707' title='bbox 2694 4155 2748 4210; x_wconf 92' lang='lat' dir='ltr'><strong>in</strong></span> <span class='ocrx_word' id='word_1_708' title='bbox 2768 4166 3034 4211; x_wconf 79' lang='lat' dir='ltr'><strong>externos</strong></span> <span class='ocrx_word' id='word_1_709' title='bbox 3063 4154 3290 4212; x_wconf 85' lang='lat' dir='ltr'><strong>affectus</strong></span> <span class='ocrx_word' id='word_1_710' title='bbox 3319 4173 3450 4213; x_wconf 83' lang='lat' dir='ltr'><strong>eva-</strong></span> 
     </span>
    </p>
   </div>
   <div class='ocr_carea' id='block_1_104' title="bbox 1867 4246 3450 4318">
    <p class='ocr_par' dir='ltr' id='par_1_104' title="bbox 1867 4246 3450 4318">
     <span class='ocr_line' id='line_1_104' title="bbox 1867 4246 3450 4318; baseline 0.001 -16"><span class='ocrx_word' id='word_1_711' title='bbox 1867 4247 1965 4302; x_wconf 90' lang='lat' dir='ltr'><strong>dit.</strong></span> <span class='ocrx_word' id='word_1_712' title='bbox 1992 4247 2131 4316; x_wconf 80' lang='lat' dir='ltr'><strong>Quid</strong></span> <span class='ocrx_word' id='word_1_713' title='bbox 2158 4248 2302 4302; x_wconf 90' lang='lat' dir='ltr'><strong>enim</strong></span> <span class='ocrx_word' id='word_1_714' title='bbox 2331 4247 2401 4301; x_wconf 90' lang='lat' dir='ltr'><strong>ibi</strong></span> <span class='ocrx_word' id='word_1_715' title='bbox 2434 4246 2565 4302; x_wconf 90' lang='lat' dir='ltr'><strong>facit</strong></span> <span class='ocrx_word' id='word_1_716' title='bbox 2608 4246 2854 4309; x_wconf 86' lang='lat' dir='ltr'><strong>intentio,</strong></span> <span class='ocrx_word' id='word_1_717' title='bbox 2885 4248 2975 4303; x_wconf 90' lang='lat' dir='ltr'><strong>ubi</strong></span> <span class='ocrx_word' id='word_1_718' title='bbox 3005 4248 3121 4317; x_wconf 86' lang='lat' dir='ltr'><strong>ipsa</strong></span> <span class='ocrx_word' id='word_1_719' title='bbox 3151 4250 3450 4318; x_wconf 80' lang='lat' dir='ltr'><strong>postposita</strong></span> 
     </span>
    </p>
   </div>
   <div class='ocr_carea' id='block_1_105' title="bbox 1869 4322 3450 4408">
    <p class='ocr_par' dir='ltr' id='par_1_105' title="bbox 1869 4322 3450 4408">
     <span class='ocr_line' id='line_1_105' title="bbox 1869 4322 3450 4408; baseline 0.001 -16"><span class='ocrx_word' id='word_1_720' title='bbox 1869 4340 1976 4406; x_wconf 88' lang='lat' dir='ltr'><strong>iam</strong></span> <span class='ocrx_word' id='word_1_721' title='bbox 2016 4339 2173 4393; x_wconf 87' lang='lat' dir='ltr'><strong>saevit</strong></span> <span class='ocrx_word' id='word_1_722' title='bbox 2209 4337 2388 4391; x_wconf 89' lang='lat' dir='ltr'><strong>actio?</strong></span> <span class='ocrx_word' id='word_1_723' title='bbox 2419 4338 2731 4393; x_wconf 82' lang='lat' dir='ltr'><strong>Consensus</strong></span> <span class='ocrx_word' id='word_1_724' title='bbox 2761 4339 2918 4408; x_wconf 90' lang='lat' dir='ltr'><strong>plane</strong></span> <span class='ocrx_word' id='word_1_725' title='bbox 2965 4322 3211 4407; x_wconf 86' lang='lat' dir='ltr'><strong>quaedam</strong></span> <span class='ocrx_word' id='word_1_726' title='bbox 3239 4339 3450 4393; x_wconf 78' lang='lat' dir='ltr'><strong>exhibi-</strong></span> 
     </span>
    </p>
   </div>
   <div class='ocr_carea' id='block_1_106' title="bbox 1868 4431 3449 4503">
    <p class='ocr_par' dir='ltr' id='par_1_106' title="bbox 1868 4431 3449 4503">
     <span class='ocr_line' id='line_1_106' title="bbox 1868 4431 3449 4503; baseline 0.003 -17"><span class='ocrx_word' id='word_1_727' title='bbox 1868 4431 2031 4486; x_wconf 91' lang='lat' dir='ltr'><strong>tionis</strong></span> <span class='ocrx_word' id='word_1_728' title='bbox 2058 4441 2141 4485; x_wconf 91' lang='lat' dir='ltr'><strong>est</strong></span> <span class='ocrx_word' id='word_1_729' title='bbox 2162 4432 2358 4501; x_wconf 89' lang='lat' dir='ltr'><strong>portio,</strong></span> <span class='ocrx_word' id='word_1_730' title='bbox 2386 4433 2527 4501; x_wconf 89' lang='lat' dir='ltr'><strong>quod</strong></span> <span class='ocrx_word' id='word_1_731' title='bbox 2560 4433 2727 4489; x_wconf 85' lang='lat' dir='ltr'><strong>babes</strong></span> <span class='ocrx_word' id='word_1_732' title='bbox 2753 4450 2815 4489; x_wconf 83' lang='lat' dir='ltr'><strong>ex</strong></span> <span class='ocrx_word' id='word_1_733' title='bbox 2845 4433 3134 4501; x_wconf 81' lang='lat' dir='ltr'><strong>Evangelio</strong></span> <span class='ocrx_word' id='word_1_734' title='bbox 3160 4433 3227 4487; x_wconf 87' lang='lat' dir='ltr'><strong>de</strong></span> <span class='ocrx_word' id='word_1_735' title='bbox 3250 4434 3449 4503; x_wconf 87' lang='lat' dir='ltr'><strong>juvene</strong></span> 
     </span>
    </p>
   </div>
   <div class='ocr_carea' id='block_1_107' title="bbox 1866 4517 3449 4592">
    <p class='ocr_par' dir='ltr' id='par_1_107' title="bbox 1866 4517 3449 4592">
     <span class='ocr_line' id='line_1_107' title="bbox 1866 4517 3449 4592; baseline 0.003 -19"><span class='ocrx_word' id='word_1_736' title='bbox 1866 4526 2024 4573; x_wconf 79' lang='lat' dir='ltr'><strong>extra</strong></span> <span class='ocrx_word' id='word_1_737' title='bbox 2069 4527 2279 4587; x_wconf 88' lang='lat' dir='ltr'><strong>portam</strong></span> <span class='ocrx_word' id='word_1_738' title='bbox 2314 4518 2455 4573; x_wconf 89' lang='lat' dir='ltr'><strong>elato</strong></span> <span class='ocrx_word' id='word_1_739' title='bbox 2488 4517 2640 4589; x_wconf 87' lang='lat' dir='ltr'><strong>(Luc.</strong></span> <span class='ocrx_word' id='word_1_740' title='bbox 2671 4536 2767 4583; x_wconf 87' lang='lat' dir='ltr'><strong>vu,</strong></span> <span class='ocrx_word' id='word_1_741' title='bbox 2806 4520 2915 4589; x_wconf 76' lang='grc'><strong>12).</strong></span> <span class='ocrx_word' id='word_1_742' title='bbox 2945 4520 3039 4574; x_wconf 87' lang='lat' dir='ltr'><strong>Est</strong></span> <span class='ocrx_word' id='word_1_743' title='bbox 3069 4536 3198 4592; x_wconf 88' lang='lat' dir='ltr'><strong>ergo</strong></span> <span class='ocrx_word' id='word_1_744' title='bbox 3237 4522 3291 4575; x_wconf 92' lang='lat' dir='ltr'><strong>in</strong></span> <span class='ocrx_word' id='word_1_745' title='bbox 3322 4537 3449 4578; x_wconf 86' lang='lat' dir='ltr'><strong>con-</strong></span> 
     </span>
    </p>
   </div>
   <div class='ocr_carea' id='block_1_108' title="bbox 1864 4615 3448 4689">
    <p class='ocr_par' dir='ltr' id='par_1_108' title="bbox 1864 4615 3448 4689">
     <span class='ocr_line' id='line_1_108' title="bbox 1864 4615 3448 4689; baseline 0.005 -19"><span class='ocrx_word' id='word_1_746' title='bbox 1864 4630 2023 4670; x_wconf 90' lang='lat' dir='ltr'><strong>sensu</strong></span> <span class='ocrx_word' id='word_1_747' title='bbox 2052 4624 2105 4670; x_wconf 89' lang='lat' dir='ltr'><strong>et</strong></span> <span class='ocrx_word' id='word_1_748' title='bbox 2142 4629 2306 4683; x_wconf 90' lang='lat' dir='ltr'><strong>opere</strong></span> <span class='ocrx_word' id='word_1_749' title='bbox 2329 4615 2476 4683; x_wconf 89' lang='lat' dir='ltr'><strong>justa</strong></span> <span class='ocrx_word' id='word_1_750' title='bbox 2515 4617 2721 4670; x_wconf 87' lang='lat' dir='ltr'><strong>ordinis</strong></span> <span class='ocrx_word' id='word_1_751' title='bbox 2761 4616 3061 4671; x_wconf 89' lang='lat' dir='ltr'><strong>litterarum</strong></span> <span class='ocrx_word' id='word_1_752' title='bbox 3102 4621 3355 4687; x_wconf 89' lang='lat' dir='ltr'><strong>mutatio,</strong></span> <span class='ocrx_word' id='word_1_753' title='bbox 3390 4631 3448 4689; x_wconf 86' lang='lat' dir='ltr'><strong>ut</strong></span> 
     </span>
    </p>
   </div>
   <div class='ocr_carea' id='block_1_109' title="bbox 1864 4707 3547 4780">
    <p class='ocr_par' dir='ltr' id='par_1_109' title="bbox 1864 4707 3547 4780">
     <span class='ocr_line' id='line_1_109' title="bbox 1864 4707 3547 4780; baseline 0.002 -19"><span class='ocrx_word' id='word_1_754' title='bbox 1864 4707 1935 4763; x_wconf 89' lang='lat' dir='ltr'><strong>ibi</strong></span> <span class='ocrx_word' id='word_1_755' title='bbox 1991 4707 2245 4761; x_wconf 90' lang='lat' dir='ltr'><strong>nimirum</strong></span> <span class='ocrx_word' id='word_1_756' title='bbox 2298 4708 2544 4761; x_wconf 84' lang='lat' dir='ltr'><strong>subsidat</strong></span> <span class='ocrx_word' id='word_1_757' title='bbox 2582 4708 2845 4773; x_wconf 86' lang='lat' dir='ltr'><strong>intentio,</strong></span> <span class='ocrx_word' id='word_1_758' title='bbox 2898 4725 3006 4778; x_wconf 90' lang='lat' dir='ltr'><strong>quo</strong></span> <span class='ocrx_word' id='word_1_759' title='bbox 3053 4712 3232 4780; x_wconf 90' lang='lat' dir='ltr'><strong>operis</strong></span> <span class='ocrx_word' id='word_1_760' title='bbox 3291 4729 3446 4770; x_wconf 89' lang='lat' dir='ltr'><strong>meus</strong></span> <span class='ocrx_word' id='word_1_761' title='bbox 3542 4760 3547 4765; x_wconf 41' lang='grc' dir='ltr'><strong><em>λ</em></strong></span> 
     </span>
    </p>
   </div>
   <div class='ocr_carea' id='block_1_110' title="bbox 1862 4798 3447 4872">
    <p class='ocr_par' dir='ltr' id='par_1_110' title="bbox 1862 4798 3447 4872">
     <span class='ocr_line' id='line_1_110' title="bbox 1862 4798 3447 4872; baseline 0.004 -18"><span class='ocrx_word' id='word_1_762' title='bbox 1862 4799 2113 4854; x_wconf 82' lang='lat' dir='ltr'><strong>universa</strong></span> <span class='ocrx_word' id='word_1_763' title='bbox 2162 4814 2221 4854; x_wconf 89' lang='lat' dir='ltr'><strong>se</strong></span> <span class='ocrx_word' id='word_1_764' title='bbox 2279 4798 2543 4865; x_wconf 77' lang='lat' dir='ltr'><strong>przmnisit</strong></span> <span class='ocrx_word' id='word_1_765' title='bbox 2591 4799 2642 4852; x_wconf 93' lang='lat' dir='ltr'><strong>in</strong></span> <span class='ocrx_word' id='word_1_766' title='bbox 2693 4801 2893 4855; x_wconf 91' lang='lat' dir='ltr'><strong>studio.</strong></span> <span class='ocrx_word' id='word_1_767' title='bbox 2944 4799 3114 4855; x_wconf 89' lang='lat' dir='ltr'><strong>Porro</strong></span> <span class='ocrx_word' id='word_1_768' title='bbox 3164 4802 3447 4872; x_wconf 86' lang='lat' dir='ltr'><strong>triplicitas</strong></span> 
     </span>
    </p>
   </div>
   <div class='ocr_carea' id='block_1_111' title="bbox 1861 4891 3443 4965">
    <p class='ocr_par' dir='ltr' id='par_1_111' title="bbox 1861 4891 3443 4965">
     <span class='ocr_line' id='line_1_111' title="bbox 1861 4891 3443 4965; baseline 0.003 -19"><span class='ocrx_word' id='word_1_769' title='bbox 1861 4907 1980 4963; x_wconf 61' lang='lat' dir='ltr'><strong>quae</strong></span> <span class='ocrx_word' id='word_1_770' title='bbox 2029 4894 2079 4947; x_wconf 91' lang='lat' dir='ltr'><strong>in</strong></span> <span class='ocrx_word' id='word_1_771' title='bbox 2134 4893 2294 4946; x_wconf 89' lang='lat' dir='ltr'><strong>tertio</strong></span> <span class='ocrx_word' id='word_1_772' title='bbox 2347 4891 2633 4961; x_wconf 88' lang='lat' dir='ltr'><strong>alpbabeto</strong></span> <span class='ocrx_word' id='word_1_773' title='bbox 2674 4895 3005 4963; x_wconf 75' lang='lat' dir='ltr'><strong>praeponitur</strong></span> <span class='ocrx_word' id='word_1_774' title='bbox 3044 4897 3443 4965; x_wconf 87' lang='lat' dir='ltr'><strong>cbaracterum,</strong></span> 
     </span>
    </p>
   </div>
   <div class='ocr_carea' id='block_1_112' title="bbox 1860 4988 3442 5059">
    <p class='ocr_par' dir='ltr' id='par_1_112' title="bbox 1860 4988 3442 5059">
     <span class='ocr_line' id='line_1_112' title="bbox 1860 4988 3442 5059; baseline 0.002 -16"><span class='ocrx_word' id='word_1_775' title='bbox 1860 4989 1934 5043; x_wconf 90' lang='lat' dir='ltr'><strong>nil</strong></span> <span class='ocrx_word' id='word_1_776' title='bbox 1980 4988 2126 5044; x_wconf 90' lang='lat' dir='ltr'><strong>aliud</strong></span> <span class='ocrx_word' id='word_1_777' title='bbox 2162 4997 2246 5044; x_wconf 91' lang='lat' dir='ltr'><strong>est</strong></span> <span class='ocrx_word' id='word_1_778' title='bbox 2279 5004 2441 5058; x_wconf 85' lang='lat' dir='ltr'><strong>quam</strong></span> <span class='ocrx_word' id='word_1_779' title='bbox 2483 4988 2771 5044; x_wconf 89' lang='lat' dir='ltr'><strong>instructio</strong></span> <span class='ocrx_word' id='word_1_780' title='bbox 2805 4990 2944 5044; x_wconf 89' lang='lat' dir='ltr'><strong>sacri</strong></span> <span class='ocrx_word' id='word_1_781' title='bbox 2987 4990 3184 5059; x_wconf 87' lang='lat' dir='ltr'><strong>eloquii</strong></span> <span class='ocrx_word' id='word_1_782' title='bbox 3221 4992 3287 5046; x_wconf 90' lang='lat' dir='ltr'><strong>ad</strong></span> <span class='ocrx_word' id='word_1_783' title='bbox 3321 5008 3442 5046; x_wconf 86' lang='lat' dir='ltr'><strong>mu-</strong></span> 
     </span>
    </p>
   </div>
   <div class='ocr_carea' id='block_1_113' title="bbox 1859 5082 3443 5154">
    <p class='ocr_par' dir='ltr' id='par_1_113' title="bbox 1859 5082 3443 5154">
     <span class='ocr_line' id='line_1_113' title="bbox 1859 5082 3443 5154; baseline 0.001 -17"><span class='ocrx_word' id='word_1_784' title='bbox 1859 5084 2041 5138; x_wconf 90' lang='lat' dir='ltr'><strong>nimen</strong></span> <span class='ocrx_word' id='word_1_785' title='bbox 2103 5083 2486 5154; x_wconf 82' lang='lat' dir='ltr'><strong>cogitationis,</strong></span> <span class='ocrx_word' id='word_1_786' title='bbox 2544 5082 2833 5137; x_wconf 88' lang='lat' dir='ltr'><strong>locutionis</strong></span> <span class='ocrx_word' id='word_1_787' title='bbox 2891 5093 2946 5137; x_wconf 86' lang='lat' dir='ltr'><strong>et</strong></span> <span class='ocrx_word' id='word_1_788' title='bbox 3013 5098 3267 5152; x_wconf 86' lang='lat' dir='ltr'><strong>operum;</strong></span> <span class='ocrx_word' id='word_1_789' title='bbox 3326 5084 3443 5139; x_wconf 65' lang='lat' dir='ltr'><strong>haec</strong></span> 
     </span>
    </p>
   </div>
   <div class='ocr_carea' id='block_1_114' title="bbox 1857 5174 3440 5231">
    <p class='ocr_par' dir='ltr' id='par_1_114' title="bbox 1857 5174 3440 5231">
     <span class='ocr_line' id='line_1_114' title="bbox 1857 5174 3440 5231; baseline -0.001 -1"><span class='ocrx_word' id='word_1_790' title='bbox 1857 5176 2000 5230; x_wconf 90' lang='lat' dir='ltr'><strong>enim</strong></span> <span class='ocrx_word' id='word_1_791' title='bbox 2053 5174 2358 5231; x_wconf 79' lang='lat' dir='ltr'><strong>necessaria</strong></span> <span class='ocrx_word' id='word_1_792' title='bbox 2418 5185 2501 5229; x_wconf 89' lang='lat' dir='ltr'><strong>est</strong></span> <span class='ocrx_word' id='word_1_793' title='bbox 2551 5174 2872 5229; x_wconf 78' lang='lat' dir='ltr'><strong>triformiter</strong></span> <span class='ocrx_word' id='word_1_794' title='bbox 2921 5177 2988 5228; x_wconf 90' lang='lat' dir='ltr'><strong>ad</strong></span> <span class='ocrx_word' id='word_1_795' title='bbox 3042 5175 3440 5229; x_wconf 87' lang='lat' dir='ltr'><strong>restrictionem</strong></span> 
     </span>
    </p>
   </div>
   <div class='ocr_carea' id='block_1_115' title="bbox 1858 5267 3441 5337">
    <p class='ocr_par' dir='ltr' id='par_1_115' title="bbox 1858 5267 3441 5337">
     <span class='ocr_line' id='line_1_115' title="bbox 1858 5267 3441 5337; baseline 0 -14"><span class='ocrx_word' id='word_1_796' title='bbox 1858 5268 2124 5337; x_wconf 89' lang='lat' dir='ltr'><strong>lapsuum.</strong></span> <span class='ocrx_word' id='word_1_797' title='bbox 2167 5267 2320 5323; x_wconf 86' lang='lat' dir='ltr'><strong>Sicut</strong></span> <span class='ocrx_word' id='word_1_798' title='bbox 2351 5268 2495 5322; x_wconf 88' lang='lat' dir='ltr'><strong>enim</strong></span> <span class='ocrx_word' id='word_1_799' title='bbox 2528 5268 2853 5323; x_wconf 88' lang='lat' dir='ltr'><strong>verecundia</strong></span> <span class='ocrx_word' id='word_1_800' title='bbox 2902 5275 3030 5321; x_wconf 88' lang='lat' dir='ltr'><strong>ante</strong></span> <span class='ocrx_word' id='word_1_801' title='bbox 3057 5281 3243 5322; x_wconf 91' lang='lat' dir='ltr'><strong>casum</strong></span> <span class='ocrx_word' id='word_1_802' title='bbox 3292 5267 3441 5323; x_wconf 90' lang='lat' dir='ltr'><strong>utilis</strong></span> 
     </span>
    </p>
   </div>
   <div class='ocr_carea' id='block_1_116' title="bbox 1857 5359 3439 5432">
    <p class='ocr_par' dir='ltr' id='par_1_116' title="bbox 1857 5359 3439 5432">
     <span class='ocr_line' id='line_1_116' title="bbox 1857 5359 3439 5432; baseline 0 -16"><span class='ocrx_word' id='word_1_803' title='bbox 1857 5372 1959 5427; x_wconf 89' lang='lat' dir='ltr'><strong>est,</strong></span> <span class='ocrx_word' id='word_1_804' title='bbox 1993 5371 2115 5432; x_wconf 88' lang='lat' dir='ltr'><strong>post</strong></span> <span class='ocrx_word' id='word_1_805' title='bbox 2137 5377 2325 5417; x_wconf 90' lang='lat' dir='ltr'><strong>casum</strong></span> <span class='ocrx_word' id='word_1_806' title='bbox 2358 5377 2486 5415; x_wconf 82' lang='lat' dir='ltr'><strong>vero</strong></span> <span class='ocrx_word' id='word_1_807' title='bbox 2516 5371 2721 5416; x_wconf 77' lang='lat' dir='ltr'><strong>sancta:</strong></span> <span class='ocrx_word' id='word_1_808' title='bbox 2771 5359 3137 5415; x_wconf 89' lang='lat' dir='ltr'><strong>confessionis</strong></span> <span class='ocrx_word' id='word_1_809' title='bbox 3164 5360 3439 5417; x_wconf 91' lang='lat' dir='ltr'><strong>obstrusio</strong></span> 
     </span>
    </p>
   </div>
   <div class='ocr_carea' id='block_1_117' title="bbox 1856 5451 3438 5524">
    <p class='ocr_par' dir='ltr' id='par_1_117' title="bbox 1856 5451 3438 5524">
     <span class='ocr_line' id='line_1_117' title="bbox 1856 5451 3438 5524; baseline -0.003 -12"><span class='ocrx_word' id='word_1_810' title='bbox 1856 5464 1961 5522; x_wconf 89' lang='lat' dir='ltr'><strong>est,</strong></span> <span class='ocrx_word' id='word_1_811' title='bbox 1988 5456 2068 5509; x_wconf 90' lang='lat' dir='ltr'><strong>sic</strong></span> <span class='ocrx_word' id='word_1_812' title='bbox 2100 5456 2331 5509; x_wconf 88' lang='lat' dir='ltr'><strong>intentio</strong></span> <span class='ocrx_word' id='word_1_813' title='bbox 2365 5464 2491 5508; x_wconf 89' lang='lat' dir='ltr'><strong>ante</strong></span> <span class='ocrx_word' id='word_1_814' title='bbox 2520 5461 2800 5524; x_wconf 87' lang='lat' dir='ltr'><strong>peccatum</strong></span> <span class='ocrx_word' id='word_1_815' title='bbox 2847 5451 3014 5506; x_wconf 86' lang='lat' dir='ltr'><strong>multa</strong></span> <span class='ocrx_word' id='word_1_816' title='bbox 3067 5453 3438 5523; x_wconf 80' lang='lat' dir='ltr'><strong>circumspec-</strong></span> 
     </span>
    </p>
   </div>
   <div class='ocr_carea' id='block_1_118' title="bbox 1858 5546 3439 5615">
    <p class='ocr_par' dir='ltr' id='par_1_118' title="bbox 1858 5546 3439 5615">
     <span class='ocr_line' id='line_1_118' title="bbox 1858 5546 3439 5615; baseline 0.001 -15"><span class='ocrx_word' id='word_1_817' title='bbox 1858 5547 2060 5600; x_wconf 92' lang='lat' dir='ltr'><strong>tionum</strong></span> <span class='ocrx_word' id='word_1_818' title='bbox 2098 5563 2224 5600; x_wconf 68' lang='lat' dir='ltr'><strong>cura</strong></span> <span class='ocrx_word' id='word_1_819' title='bbox 2268 5546 2492 5615; x_wconf 85' lang='lat' dir='ltr'><strong>indiget,</strong></span> <span class='ocrx_word' id='word_1_820' title='bbox 2538 5555 2823 5614; x_wconf 85' lang='lat' dir='ltr'><strong>postquam</strong></span> <span class='ocrx_word' id='word_1_821' title='bbox 2859 5559 2989 5599; x_wconf 89' lang='lat' dir='ltr'><strong>vero</strong></span> <span class='ocrx_word' id='word_1_822' title='bbox 3032 5546 3085 5598; x_wconf 90' lang='lat' dir='ltr'><strong>in</strong></span> <span class='ocrx_word' id='word_1_823' title='bbox 3121 5560 3439 5615; x_wconf 90' lang='lat' dir='ltr'><strong>perversum</strong></span> 
     </span>
    </p>
   </div>
   <div class='ocr_carea' id='block_1_119' title="bbox 1856 5638 3439 5709">
    <p class='ocr_par' dir='ltr' id='par_1_119' title="bbox 1856 5638 3439 5709">
     <span class='ocr_line' id='line_1_119' title="bbox 1856 5638 3439 5709; baseline 0 -15"><span class='ocrx_word' id='word_1_824' title='bbox 1856 5640 2049 5694; x_wconf 89' lang='lat' dir='ltr'><strong>transit</strong></span> <span class='ocrx_word' id='word_1_825' title='bbox 2075 5656 2226 5709; x_wconf 90' lang='lat' dir='ltr'><strong>opus,</strong></span> <span class='ocrx_word' id='word_1_826' title='bbox 2270 5640 2425 5693; x_wconf 85' lang='lat' dir='ltr'><strong>deses</strong></span> <span class='ocrx_word' id='word_1_827' title='bbox 2455 5648 2508 5692; x_wconf 88' lang='lat' dir='ltr'><strong>et</strong></span> <span class='ocrx_word' id='word_1_828' title='bbox 2532 5652 2666 5707; x_wconf 86' lang='lat' dir='ltr'><strong>pene</strong></span> <span class='ocrx_word' id='word_1_829' title='bbox 2702 5638 2846 5693; x_wconf 91' lang='lat' dir='ltr'><strong>nulla</strong></span> <span class='ocrx_word' id='word_1_830' title='bbox 2873 5648 3139 5705; x_wconf 88' lang='lat' dir='ltr'><strong>remanet,</strong></span> <span class='ocrx_word' id='word_1_831' title='bbox 3172 5639 3297 5708; x_wconf 88' lang='lat' dir='ltr'><strong>quia</strong></span> <span class='ocrx_word' id='word_1_832' title='bbox 3329 5653 3439 5707; x_wconf 88' lang='lat' dir='ltr'><strong>quo</strong></span> 
     </span>
    </p>
   </div>
   <div class='ocr_carea' id='block_1_120' title="bbox 1854 5732 3436 5803">
    <p class='ocr_par' dir='ltr' id='par_1_120' title="bbox 1854 5732 3436 5803">
     <span class='ocr_line' id='line_1_120' title="bbox 1854 5732 3436 5803; baseline 0.003 -18"><span class='ocrx_word' id='word_1_833' title='bbox 1854 5732 2122 5799; x_wconf 87' lang='lat' dir='ltr'><strong>intendat,</strong></span> <span class='ocrx_word' id='word_1_834' title='bbox 2155 5739 2440 5803; x_wconf 81' lang='lat' dir='ltr'><strong>postquam</strong></span> <span class='ocrx_word' id='word_1_835' title='bbox 2475 5732 2610 5787; x_wconf 85' lang='lat' dir='ltr'><strong>satis</strong></span> <span class='ocrx_word' id='word_1_836' title='bbox 2648 5748 2759 5789; x_wconf 75' lang='lat' dir='ltr'><strong>sua:</strong></span> <span class='ocrx_word' id='word_1_837' title='bbox 2790 5733 2983 5789; x_wconf 79' lang='lat' dir='ltr'><strong>fecerit</strong></span> <span class='ocrx_word' id='word_1_838' title='bbox 3011 5732 3296 5798; x_wconf 87' lang='lat' dir='ltr'><strong>voluntati,</strong></span> <span class='ocrx_word' id='word_1_839' title='bbox 3328 5747 3436 5791; x_wconf 85' lang='lat' dir='ltr'><strong>non</strong></span> 
     </span>
    </p>
   </div>
   <div class='ocr_carea' id='block_1_121' title="bbox 1854 5820 2032 5877">
    <p class='ocr_par' dir='ltr' id='par_1_121' title="bbox 1854 5820 2032 5877">
     <span class='ocr_line' id='line_1_121' title="bbox 1854 5820 2032 5877; baseline -0.006 0"><span class='ocrx_word' id='word_1_840' title='bbox 1854 5820 2032 5877; x_wconf 57' lang='lat' dir='ltr'><strong>habet</strong></span> 
     </span>
    </p>
   </div>
  </div>
