4038 6330
707 362 813 423 483

1411 487 1562 527 ΒΔΒΕ.

772 569 937 624 Vsus.
974 568 1059 624 l8.
1098 596 1166 607 -
1210 583 1229 618 ‹
1262 564 1689 620 Lubricaveruut
1723 561 1949 633 vestigia
1982 570 2167 617 nostra
2216 559 2271 613 in

703 679 723 714 ι
770 661 963 714 itinere
993 658 1292 728 platearum
1321 666 1654 718 nostrarum,
1676 652 2131 725 appropinquavit
2150 650 2273 706 ﬁnis

702 772 723 806 ‹
767 763 969 816 noster,
1007 750 1258 820 completi
1290 759 1419 804 sunt
1448 748 1568 803 dies
1599 748 1797 810 nostri,
1821 762 1946 816 quia
1973 744 2123 800 venit
2151 743 2273 799 ﬁnis

702 864 724 899 ι
767 855 973 902 noster.
1008 864 1027 897 ι
1061 843 1218 908 Sade,
1244 843 1482 913 justitia;
1511 858 1631 910 qua:
1661 839 1917 908 refertur,
1949 840 2091 897 sicut
2115 852 2273 907 supe-

696 943 831 1010 rius,
860 942 927 996 ad
949 940 1097 1009 iusta
1128 940 1222 994 Dei
1254 938 1480 1009 judicia.
1519 936 1621 1004 Qui
1664 944 2016 1004 respexerant
2042 949 2109 989 aa
2149 947 2273 1001 gen-

694 1043 820 1095 tem,
869 1035 919 1090 id
948 1042 1032 1089 est
1059 1035 1127 1087 ad
1170 1036 1421 1087 humana:
1456 1029 1964 1099 circumspectionis
1998 1028 2269 1093 astutiam,

692 1143 811 1197 qua:
839 1143 924 1180 eos
971 1124 1174 1179 salvare
1204 1141 1306 1178 non
1332 1132 1556 1194 poterat,
1591 1122 1750 1176 modo
1793 1119 2089 1174 lubricasse
2117 1120 2273 1173 vesti-

692 1221 777 1290 gia
803 1236 899 1273 sua
930 1220 984 1271 in
1014 1218 1197 1271 itinere
1223 1216 1515 1287 platearum
1542 1216 1748 1279 dicunt,
1783 1229 1903 1268 cum
1952 1212 2271 1267 labefactari

695 1309 1012 1365 affectiones
1049 1322 1174 1363 suas
1219 1323 1314 1377 per
1351 1306 1769 1362 sollicitudinum
1800 1303 1982 1357 seculi
2022 1303 2273 1371 disquisi-

694 1404 869 1458 tiones
909 1401 1213 1457 attendunt.
1258 1398 1410 1454 Finis
1456 1414 1643 1454 eorum
1692 1397 2107 1467 appropinquat.
2148 1412 2269 1450 eum

696 1504 979 1566 peccatum
1037 1500 1442 1548 consummatur
1505 1490 1558 1544 in
1613 1504 1812 1558 opere,
1865 1488 2005 1556 quod
2057 1485 2270 1540 animus

694 1587 1010 1641 desunarat.
1062 1584 1186 1638 Dies
1246 1598 1434 1637 eorum
1477 1580 1814 1651 complentur
1863 1594 1984 1632 cum
2040 1579 2270 1632 virtutes

692 1685 1107 1733 consumuntur.
1158 1674 1223 1730 Et
1252 1675 1375 1739 hoc,
1415 1669 1542 1744 quia
1590 1674 1736 1729 venit
1779 1673 1901 1729 finis
1947 1671 2270 1727 omnimodae

692 1772 905 1830 scilicet
936 1771 1199 1826 mentium
1235 1769 1621 1826 destitutionis.

1402 1876 1556 1917 COPﬂ.

763 1956 928 2013 Vens.
976 1957 1062 2013 l9.
1091 1985 1164 1999 —-
1215 1973 1234 2007 ι
1268 1954 1578 2010 Velociores
1634 1952 1852 2007 fuerunt
1900 1958 2269 2023 persecutores

700 2071 721 2106 ι
768 2050 941 2106 nostri
971 2049 1167 2119 aquilis
1194 2047 1351 2112 caeli;
1394 2061 1555 2117 super
1586 2056 1796 2100 montes
1839 2045 2105 2112 persecuti
2145 2049 2270 2097 sunt

702 2161 723 2194 ι
769 2157 891 2205 nos,
921 2140 976 2194 in
1004 2142 1218 2194 deserto
1249 2138 1485 2192 insidiati
1517 2143 1642 2191 sunt
1677 2136 1851 2191 nobis.
1897 2153 1916 2186 ι
1951 2134 2119 2204 Coph,
2148 2150 2271 2187 con-

694 2232 879 2287 clusio.
909 2230 1072 2285 Plane
1099 2228 1494 2293 concludimur,
1528 2242 1648 2281 cum
1681 2227 1933 2279 vitiorum
1965 2224 2270 2294 frequentia

694 2332 1136 2394 coangustamur.
1167 2320 1320 2376 Unde
1347 2319 1624 2374 velociores
1654 2317 1845 2388 aquilis
1884 2318 1996 2371 caeli
2025 2332 2268 2386 persecu-

692 2427 830 2472 tores
862 2417 1028 2471 nostri
1066 2424 1212 2481 sunt,
1249 2428 1372 2468 cum
1413 2413 1598 2468 carnis
1629 2412 1923 2477 incentiva,
1965 2426 2085 2480 qua;
2116 2409 2271 2464 nobis

692 2510 1012 2565 naturaliter
1054 2507 1505 2576 incumbunt,lex
1534 2506 1649 2574 ipso
1695 2503 2101 2559 consuetudinis
2148 2517 2272 2569 usu,

694 2603 831 2672 ipsis
861 2603 1021 2657 etiam
1056 2600 1392 2656 daemonibus
1419 2600 1691 2653 rabidiora
1722 2607 1864 2653 sunt.
1894 2596 2100 2666 Aquila:
2126 2596 2271 2650 eui-nt

694 2710 795 2765 pro
819 2710 916 2748 sua
958 2695 1252 2763 rapacitate
1282 2693 1333 2747 id
1359 2690 1687 2762 signiﬁcant.
1733 2689 1901 2760 Super
1947 2702 2145 2745 montes
2178 2703 2274 2743 nos

701 2797 1124 2858 persequuntur,
1159 2802 1281 2841 cum
1322 2787 1374 2839 in
1405 2786 1519 2855 ipsa
1556 2784 1806 2854 superbia
1846 2796 2025 2837 nostra
2052 2798 2151 2837 nos
2181 2782 2272 2839 de-

697 2879 1013 2933 metiuntur.
1071 2877 1136 2931 In
1164 2877 1368 2931 deserto
1399 2877 1741 2940 insidiantur,
1785 2890 1904 2929 cum
1955 2890 2052 2931 nos
2097 2891 2126 2929 a
2163 2876 2273 2930 Deo

695 2972 943 3042 desertos
971 2972 1041 3026 ob
1070 2977 1257 3026 nostra
1285 2969 1523 3024 facinora
1556 2976 1914 3039 aucupentur.

1430 3077 1544 3119 RES.

768 3154 930 3209 Vens.
976 3154 1066 3209 20.
1094 3184 1163 3194 —
1207 3172 1226 3205 ι
1266 3152 1503 3223 Spiritus
1532 3153 1640 3208 oris
1671 3153 1841 3208 nostri
1886 3152 2135 3208 Christus
2168 3153 2265 3208 Do-

700 3267 721 3301 s
767 3249 947 3303 minus
977 3255 1168 3315 captus
1195 3260 1277 3302 est
1297 3248 1348 3300 iu
1374 3247 1611 3317 peccatis
1637 3248 1860 3301 nostris.
1883 3246 1981 3301 Cui
2010 3248 2266 3301 diximus:

700 3360 719 3393 ι
765 3341 821 3396 lu
855 3342 1047 3395 umbra
1078 3349 1168 3394 tua
1200 3341 1443 3394 vivemus
1472 3339 1525 3393 in
1554 3340 1822 3409 gentibus.
1854 3359 1872 3391 ι
1915 3339 2045 3402 Res,
2074 3339 2272 3392 dicitur

690 3433 926 3503 spiritus.
961 3430 1189 3501 Spiritus
1230 3442 1409 3485 autem
1443 3430 1549 3483 oris
1580 3430 1770 3494 nostri,
1809 3429 2160 3501 intelligentia
2186 3437 2271 3483 est

692 3525 871 3579 cordis
902 3523 1092 3577 nostri.
1128 3521 1200 3576 Os
1230 3523 1372 3577 enim
1405 3537 1503 3591 pro
1548 3523 1702 3575 corde
1749 3522 2001 3591 ponitur,
2047 3530 2106 3575 ut
2144 3530 2266 3576 est:

695 3634 715 3667 ι
750 3614 826 3670 Os
849 3613 977 3683 justi
1003 3614 1352 3667 meditabitur
1373 3614 1690 3682 sapientiam
1708 3612 1881 3684 (Psnl.
1906 3628 2096 3679 xxvvi,
2116 3612 2227 3684 50);
2246 3632 2263 3665 ι

695 3715 750 3760 ct
796 3724 808 3759 :
857 3724 874 3755 ι
916 3704 1227 3758 Voluntaria
1267 3706 1379 3758 oris
1424 3705 1530 3757 mei
1582 3705 1916 3773 bereplacita
1962 3705 2045 3759 fac
2076 3704 2266 3775 (Psal.

692 3809 885 3858 cxvut,
915 3794 1059 3863 108).
1094 3812 1114 3846 s
1144 3792 1266 3849 lese
1306 3791 1534 3864 Spiritus
1572 3793 1820 3849 Christus
1876 3796 2133 3849 Dominus
2187 3795 2268 3849 di-

692 3888 859 3951 citur,
896 3886 1023 3955 quia
1065 3894 1118 3941 et
1163 3886 1291 3955 ungi
1334 3901 1363 3939 a
1401 3885 1512 3940 Deo
1539 3885 1589 3940 ei
1633 3884 1939 3956 specialiter
1966 3890 2177 3953 attinet,
2216 3897 2270 3943 ct

696 3980 963 4035 dominari
996 3994 1118 4034 eum
1150 3994 1258 4034 non
1283 3980 1461 4034 minus
1484 3980 1659 4033 decet.
1687 3979 1734 4033 Is
1758 3983 1813 4033 in
1836 3982 2024 4035 nostris
2045 3981 2266 4050 peccatis

691 4072 928 4140 capitur,
960 4087 1083 4126 cum
1120 4087 1307 4126 eorum
1335 4071 1753 4139 superveniente
1781 4073 2002 4127 servitio
2029 4076 2095 4126 ab
2126 4074 2265 4130 arbi-

690 4165 783 4218 trii
816 4166 897 4218 sui
930 4163 1179 4218 libertate
1221 4164 1487 4234 privatur.
1529 4163 1625 4216 Cui
1654 4164 1899 4229 dicimus,
1933 4165 1983 4218 id
2031 4174 2133 4230 est,
2173 4180 2263 4221 as-

694 4256 957 4311 cribimus
999 4256 1141 4325 quod
1172 4257 1274 4310 sub
1303 4255 1493 4309 umbra
1531 4256 1648 4324 ejus
1685 4256 1867 4311 vivere
1901 4259 2169 4327 possimus
2209 4260 2265 4313 in

691 4347 948 4418 gentibus,
981 4348 1123 4416 quod
1154 4347 1406 4402 videlicet
1454 4348 1559 4403 sub
1593 4348 1827 4416 imagine
1861 4350 2107 4414 rationis,
2159 4366 2266 4406 non

688 4439 745 4494 in
773 4438 978 4510 azymis
1007 4438 1361 4503 sinceritatis,
1392 4436 1634 4492 saeculari
1660 4437 1910 4492 videlicet
1934 4438 2042 4503 illa,
2072 4441 2137 4495 de
2160 4454 2266 4511 qua

691 4547 856 4601 supra
916 4532 1191 4599 diximus,
1245 4530 1459 4587 cautela
1509 4544 1608 4585 nos
1665 4530 1806 4584 inter
1860 4530 1987 4585 vitia
2043 4532 2340 4611 palliareD

688 4638 973 4694 queamus.

771 4804 932 4860 Vens.
963 4805 1053 4859 ﬁt.
1084 4834 1154 4847 --
1187 4824 1204 4856 ι
1233 4803 1419 4859 Gaude
1460 4814 1513 4859 et
1538 4804 1741 4870 laetare,
1788 4804 1897 4859 tilia
1927 4805 2117 4873 Edom,
2144 4819 2264 4877 qua:

692 4916 714 4950 ι
762 4897 976 4952 habitas
1023 4896 1077 4950 in
1126 4905 1267 4951 terra
1320 4895 1450 4951 Hus.
1503 4896 1586 4950 Ad
1624 4907 1674 4951 te
1730 4911 1945 4969 quoque
1987 4899 2264 4968 perveniet

694 5008 716 5043 ι
760 4988 923 5054 calix,
962 4988 1340 5053 iuebriaberis,
1374 4998 1535 5057 atque
1575 4989 1886 5043 nudaberis.
1932 5009 1951 5042 s
1994 4990 2090 5045 Sin
2118 5030 2134 5058 ,
2186 4990 2267 5048 di-

688 5083 831 5137 citur
864 5082 993 5136 vita.
1023 5080 1274 5136 Gaudere
1308 5096 1435 5150 ergo
1458 5092 1514 5135 et
1541 5080 1712 5135 laetari
1737 5081 1845 5135 filia
1880 5082 2050 5137 Edoni
2077 5084 2265 5153 princi-

688 5173 859 5243 pitur,
886 5172 1013 5227 dum
1045 5179 1259 5225 terrena
1290 5185 1443 5225 mens
1466 5171 1520 5224 iu
1551 5171 1837 5241 praeputio,
1860 5180 1916 5227 et
1939 5174 2120 5229 carnis
2155 5189 2267 5229 sua)

688 5266 899 5335 sepulta
923 5265 1135 5320 delictis
1164 5263 1425 5319 viciniora
1453 5263 1641 5318 salutis
1663 5262 1906 5330 offendit,
1929 5274 1985 5320 et
2007 5266 2074 5321 ad
2101 5267 2263 5322 vitain

691 5357 1001 5427 respirandi
1065 5358 1313 5428 corporis
1354 5367 1413 5413 et
1458 5357 1687 5423 animae,
1732 5373 1830 5427 pro
1885 5373 1992 5428 quo
2038 5369 2265 5429 utroque

693 5450 928 5521 gaudere
960 5459 1015 5505 et
1050 5450 1223 5505 lactari
1247 5450 1486 5518 iubetur,
1529 5466 1721 5505 causas
1763 5450 1973 5515 incidit,
2004 5466 2123 5506 eum
2173 5467 2266 5507 ve-

694 5540 850 5597 nimrs
878 5541 942 5594 ad
975 5541 1302 5611 Babylonem
1335 5543 1409 5597 ibi
1436 5543 1651 5597 liberari
1680 5543 1886 5613 incipit.
1922 5543 2091 5598 Edoni
2121 5545 2263 5600 enim

690 5642 930 5687 terrenus
960 5632 1175 5687 dicitur.
1212 5631 1383 5689 Edam
1413 5644 1591 5689 autem
1638 5635 1750 5703 ﬁlia
1792 5634 2003 5690 affectio
2039 5645 2124 5691 est
2149 5653 2266 5691 car-

692 5725 803 5785 nali
852 5734 1034 5780 mente
1085 5727 1384 5798 progenita,
1430 5729 1545 5783 luec
1591 5728 1800 5783 habitat
1843 5730 1895 5783 in
1948 5743 2088 5785 terra
2126 5729 2261 5797 llus,

687 5833 815 5900 quin
843 5819 1232 5891 interpretatur
1260 5819 1468 5888 festina,
1511 5835 1573 5876 ac
1600 5832 1880 5891 peccatum
1912 5823 2095 5892 utique
2123 5839 2261 5894 pra:-

1487 359 1550 416 ν.
1589 355 1915 416 GUlBEltTl
1944 353 2243 413 ABBATIS.
2273 355 2331 411 s.
2364 351 2611 411 MARUE
2653 346 2742 409 on
2780 343 3178 413 NOVIGENTO
3538 340 3545 345 “
3763 363 3832 421 ni

2302 474 2351 535 Α
2378 483 2607 538 propera
2651 486 2663 523 :
2702 467 2819 525 Non
2873 469 3016 527 enim
3050 468 3321 525 invenitur
3347 467 3415 525 ab
3453 468 3674 539 Apostolo
3699 474 3739 530 in
3772 478 3835 540 hu

2376 569 2541 626 terra,
2587 562 2639 616 id
2676 571 2757 616 est
2784 572 2947 618 carne
2979 561 3175 616 bonum
3218 561 3398 632 (Rom.
3425 576 3514 623 vn.
3542 565 3636 634 l8).
3660 566 3723 623 Ad
3747 569 3837 630 hanc

2374 666 2590 721 quoque
2635 652 2877 720 pervenit
2917 651 3077 717 calix,
3119 651 3245 720 quia
3289 651 3425 705 sicut
3451 654 3694 721 rationein,
3728 659 3777 713 ita
3805 672 3839 719 et

2374 741 2625 795 allectum
2653 756 2721 795 ex
2748 742 2950 810 pudore
2984 740 3191 807 peccati
3221 740 3483 797 sententia
3509 742 3644 797 bona:
3677 751 3838 815 respira-

2377 834 2537 893 tionis
2568 834 2861 903 intercipit.
2898 833 3222 899 lnebriatur,
3256 850 3378 889 cum
3424 850 3453 891 a
3491 846 3698 891 veterum
3729 844 3841 897 malo-
3926 832 3927 903 ξ

2374 940 2494 980 rum
2535 926 2867 980 conscientia
2932 932 2986 979 et
3028 923 3420 983 consuetudine
3458 922 3741 983 abseutstur.
3775 930 3841 985 Nu-
3926 934 3927 989 l

2375 1016 2564 1082 datur,
2597 1031 2717 1073 cum
2746 1016 2849 1085 piae
2881 1014 3241 1072 confessionis
3269 1013 3493 1071 veritate
3526 1017 3753 1087 retegitur.

3084 1142 3244 1184 THAU.

2408 1198 2609 1276 \Vsns.
2651 1220 2741 1274 2‘2.
2775 1251 2846 1261 —
2875 1239 2893 1272 ε
2931 1219 3210 1289 Completa
3254 1226 3340 1274 est
3375 1219 3618 1290 iniquitas
3659 1229 3750 1285 tua,
3779 1224 3842 1278 lil’r
3926 1210 3927 1275 l

2383 1332 2401 1365 ι
2449 1315 2601 1379 Sion,
2638 1331 2739 1368 non
2774 1315 2933 1369 addet
2962 1314 3101 1367 ultra
3133 1323 3193 1367 ut
3230 1314 3570 1383 transrnigret
3595 1323 3653 1368 te.
3677 1313 3842 1369 Visitarit
3926 1300 3927 1327 ¹

2381 1424 2399 1456 ι
2445 1406 2783 1475 iniquitatem
2828 1416 3000 1469 tuam,
3051 1404 3158 1458 tilia
3210 1404 3843 1474 Edom,discooperuitper-
3926 1470 3927 1475 η

2379 1518 2398 1551 ‹
2449 1510 2569 1554 cata
2615 1508 2725 1552 tua.
2763 1517 2781 1550 ι
2814 1498 2991 1563 Thau,
3039 1500 3431 1568 interpretatur
3460 1500 3649 1561 erravit,
3675 1500 3737 1552 vel
3770 1517 3843 1551 cui-
3926 1484 3927 1493 “

2375 1594 2672 1646 summovit.
2706 1593 2872 1645 Error
2896 1593 3041 1645 enim
3073 1608 3198 1646 vere
3235 1600 3642 1654 consummatur,
3665 1595 3843 1661 cumipse

2374 1682 2537 1736 etiam
2564 1680 2811 1751 allectus,
2862 1684 2953 1751 qui
2983 1684 3047 1737 ad
3081 1682 3279 1737 malum
3313 1682 3592 1754 proclivior
3617 1692 3702 1746 est,
3727 1684 3844 1737 desno

2372 1790 2557 1829 errore
2607 1774 2954 1828 sulluuditur.
3016 1773 3151 1829 Cum
3179 1789 3309 1844 ergo
3360 1772 3603 1839 affectus,
3641 1773 3728 1840 ﬁlia
3766 1773 3844 1827 Siti

2300 1836 2345 1896 Β
2373 1867 2648 1929 nimirum,
2679 1866 3198 1921 intellectualitatem
3233 1882 3342 1922 non
3381 1866 3715 1931 trausmigrat.
3740 1866 3774 1918 id
3797 1876 3845 1918 Cal

2373 1971 2403 2009 a
2434 1965 2586 2010 recto
2628 1964 2770 2010 statu
2802 1970 2906 2010 non
2937 1958 3212 2021 distrahit,
3245 1957 3512 2026 iniquitati
3552 1955 3750 2026 proiecto
3776 1955 3844 2022 eius

2364 2050 2532 2103 (linem
2563 2050 2717 2104 indit.
2739 2048 3077 2121 lniquitatem
3103 2050 3220 2118 ejus
3246 2051 3359 2119 ﬁlia
3384 2050 3547 2103 Edam
3573 2050 3843 2118 visitat,261

2372 2153 2495 2195 cum
2527 2156 2589 2193 ex
2616 2155 2681 2195 eo
2712 2142 2855 2210 quod
2892 2140 3182 2196 interiores
3214 2151 3395 2195 motus
3424 2156 3524 2195 non
3565 2155 3693 2210 aeque
3723 2138 3844 2207 dijudi-

2377 2240 2498 2297 cat,
2545 2232 2710 2285 etiam
2748 2233 3043 2287 fastidium.
3066 2233 3305 2289 carnalis
3340 2236 3598 2304 appetitus
3626 2234 3745 2287 valde
3765 2234 3842 2285 insi-

2376 2324 2566 2379 mulat.
2611 2324 2723 2379 Nisi
2769 2326 2913 2382 enim
2964 2327 3234 2383 fastidiret
3278 2339 3496 2398 peccata
3543 2344 3657 2395 sua,
3686 2336 3727 2383 et
3758 2324 3845 2381 illius

2374 2432 2481 2473 non
2517 2417 2815 2488 discooperi
2825 2428 2924 2475 ret.

2620 2556 2875 2615 ORATIO
2924 2557 3239 2618 ΙΕΒΕΜΙίΕ
3275 2559 3669 2634 ΡΒΟΡΠΕΤᾸΞ.

2450 2671 2608 2729 Vens.
2638 2673 2779 2727 1.-
2804 2692 2822 2724 ‹
2863 2671 3190 2742 Recordare,
3232 2676 3478 2740 Domine,
3516 2674 3630 2745 quid
3670 2669 3845 2727 acciderit

2381 2782 2400 2816 ‹
2443 2766 2617 2832 nobis,
2656 2766 2864 2822 intuere
2903 2777 2960 2823 et
3004 2770 3211 2839 respice
3250 2770 3587 2841 opprobrium
3614 2775 3843 2822 nostrum.»

2374 2857 2707 2914 Recordatur
2735 2860 2878 2916 Deus
2904 2862 3030 2931 quid
3063 2863 3211 2921 nobis
3246 2865 3522 2927 acciderit,
3547 2879 3655 2919 eum
3680 2861 3846 2930 lapsuum

2373 2960 2681 3006 nostrorum
2729 2954 2999 3008 recordari
3029 2971 3125 3009 nos
3159 2954 3312 3010 facit.
3344 2956 3666 3026 Oppi-ebrium
3688 2963 3845 3006 nostrum

2372 3043 2631 3111 intuetur,
2671 3062 2795 3099 cum
2826 3046 2976 3112 illud,
3025 3065 3130 3117 quo
3160 3049 3336 3119 majus
3377 3048 3507 3102 nihil
3546 3056 3635 3112 est,
3662 3045 3845 3099 delectum

2373 3148 2621 3191 nostrum
2668 3153 2696 3190 a
2743 3138 2853 3192 Deo
2919 3141 3252 3208 perpendere
3318 3148 3412 3194 aut
3451 3140 3619 3194 dolere
3659 3137 3844 3190 hortnur.
3926 3137 3927 3167 ξ

2298 3195 2342 3256 C
2380 3226 2526 3281 Unde
2549 3238 2603 3282 et
2626 3239 2827 3297 septem
2854 3229 3109 3286 mulieres
3133 3233 3185 3285 in
3212 3230 3351 3285 Isaia
3381 3246 3394 3284 :
3426 3249 3443 3283 ι
3472 3228 3638 3294 Aufer,
3664 3226 3847 3295 inquiunt.

2371 3321 2718 3389 Opprobrium
2751 3329 2993 3375 nostrum
3028 3322 3182 3391 (lsai.
3210 3340 3285 3392 iv,
3318 3325 3393 3394 i).
3418 3344 3435 3376 ι
3469 3322 3640 3388 (Vsus.
3666 3320 3709 3386 ἓ)
3737 3336 3750 3368 ι
3776 3314 3847 3368 lla

2376 3427 2397 3464 ι
2442 3412 2644 3466 reditas
2680 3423 2862 3467 nostra
2892 3430 3046 3469 versa
3077 3426 3161 3469 est
3188 3418 3253 3470 ad
3284 3417 3509 3483 alienos,
3532 3418 3696 3470 domus
3719 3417 3846 3464 nostra

2375 3520 2397 3561 ι
2441 3505 2508 3559 ad
2531 3514 2842 3561 extraneos.
2874 3525 2891 3558 ι
2935 3505 3233 3565 llrereditas
3274 3522 3472 3577 nostra,
3501 3523 3698 3577 corpora
3728 3511 3846 3558 nostri

2370 3605 2515 3656 sunt.
2549 3612 2667 3664 qua:
2699 3598 2919 3651 mitibus
2938 3598 3042 3652 sub
3076 3601 3257 3669 specie
3282 3611 3439 3657 terra:
3469 3605 3520 3656 in
3543 3599 3844 3670 possessionis

2370 3686 2635 3755 promissa
2671 3697 2814 3741 sunt.
2850 3687 2975 3742 llaec
3004 3690 3070 3742 ad
3100 3692 3301 3746 alienos
3332 3693 3570 3757 vertitur,
3597 3708 3698 3745 cum
3723 3688 3845 3743 vitium

2371 3777 2643 3846 quodlibet
2688 3794 2753 3833 ca
2806 3780 3064 3835 abutitur.
3122 3781 3324 3840 Domus
3354 3795 3538 3841 nastrw
3562 3784 3623 3841 ad
3646 3791 3848 3837 extraneis

2370 3880 2673 3938 vertuntur,
2703 3887 2825 3930 cum
2871 3884 3070 3929 nostra:
3097 3878 3445 3933 coascientitc
3466 3879 3530 3933 ad
3551 3893 3649 3939 eos.
3675 3875 3744 3942 qui
3762 3866 3847 3925 nihil

2362 3961 2504 4032 juris
2531 3964 2582 4019 in
2612 3965 2790 4033 nobis,
2823 3967 2927 4025 nisi
2957 3983 3024 4021 ex
3055 3978 3242 4025 nostra
3272 3972 3569 4040 proditione
3591 3963 3848 4031 habentur

2367 4055 2495 4113 licet
2526 4058 2819 4125 damioues,
2849 4060 3248 4129 intorquentur.

2440 4149 2604 4206 Vens.
2631 4152 2687 4211 ὅ.
2711 4182 2781 4194 --
2811 4169 2831 4203 s
2880 4151 3089 4221 Popilii.
3127 4154 3255 4213 facti
3306 4172 3491 4213 sumus
3536 4155 3709 4225 absque
3730 4158 3846 4221 patre.

2371 4261 2393 4295 ι
2439 4256 2640 4301 matres
2670 4256 2867 4303 nostra:
2907 4248 3063 4315 quasi
3113 4248 3307 4305 viduas.
3345 4269 3364 4303 ι
3412 4250 3604 4320 Absque
3635 4256 3752 4318 putre
3780 4239 3846 4292 fui.

2368 4350 2511 4404 mus.
2541 4338 2634 4407 qui
2665 4338 2959 4406 diabOlulﬂ,
2990 4340 3081 4409 qui
3114 4342 3414 4397 secundum
3444 4356 3611 4398 veram
3638 4336 3846 4392 essentiam

2367 4443 2488 4484 esse
2514 4429 2695 4496 desiit,
2727 4438 2935 4499 patrem
2966 4432 3272 4491 habuimus.
3312 4434 3389 4488 De
3417 4434 3529 4503 ipso
3554 4432 3678 4486 enim
3698 4425 3845 4494 legitur:

2373 4540 2392 4575 ι
2436 4522 2691 4577 Habitent
2734 4523 2788 4577 in
2832 4523 3175 4579 tabernaculo
3206 4525 3323 4595 ejus
3356 4527 3487 4583 socii
3521 4524 3644 4594 ejus,
3683 4520 3753 4590 qui
3778 4528 3845 4568 ιωιι

2366 4625 2448 4672 est
2479 4612 2621 4683 (Job.
2654 4631 2810 4683 xvut,
2860 4615 2971 4688 l5).
3012 4636 3032 4669 ι
3073 4616 3271 4672 Matres
3316 4630 3505 4674 nostra:
3539 4614 3673 4688 quasi
3715 4612 3842 4667 ridae.

2362 4707 2497 4775 Deo,
2524 4709 2617 4777 qui
2652 4722 2784 4762 vere
2810 4706 2957 4763 solus
2988 4718 3093 4776 est,
3132 4718 3384 4766 carentes
3410 4708 3637 4779 conjuge.

2433 4801 2601 4855 Vens.
2632 4800 2686 4854 4.
2704 4830 2773 4839 -
2802 4818 2820 4849 t
2851 4800 3061 4869 Aquam
3092 4812 3333 4856 nostram
3360 4801 3577 4872 pecunia
3596 4794 3796 4851 bibimus,
3811 4792 3844 4837 εἰ

2369 4912 2389 4946 ε
2433 4893 2576 4964 ligna
2607 4902 2789 4948 nostra
2820 4894 2993 4964 pretio
3019 4895 3463 4963 comparavimus.
3502 4912 3520 4945 ι
3552 4891 3723 4959 Aquam
3741 4891 3842 4935 suam

2362 4989 2581 5059 pecunia
2628 4987 2786 5053 bibit,
2818 4988 2908 5056 qui
2944 4988 3196 5057 rapidum
3224 4997 3424 5042 statum
3453 4999 3615 5048 attint,
3659 4988 3706 5033 et
3734 4970 3843 5042 spiri-

2366 5077 2523 5137 tualis
2552 5077 2660 5132 vini
2686 5076 2865 5133 calore
2886 5076 3123 5133 alienum
3148 5079 3388 5150 impensa
3413 5074 3603 5149 peeuali
3621 5066 3843 5128 stoliditate

2364 5169 2580 5225 eoemit.
2609 5168 2842 5225 Pecunia
2865 5170 3010 5225 enim
3040 5189 3071 5225 a
3103 5172 3372 5241 pecoribus
3397 5172 3530 5226 dicta
3558 5173 3648 5231 est,
3682 5158 3777 5229 quia
3796 5151 3841 5202 do

2366 5278 2619 5334 pecorum
2658 5262 2775 5318 ﬁeri
2808 5262 3017 5320 solebat
3050 5264 3377 5335 tergoribus.
3402 5262 3561 5332 Ligna
3583 5256 3839 5343 nostra

2369 5358 2442 5413 tio
2469 5356 2920 5426 comparavimus,
2945 5372 3069 5415 cum
3095 5357 3570 5419 insensibilitatem,
3597 5358 3647 5403 et
3668 5337 3839 5399 membr

2373 5449 2474 5504 dos
2524 5448 2695 5503 animi
2741 5456 2795 5502 et
2848 5450 3095 5519 corporis
3137 5450 3353 5507 habitus
3382 5449 3502 5505 dato
3536 5440 3685 5516 pretio
3724 5427 3853 5503 1015⁸⁵.

2366 5540 2748 5601 rationalitatis
2778 5542 3131 5610 acquirimus.

2438 5633 2598 5689 Vsas.
2638 5631 2691 5686 ὅ.
2718 5663 2788 5671 -
2843 5650 2862 5683 ‹
2907 5634 3220 5690 Cervicibus
3260 5634 3597 5693 minabamur,
3622 5619 3835 5711 lassis

2372 5745 2390 5779 ι
2436 5726 2666 5781 dabatur
2695 5726 2929 5795 requies.
2965 5746 2983 5779 ι
3025 5726 3248 5783 Cervice
3284 5729 3525 5790 minatur,
3556 5718 3629 5776 cui
3652 5707 3833 5778 sttltt‘rl’ul

2366 5820 2691 5878 dominatur.
2723 5820 3037 5878 Cervicosos
3068 5822 3212 5879 enim
3243 5819 3494 5893 superbos
3518 5812 3723 5872 dicimus
3743 5798 3835 5857 ιθ·
