4038 6330
163 294 297 364 ιεε

807 293 1262 360 TROPOLOGIAE
1291 295 1359 356 lN
1393 295 1592 368 OSEE,
1632 291 1823 354 AMOS
1853 291 1943 354 ET
1982 292 2128 354 JER.
2175 324 2244 336 --
2274 293 2401 350 LIB.
2430 291 2495 351 ν.
2541 292 2610 352 ΙΝ
2635 291 2778 352 JER.

3343 293 3451 356 486

165 417 254 472 εἰς
293 415 498 488 requies
527 431 628 470 non
658 415 830 480 datur,
859 431 982 476 cum
1011 415 1401 482 laborantibus,
1419 412 1570 484 juxta
1597 412 1770 470 Evan-
1799 414 1845 474 Α
1876 426 1995 466 eum
2032 412 2358 468 maturiores
2386 411 2551 468 animi
2580 411 2819 482 habitus,
2847 410 2942 486 qui
2971 411 3262 484 aliquoties
3279 415 3451 485 pudo-

167 509 414 582 gelium,
462 519 514 568 et
565 509 802 570 oneratis
846 508 1064 566 refectio
1115 509 1341 566 internae
1385 507 1587 578 requiei
1625 505 1771 562 nulla

161 602 506 658 conceditur
543 600 756 673 (Matth.
791 617 866 666 χι,
900 600 1012 672 28).

249 693 429 750 Vsus.
467 693 519 749 6.
552 724 622 734 —
673 713 691 746 ‹
738 692 973 765 ιλΕεγριο
1007 692 1254 749 dedimus
1299 708 1542 757 manum,
1583 699 1636 747 et
1663 691 1768 746 As-

169 805 194 838 c
245 786 444 858 syriis,
470 794 528 840 ut
551 793 918 841 saturaremur
941 801 1131 854 pane.»
1160 785 1390 856 zEgypto
1415 785 1502 839 dat
1535 801 1767 850 manum,

163 880 270 949 qui
311 881 512 934 mundo
541 879 785 934 attribuit
813 876 1141 948 operationis
1169 893 1278 934 suae
1308 878 1566 933 studium.
1607 877 1768 946 Assy-

165 970 276 1023 riis
312 969 455 1024 idem
493 971 601 1034 dat.
640 970 729 1040 qui
778 971 1132 1035 curialitales,
1161 979 1216 1025 et
1242 970 1458 1024 nomina
1488 983 1626 1024 vana
1667 970 1770 1024 sibi

161 1061 465 1128 conciliat;
505 1063 605 1118 hoc
637 1063 778 1118 enim
822 1063 1011 1127 Assur,
1050 1063 1138 1133 qui
1168 1062 1291 1116 aula
1334 1062 1548 1128 dicitur,
1579 1078 1642 1116 ex
1668 1061 1770 1117 ho-

163 1169 380 1209 norum
408 1157 703 1212 aulicorum
739 1155 885 1212 fasce
913 1157 1177 1228 designat.
1220 1155 1285 1210 Et
1307 1157 1409 1210 hoc
1437 1155 1528 1219 sit,
1562 1163 1616 1207 ut
1639 1170 1770 1224 pane

164 1258 516 1318 saturentur,
553 1260 766 1306 terrena
808 1251 1056 1306 videlicet
1088 1250 1153 1304 ad
1195 1257 1405 1319 tempus
1435 1247 1769 1317 jocunditate

161 1341 456 1398 laetentur.

243 1435 423 1492 Vens.
463 1437 519 1492 τ.
551 1467 624 1478 --
662 1456 680 1489 ‹
722 1437 912 1493 Patres
951 1437 1122 1492 nostri
1163 1444 1542 1509 peccaverunt,
1571 1447 1624 1492 et
1659 1452 1766 1492 non

171 1545 192 1580 ‹
244 1537 411 1598 sunt;
447 1539 500 1585 et
529 1545 626 1585 nos
651 1530 961 1600 iniquitates
991 1547 1175 1587 eorum
1205 1531 1559 1602 portavimus.
1602 1550 1620 1583 ι
1655 1531 1767 1586 Ρα-

167 1631 284 1676 tres
340 1624 509 1677 nostri
559 1634 702 1689 sunt,
741 1641 971 1696 quorum
1031 1625 1306 1680 imitamur
1353 1624 1623 1695 exempla,
1677 1623 1768 1694 qui

165 1725 436 1785 peccant,
467 1727 520 1772 et
552 1718 671 1772 ideo
701 1734 805 1773 non
847 1728 992 1785 sunt,
1025 1719 1147 1789 quia
1177 1736 1204 1773 a
1242 1734 1369 1774 vera
1401 1719 1768 1774 exterminan-

1875 505 2046 560 ratius
2075 505 2334 572 sentiunt,
2365 522 2616 560 sensuum
2647 506 2891 561 levitates
2919 507 3238 579 irrumpunt.
3262 507 3454 568 Facies

1873 605 2050 650 autem
2075 613 2173 668 pro
2199 597 2488 666 praesentia
2522 597 2604 652 vel
2626 598 2934 668 cognitione
2965 599 3017 654 in
3041 597 3336 672 Scripturis
3362 616 3451 658 so-

1873 688 1982 744 lere
2011 689 2182 758 accipi
2217 689 2349 743 nulli
2383 690 2603 744 dubimn
2633 701 2736 746 est.

1947 782 2107 838 Vsus.
2152 782 2236 836 15.
2276 812 2346 820 -
2387 801 2405 834 ‹
2454 783 2899 840 Adolescentibus
2930 785 3093 854 impie
3125 786 3276 844 abusi
3303 775 3466 854 sunt,-

1878 893 1895 927 ι
1942 883 1997 930 et
2024 875 2175 946 pueri
2211 875 2262 930 in
2293 875 2435 947 ligno
2465 889 2806 934 corruerunt.
2837 897 2856 930 ι
2893 879 3045 938 Tunc
3074 882 3451 954 adolescunus,

1882 981 2003 1022 cum
2035 968 2101 1022 ad
2131 967 2334 1037 aliquot
2370 971 2566 1026 mentis
2601 969 2766 1024 robur
2793 975 3173 1030 cxcrescimus.
3207 975 3313 1034 Sed
3351 978 3456 1036 hae

1882 1059 2246 1115 adolescentia
2321 1062 2588 1131 impudice
2651 1064 2943 1134 abutimur,
3004 1084 3128 1130 cum
3190 1069 3453 1132 bonarum

1876 1155 2073 1208 artium
2107 1153 2467 1210 valetudinem
2495 1156 2550 1212 in
2589 1158 2891 1212 contrarias
2913 1159 3076 1230 262
3113 1161 3457 1222 fortitudines

1873 1257 2284 1304 commutemus.
2335 1247 2488 1314 Quod
2541 1251 2738 1321 saepius
2787 1253 3119 1323 experimur,
3152 1253 3278 1310 dum
3320 1272 3456 1324 quos

1872 1338 2216 1407 perspicaces
2242 1339 2368 1394 olim
2397 1339 2505 1396 Deo
2536 1343 2908 1412 cognovimus,
2935 1348 3230 1406 astutiores
3259 1347 3458 1404 saeculo

1872 1430 2342 1501 impudentissime
2389 1434 2502 1504 jam
2557 1435 2820 1491 videmus.
2865 1436 3029 1494 Pueri
3074 1442 3128 1496 in
3165 1440 3307 1511 ligno
3338 1456 3457 1496 cor-

1873 1534 2056 1589 ruunt,
2091 1541 2211 1578 cum
2244 1524 2318 1589 hi,
2348 1525 2438 1596 qui
2483 1525 2613 1580 nihil
2650 1528 2844 1584 virium
2877 1540 2931 1584 et
2981 1529 3298 1587 subtilitatis
3333 1533 3458 1588 atti-

1871 1625 2086 1686 gerant,
2115 1617 2282 1672 nimio
2307 1616 2633 1687 flagitiorum
2666 1636 2763 1676 usu
2789 1621 3135 1692 impudentiae
3171 1633 3227 1680 et
3271 1625 3457 1682 iuseu-

1872 1709 2116 1764 sibilitati
2146 1727 2261 1766 sese
2293 1711 2566 1770 addicunt.
3241 1717 3258 1724 “

167 1813 266 1860 tur
291 1807 567 1875 jessentia.
602 1807 710 1864 Nos
751 1776 1062 1880 iniquitates
1091 1825 1278 1864 eorum
1313 1819 1610 1880 portamus,
1641 1810 1767 1878 quia
1801 1776 1845 1835 Β
1945 1804 2110 1859 Visus.
2151 1803 2235 1858 14.
2273 1835 2342 1844 -
2377 1823 2395 1858 ί
2441 1804 2608 1862 Senes
2639 1807 2705 1864 de
2737 1808 2909 1878 portis
2948 1808 3278 1878 defecerunt,
3307 1809 3460 1880 juve—

164 1899 330 1968 gravi
379 1899 581 1955 ultione
612 1902 856 1965 ferimur,
887 1901 975 1971 qui
1010 1917 1350 1972 nequaquam
1380 1902 1585 1971 peccati
1611 1901 1768 1957 alieni

162 2005 344 2062 ptena
380 1994 720 2066 corrigimur.
775 2014 792 2046 ι
833 1994 1046 2064 Septies
1086 1997 1230 2050 enim
1281 1987 1414 2049 ultio
1459 1994 1674 2049 dabitur
1705 1995 1770 2050 de

161 2085 334 2153 Cain,
371 2089 439 2143 de
467 2086 698 2143 Lamech
741 2103 869 2142 vero
920 2089 1226 2159 septuagics
1273 2088 1470 2156 septies
1514 2086 1664 2158 (Ceu.
1694 2105 1766 2154 tv,

159 2177 293 2246 24).
327 2197 346 2232 ι
393 2179 579 2244 (Vens.
608 2181 664 2248 8)
693 2197 710 2230 ι
744 2179 897 2234 Servi
929 2181 1188 2235 dominati
1217 2187 1340 2234 sunt
1371 2180 1564 2242 nostri,
1587 2191 1640 2234 et
1663 2196 1769 2236 non

165 2289 186 2322 ι
239 2269 352 2325 fuit
394 2272 482 2342 qui
514 2272 798 2326 redimeret
835 2272 900 2326 de
944 2289 1102 2325 mamt
1133 2287 1345 2327 eorum.
1384 2291 1402 2322 ι
1451 2272 1603 2325 Servi
1643 2274 1770 2328 vitia

160 2373 326 2430 sunt,
355 2366 404 2420 si
439 2383 599 2420 causa
635 2381 732 2436 pro
764 2364 955 2420 effectu
999 2375 1249 2435 ponatur,
1283 2366 1409 2435 quia
1439 2379 1627 2420 servos
1671 2383 1772 2422 nos

159 2454 411 2509 faciunt.
450 2476 467 2508 ι
523 2457 622 2522 Qui
655 2457 794 2510 enim
830 2457 957 2510 facit
984 2465 1284 2526 peccatmn,
1323 2473 1510 2511 servus
1540 2465 1620 2512 est
1648 2474 1772 2528 pec-

162 2549 290 2603 cati
326 2548 514 2620 (Joan.
553 2566 668 2613 vm,
701 2549 812 2620 54).
860 2568 877 2601 ι
923 2547 1044 2603 Νοη
1088 2550 1187 2618 [uit
1243 2551 1330 2620 qui
1382 2551 1650 2606 redimeret
1706 2553 1771 2610 de

165 2658 343 2694 mrum
375 2657 582 2706 eormn,
611 2642 734 2710 quia
766 2657 950 2695 verum
983 2656 1104 2696 esse
1134 2657 1238 2696 non
1287 2641 1492 2707 habuit,
1535 2652 1589 2696 et
1615 2643 1768 2712 quasi

165 2731 272 2787 Dci
312 2733 456 2786 intra
494 2749 551 2787 se
585 2733 931 2787 subsistentia
962 2733 1139 2788 caruit
1171 2732 1628 2800 iutellcctualitas,
1651 2751 1772 2804 quae

169 2821 389 2876 liberos
415 2822 610 2878 exinde
640 2821 819 2878 facere
849 2839 950 2878 non
979 2824 1173 2892 potuit.

243 2909 420 2968 Vsus.
457 2914 512 2968 9.
536 2941 605 2954 ——
638 2933 655 2966 ι
695 2913 750 2968 In
778 2914 1028 2969 manibus
1057 2915 1261 2969 nostris
1294 2913 1652 2974 auferebamus
1678 2932 1772 2988 pan

177 3021 196 3053 ι
245 3019 378 3058 nem
413 3007 589 3070 nobis,
619 3022 647 3059 a
683 3005 821 3061 facie
847 3005 1008 3077 gladii
1053 3006 1106 3060 in
1142 3008 1376 3062 deserto.
1411 3037 1480 3054 -
1509 3008 1566 3064 In
1597 3013 1771 3064 niani-

1879 1917 1897 1949 ι
1943 1911 2037 1952 nes
2067 1897 2131 1954 de
2165 1897 2335 1954 choro
2362 1898 2727 1967 psallentium.
2782 1921 2800 1953 ι
2845 1903 3005 1960 Senes
3034 1902 3099 1958 de
3125 1907 3288 1974 portis
3321 1904 3455 1958 defi-

1873 1989 2042 2054 ciunt,
2087 2005 2209 2045 cmn
2268 1992 2766 2050 intellectualitates
2801 1995 3000 2064 quibus
3041 1996 3332 2068 descriptio
3375 2009 3460 2054 est

1875 2081 2033 2140 insita
2062 2083 2368 2140 animorum
2389 2126 2403 2150 ,
2451 2085 2503 2140 in
2534 2086 2728 2142 interni
2767 2088 3033 2146 examinis
3069 2106 3299 2148 censura
3331 2106 3457 2146 suc-

1875 2173 2154 2230 cumbunt.
2203 2175 2262 2230 In
2312 2178 2483 2246 portis
2529 2179 2672 2236 enim
2729 2179 2944 2236 urbium
2979 2183 3222 2240 exerceri
3253 2182 3461 2238 solebat

1873 2267 2184 2336 reipublicm
2216 2269 2454 2324 solemne
2475 2271 2764 2340 judicium.
2791 2273 3015 2328 Jurenes
3045 2275 3107 2328 de
3136 2277 3294 2330 choro
3318 2274 3465 2345 psal-

1871 2358 2090 2414 lentium
2113 2371 2368 2429 pereunt,
2393 2378 2514 2416 emn
2542 2362 2760 2418 vivaces
2785 2363 3021 2420 solertiae
3043 2381 3072 2419 a
3102 2367 3238 2422 bene
3268 2366 3461 2438 agendi

1875 2453 2228 2508 unanimitate
2263 2456 2587 2509 desciscunt.

1944 2539 2104 2598 Vens.
2143 2542 2227 2598 l5.
2281 2575 2350 2583 —
2403 2563 2420 2596 ς
2473 2545 2676 2600 Deiecit
2727 2547 2980 2617 gaudium
3029 2548 3210 2604 cordis
3257 2559 3451 2618 nostri,

1881 2650 1899 2682 ι
1949 2649 2136 2688 versus
2186 2645 2266 2690 est
2307 2636 2360 2690 in
2413 2636 2614 2692 luctum
2657 2639 2858 2693 chorus
2887 2650 3091 2694 noster.
3134 2659 3151 2691 ι
3197 2639 3462 2694 Gaudium

1877 2728 2052 2781 sordis
2093 2730 2257 2782 nostri
2287 2729 2492 2795 deficit,
2539 2746 2661 2785 cum
2695 2733 3059 2787 testimonium
3094 2733 3460 2800 conscientia},

1875 2819 2017 2886 quod
2046 2829 2128 2874 est
2153 2820 2322 2890 gloria
2355 2832 2541 2876 nostra
2581 2821 2664 2894 (II
2705 2821 2829 2877 Cor.
2864 2838 2899 2886 l,
2939 2824 3050 2893 l2),
3085 2823 3137 2878 in
3176 2823 3330 2878 nobis
3361 2824 3463 2880 ob-

1877 2911 2162 2966 surdest-it.
2207 2911 2412 2968 Charus
2465 2926 2640 2970 noster
2687 2915 2742 2969 in
2800 2914 3000 2970 luctum
3041 2917 3288 2984 vertitur,
3340 2933 3464 2972 cum

1875 3005 2255 3062 benevolentia
2296 3009 2463 3064 animi
2503 3009 2606 3064 sibi
2651 3023 2883 3065 concors
2914 3009 3167 3079 operibus
3212 3010 3358 3066 luctu
3391 3010 3466 3066 dl-

177 3094 271 3147 lms
299 3095 500 3149 nostris
528 3113 713 3166 panem
741 3097 887 3152 nobis
931 3096 1224 3165 affet-imus,
1280 3115 1402 3154 cum
1448 3117 1516 3155 ex
1547 3117 1768 3171 operum
1801 3135 1844 3195 ς
1876 3098 1994 3168 ﬁnis
2023 3099 2337 3154 Involvilur.

177 3194 495 3240 nostrorum
524 3189 714 3244 studiis
750 3189 1000 3258 pabulum
1033 3193 1189 3246 nobis
1219 3192 1448 3261 alicujus
1483 3195 1771 3251 mundanae

177 3279 565 3348 prosperitatis
591 3282 876 3352 exigimus.
917 3285 981 3338 Et
1019 3285 1120 3340 hoe
1149 3303 1182 3340 a
1227 3286 1362 3356 [acie
1390 3285 1555 3356 gladii
1602 3290 1651 3341 in
1683 3289 1778 3343 tle-

179 3381 339 3436 serto,
375 3370 430 3426 id
459 3382 546 3427 est
580 3384 805 3445 urgente
833 3377 1157 3431 necessitate
1185 3379 1414 3446 peccati,
1443 3379 1493 3432 in
1523 3393 1630 3448 quo
1659 3379 1774 3448 ejus

182 3460 482 3519 refectione
516 3467 797 3522 subtracta
836 3467 1138 3524 deserimur
1183 3485 1214 3524 a
1263 3470 1511 3526 Domino.
1549 3470 1774 3529 Gladius

189 3554 328 3608 enim
359 3567 645 3625 peccatum
671 3569 773 3614 est.

261 3645 423 3704 Vsus.
451 3651 537 3705 10.
566 3681 638 3692 —
664 3671 682 3703 ι
721 3652 883 3710 Pellis
915 3665 1099 3711 nostra
1129 3657 1284 3727 quasi
1311 3657 1555 3714 clibanus
1581 3671 1772 3718 exusta

200 3759 216 3794 ι
257 3750 338 3798 est
361 3759 389 3796 a
425 3744 564 3800 facie
593 3749 924 3816 tempestatis
965 3749 1143 3806 famis.
1173 3769 1192 3802 ι
1241 3750 1401 3806 Pellis
1433 3765 1612 3810 nostra
1645 3755 1774 3812 all‘e-

198 3844 308 3890 etus
338 3846 524 3894 noster
549 3848 652 3905 est,
691 3825 832 3909 quod
881 3842 1021 3897 sicut
1053 3844 1194 3899 cutis
1229 3845 1282 3899 in
1333 3860 1578 3917 corpore,
1611 3851 1772 3906 citius

195 3925 409 3985 laedatur
453 3933 506 3988 in
558 3943 758 3989 mente.
802 3935 877 3990 De
907 3936 1091 3992 multis
1130 3937 1273 3992 enim
1303 3940 1458 3995 malis
1485 3941 1769 4012 atllcimur,

201 4034 310 4089 qua:
351 4023 627 4083 voluntate
675 4027 1060 4096 horrescimus,
1094 4030 1171 4084 sic
1201 4029 1346 4085 enim
1397 4032 1510 4086 haec
1555 4033 1661 4089 duo
1691 4035 1773 4090 di-

199 4117 506 4182 scernimus,
537 4119 661 4189 quia
693 4130 748 4175 et
777 4121 914 4176 bona
940 4138 1006 4178 es
1032 4123 1241 4179 ratione
1263 4123 1534 4190 volunms,
1563 4124 1629 4180 de
1655 4127 1773 4196 qui-

200 4205 290 4262 bus
317 4226 421 4268 uou
453 4210 740 4268 allicimur.
779 4215 903 4270 Haec
945 4216 1094 4286 pellis
1135 4218 1288 4287 quasi
1319 4216 1553 4271 clibanus
1589 4220 1772 4274 exuri-

203 4303 302 4363 tur,
335 4309 482 4356 tanto
509 4303 749 4360 furiosus
776 4308 974 4362 ardens
1003 4319 1206 4378 quanto
1254 4310 1308 4364 in
1340 4325 1543 4364 morem
1569 4312 1770 4366 clibani

205 4391 360 4461 magis
389 4394 712 4452 occluditur.
735 4398 780 4451 A
802 4400 937 4469 facie
967 4402 1284 4470 tempestatis
1316 4401 1472 4471 [antis
1502 4405 1768 4468 exuritur,

1949 3192 2114 3246 Vnus.
2147 3192 2235 3246 16.
2258 3224 2327 3234 --
2363 3212 2382 3246 σ
2427 3195 2635 3250 Cecidit
2667 3210 2864 3251 corona
2897 3195 3092 3266 capitis
3141 3196 3333 3250 nostri.
3367 3196 3459 3252 Vte

1881 3303 1899 3336 ‹
1947 3287 2120 3352 nobis,
2149 3288 2273 3355 quia
2307 3289 2678 3356 peccavimus!
2731 3309 2750 3341 ι
2795 3289 3002 3343 Corona
3059 3291 3246 3360 capitis
3299 3291 3466 3344 nostri

1879 3377 2044 3440 cadit,
2074 3393 2196 3432 cum
2239 3380 2403 3434 totius
2449 3381 2617 3446 nostri
2650 3381 2856 3449 prtemii
2890 3395 3034 3450 spes,
3065 3381 3110 3436 si
3155 3396 3259 3450 qua
3291 3396 3467 3452 quon-

1877 3471 1998 3525 dam
2033 3471 2173 3525 bona
2206 3471 2454 3536 fecimus,
2497 3475 2788 3529 inancseit.
2815 3474 3127 3530 Victoribus
3152 3475 3298 3530 enim
3323 3475 3456 3530 auti-

1873 3564 2056 3632 quitus
2089 3579 2290 3619 corona
2329 3565 2584 3630 dabatur,
2613 3567 2708 3622 sed
2747 3565 2976 3621 victoria
3017 3565 3163 3620 nulla
3208 3576 3309 3631 est,
3341 3580 3463 3637 qua

1875 3653 2088 3710 defectu
2117 3665 2328 3712 cassata
2361 3665 2464 3711 est.

1946 3749 2108 3804 Vsus.
2149 3749 2235 3817 17,
2273 3749 2358 3805 18.
2387 3780 2458 3790 -
2490 3769 2510 3802 ι
2553 3749 2845 3820 Propterea
2871 3759 3124 3806 moestum
3154 3749 3354 3807 factum
3381 3760 3464 3810 est

1880 3857 1898 3892 ι
1944 3840 1996 3895 in
2031 3841 2215 3897 dolore
2265 3857 2358 3897 cor
2413 3855 2692 3911 nosmtm,
2745 3844 2866 3899 ideo
2917 3846 3288 3900 contenebrati
3337 3853 3465 3900 sunt

1880 3952 1899 3986 ι
1943 3934 2086 3989 oculi
2119 3935 2310 3990 nostri.
2343 3935 2572 4005 Propter
2602 3944 2841 3991 montem
2876 3934 3005 3991 Sio’n
3035 3937 3159 4007 quia
3192 3937 3460 4008 disperiit,

1879 4045 1897 4079 ι
1944 4027 2133 4097 vulpes
2176 4027 2596 4084 ambulaverunt
2628 4028 2679 4082 in
2715 4043 2800 4084 eo.
2838 4049 2857 4082 ι
2908 4029 3061 4096 Quod
3110 4038 3195 4083 est
3235 4029 3458 4085 dicere:

1874 4119 2010 4186 Quia
2051 4134 2083 4172 a
2113 4135 2316 4174 corona
2349 4121 2675 4188 destitimus,
2709 4129 2762 4175 et
2789 4121 2856 4175 ad
2893 4135 2974 4175 vae
3017 4119 3086 4174 ob
3115 4129 3333 4189 peccata
3363 4119 3461 4174 de-

1875 4213 2144 4278 venimus,
2178 4225 2468 4284 propterea
2504 4215 2816 4268 mtestitiam
2854 4229 2916 4267 ex
2959 4213 3260 4282 quotidiani
3300 4225 3464 4269 casus

1874 4303 2114 4357 mordaci
2150 4304 2459 4373 suspicione
2491 4304 2841 4368 incurrimus,
2877 4303 2998 4356 ideo
3023 4303 3088 4356 ad
3121 4303 3349 4372 alicujus
3380 4303 3464 4360 fu.

1875 4395 1977 4446 turi
2015 4394 2141 4448 boni
2186 4395 2595 4464 prognosticum
2647 4394 3084 4464 exspectationes
3129 4402 3328 4449 nostra;
3360 4409 3463 4450 caa-

206 4495 312 4538 ctnn
354 4487 420 4542 ab
467 4488 730 4546 instantia
763 4491 984 4548 internae
1016 4494 1377 4563 intemperiei,
1413 4507 1529 4564 quae
1574 4494 1771 4552 famem
1803 4497 1852 4557 D
1877 4487 2107 4554 οιιῑίιιηί,
2160 4489 2286 4541 dum
2321 4505 2378 4542 50
2408 4489 2480 4558 Pii
2512 4488 2690 4542 ιιιθνίιῖ
2727 4503 2852 4556 εβθδ
2883 4485 3043 4540 ¹¹ι¹¹¹³3
3069 4484 3351 4556 ουὶίείυηῑ-
3395 4487 3462 4542 El

207 4578 338 4634 verbi
373 4580 464 4637 Dei
495 4585 752 4653 parturit,
785 4587 1166 4658 eontlagratur.

270 4670 422 4732 Vsus.
458 4677 547 4732 1-1.
580 4707 652 4728 -.—
687 4696 706 4732 ε
751 4678 1004 4742 Mulieres
1053 4681 1107 4735 in
1153 4680 1282 4736 Sion
1331 4681 1767 4748 humiliaverunt,

218 4781 231 4812 ι
266 4775 314 4821 et
336 4769 570 4841 virgines
595 4772 652 4826 in
679 4772 988 4829 civitatibus
1015 4772 1176 4829 Juda.
1207 4793 1226 4828 ι
1273 4774 1521 4830 Hulieres
1559 4777 1610 4830 in
1643 4775 1771 4832 Sion

218 4855 497 4928 lutmiliant,
544 4881 666 4920 cum
698 4865 785 4920 ubi
810 4866 964 4922 bona:
992 4867 1286 4922 voluntatis
1314 4869 1490 4938 aliqua
1522 4867 1772 4924 fecundi-

221 4956 287 5003 tas
309 4955 596 5022 arridebat,
626 4966 798 5012 status
826 4960 1171 5015 conscientiae
1196 4960 1500 5030 subjugant.
1533 4959 1771 5031 Virgines

221 5037 264 5092 in
279 5045 556 5103 civitatibus
578 5049 722 5103 Juda
742 5051 944 5121 pariter
968 5052 1339 5117 humiliantur,
1364 5067 1485 5106 eum
1514 5053 1624 5121 illa,
1653 5071 1771 5123 qua:

229 5143 319 5198 Post
343 5151 619 5208 peccatum
647 5142 759 5197 sola
798 5145 998 5199 residet
1026 5145 1314 5209 medicina,
1347 5145 1618 5201 confessio
1673 5149 1772 5202 sei-

230 5218 342 5295 licet,
371 5233 514 5289 intra
568 5236 951 5305 conceptacula
1008 5238 1224 5305 mentis,
1280 5238 1566 5294 sterilitate
1619 5241 1770 5296 dam-

226 5321 353 5376 natur

283 5413 423 5474 Vens.
456 5420 548 5475 l2.
569 5450 642 5462 —
673 5439 692 5472 α
737 5420 1018 5491 Principes
1045 5437 1205 5476 manu
1235 5422 1480 5492 suspensi
1515 5432 1660 5492 sunt,
1685 5423 1767 5477 fa-

226 5515 243 5549 ε
286 5511 375 5568 cies
419 5530 610 5569 senum
655 5530 759 5570 non
809 5517 1161 5570 erubuerunt.
1207 5535 1226 5569 ι
1291 5515 1566 5586 Principes
1608 5533 1768 5570 manu

221 5600 616 5671 8uspenduutur,
665 5621 786 5660 cum
828 5607 1209 5661 sensualitates
1253 5616 1452 5661 nostrzc
1494 5622 1523 5660 a
1571 5624 1769 5662 concu-

213 5685 462 5749 piscentia:
488 5697 726 5750 carnalis
748 5694 960 5759 effectu,
995 5713 1098 5751 non
1129 5697 1421 5766 desiderio,
1459 5698 1553 5751 sed
1588 5698 1767 5768 inopia

213 5779 564 5844 possibilitatis
587 5797 860 5844 arcentur.
878 5786 1066 5846 Facies
1092 5805 1264 5846 secum
1295 5805 1395 5845 non
1418 5789 1764 5859 erubescunt,

1878 4579 1981 4632 hoc
2007 4579 2067 4632 ﬁt
2099 4589 2309 4649 propter
2335 4591 2560 4633 tuentem
2592 4578 2741 4646 Sion,
2772 4581 2897 4648 quia
2943 4579 3211 4658 disperiit,
3241 4590 3464 4651 propter

1876 4669 2257 4727 excellentiam
2289 4673 2561 4738 videlicet,
2589 4690 2692 4743 qua
2717 4673 2846 4728 olitn
2875 4673 3075 4729 imbuta
3103 4689 3254 4729 mens
3285 4673 3463 4730 fuerat

1877 4763 2072 4818 divina:
2111 4763 2523 4833 speculationis,
2555 4779 2673 4834 (piat:
2702 4772 2925 4833 prepter
2946 4764 3253 4834 ingruentia
3293 4763 3459 4820 menti

1876 4857 2004 4910 vitia
2049 4857 2349 4912 oblitterari
2377 4858 2722 4912 commeruit.
2757 4858 2888 4912 Sion
2932 4859 3076 4912 enim
3106 4859 3162 4912 in
3197 4857 3460 4927 speculam

1875 4949 2124 5002 vertitur.
2156 4947 2214 5002 in
2256 4949 2357 5003 hoe
2387 4958 2573 5004 monte
2602 4951 2776 5020 vulpes
2810 4951 3104 5015 ambulant,
3142 4951 3262 5018 quia
3300 4951 3460 5004 istam

1875 5040 2298 5110 perfunctoriam
2333 5042 2676 5098 sanctitatem
2717 5044 3016 5100 tL'etnonum
3047 5041 3368 5096 calliditates
3405 5049 3462 5100 et

1877 5136 2222 5189 tenebrarum
2271 5134 2413 5189 facta
2443 5136 2785 5191 conculcant.
2828 5135 3044 5188 Animal
3079 5134 3221 5190 enim
3262 5133 3462 5188 subdo-

1874 5228 1984 5283 lum
2017 5239 2122 5294 est,
2151 5237 2205 5283 et
2230 5229 2372 5299 quod
2405 5229 2670 5284 cuniculis
2699 5229 3017 5283 delectetur.

1944 5324 2109 5378 Vens.
2148 5321 2232 5377 19.
2263 5351 2333 5362 -
2381 5341 2398 5373 ι
2437 5322 2760 5402 Τιιοειυιειυ,
2819 5320 3064 5384 Domine,
3111 5318 3162 5373 in
3193 5327 3455 5376 teternum

1879 5435 1897 5468 ι
1937 5431 2246 5488 permanes.
2286 5415 2480 5470 solium
2515 5425 2664 5468 tuum
2704 5415 2755 5468 in
2785 5412 3131 5482 generatione
3153 5422 3202 5467 et
3231 5428 3458 5482 genera-

1879 5529 1896 5562 t
1948 5512 2167 5565 tionem.
2202 5530 2219 5562 ι
2265 5510 2341 5564 Ac
2377 5511 2418 5563 si
2450 5510 2592 5562 dicat
2625 5525 2637 5561 :
2676 5507 2872 5560 Horum
2916 5516 3292 5561 momentaaea
3327 5522 3454 5560 san-

1873 5603 2033 5658 ctitas
2063 5603 2302 5668 evanuit,
2333 5602 2424 5655 sed
2453 5611 2530 5666 tu,
2564 5600 2614 5652 id
2641 5608 2723 5653 est
2751 5599 2845 5662 tui,
2879 5599 2970 5653 tibi
3005 5599 3247 5653 videlicet
3282 5599 3457 5651 incor-

1875 5694 2070 5764 porati,
2095 5708 2199 5746 non
2228 5692 2575 5760 temporarie,
2603 5692 2695 5746 sed
2720 5692 3047 5747 mternaliter
3075 5692 3165 5746 tibi
3192 5693 3454 5745 obsecun-

1875 5788 2008 5842 dare
2030 5783 2352 5853 deliberant,
2375 5792 2430 5840 et
2450 5781 2528 5852 hi,
2553 5784 2746 5854 quibus
2767 5800 2830 5842 ac
2853 5783 2900 5841 si
2928 5784 2982 5839 in
3009 5783 3142 5840 solio
3161 5781 3455 5854 praesidere
