4038 6330
613 344 721 403 487

1400 343 1466 401 ν.
1508 338 1833 402 GUIBERTI
1869 341 2163 402 ABBATIS
2202 342 2262 401 S.
2304 341 2543 400 MARIJE
2593 341 2682 399 DE
2721 336 3117 398 NOVIGENTO
3268 318 3272 326 ⁴
3467 314 3491 339 ⁷
3531 321 3546 379 ἕ
3578 368 3583 377 ι
3701 348 3771 416 ιη

615 467 672 514 et
702 469 933 527 regnare
959 454 1221 529 dignaris,
1251 472 1356 514 non
1387 459 1558 515 solum
1591 460 1641 514 in
1679 460 1800 527 hac,
1829 475 1933 530 qua
1968 460 2063 514 tibi
2092 475 2193 515 na-
2224 464 2268 523 Α
2300 460 2571 530 quondam
2608 467 2844 530 expertae
2875 454 3159 527 principia.
3195 453 3299 511 Sed
3336 461 3388 512 tu
3421 446 3529 526 pe:
3567 458 3774 525 bsttnatio-

615 561 841 609 scuntur
905 552 1155 624 praesenti
1213 554 1597 624 generatione,
1646 556 1738 611 sed
1794 554 2053 610 etiamin
2110 554 2197 609 illa

617 645 777 718 hujus
811 646 993 702 saeculi
1030 648 1373 703 subsecutiva
1414 650 1846 720 regeneratione,
1883 647 2199 703 famulatum

610 748 951 810 perpetuam.

683 831 847 889 Vsus.
880 830 972 886 20.
1003 862 1073 873 —
1115 850 1135 885 ι
1181 831 1361 901 Quare
1404 834 1457 889 in
1503 843 1823 906 perpetuum
1859 835 2199 891 oblivisceris

568 952 571 955 ν
617 939 638 975 ι
684 921 874 986 nostri,
906 922 1249 993 derelinques
1276 939 1374 980 nos
1405 925 1458 980 in
1482 925 1869 998 longitudinem
1896 930 2144 983 dierum?
2172 949 2192 983 ι

610 1013 668 1070 Si
702 1023 782 1081 tu,
812 1016 1006 1085 inquit,
1036 1017 1143 1071 luis
1164 1012 1279 1072 haae
1308 1018 1602 1088 impertiris
1629 1021 1834 1087 electis,
1864 1030 1921 1075 ut
1950 1022 2037 1076 hic
2062 1030 2117 1078 et
2144 1022 2197 1077 in

606 1120 889 1181 posterum
918 1111 994 1165 tui
1021 1111 1100 1165 eis
1122 1112 1611 1168 indivisibilitatem
1634 1113 1900 1185 largiaris,
1925 1132 2043 1181 nos,
2063 1132 2197 1186 quos

606 1216 639 1255 a
684 1209 739 1256 te
792 1201 1039 1272 desipere
1086 1202 1270 1268 vides,
1320 1212 1375 1257 et
1422 1206 1739 1275 resipiscere
1788 1208 1967 1264 facere
2021 1219 2192 1280 potes,

609 1308 786 1364 quare
816 1294 906 1348 hic
932 1304 1250 1365 perpetuum
1284 1296 1376 1353 tibi
1406 1300 1675 1355 serviendi
1707 1299 1981 1366 affectum,
2011 1313 2059 1357 et
2088 1303 2198 1360 illic

608 1386 1022 1442 diuturnitatem
1063 1388 1401 1459 inexplebilis
1430 1389 1566 1446 lueis
1592 1391 1818 1448 aufers?
1846 1392 1961 1449 Vox
1990 1404 2072 1449 est
2098 1409 2194 1451 eo-

609 1490 731 1531 rum
762 1477 853 1548 qui
886 1479 952 1534 de
979 1494 1074 1533 sua
1118 1480 1290 1536 salute
1318 1482 1591 1538 haesitant.

680 1571 842 1627 Vens.
872 1571 963 1627 21.
997 1603 1069 1613 -
1102 1592 1121 1626 ι
1157 1573 1425 1631 Converte
1473 1592 1592 1642 nos,
1637 1577 1885 1647 Domine,
1919 1579 1986 1634 ad
2024 1590 2093 1645 te,
2141 1590 2197 1635 et

614 1682 634 1716 ι
678 1675 1081 1733 convcrtemur,
1122 1668 1318 1724 innova
1355 1670 1470 1725 dies
1502 1679 1721 1726 nostros
1762 1673 1902 1728 sicut
1934 1688 1963 1726 a
1995 1673 2197 1742 princi-

610 1774 629 1809 ι
676 1758 784 1828 pio.
827 1776 846 1809 ι
881 1758 1063 1826 Certe,
1112 1761 1307 1831 inquit,
1360 1763 1403 1817 si
1455 1772 1508 1817 tu
1548 1765 1778 1835 gratiam
1817 1764 2192 1819 conversionis

604 1850 763 1905 nobis
792 1851 1113 1921 inspirares,
1146 1856 1333 1924 procul
1370 1855 1532 1910 dubio
1562 1857 1637 1911 nil
1678 1873 1961 1927 possemus
1991 1859 2094 1913 nisi
2127 1858 2193 1913 ad
2226 1854 2270 1912 Β

606 1951 660 1997 te
690 1943 834 1999 sicut
860 1954 913 1999 et
944 1945 1018 1999 illi
1048 1948 1315 2002 converti.
1352 1946 1553 2002 Innova
1586 1965 1717 2020 ergo
1742 1950 1851 2004 dies
1891 1962 2096 2005 nostros
2126 1949 2195 2003 ai-

604 2045 690 2088 cut
720 2054 750 2089 n
780 2037 1058 2107 principio,
1092 2038 1144 2093 id
1183 2048 1267 2095 est
1292 2056 1411 2094 eam
1455 2040 1757 2098 claritatem
1805 2043 1877 2111 pii
1914 2042 2189 2109 desiderii,

602 2144 723 2199 qua:
760 2130 873 2199 jam
910 2131 1292 2188 deambulaera
1340 2133 1579 2205 vulpium
1622 2134 1765 2190 facta
1808 2147 1911 2201 est,
1956 2138 2008 2191 in
2039 2136 2194 2192 nobis

604 2237 818 2292 repara,
852 2232 909 2279 ut
930 2224 1015 2280 fas
1047 2224 1119 2281 sit
1160 2226 1336 2283 redire
1362 2228 1429 2283 ad
1460 2227 1761 2284 dulcedinis
1791 2238 1952 2300 atque
1989 2229 2192 2284 laetitiae

618 2402 2820 2438 mw

2304 568 2427 608 nem
2483 568 2582 609 nos
2627 550 2876 623 repellis,
2930 558 2988 606 et
3043 558 3096 607 te
3160 548 3356 604 iratum
3407 550 3774 619 irremediabilitcr

2302 647 2562 703 ostendis.

2374 767 2640 834 Quoniam
2695 764 2913 820 tandem
2952 776 3174 818 emenso
3218 759 3604 832 pertimescendi
3640 762 3777 829 laboris

2301 861 2559 932 Opuseulo
2590 874 2688 929 per
2718 859 3015 914 immensas
3047 856 3420 930 mysteriorum
3454 858 3691 929 voragines
3708 877 3780 916 ser-

2302 971 2391 1011 mo
2416 963 2601 1010 noster
2616 953 2883 1018 enatavit,
2904 950 3285 1007 securrissimo
3309 966 3437 1006 ausu
3457 950 3610 1007 dicam
3624 955 3733 1023 quia,
3748 957 3781 1011 in

2303 1058 2411 1103 tam
2445 1049 2703 1104 horrendi
2737 1046 3148 1102 transmissione
3176 1045 3300 1109 sali,
3327 1044 3491 1099 solum
3518 1046 3657 1099 Deum
3678 1050 3783 1103 remi-

2302 1160 2422 1217 gem
2462 1152 2517 1199 et
2562 1141 2877 1198 nauclerum
2917 1139 3223 1195 habuerim.
3269 1134 3461 1192 Testor
3502 1136 3627 1191 enim
3653 1137 3783 1207 ipsum.

2302 1239 2443 1293 intra
2472 1236 2625 1308 cujus
2656 1244 2847 1305 portus
2873 1234 3173 1288 anchoram
3209 1246 3344 1313 mea:
3367 1228 3652 1284 intentionis
3678 1245 3787 1301 appu-

2300 1331 2477 1397 lerim,
2521 1330 2663 1400 quod
2708 1329 2776 1384 ab
2811 1327 2927 1398 ipso
2955 1325 3183 1381 exordio
3231 1324 3395 1378 totius
3437 1320 3582 1391 hujus
3607 1323 3725 1376 stadii
3753 1324 3786 1377 in

2304 1434 2512 1479 tantum
2546 1422 2747 1494 ingenii
2781 1421 2885 1475 mei
2928 1434 3158 1474 acumen
3194 1416 3440 1472 hebuerit
3460 1416 3652 1485 quoties
3675 1416 3786 1470 aciem

2301 1517 2465 1570 animi
2518 1515 2583 1569 ad
2630 1515 2746 1569 hac
2795 1510 3109 1580 vestiganda
3163 1508 3482 1564 tetenderim
3513 1523 3527 1560 :
3556 1516 3608 1562 ut
3653 1507 3788 1563 nisiad

2301 1610 2501 1680 ipsum,
2552 1608 2709 1679 cujus
2749 1605 2932 1661 vultus
2962 1604 3141 1658 lumen
3185 1602 3339 1657 cordi
3372 1610 3547 1656 nostro
3581 1599 3790 1667 insignitur

2300 1701 2712 1758 lacrimabiliter
2741 1706 3108 1769 rcspectarem
3157 1696 3403 1767 (quippe
3448 1693 3533 1764 qui
3572 1691 3684 1748 bona
3707 1707 3790 1747 con-

2301 1794 2533 1850 scientia
2562 1792 2614 1847 id
2646 1806 2732 1846 me
2764 1789 3061 1859 arripuisse
3091 1785 3500 1858 cognoscerem)
3528 1800 3632 1838 cum
3664 1798 3792 1852 magna

2299 1883 2488 1955 procul
2520 1882 2684 1939 dubio
2712 1883 2778 1936 ah
2804 1895 2870 1936 eo
2903 1880 3045 1949 quod
3092 1893 3371 1948 coeperam
3403 1874 3681 1931 confusione
3702 1874 3793 1928 desi-

2299 1988 2524 2033 sterem.
2576 1975 2683 2031 Sed
2733 1974 2975 2029 inﬁnitas
3004 1988 3171 2043 super
3206 1972 3310 2027 hac
3336 1969 3661 2041 experientia,
3688 1966 3794 2032 Deus,

2298 2080 2501 2143 grates,
2528 2070 2620 2140 qui
2655 2070 2734 2125 sic
2764 2083 2864 2124 nos
2901 2077 2993 2122 tuo
3024 2081 3255 2121 munere
3282 2063 3495 2131 imbuis,
3526 2071 3574 2116 ut
3597 2076 3676 2116 nos
3703 2058 3795 2112 nullo

2302 2162 2468 2218 modo
2494 2160 2665 2216 lateat
2690 2159 2819 2230 quid
2846 2175 2914 2215 ex
2943 2167 3017 2227 te,
3055 2156 3187 2228 quid
3218 2154 3490 2227 sapiamus
3513 2168 3573 2209 ex
3595 2151 3730 2207 nobis.

2823 2407 3789 2437 Μ

1920 2568 2562 2664 EPILOGUS.

677 2928 947 2998 Quoniam
987 2943 1119 3000 ergo
1159 2928 1321 2998 hujus
1355 2927 1763 2985 aestuantissimi
1794 2926 1915 2984 freti
1947 2927 2195 2999 qualem-

609 3038 823 3091 cunque
854 3022 965 3077 Deo
994 3022 1220 3077 ductore
1256 3030 1470 3092 portum
1515 3021 1818 3091 attigimus,
1878 3020 1947 3075 ad
1999 3029 2051 3075 te
2083 3018 2195 3092 (18)

612 3117 826 3171 tandem
878 3116 932 3171 in
968 3131 1077 3187 quo
1106 3116 1271 3172 totius
1302 3116 1632 3172 sinceritatis
1665 3115 1923 3185 judicium
1947 3113 2197 3185 praecini-

604 3227 733 3267 nere
765 3227 870 3266 non
907 3211 1146 3280 ambigo,
1183 3212 1338 3282 quasi
1373 3212 1424 3266 in
1468 3211 1800 3268 solidissimo
1823 3210 2010 3266 littore
2041 3225 2195 3266 com-

602 3305 805 3359 mercia
860 3314 1073 3373 nostra,
1123 3305 1337 3375 magnis
1365 3306 1549 3362 cordis
1586 3315 1640 3361 et
1677 3305 1920 3375 corporis
1949 3311 2196 3374 eoempta

602 3398 923 3463 sudoribus,
991 3398 1253 3469 magister
1304 3399 1643 3466 reverenda,
1695 3398 2035 3470 deponimus.
2084 3395 2197 3451 Nec

602 3491 746 3544 enim
780 3499 832 3544 te
860 3490 1164 3561 improvide
1192 3490 1443 3563 eligimus
1471 3490 1631 3561 hujus
1660 3502 1860 3547 nostra:
1888 3488 2196 3565 supellecti-

2306 2925 2541 2994 inlinita,
2565 2926 2878 2999 magistros,
2909 2934 2963 2982 et
2989 2926 3079 2998 qui
3112 2926 3231 2983 Suis
3260 2927 3628 2998 dignoseuntur
3650 2931 3805 2976 sensua-

2306 3016 2549 3073 litatibus
2579 3017 2799 3083 irretiti,
2834 3017 3014 3088 aliqua
3057 3017 3418 3088 spiritualiter
3449 3031 3593 3071 sensa
3621 3025 3808 3084 pmpone-

2305 3122 2441 3173 rem,
2466 3108 2703 3163 studium
2734 3109 2893 3178 plane
2924 3121 3104 3163 meum
3137 3124 3332 3164 eorum
3374 3107 3665 3164 lentitudine
3687 3101 3809 3159 οοιιςὶ⁸

2304 3200 2491 3255 derata
2518 3199 2844 3269 gravissime
2873 3200 3272 3256 examinarem.
3312 3186 3323 3201 ’

2370 3294 2452 3349 Ad
2483 3303 2535 3350 te
2562 3294 2748 3366 igitur,
2783 3294 2872 3364 qui
2913 3294 3270 3365 spiritualiter
3303 3303 3494 3352 cuncta
3533 3292 3810 3349 examinant

2300 3402 2331 3441 a
2358 3386 2577 3442 nemine
2598 3386 2881 3454 judicaris,
2918 3403 3141 3444 securus
3183 3389 3429 3450 intendo.
3474 3391 3587 3459 quia
3624 3386 3679 3441 ad
3707 3383 3812 3452 liqui-

2299 3480 2431 3535 dum
2457 3480 2735 3546 universa,
2764 3488 2820 3534 et
2848 3481 2931 3535 his
2957 3481 3160 3552 majora
3209 3496 3316 3537 non
3361 3491 3627 3552 penetrare
3652 3495 3733 3533 non
3752 3492 3811 3544 po-

603 3581 671 3637 lis
704 3582 1148 3653 appretiatorem,
1193 3562 1361 3638 immo
1392 3584 1866 3655 vigilantissimum
1913 3562 2194 3638 discusso-

2223 3562 2270 3625 C
2302 3573 2466 3639 teris;
2498 3588 2620 3628 cum
2647 3572 2781 3628 nihil
2807 3574 2878 3629 sit
2904 3573 3045 3629 aliud
3076 3590 3241 3645 quam
3274 3577 3511 3630 divinum
3538 3567 3811 3643 etspirit'vale

606 3688 753 3740 rem,
805 3673 892 3728 cui
933 3689 1161 3743 prorsus
1210 3674 1490 3729 insolitum
1535 3676 1670 3738 scio,
1714 3675 1832 3730 sine
1869 3669 2198 3727 omnimodae

604 3766 877 3835 aequitatis
922 3766 1119 3822 intuitu
1170 3768 1418 3823 censoria
1460 3767 1769 3837 quempiam
1805 3766 2038 3834 jacnlari
2075 3779 2198 3821 scn-

607 3856 800 3923 tentia,
832 3855 986 3924 cujus
1040 3858 1295 3913 nimirum
1332 3859 1515 3928 operis
1562 3874 1780 3929 gressus
1833 3858 2200 3913 indesinenter

604 3962 945 4017 praecurrere
969 3950 1250 4004 consuevit
1275 3950 1654 4005 intellectualis
1684 3949 1893 4005 consilii
1920 3949 2196 4019 palpebra.

605 4041 725 4095 Non
776 4041 1029 4108 absurde,
1064 4042 1310 4112 inquam,
1339 4044 1444 4098 tuis
1461 4058 1701 4113 prtesens
1735 4044 2058 4112 opusculum
2089 4042 2199 4098 dis-

614 4132 998 4202 quisitionibus
1056 4134 1327 4205 appulisse
1358 4136 1716 4202 decreverim,
1744 4135 2045 4206 praesertim
2075 4150 2196 4188 cum

606 4223 979 4280 indubitanter
1025 4228 1338 4297 agnoverim
1388 4228 1663 4283 neminem
1719 4243 1881 4297 super
1923 4226 2199 4281 interioris

607 4316 769 4390 263
812 4318 1048 4374 hominis
1092 4328 1236 4374 statu
1279 4320 1332 4375 in
1369 4321 1579 4376 cunctis
1617 4321 1774 4376 nobis
1803 4320 2075 4391 contiguis
2112 4334 2201 4374 re-

607 4410 862 4481 gionibus
894 4409 1152 4479 majorem
1194 4412 1541 4468 discretionis
1570 4412 1873 4468 obtinuisse
1915 4413 2043 4465 vim.
2091 4410 2201 4467 Nec

608 4501 662 4557 id
705 4503 925 4573 injuria.
968 4504 1109 4572 Quid
1156 4505 1301 4561 enim
1360 4505 1643 4575 spirituale
1688 4506 1920 4567 nescias,
1973 4519 2097 4559 cum
2142 4506 2197 4559 in

608 4591 768 4660 hujus
796 4596 1199 4652 examinatione
1232 4607 1282 4652 te
1308 4597 1677 4652 indesinenter
1705 4596 2003 4651 exerceas?
2026 4594 2087 4649 In
2109 4594 2200 4651 his

614 4686 939 4740 tractatibus
972 4695 1184 4742 noctem
1216 4688 1324 4743 diei
1350 4688 1658 4751 continuas,
1686 4688 1739 4741 in
1766 4686 1928 4756 hujus
1959 4695 2202 4741 conteru-

611 4775 872 4848 plationis
903 4780 1074 4846 radio,
1117 4780 1281 4836 totius
1326 4782 1522 4835 interni
1577 4781 1792 4837 habitus
1844 4779 2202 4837 delectatione

608 4869 914 4941 conspiras.
947 4871 1100 4939 Quod
1136 4873 1181 4929 si
1229 4874 1296 4930 ad
1337 4875 1622 4941 animales,
1664 4891 1893 4945 quorum
1934 4876 2085 4945 cepia
2115 4882 2200 4929 est

690 5071 806 5146 (18)
838 5071 897 5129 8.
930 5069 1259 5131 Norbcrtum
1290 5073 1584 5147 alloquitur
1610 5074 1836 5130 Auctor.

2303 3665 2449 3736 quod
2476 3666 2631 3722 vivis.
2667 3666 2724 3720 Si
2752 3682 2855 3737 qua
2888 3682 3016 3738 ergo
3063 3666 3186 3722 istic
3233 3668 3545 3738 corrigenda
3580 3662 3809 3736 perpendis.

2308 3758 2538 3813 consilio
2564 3775 2684 3813 cum
2711 3758 3024 3829 Scripturis.
3066 3775 3298 3829 quarum
3330 3761 3421 3814 tibi
3450 3775 3549 3815 non
3583 3756 3815 3824 infrequers

2304 3864 2436 3907 usus
2484 3859 2696 3915 exstat,
2744 3852 3180 3917 communicato,
3235 3869 3569 3923 nequaquam
3614 3850 3815 3916 corrigere

2304 3946 2634 4017 dedigneris,
2681 3946 2867 4017 sciens
2898 3946 3118 4002 indubie
3160 3948 3288 4015 quia
3345 3963 3449 4003 non
3498 3947 3724 4015 ingratum
3759 3949 3816 3988 me

2303 4038 2413 4093 ullo
2452 4041 2612 4095 modo
2648 4040 2908 4107 reperies,
2959 4038 3005 4093 si
3055 4054 3163 4108 qua
3212 4040 3343 4094 inihi
3387 4034 3728 4096 oblitteranda,
3762 4026 3814 4079 τοι

2305 4133 2483 4197 potius
2512 4133 2845 4187 immutanda
2895 4133 3186 4187 notaveris.
3227 4132 3494 4188 Caeterum
3539 4131 3599 4185 ad
3643 4128 3815 4180 litteram

2305 4227 2439 4281 nihil
2467 4241 2554 4281 me
2583 4226 2782 4281 dixisse
2811 4228 2935 4281 nolo
2964 4226 3205 4293 mireris,
3229 4228 3355 4296 quia
3382 4227 3518 4296 quod
3542 4225 3596 4279 Β.
3623 4221 3817 4284 ΙΙὶετοιιιο

2305 4332 2427 4373 mus
2468 4320 2602 4374 satis
2637 4326 2906 4389 superque
2949 4318 3251 4375 elucidasse
3305 4320 3356 4374 in
3388 4325 3621 4390 promptu
3655 4320 3736 4373 est,
3760 4305 3817 4360 ialv

2305 4412 2482 4481 ipsum
2513 4412 2803 4479 repetendo
2841 4412 3129 4468 schedulas
3171 4412 3398 4482 implere
3433 4412 3813 4481 supervacaneum

2307 4504 2493 4571 procul
2527 4503 2690 4559 dubio
2732 4505 2863 4560 mihi
2894 4514 2998 4560 est.
3031 4505 3161 4573 Quae
3189 4520 3320 4576 ergo
3360 4519 3456 4574 pro
3482 4513 3628 4570 captu
3654 4510 3762 4553 meo,
3782 4496 3818 4542 et

2306 4597 2438 4660 Deo,
2483 4607 2543 4652 ut
2589 4597 2770 4664 (redo,
2827 4599 3044 4668 indigno
3089 4598 3362 4669 peccaturi
3414 4596 3682 4665 aspirante,
3722 4588 3817 4639 1)οη³

2304 4688 2605 4745 intentione
2642 4691 2912 4761 peregisse
2967 4707 3051 4745 me
3100 4693 3343 4756 memini,
3396 4706 3498 4745 non
3550 4696 3725 4741 tantum
3757 4686 3816 4728 tua

2306 4783 2535 4841 lectione
2590 4801 2750 4854 quam
2801 4785 3049 4840 oratione
3095 4785 3360 4839 ﬁrmanda
3405 4793 3459 4840 et
3511 4767 3818 4837 auctorizamll

2272 4912 2280 4919 -
2310 4877 2609 4932 transmisi.

1475 5337 1725 5379 EXPLICIT
1769 5336 2216 5380 TROPOLOGIARUI
2261 5337 2422 5378 LIBER
2447 5336 2678 5387 QUINTUS
2715 5337 2785 5379 ET
2817 5337 3066 5381 υιτιιιυε.

3931 2959 3933 3111 ι
