4038 6330
237 316 349 374 689

265 452 2874 482 W

955 303 1206 359 TRACT.
1232 303 1318 358 DE
1343 301 1856 361 lNCAhNATlONE
1885 300 2168 362 CONTRA
2191 299 2498 360 JUDJEOS.
2528 332 2592 346 -—
2629 301 2758 358 LIB.
2813 302 2859 364 lt

3415 302 3518 362 5.90

2960 450 3516 479 Μ

702 532 1142 656 VEN.
1220 541 1856 658 GUIBEI

1930 543 2126 658 TI
2202 542 2920 658 ΔΒΒΔΤῙ

371 748 1496 913 TRACTATUS
1605 753 1860 905 DE
1972 745 3408 909 INCARNATIONE

1274 1028 1855 1147 CONTRA
1916 1025 2544 1200 Jun/Eos.

1697 1238 2066 1256 ﬂ

729 1335 1321 1433 AUCTORIS
1392 1337 1983 1430 EPISTOLA
2057 1338 3047 1434 NUNCUPATORIA.

298 1641 624 1718 aﬂPatri
649 1648 704 1697 et
725 1639 944 1696 domino
971 1646 1173 1696 sanetae
1203 1638 1608 1696 Suessionensis
1638 1638 1825 1695 Eccle-
1853 1625 1900 1683 Α
1930 1637 1987 1694 Si
2038 1637 2181 1693 enim
2229 1636 2283 1693 id
2335 1637 2596 1702 facerem,
2645 1647 2700 1695 et
2752 1654 2840 1695 res
2897 1640 3239 1711 vilipensioni
3285 1652 3520 1715 pateret,

219 1739 325 1796 sia
348 1742 554 1795 decano
568 1738 857 1792 Bsansnno
893 1735 1149 1806 indignus
1174 1734 1462 1790 admodum
1488 1734 1823 1804 praenomine

219 1847 350 1889 SUO.

297 1924 622 1979 Petitionem
675 1930 782 1977 tute
831 1919 1140 1976 sanctitatis
1185 1918 1404 1974 biennio
1447 1917 1672 1984 distuli,
1727 1917 1822 1973 sed

212 2017 338 2090 jam
372 2032 518 2073 nunc
569 2015 752 2071 nescio
795 2014 840 2070 si
895 2014 1056 2085 digne
1103 2011 1396 2082 paruerint.
1453 2011 1650 2065 Fateor
1677 2009 1821 2064 enim

224 2113 327 2168 tibi
380 2111 704 2176 Dominum,
757 2124 916 2180 quem
961 2121 1304 2163 communem
1363 2114 1550 2170 testor,
1593 2103 1822 2159 multum

141 2217 146 2222 ·
218 2222 316 2260 me
379 2205 540 2277 hujus
575 2203 956 2275 postulationis
1000 2200 1214 2272 puduit,
1267 2199 1391 2254 dum
1439 2207 1582 2252 tuam
1632 2198 1697 2252 de
1737 2211 1823 2252 me

220 2299 536 2369 opinionem
584 2297 843 2368 majorem
891 2297 1068 2352 sentio
1113 2310 1275 2365 quam
1327 2293 1518 2348 merui.
1567 2291 1823 2346 δεὶριιιίω

223 2394 376 2449 cnim
409 2392 834 2449 imbecillitatem
864 2405 1214 2461 expaveram,
1257 2397 1311 2443 et
1345 2388 1472 2441 dum
1516 2387 1820 2457 inexperta,

220 2493 285 2540 et
323 2499 442 2553 qua:
470 2482 760 2555 Gregorios
802 2482 1268 2554 Hieronymosque
1315 2491 1522 2534 terrere
1551 2487 1820 2550 poterant,

221 2577 440 2650 exigor,
466 2577 567 2633 sub
595 2585 876 2648 assumpto
917 2577 1144 2646 turpiter
1191 2575 1343 2631 fasce
1372 2574 1578 2630 veritus
1613 2589 1821 2638 casum,

222 2677 495 2739 quantum
527 2667 701 2734 licuit,
744 2675 1024 2738 urgentem
1067 2675 1119 2720 te
1155 2665 1504 2721 dilationibus
1544 2665 1824 2734 hucusque

222 2763 447 2834 suﬂ'ugi.
492 2762 765 2818 Inauditas
821 2763 980 2834 plane
1022 2771 1077 2818 et
1119 2761 1259 2818 male
1304 2761 1530 2818 subtiles
1577 2777 1697 2833 qua:
1729 2776 1824 2816 no-

223 2861 359 2909 stra:
407 2851 760 2908 intenduntur
807 2853 928 2907 fidei
962 2853 1358 2909 controversias
1402 2852 1668 2918 refellere,
1699 2867 1824 2924 per-

227 2944 588 3016 spicacissimi
643 2945 807 3000 animi
865 2945 1100 3016 postulat
1155 2947 1467 3017 puritatem.
1530 2945 1856 3008 Dominicse.

227 3053 468 3109 namque
499 3038 890 3096 lncarnationis
937 3039 1026 3096 illa
1073 3040 1361 3096 sinceritas
1388 3037 1546 3095 oculo
1580 3040 1821 3108 vestiga-

230 3140 320 3187 tur
348 3132 560 3189 nonnisi
597 3149 627 3188 a
670 3133 990 3204 quibusdam
1041 3133 1519 3205 imaginationibus
1567 3131 1820 3196 lautiore,

228 3225 431 3295 quibus
467 3241 589 3282 cum
623 3241 707 3282 me
737 3227 978 3282 noverim
1031 3227 1295 3281 acerrime
1333 3225 1710 3297 praepeditum,
1739 3224 1823 3280 ni-

229 3315 431 3372 mirum
482 3316 636 3373 valde
685 3331 806 3373 cum
860 3316 912 3374 id
943 3317 1163 3390 aggredi
1210 3329 1454 3388 cogerer,
1501 3315 1821 3372 aestuabam.

1928 1734 2255 1806 (cogitabam
2307 1735 2600 1790 secundum
2646 1734 2946 1807 hominem)
2985 1738 3092 1792 hoc
3141 1738 3245 1793 mei
3303 1737 3524 1797 honoris

1925 1843 2086 1898 posse
2137 1827 2252 1882 fieri
2299 1827 2645 1895 detrimento,
2680 1828 2806 1891 imo,
2841 1829 2984 1898 quod
3018 1829 3189 1899 magis
3228 1831 3522 1884 verendum

1926 1932 2028 1985 est,
2067 1923 2244 1993 tepide
2283 1930 2518 1977 tractare
2552 1922 2618 1976 de
2666 1921 2860 1977 talibus
2902 1921 3157 1978 Ecclesiae
3186 1923 3385 1993 poterit
3411 1923 3524 1978 otii-

1926 2027 2052 2068 cere
2095 2013 2437 2068 documento.
2491 2013 2742 2067 Attamen
2784 2027 3019 2083 pensans
3056 2014 3200 2084 quod
3245 2023 3524 2084 tantopere

1927 2104 2230 2160 orationem
2262 2104 2594 2173 praemittere
2629 2120 2717 2159 me
2749 2105 2973 2176 rogasti,
3014 2104 3081 2158 ad
3125 2120 3246 2160 eum
3277 2106 3367 2175 qui
3408 2121 3522 2162 om-

1927 2193 2015 2248 nia
2041 2209 2159 2249 mea
2185 2195 2449 2248 hactenus
2467 2203 2646 2264 coepta
2667 2193 2918 2263 iuvisset,
2944 2209 3038 2249 cor
3057 2195 3260 2265 appuli,
3284 2195 3526 2250 demum-

1927 2303 2054 2358 que,
2102 2287 2146 2342 si
2193 2303 2300 2356 qua
2349 2303 2589 2358 possem,
2638 2303 2800 2358 super
2841 2298 2931 2344 tuo
2981 2289 3200 2359 negotio
3239 2288 3522 2345 elaborare

1927 2384 2153 2439 tentavi.
2183 2382 2238 2438 Si
2262 2383 2391 2454 quid
2434 2384 2484 2438 in
2514 2399 2580 2439 eo
2603 2385 2740 2439 bene
2762 2384 2930 2455 potui,
2960 2385 3011 2438 in
3035 2385 3137 2439 hoc
3159 2383 3252 2438 tibi
3283 2383 3520 2449 ascribo,

1928 2477 2054 2547 quia
2101 2486 2205 2532 tuae
2234 2492 2462 2532 summa:
2499 2478 2788 2532 humilitati
2825 2477 3101 2533 humiliter
3142 2478 3523 2548 obtemperare

1928 2568 2201 2640 proposui.
2229 2569 2364 2624 Cum
2397 2584 2534 2639 puer
2560 2585 2734 2625 essent
2758 2579 2813 2624 et
2842 2569 2942 2624 sub
2967 2570 3257 2640 paedagogo
3278 2586 3520 2640 agerem,

1928 2661 2125 2716 accidit
2160 2676 2248 2716 me
2286 2661 2549 2731 quasdam
2596 2661 2883 2716 admodum
2936 2661 3224 2716 saeculares
3257 2662 3523 2718 litterulas

1926 2752 2204 2810 dictitasse
2219 2755 2331 2828 (-l9)
2349 2772 2363 2821 ;
2384 2753 2525 2824 quod
2551 2771 2672 2810 cum
2694 2756 2951 2827 magister
2973 2755 3111 2810 idem
3130 2769 3268 2826 azgre
3288 2756 3519 2821 tulisset,

1929 2850 2214 2906 dormienti
2251 2853 2422 2908 astitit
2452 2868 2588 2908 cano
2636 2868 2863 2922 persona
2895 2852 3092 2922 capite,
3123 2853 3306 2907 dicens
3337 2872 3348 2907 :
3390 2853 3522 2908 Volo

1929 2943 2059 2998 mihi
2095 2943 2359 2998 rationem
2414 2947 2480 2998 de
2521 2944 2720 2998 litteris
2752 2945 2962 3008 reddas,
2995 2954 3368 2998 verumtamen
3401 2961 3487 2998 ma

1928 3049 2032 3088 nus
2059 3050 2178 3104 qnte
2203 3035 2420 3105 scripsit
2450 3051 2556 3088 non
2588 3045 2670 3090 est
2693 3035 2834 3090 illius
2858 3051 3104 3106 persona:
3133 3052 3252 3107 qua!
3281 3037 3516 3106 scripsit.

1931 3123 2082 3192 Quod
2114 3141 2236 3180 cum
2269 3135 2414 3181 esset
2447 3126 2577 3181 mihi
2613 3129 2680 3181 ab
2727 3128 2842 3196 ipso
2883 3127 3128 3193 relatum,
3162 3128 3520 3184 animadverti

1931 3221 2076 3290 quod
2099 3219 2301 3290 aliquid
2326 3220 2455 3275 mihi
2483 3220 2713 3275 internae
2737 3220 2873 3275 lucis
2902 3221 3240 3292 impenderet
3267 3220 3430 3288 Deus,
3461 3227 3524 3277 ut

1935 3327 2130 3369 manus
2155 3327 2273 3368 mea
2296 3312 2399 3384 piis
2422 3311 2653 3368 serviret
2675 3311 2950 3384 operibus.

1345 3505 1708 3598 LIBER
1778 3506 2270 3599 PRIMUS.

1097 3681 1188 3738 DE
1226 3677 1708 3738 CONCEPTIONE
1757 3678 1913 3735 FlLIl
1953 3677 2065 3735 DEI
2103 3677 2318 3736 INTRA
2353 3677 2713 3737 VIBGINEM.

753 3894 981 3952 CAPUT
1019 3891 1311 3949 PRIMUM.

307 4012 422 4068 Cur
459 4020 742 4067 tractatum
773 4011 932 4080 fuerit
951 3997 1500 4080 aggressus'ratt'onem
1526 4003 1694 4060 reddit
1727 4021 1825 4058 au-

235 4124 691 4182 ctor.Tolerabile
715 4125 1114 4196 utcunquelest,
1133 4139 1252 4178 enm
1277 4122 1449 4176 abhis
1480 4120 1603 4175 fidei
1631 4129 1827 4176 nostrae

235 4217 542 4275 detrahitur
561 4217 651 4288 qui
673 4217 791 4286 ejus
819 4231 1158 4286 nequaquam
1183 4215 1430 4285 dogmata
1449 4221 1822 4284 susceperunt.

234 4313 307 4366 At
338 4327 465 4366 cum
505 4311 559 4364 hi
604 4310 693 4380 qui
736 4309 935 4364 Christi
991 4307 1322 4363 reconciliati
1359 4307 1610 4361 videntur
1653 4305 1826 4376 gratia

237 4405 508 4458 adversus
529 4403 772 4458 eamdem
802 4401 1294 4457 controversiarum
1335 4399 1522 4453 dentes
1548 4407 1604 4453 et
1633 4398 1830 4468 lingua:

237 4495 528 4550 niacheras
573 4502 882 4559 exacuunt,
933 4493 1175 4548 omnium
1224 4489 1488 4546 bonorum
1536 4489 1701 4544 animi
1745 4491 1830 4560 pie

238 4587 421 4642 aemuli
461 4585 551 4640 tali
579 4585 855 4640 auditione
890 4585 1192 4639 tabescunt.
1229 4582 1342 4637 Etsi
1381 4580 1603 4637 Judaiea
1637 4582 1828 4637 inertia

240 4681 305 4736 de
336 4680 460 4735 Filii
487 4679 581 4734 Dei
610 4679 750 4733 intra
787 4677 1063 4749 Virginem
1105 4675 1458 4746 conceptione
1485 4676 1831 4730 submurmn-

240 4779 347 4836 rat,
403 4769 659 4824 nimirum
707 4783 796 4823 res
849 4777 933 4822 est
980 4767 1163 4822 inolita
1221 4766 1385 4838 genti,
1429 4775 1484 4820 et
1520 4767 1830 4836 pudendum

241 4863 502 4934 quiddam
535 4861 638 4917 sibi
663 4861 898 4917 aestimat
938 4861 1128 4929 incuti,
1163 4877 1285 4916 cum
1314 4877 1342 4915 a
1374 4861 1485 4916 suis
1517 4861 1708 4924 Deum,
1737 4859 1830 4929 qui

242 4958 343 5012 sibi
393 4955 645 5010 Salvator
690 4957 1024 5021 advenerat,
1083 4956 1516 5027 progenitoribus
1575 4955 1830 5010 traditum

241 5050 398 5104 audit
418 5048 587 5104 cruci.
619 5046 789 5105 Porro
817 5048 1175 5111 Christianus,
1214 5048 1306 5118 qui
1337 5049 1439 5102 hoc
1480 5048 1597 5118 ipso
1623 5048 1831 5103 censeri

1931 3870 2278 3928 mosynarum
2323 3856 2640 3930 largitiones
2685 3857 2919 3916 aﬂ‘eetat.
2960 3860 3032 3928 Is,
3082 3859 3324 3932 inquam,
3357 3876 3526 3934 quare

1929 3951 2169 4009 Judaicis
2191 3955 2535 4012 sermonibus
2551 3971 2608 4013 se
2631 3955 2889 4013 inclinat?
2909 3957 3091 4025 Quare
3111 3974 3300 4014 eorum
3331 3960 3526 4015 adver-

1930 4060 2048 4099 sum
2081 4059 2180 4099 nos
2209 4046 2584 4102 contentiones
2613 4048 2843 4104 assumit
2871 4062 2936 4103 ac
2975 4048 3227 4103 roborat?
3267 4048 3525 4103 Susurria

1930 4149 2119 4190 eorum
2163 4136 2254 4206 qui
2302 4152 2400 4207 per
2443 4153 2501 4194 se
2547 4139 2808 4208 grunnire
2849 4154 2956 4194 non
2999 4139 3220 4206 audent,
3267 4154 3385 4204 suo,
3419 4154 3528 4210 quo

1932 4225 2045 4280 Deo
2081 4225 2262 4295 judice
2311 4227 2460 4281 brevi
2509 4226 2746 4293 florebit,
2795 4237 3080 4298 potentatu
3127 4237 3426 4294 sustentat;
3475 4238 3530 4286 et

1931 4320 2074 4388 quod
2101 4318 2176 4373 illi
2217 4320 2269 4374 in
2299 4320 2549 4376 faucibus
2574 4323 2664 4376 vix
2712 4322 3024 4392 loquuntur,
3056 4322 3160 4377 iste
3199 4322 3524 4394 promulgat,

1931 4423 2007 4480 et,
2033 4430 2065 4469 ο
2095 4415 2320 4469 tnirum!
2357 4415 2643 4471 verborum
2671 4431 2894 4470 suorum
2924 4415 3323 4486 superstitionis
3349 4415 3529 4486 argui-

1935 4516 2044 4573 tur,
2069 4523 2213 4578 :egre
2245 4507 2370 4573 fert,
2396 4508 2484 4562 vix
2518 4507 2733 4576 tulerat,
2777 4523 2896 4563 sese
2941 4507 3309 4563 Christianum
3353 4507 3527 4562 inela-

1933 4601 2110 4655 mitat.
2143 4600 2208 4654 Et
2251 4601 2374 4669 quis
2417 4599 2568 4656 furor
2600 4609 2706 4667 est,
2735 4602 2912 4670 utqui
2951 4600 3196 4658 Judaeum
3232 4611 3323 4657 aut
3361 4618 3528 4674 paga-

1935 4711 2063 4749 num
2111 4708 2170 4748 se
2212 4693 2399 4750 haberi
2431 4703 2524 4749 aut
2569 4697 2751 4750 vocari
2782 4697 3007 4769 respuit,
3040 4711 3228 4752 eorum
3267 4712 3529 4754 caeremo-

1933 4790 2056 4845 nias
2095 4797 2330 4855 tueatur,
2372 4799 2426 4846 et
2461 4790 2703 4847 instituta
2755 4791 3030 4857 defendat,
3062 4792 3114 4847 in
3160 4792 3307 4865 leges
3342 4791 3528 4849 odium

1935 4883 2278 4940 Christianas
2316 4893 2591 4952 exerceat,
2631 4885 2740 4940 imo
2789 4885 3022 4957 idipsnm
3068 4886 3339 4956 vituperet
3385 4885 3530 4955 quod

1937 4978 2164 5034 adorat?
2217 4979 2354 5034 Dum
2402 4994 2525 5034 cum
2564 4977 2748 5034 Judaea
2799 4981 3033 5050 quadam
3081 4978 3410 5036 facetissima
3461 4977 3530 5032 de

1939 5070 2042 5125 hoc
2087 5071 2204 5140 ipso
2249 5071 2606 5142 colloquerer,
2657 5081 2936 5138 extremae,
2969 5072 3068 5137 ait,
3115 5069 3400 5125 dementiae
3444 5075 3531 5124 est

243 5141 467 5196 nomine
502 5155 610 5196 non
640 5139 860 5203 refutat,
900 5140 1013 5210 qui,
1048 5140 1293 5209 quamvis
1322 5140 1485 5194 miser
1513 5149 1567 5194 et
1605 5141 1833 5210 tepidus,

1942 5163 2025 5217 sui
2057 5139 2193 5232 quas
2218 5163 2350 5218 dicit
2371 5139 2668 5220 salvatoris
2691 5165 2956 5237 imagines
2977 5163 3251 5217 hominem
3272 5161 3528 5228 adorare,

245 5232 508 5287 ecclesias
545 5241 722 5287 tamen
752 5233 914 5286 intrat
945 5233 1094 5302 (20);
1123 5231 1312 5286 altaria
1346 5232 1630 5301 aliquoties
1662 5243 1718 5288 et
1743 5249 1832 5289 sa-

245 5326 501 5380 cerdotes
513 5325 766 5391 honorat,
785 5326 909 5381 dum
933 5325 1292 5381 Eucharistiae
1316 5324 1550 5379 fidelium
1565 5333 1619 5378 et
1643 5341 1834 5396 pecca-

249 5423 427 5473 torum
463 5416 790 5475 confessioni
835 5419 1197 5474 eommunicat
1235 5416 1376 5488 (2t);
1411 5417 1501 5488 qui
1544 5417 1836 5475 Dnminicae

250 5511 546 5568 memorias
575 5513 844 5584 passionis
881 5515 1093 5584 adorat,
1127 5525 1181 5572 et
1207 5516 1473 5572 interdum
1501 5517 1665 5572 etiam
1694 5516 1838 5574 elee-

324 5667 438 5736 (l9;
466 5656 647 5736 pctus
674 5663 793 5721 fuse
821 5665 876 5721 in
903 5667 1024 5724 Vita
1059 5683 1177 5724 sua.

1939 5265 1995 5310 et
2022 5257 2163 5311 idem
2212 5272 2340 5312 mox
2379 5257 2521 5328 quod
2561 5259 2842 5326 adoravit,
2882 5265 3171 5330 postquam
3213 5255 3526 5324 recesserit,

1939 5349 2296 5410 subsannare.

2013 5440 2174 5496 Plane
2220 5443 2364 5496 hunc
2390 5457 2494 5496 non
2523 5440 2817 5511 incongrue
2867 5439 3210 5498 Neutericum
3263 5453 3405 5494 novo
3429 5452 3527 5492 vo-

1942 5534 2136 5592 cabulo
2184 5535 2386 5603 dicam,
2438 5535 2530 5606 qui
2581 5545 2830 5592 neutrum
2864 5545 3126 5602 sectatur,
3158 5535 3287 5592 dum
3315 5549 3375 5590 ea
3407 5543 3531 5602 qua

326 5735 731 5814 (guﬂoanqem
761 5737 1134 5814 hie__eomitem
1184 5738 1630 5814 Suessionensem
1677 5741 1944 5814 intelligit,

326 5805 440 5882 (21)
466 5806 588 5864 Vita
611 5805 796 5874 Guib.,
828 5809 922 5866 lib.
954 5827 1034 5878 ut,
1061 5828 1179 5883 cap.
1209 5810 1298 5880 £5,
1331 5811 1490 5868 infra.

578 5903 854 5965 Psraoe.
893 5923 1056 5970 csvr.

3088 5905 3168 5970 16
