3998 6326
517 303 614 361 491

1344 297 1403 354 ν.
1431 293 1760 352 GUlBERTl
1817 293 2115 352 ABBATIS
2155 295 2214 352 S.
2256 293 2498 352 MANE
2535 293 3052 352 DEHOVIGENTO

3692 303 3786 362 ὅθί

514 418 702 474 laudat
727 414 850 485 jura
887 429 994 470 non
1035 412 1400 482 prosequitur,
1435 420 1491 464 et
1521 427 1642 479 quae
1679 411 1894 466 videtur
1921 425 2110 482 prose-
2136 415 2186 474 Α
2213 427 2313 467 suo
2336 411 2741 483 promulgatore
2766 411 3102 467 claudamus.
3134 410 3315 468 Mariae
3338 428 3470 470 vero
3498 415 3625 483 erit,
3649 419 3691 474 si
3713 421 3786 479 sui

515 512 608 583 qui
654 508 946 566 Christiani
995 506 1156 560 studii
1195 503 1321 571 jura
1369 519 1474 558 non
1507 505 1715 560 laudat.
1753 504 1942 559 Haurit
1975 519 2106 576 ergo

512 603 678 657 homo
729 597 1089 669 nequissimus
1139 603 1210 648 ex
1257 593 1611 651 Hebraeorum
1667 595 2107 652 confabulatione

511 694 680 750 verba
712 691 941 754 nefaria,
971 697 1025 742 et
1057 703 1176 757 quae
1219 689 1329 742 sint
1364 698 1566 744 nostra:
1599 689 1809 759 pudica:
1844 688 1965 744 fidei
1999 704 2106 743 non

511 787 674 842 modo
701 783 870 846 dictu,
902 781 996 836 sed
1017 777 1105 834 vel
1135 780 1410 836 auditione
1437 783 1775 852 gravissima.
1805 782 1963 838 Certe
1990 796 2109 837 cre-

512 882 824 936 dideramus
852 877 1138 942 hactenus,
1164 877 1289 946 quia
1316 876 1621 949 legeramus
1649 873 1923 948 Virginem
1961 875 2106 933 illam

509 973 748 1037 unicam,
787 970 904 1026 sine
931 969 1180 1039 exemplo
1218 969 1510 1036 Deiferam,
1544 972 1596 1026 in
1627 973 1882 1028 universo
1909 972 2109 1026 mundo

509 1063 856 1122 interemisse
889 1063 1188 1133 pravitates
1230 1062 1534 1118 haereticas.
1575 1061 1720 1118 Sane
1747 1077 1812 1119 ex
1841 1079 1906 1120 ea
1935 1061 2108 1120 Natus

510 1157 688 1226 capita
731 1133 1012 1224 lconi‘regit
1065 1152 1408 1207 inimicorum
1455 1169 1673 1208 suorum
1725 1154 1898 1225 (Psal.
1937 1171 2105 1221 van,

507 1247 626 1318 22),
661 1247 779 1316 ipsa
809 1253 934 1298 sunt
962 1244 1140 1313 capita
1169 1245 1422 1298 draconis
1453 1244 1562 1298 dati
1595 1245 1647 1298 in
1689 1260 1868 1300 escam
1896 1243 2108 1314 populis

509 1341 832 1410 JEthiopum
872 1336 1045 1408 (Psal.
1083 1351 1278 1402 nam,
1313 1335 1423 1408 l4).
1463 1337 1534 1390 Et
1581 1339 1719 1393 unde
1757 1339 1888 1394 huic
1925 1340 2107 1394 valen-

509 1436 736 1492 tissimae
799 1432 1030 1487 dominae
1080 1431 1300 1484 accedet
1357 1430 1706 1499 impotentia?
1760 1431 1890 1500 quin
1942 1433 2104 1486 etiam

511 1535 758 1584 conterat
795 1524 1052 1578 verticem
1101 1521 1278 1590 capilli
1323 1521 1377 1575 in
1423 1520 1633 1576 delictis
1663 1521 1776 1576 suis
1810 1523 2103 1591 perambu-

507 1619 736 1674 lantium
772 1613 944 1687 (Psal.
978 1623 1182 1678 LXXVII,
1210 1612 1326 1682 22).
1355 1611 1614 1681 Quisquis
1649 1621 1838 1666 contra
1869 1613 2108 1684 Virginis

507 1718 723 1779 partum
763 1706 1024 1776 disputat,
1068 1703 1124 1758 in
1167 1701 1430 1772 Spiritum
1463 1713 1708 1758 sanctum
1742 1703 2104 1774 blasphemat.

2209 504 2478 576 supplices
2503 505 2770 562 secundos
2793 506 2971 562 exitus
2999 505 3316 562 habeamus.

2847 599 3074 658 CAPUT
3109 601 3178 656 ll.

2781 709 3027 758 ρυιεετιο
3063 710 3252 750 JUDEI.

2291 801 2308 840 ι
2345 785 2554 857 Nullus,
2583 789 2860 858 inquiunt,
2895 787 2998 842 nisi
3028 787 3119 856 qui
3153 788 3400 858 desipiat,
3430 787 3608 844 credit
3635 789 3787 849 Deum

2223 897 2240 929 ι
2277 879 2342 933 ad
2371 881 2509 934 uteri
2547 879 2766 936 feminei
2799 887 2920 935 seSe
2945 875 3223 934 dimittere
3249 879 3486 936 voluisse
3515 882 3787 955 vilitatem,

2220 991 2238 1023 ι
2277 982 2330 1028 et
2375 973 2840 1029 consuetudinarii
2892 973 3214 1028 incrementi
3263 974 3552 1042 pertulisse
3605 992 3788 1033 moras.

2219 1083 2239 1117 ι
2273 1063 2405 1120 lllud
2441 1067 2780 1137 potissimum
2815 1066 3139 1122 horrori-est
3168 1075 3225 1122 ut
3256 1067 3322 1134 is,
3360 1068 3452 1138 qui
3492 1068 3638 1124 Deus
3669 1071 3794 1128 dice-

2219 1175 2237 1207 s
2277 1166 2444 1220 retur,
2479 1172 2574 1226 per
2619 1155 2864 1211 mulieris
2910 1156 3197 1228 virginalia
3250 1156 3594 1214 funderetur.
3636 1159 3791 1216 Isdem

2217 1267 2237 1300 ι
2276 1263 2490 1318 quoque
2549 1257 2736 1315 natus,
2802 1263 2924 1303 cum
2977 1262 3084 1302 non
3133 1234 3428 1304 dissimilia
3483 1251 3794 1308 humanitati

2216 1360 2234 1392 ι
2273 1341 2513 1396 membra
2535 1339 2785 1404 haberet,
2809 1349 2866 1395 et
2891 1339 3239 1396 faninalibus
3262 1357 3392 1398 usus
3411 1352 3516 1410 est,
3540 1351 3596 1398 et
3620 1343 3795 1402 edendi

2217 1449 2234 1482 ι
2274 1445 2338 1485 ac
2373 1429 2595 1486 bibendi
2644 1429 2953 1486 necessitati
3004 1431 3313 1502 subjacens,
3357 1431 3444 1486 his
3487 1433 3657 1487 etiam
3693 1450 3799 1503 quae

2217 1541 2236 1574 ι
2273 1533 2684 1593 consequuntur
2709 1521 2968 1578 azrumnis
2997 1524 3246 1580 addictus
3271 1533 3375 1580 est.
3413 1525 3566 1581 Unde
3589 1542 3796 1596 prorsus

2217 1633 2236 1666 ι
2264 1609 2564 1671 'ridieulum
2593 1623 2676 1670 est
2700 1623 2756 1669 ut
2779 1615 2825 1670 is
2851 1615 2976 1670 talis
3002 1615 3144 1672 Deus
3171 1615 3440 1672 habeatur
3466 1617 3557 1686 qui
3584 1617 3638 1672 in
3669 1617 3796 1674 nullo

2221 1723 2240 1755 ι
2279 1720 2306 1758 a
2335 1705 2570 1760 miseriis
2594 1705 2902 1773 discrepare
2929 1707 3310 1762 communibus
3338 1707 3612 1762 videatur.
3645 1705 3796 1766 Porro

507 1800 679 1857 Nemo
720 1809 903 1854 autem
949 1813 1115 1854 sanus
1154 1796 1364 1852 dubitat
1395 1797 1525 1868 quin
1565 1796 1695 1853 felix
1723 1799 1912 1854 eadem
1941 1799 2108 1854 fuerit
2137 1785 2184 1844 Β
2219 1813 2237 1845 ι
2279 1795 2324 1850 si
2356 1797 2567 1850 dicatur
2595 1796 2722 1865 quia
2757 1795 2824 1849 de
2854 1796 3077 1867 Virgine
3104 1806 3262 1852 natus
3299 1795 3424 1866 fuit,
3456 1797 3795 1854 falsissimum

510 1893 718 1965 Spiritu
765 1900 952 1949 sancto
996 1890 1224 1946 fecunda
1259 1909 1271 1944 :
1312 1906 1420 1946 non
1469 1900 1551 1947 est
1592 1905 1724 1963 ergo
1769 1891 2104 1963 blasphemia

509 1988 628 2043 haec
655 1987 956 2043 remissiva.

581 2081 942 2136 Audieramus
1005 2077 1416 2133 beatitudinem
1451 2077 1921 2145 mundicordium,
1961 2080 2104 2149 quod

506 2173 815 2243 hujusmodi
844 2171 1013 2227 visuri
1043 2171 1152 2226 sint
1187 2169 1356 2225 Deum
1390 2169 1606 2241 (Matth.
1639 2188 1695 2239 v,
1725 2171 1803 2243 8).
1841 2170 2102 2238 Joannes,

506 2266 598 2336 qui
633 2263 838 2319 nemini
865 2262 1139 2318 secundus
1168 2262 1222 2316 in
1268 2261 1412 2317 natis
1438 2269 1522 2317 est
1545 2263 1858 2331 mulierum;
1888 2264 2101 2320 solven-

507 2359 588 2413 da:
617 2355 976 2412 calceamenti
1003 2352 1131 2409 Jesu
1156 2354 1407 2423 corrigiae
1430 2369 1490 2408 se
1517 2353 1803 2423 proﬁtetur
1823 2355 2102 2426 indignum

505 2448 664 2520 (Luc.
698 2464 780 2513 ιιι,
811 2446 920 2518 16).
957 2446 1024 2500 l-li
1053 2447 1178 2516 agni
1209 2461 1404 2502 carnes
1429 2456 1670 2516 coquunt
1691 2463 1853 2517 aqua,
1877 2457 1932 2503 el.
1960 2447 2106 2505 ftede

503 2540 736 2596 nimium
767 2539 836 2594 ab
863 2541 944 2594 eis
984 2539 1282 2608 dissipatur
1325 2538 1679 2595 caleeamenti
1721 2540 1981 2613 corrigia,
2009 2542 2103 2610 qui

506 2633 813 2704 genituram
860 2631 1159 2686 Salvatoris
1213 2632 1522 2701 discrepare
1568 2647 1675 2688 non
1725 2634 1996 2688 aestimant
2035 2636 2104 2690 ab

507 2725 653 2794 aliis,
685 2741 784 2781 nec
819 2725 1021 2780 habere
1070 2725 1349 2795 mysteria.
1382 2723 1637 2779 Omnium
1680 2740 1710 2778 a
1752 2712 1948 2780 saeculo
1979 2741 2104 2781 san-

505 2827 742 2882 ctorum,
771 2825 828 2873 et
853 2817 943 2887 qui
977 2825 1102 2870 ante
1132 2815 1365 2886 gratiam
1413 2817 1714 2885 praevidere
1759 2817 2020 2884 flendum,
2049 2826 2106 2872 et

506 2915 610 2970 sub
640 2915 815 2984 gratia
847 2916 1152 2968 tractavere
1179 2911 1248 2966 de
1276 2911 1443 2978 facto,
1473 2910 1638 2983 sup'er
1669 2912 1828 2982 hujus
1856 2915 2105 2970 conside-

506 3007 720 3062 ratione
762 3005 1089 3061 sacramenti
1136 3004 1346 3074 paritas
1393 3003 1778 3060 intellectualis
1815 3007 2101 3062 emarcuit.

507 3097 613 3154 Ubi
664 3099 768 3155 etsi
826 3098 1115 3154 scintillam
1166 3104 1558 3152 momentanea:
1619 3099 1932 3156 intentionis
1983 3103 2105 3171 pius

507 3193 735 3264 quilibet
783 3191 1181 3262 contemplator
1232 3190 1456 3256 habuit,
1511 3193 1576 3245 ad
1625 3193 1678 3248 id
1727 3203 1904 3249 tamen
1959 3198 2105 3266 quod

507 3286 893 3358 comprehendi
942 3300 1048 3339 non
1099 3292 1335 3353 poterat,
1371 3285 1616 3340 oratione
1655 3287 1850 3342 caruit.
1889 3289 2106 3346 Merito-

508 3393 616 3448 que
666 3392 829 3447 super
878 3376 982 3430 hoc
1035 3374 1316 3428 hominum
1371 3376 1756 3444 perspicacitas
1808 3379 1975 3446 siluit,
2014 3379 2104 3435 ubi

506 3471 676 3525 totius
713 3483 902 3523 eorum
942 3475 1152 3520 naturae
1189 3465 1499 3536 exemplum
1532 3466 1720 3522 defuit.
1753 3468 1833 3524 Ad
1866 3470 1968 3524 hoc
1999 3471 2103 3525 ita-

509 3579 616 3634 que
656 3561 974 3632 capiendum
1022 3558 1166 3612 nulla
1203 3558 1480 3613 subtilitas
1528 3561 1821 3630 spiritualis
1856 3564 2056 3618 evaluit
2088 3584 2102 3620 :

510 3656 910 3712 Generationem
938 3654 1075 3707 enim
1104 3652 1237 3720 ejus,
1273 3653 1350 3706 ait
1371 3654 1662 3722 propheta,
1693 3657 1807 3726 quis
1835 3659 2104 3712 enarrabit

511 3747 651 3818 (lsa.
713 3761 831 3808 LIII,
869 3743 944 3814 8).
998 3742 1256 3812 Nunquid
1307 3743 1472 3797 etiam
1521 3743 1654 3797 dicet
1703 3746 1903 3800 homo:
1932 3745 2106 3801 Homo

507 3848 668 3893 natas
695 3847 766 3891 est
791 3837 848 3889 in
869 3851 956 3899 ea,
988 3845 1035 3888 et
1061 3834 1176 3903 ipse
1196 3833 1436 3903 {undavit
1455 3851 1574 3890 eam
1604 3836 1904 3894 Altissimus
1928 3837 2102 3908 (Psal.

513 3948 724 3998 Luxu,
749 3931 826 3996 5).
1653 4007 1657 4014 _

587 4024 642 4080 Si
671 4039 802 4094 ergo
831 4021 961 4076 nulli
994 4020 1400 4085 mundicordes,
1432 4021 1477 4076 si
1508 4035 1608 4077 nec
1643 4023 1890 4079 uterinus
1915 4025 2106 4096 cogi-

511 4129 600 4174 tor
627 4118 868 4188 Baptista
896 4115 1156 4181 Joannes,
1185 4115 1228 4170 si
1261 4130 1437 4185 neque
1455 4118 1745 4187 propheta,
1775 4133 1948 4188 neque
1978 4133 2103 4188 apo-

507 4213 685 4268 stolus
728 4209 1002 4280 quidpiam
1039 4221 1201 4278 super
1240 4216 1391 4263 tanto
1426 4223 1821 4279 prmsumpsere
1870 4211 2104 4281 negotio,

515 4307 643 4376 quid
675 4305 866 4373 sapiet,
899 4316 1114 4373 precor,
1145 4301 1380 4368 animus,
1411 4301 1765 4371 impudicitiis
1793 4301 2107 4357 enormibus

511 4399 761 4464 sordens,
791 4397 937 4467 apud
971 4409 1132 4465 quem
1172 4393 1437 4464 ﬂagitiosa
1491 4395 1821 4448 commercia
1854 4394 1989 4448 nihil
2021 4410 2100 4449 re-

2219 1903 2238 1938 ι
2277 1895 2380 1952 est,
2412 1885 2539 1955 quia
2579 1886 2763 1952 homo,
2797 1894 2944 1939 tanta
2985 1885 3299 1941 infirmitate
3343 1887 3657 1958 depressus,
3688 1903 3797 1944 con-

2218 1996 2237 2030 c
2280 1987 2360 2032 tra
2393 1976 2537 2048 leges
2575 1987 2786 2033 natura:
2816 1979 2966 2034 nasci
3012 1993 3120 2032 non
3165 1978 3363 2049 potuit.
3394 1977 3691 2034 Maximum
3720 1979 3797 2035 de-

2217 2091 2235 2123 ι
2274 2071 2438 2141 nique
2457 2071 2583 2126 huic
2605 2072 2890 2128 sententiae
2921 2073 3086 2128 robur
3101 2074 3334 2129 accessit
3359 2073 3485 2143 quia
3503 2089 3629 2128 cum
3648 2069 3797 2128 latro-

2218 2182 2236 2215 ι
2276 2166 2434 2220 nibus
2466 2165 2580 2236 ipse
2613 2175 2673 2220 et
2719 2167 2993 2222 latronum
3040 2169 3219 2223 morte
3261 2167 3516 2223 decessit.
3568 2167 3638 2222 Et
3675 2171 3798 2224 unde

2217 2276 2234 2306 ι
2272 2255 2472 2311 malum
2523 2273 2581 2312 se
2617 2259 2800 2328 potuit
2851 2260 3206 2326 resuscitare,
3247 2260 3340 2330 qui
3388 2274 3493 2315 non
3527 2260 3798 2330 prazvaluit

2217 2365 2234 2398 ι
2275 2355 2382 2400 tam
2411 2349 2636 2418 putendi
2667 2349 2819 2404 exitii
2858 2350 3003 2406 facta
3034 2351 3246 2406 vitare?
3286 2374 3304 2403 ι

2281 2437 2408 2497 llaec
2438 2440 2544 2496 ille.
2579 2440 2689 2498 Nos
2717 2452 2901 2497 autem
2933 2461 2946 2495 :

2543 2549 2810 2598 SEQUITUR
2833 2549 3171 2598 QUIESTIONIS
3202 2549 3450 2591 SOLUTIO.

2280 2625 2421 2681 Deus
2463 2627 3020 2698 incomprehensibilis,
3050 2630 3322 2684 continens
3357 2640 3405 2685 et
3448 2627 3668 2700 impleas
3702 2646 3796 2684 om-

2212 2719 2326 2782 nia,
2357 2719 2718 2783 corporalibus
2747 2720 2912 2788 pollui
2940 2737 3044 2775 non
3073 2731 3258 2791 potest.
3291 2750 3361 2760 —
3383 2720 3550 2788 Deus,
3581 2723 3666 2777 cui
3689 2721 3793 2776 nul-

2211 2807 2296 2862 lus
2319 2807 2534 2876 similis,
2551 2824 2618 2865 ne
2639 2807 2801 2864 sileas
2826 2827 3001 2882 neque
3022 2813 3392 2884 cumpescaris
3413 2809 3793 2885 (Psalmxxm,

2207 2901 2289 2973 2),
2318 2901 2412 2956 sed
2437 2901 2598 2973 imple
2642 2902 2836 2958 faciem
2874 2904 2990 2972 ejus
3036 2905 3327 2976 ignominia
3358 2901 3551 2978 (Ibid.,
3580 2907 3691 2979 i7),
3715 2907 3794 2978 qui

2209 2995 2407 3050 minuit
2433 3011 2630 3051 nomen
2661 3006 2830 3051 tuum.
2861 2995 2989 3052 Mihi
3037 2999 3181 3053 enim
3222 2999 3359 3054 nihil
3392 3001 3586 3056 attinet
3619 3001 3684 3057 de
3721 3001 3794 3057 his

2134 3139 2182 3188 α
2211 3088 2304 3159 qui
2341 3087 2476 3143 foris
2526 3099 2654 3144 sunt
2699 3088 2948 3159 judicare
3001 3089 3050 3164 (I
3085 3091 3208 3174 Cor.
3241 3110 3296 3160 v,
3331 3093 3441 3167 12).
3493 3097 3795 3164 Quteramus

2164 3178 2182 3189 ⁸
2215 3190 2395 3235 tamen
2423 3180 2491 3237 ab
2539 3182 2782 3252 utrisque
2837 3183 3006 3238 Deum
3063 3185 3597 3259 incircumscriptum
3628 3187 3794 3244 omnia

2212 3281 2491 3344 regentem
2540 3273 2789 3341 credant,
2826 3291 2925 3330 nec
2971 3290 3059 3331 ne.
3111 3275 3167 3332 Si
3198 3278 3385 3333 dicant
3430 3293 3553 3334 eum
3603 3280 3792 3350 aliqua,

2211 3364 2342 3421 licet
2378 3381 2595 3438 magna,
2626 3368 3013 3437 corporalitate
3051 3369 3289 3440 finitum,
3327 3382 3384 3428 et
3431 3388 3495 3428 ac
3540 3375 3584 3429 si
3622 3391 3793 3430 senem

2207 3457 2506 3528 gloriosum
2534 3473 2601 3512 ex
2629 3457 2867 3514 Danielis
2905 3461 3042 3517 libro
3087 3462 3428 3532 majestative
3473 3467 3791 3538 confingant,

2212 3551 2355 3620 quod
2402 3551 2586 3606 dicere
2631 3561 2760 3606 sunt
2810 3552 2975 3622 soliti,
3021 3556 3278 3624 quoniam
3313 3555 3500 3611 oculos
3532 3567 3587 3612 et
3622 3572 3788 3623 aures,

2211 3659 2428 3712 manus,
2459 3653 2671 3700 uterum
2721 3655 2778 3700 et
2817 3647 2980 3716 pedes
3023 3649 3118 3704 Dei
3157 3649 3359 3719 ubique
3397 3647 3788 3720 Scripturarum

2212 3738 2490 3806 reperiunt
2529 3737 2689 3808 (Dan.
2716 3755 2771 3806 x,
2816 3739 2870 3794 6)
2901 3753 2916 3792 :
2949 3747 3004 3794 et
3040 3754 3140 3794 nos
3175 3740 3383 3810 pariter
3419 3742 3603 3798 nescio
3640 3758 3789 3812 quam

2211 3845 2365 3884 avem
2431 3845 2554 3883 eum
2588 3831 2852 3896 dicemus,
2881 3831 3137 3902 quoniam
3183 3831 3359 3887 alatus
3403 3831 3602 3904 legitur
3629 3844 3680 3888 et
3710 3848 3790 3888 vo-

2211 3921 2376 3986 lasse,
2404 3932 2569 3990 utest
2601 3941 2612 3976 :
2650 3923 2760 3978 Sub
2795 3925 2981 3979 umbra
3011 3925 3221 3979 alarum
3249 3934 3465 3980 tuarum
3491 3940 3693 3999 protege
3717 3943 3788 3980 me

2212 4013 2384 4086 (I’sal.
2421 4031 2532 4083 xw,
2565 4017 2642 4086 8).
2669 4016 2736 4070 Et
2761 4035 2772 4070 :
2799 4015 2929 4070 Filii
2957 4018 3231 4072 hominum
3255 4019 3539 4087 sperabunt
3563 4020 3655 4074 sub
3681 4019 3788 4073 ala-

2209 4127 2329 4164 rum
2371 4121 2586 4165 tuarum
2615 4113 2838 4182 tegmine
2869 4109 3041 4183 (Psal.
3077 4128 3244 4178 xxxv,
3279 4113 3357 4185 8).
3389 4113 3633 4168 Ascendit
3662 4129 3786 4183 quo-

2211 4218 2318 4274 que
2342 4220 2500 4274 super
2525 4203 2827 4270 Cherubim,
2843 4215 2894 4258 et
2921 4204 3110 4259 volavit
3139 4204 3313 4276 (Psal.
3343 4221 3478 4273 xvu,
3510 4206 3618 4278 ιι).
3651 4205 3790 4273 Quod

2212 4299 2256 4352 si
2294 4314 2624 4368 quemquam
2661 4314 2853 4354 eorum
2895 4299 3044 4362 dicti
3073 4299 3234 4369 hujus
3273 4300 3494 4370 pudeat,
3544 4311 3596 4357 ct
3635 4302 3785 4356 Deum

2213 4392 2849 4462 incomprehensibilem,
2879 4402 2940 4447 ut
2977 4401 3081 4460 est,
3109 4407 3232 4448 esse
3267 4395 3554 4461 concedat,
3586 4409 3788 4464 respou-

515 4489 658 4544 sidu-i
702 4486 1038 4542 habuerunt?
1067 4480 1140 4539 Si
1174 4484 1375 4539 Paulus
1418 4498 1518 4539 nec
1559 4484 1626 4538 ad
1672 4483 1890 4539 tertium
1922 4493 2107 4555 raptus
2135 4503 2186 4561 ι)
2213 4483 2339 4539 deat
2369 4485 2501 4540 mihi
2537 4500 2606 4538 an
2643 4485 2710 4552 is,
2737 4485 2836 4554 qui
2883 4484 3088 4555 ubique
3121 4494 3264 4566 totus
3299 4495 3405 4554 est,
3437 4496 3494 4541 et
3533 4487 3783 4543 universa-

513 4586 712 4643 coelum
765 4597 930 4636 ausus
975 4587 1062 4634 est
1113 4579 1408 4648 quidquam
1456 4577 1580 4644 tale,
1614 4579 1815 4647 optime
1863 4578 2112 4647 congruit

517 4677 680 4733 modo
725 4675 791 4728 de
839 4674 923 4728 bis
973 4670 1248 4727 hominem
1292 4669 1661 4738 turpissimum
1707 4667 2019 4736 disputare?
2052 4667 2109 4722 Si

515 4771 630 4840 ipse
655 4784 724 4824 ex
753 4765 944 4821 affectu
979 4763 1246 4829 laudaret,
1278 4762 1395 4816 laus
1419 4759 1539 4828 ejus
1569 4761 1620 4814 in
1649 4775 1706 4814 se
1737 4759 2022 4824 deficeret;
2055 4759 2108 4812 in

513 4879 610 4917 ore
640 4860 782 4917 enim
813 4856 1118 4930 peccatoris
1157 4869 1501 4923 nequaquam
1537 4851 1785 4922 speciosa
1817 4851 1935 4906 laus
1964 4861 2113 4906 esset

513 4954 706 5024 (Eccli.
746 4967 836 5016 xv,
867 4950 946 5020 9),
989 4962 1059 5002 ne
1091 4945 1220 5000 dum
1270 4945 1515 4999 omnium
1569 4944 1955 5014 spurcissimus
1985 4961 2108 5000 cum

515 5057 719 5102 nostrai
745 5044 969 5101 exordia
999 5040 1192 5096 salutis
1217 5037 1527 5107 exprobret,
1553 5046 1606 5090 et
1633 5046 1820 5106 partus
1856 5036 1994 5091 caelo
2048 5053 2111 5092 ac

513 5149 664 5194 terra
701 5137 976 5206 digniores
1014 5131 1257 5186 infamet.
1293 5129 1624 5184 Dissererem
1663 5127 1730 5183 de
1763 5128 1882 5196 ejus
1911 5145 2111 5200 genere

514 5240 570 5287 et
589 5229 860 5292 moribus,
879 5225 981 5279 nisi
1015 5224 1142 5277 mihi
1172 5237 1268 5292 per
1289 5221 1572 5290 sequentia
1599 5235 1718 5275 sese
1747 5221 1950 5290 largior
1979 5237 2107 5292 ape-

514 5324 651 5376 riret
693 5319 864 5373 locus.
899 5315 1059 5372 Certo
1096 5325 1280 5371 autem
1317 5315 1475 5368 nobis
1503 5324 1719 5370 constat
1749 5316 1954 5372 certius
1979 5317 2108 5386 quia

515 5408 793 5466 continuis
829 5409 1127 5478 ingentium
1179 5406 1483 5463 facinorum
1516 5407 1910 5478 libidinumque
1949 5409 2106 5464 moti-

513 5505 617 5560 bus
647 5503 702 5557 in
733 5515 999 5571 suprema:
1029 5499 1185 5569 hujus
1217 5500 1568 5571 blasphemia:
1601 5501 1744 5556 venit
1777 5517 1951 5557 casus.
2002 5502 2106 5559 Sed

514 5596 627 5667 jam
669 5594 849 5666 aliqua
882 5593 1290 5648 maledictorum
1321 5593 1437 5664 ejus
1466 5609 1852 5664 proponamus,
1886 5596 2104 5666 quibus,

519 5690 644 5759 quia
674 5705 742 5744 ex
760 5686 1418 5759 putidissimoJudaaorum
1447 5686 1594 5744 fonte
1622 5688 1826 5758 prolata
1856 5701 1998 5758 stmt,
2033 5692 2106 5746 ita

519 5782 944 5851 respondeamus
969 5792 1029 5838 ut
1062 5781 1256 5852 impuri
1297 5780 1563 5852 dogmatis
1610 5798 1935 5840 susurrones
1981 5802 2103 5844 cum

2212 4576 2340 4631 liter
2391 4592 2512 4646 qua:
2565 4577 2777 4632 ereavit
2823 4576 3103 4648 adimplet,
3146 4578 3544 4649 corporalibus,
3583 4595 3691 4650 qua;
3733 4578 3782 4632 in

2212 4670 2416 4724 mundo
2469 4679 2630 4736 sunt,
2674 4681 2767 4725 aut
2807 4671 2977 4726 etiam
3027 4671 3402 4743 spiritualibus
3445 4671 3784 4729 immunditiis

2211 4761 2526 4831 polluatur?
2575 4761 2746 4817 Totus
2789 4763 2941 4818 enim
2995 4764 3197 4834 ubique
3235 4765 3422 4820 omnia
3461 4766 3693 4822 continet
3725 4779 3786 4819 ac

2215 4853 2427 4923 implet,
2457 4863 2515 4908 ut
2547 4855 2805 4911 diximus.
2839 4856 2994 4924 Quod
3043 4857 3089 4912 si
3129 4857 3298 4926 dicat,
3327 4859 3473 4929 quod
3522 4869 3576 4915 et
3617 4873 3780 4914 verum

2211 4957 2332 5012 est,
2383 4958 2641 5004 naturam
2691 4949 2836 5004 illam
2891 4951 3362 5022 impenetrabilem
3424 4953 3644 5010 alterius
3687 4967 3784 5008 non

2213 5054 2373 5109 posse
2420 5051 2628 5095 natura:
2679 5043 2998 5098 diversitate
3037 5042 3254 5109 foedari,
3277 5056 3674 5116 consequenter
3703 5044 3782 5098 in-

2209 5136 2440 5192 ferimus
2487 5136 2616 5206 quia
2655 5151 2758 5192 nec
2797 5137 2940 5193 Deus
2980 5138 3156 5208 potuit
3193 5147 3288 5193 aut
3321 5139 3529 5207 debuit,
3563 5151 3650 5196 aut
3673 5152 3780 5202 sua,

2205 5235 2309 5283 aut
2337 5236 2609 5293 materna,
2637 5227 2975 5285 humanitate
3003 5231 3244 5300 gravari.

2810 5337 2861 5377 IN
2867 5338 3148 5380 'I‘ERROGA'I
3154 5339 3227 5380 10.

2285 5413 2424 5469 Deus
2461 5425 2734 5468 creaturas
2771 5417 3004 5469 condidit
3049 5417 3230 5471 bonas.
3265 5449 3331 5458 -—-
3364 5418 3600 5475 Subinde
3635 5420 3784 5472 inter-

2213 5509 2424 5578 rogatio
2479 5510 2887 5576 subsequatur:
2924 5510 3120 5565 Utrum
3165 5514 3304 5568 bona
3353 5531 3428 5569 an
3479 5515 3614 5570 mala
3655 5513 3780 5566 Deus

2213 5599 2404 5655 fecerit
2435 5615 2553 5670 qua:
2591 5601 2829 5655 creavit?
2854 5601 3021 5674 264
3056 5603 3206 5657 llaud
3240 5605 3460 5660 dubium
3489 5605 3637 5676 plane
3664 5599 3779 5672 quin

2211 5693 2346 5747 bona
2375 5701 2430 5748 et
2462 5692 2613 5746 valde
2664 5705 2869 5747 aStruat
2899 5692 3052 5764 (Gen.
3104 5711 3143 5760 ι,
3177 5695 3288 5766 5i).
3321 5695 3472 5753 Licet
3507 5697 3640 5752 enim
3671 5697 3780 5763 post

2213 5786 2452 5845 hominis
2489 5788 2816 5842 creationem
2874 5789 3034 5845 solita
3086 5789 3298 5862 Moyses
3354 5793 3516 5848 verba
3558 5787 3764 5846 tacuerit
