  <div class='ocr_page' id='page_1' title='image "/cluster/home/n/w/nwhite01/storage/ocr_20150623/156/hvd.32044010683712/252.png"; bbox 0 0 4038 6330; ppageno 0'>
   <div class='ocr_carea' id='block_1_1' title="bbox 307 291 415 346">
    <p class='ocr_par' dir='ltr' id='par_1_1' title="bbox 307 291 415 346">
     <span class='ocr_line' id='line_1_1' title="bbox 307 291 415 346; baseline -0.009 0"><span class='ocrx_word' id='word_1_1' title='bbox 307 291 415 346; x_wconf 72' lang='grc'><strong>495</strong></span> 
     </span>
    </p>
   </div>
   <div class='ocr_carea' id='block_1_2' title="bbox 305 500 1899 585">
    <p class='ocr_par' dir='ltr' id='par_1_2' title="bbox 305 500 1899 585">
     <span class='ocr_line' id='line_1_2' title="bbox 305 500 1899 585; baseline 0.019 -33"><span class='ocrx_word' id='word_1_2' title='bbox 305 500 450 568; x_wconf 84' lang='lat' dir='ltr'><strong>quod</strong></span> <span class='ocrx_word' id='word_1_3' title='bbox 479 512 696 559; x_wconf 85' lang='lat' dir='ltr'><strong>constat</strong></span> <span class='ocrx_word' id='word_1_4' title='bbox 719 521 827 561; x_wconf 88' lang='lat' dir='ltr'><strong>non</strong></span> <span class='ocrx_word' id='word_1_5' title='bbox 857 508 972 564; x_wconf 86' lang='lat' dir='ltr'><strong>sine</strong></span> <span class='ocrx_word' id='word_1_6' title='bbox 995 515 1258 584; x_wconf 85' lang='lat' dir='ltr'><strong>mysterio</strong></span> <span class='ocrx_word' id='word_1_7' title='bbox 1287 500 1525 585; x_wconf 78' lang='lat' dir='ltr'><strong>factum,</strong></span> <span class='ocrx_word' id='word_1_8' title='bbox 1545 531 1729 579; x_wconf 80' lang='lat' dir='ltr'><strong>tamen</strong></span> <span class='ocrx_word' id='word_1_9' title='bbox 1753 500 1899 583; x_wconf 79' lang='lat' dir='ltr'><strong>esset</strong></span> 
     </span>
    </p>
   </div>
   <div class='ocr_carea' id='block_1_3' title="bbox 303 591 1899 675">
    <p class='ocr_par' dir='ltr' id='par_1_3' title="bbox 303 591 1899 675">
     <span class='ocr_line' id='line_1_3' title="bbox 303 591 1899 675; baseline 0.02 -32"><span class='ocrx_word' id='word_1_10' title='bbox 303 591 613 649; x_wconf 87' lang='lat' dir='ltr'><strong>omnimoda</strong></span> <span class='ocrx_word' id='word_1_11' title='bbox 637 596 978 657; x_wconf 84' lang='lat' dir='ltr'><strong>absurditate</strong></span> <span class='ocrx_word' id='word_1_12' title='bbox 1004 603 1398 675; x_wconf 80' lang='lat' dir='ltr'><strong>plenissimum,</strong></span> <span class='ocrx_word' id='word_1_13' title='bbox 1423 613 1469 666; x_wconf 91' lang='lat' dir='ltr'><strong>si</strong></span> <span class='ocrx_word' id='word_1_14' title='bbox 1491 613 1726 672; x_wconf 76' lang='lat' dir='ltr'><strong>humiles</strong></span> <span class='ocrx_word' id='word_1_15' title='bbox 1747 631 1899 675; x_wconf 67' lang='lat' dir='ltr'><strong>aea-</strong></span> 
     </span>
    </p>
   </div>
   <div class='ocr_carea' id='block_1_4' title="bbox 303 685 1898 767">
    <p class='ocr_par' dir='ltr' id='par_1_4' title="bbox 303 685 1898 767">
     <span class='ocr_line' id='line_1_4' title="bbox 303 685 1898 767; baseline 0.021 -33"><span class='ocrx_word' id='word_1_16' title='bbox 303 689 440 737; x_wconf 68' lang='lat' dir='ltr'><strong>turze</strong></span> <span class='ocrx_word' id='word_1_17' title='bbox 500 685 777 743; x_wconf 84' lang='lat' dir='ltr'><strong>hominum</strong></span> <span class='ocrx_word' id='word_1_18' title='bbox 843 694 1088 752; x_wconf 87' lang='lat' dir='ltr'><strong>subsidio</strong></span> <span class='ocrx_word' id='word_1_19' title='bbox 1142 698 1324 764; x_wconf 70' lang='lat' dir='ltr'><strong>factae,</strong></span> <span class='ocrx_word' id='word_1_20' title='bbox 1374 702 1530 759; x_wconf 83' lang='lat' dir='ltr'><strong>valde</strong></span> <span class='ocrx_word' id='word_1_21' title='bbox 1581 706 1898 767; x_wconf 62' lang='lat' dir='ltr'><strong>dicerentur</strong></span> 
     </span>
    </p>
   </div>
   <div class='ocr_carea' id='block_1_5' title="bbox 295 771 1897 862">
    <p class='ocr_par' dir='ltr' id='par_1_5' title="bbox 295 771 1897 862">
     <span class='ocr_line' id='line_1_5' title="bbox 295 771 1897 862; baseline 0.022 -35"><span class='ocrx_word' id='word_1_22' title='bbox 295 771 477 843; x_wconf 80' lang='lat' dir='ltr'><strong>bonae,</strong></span> <span class='ocrx_word' id='word_1_23' title='bbox 506 787 558 833; x_wconf 89' lang='lat' dir='ltr'><strong>et</strong></span> <span class='ocrx_word' id='word_1_24' title='bbox 605 780 652 835; x_wconf 89' lang='lat' dir='ltr'><strong>is</strong></span> <span class='ocrx_word' id='word_1_25' title='bbox 701 783 793 852; x_wconf 90' lang='lat' dir='ltr'><strong>qui</strong></span> <span class='ocrx_word' id='word_1_26' title='bbox 845 787 912 841; x_wconf 89' lang='lat' dir='ltr'><strong>ad</strong></span> <span class='ocrx_word' id='word_1_27' title='bbox 951 789 1048 844; x_wconf 92' lang='lat' dir='ltr'><strong>Dei</strong></span> <span class='ocrx_word' id='word_1_28' title='bbox 1085 790 1378 862; x_wconf 78' lang='lat' dir='ltr'><strong>imaginem</strong></span> <span class='ocrx_word' id='word_1_29' title='bbox 1415 807 1500 853; x_wconf 89' lang='lat' dir='ltr'><strong>est</strong></span> <span class='ocrx_word' id='word_1_30' title='bbox 1525 802 1781 860; x_wconf 86' lang='lat' dir='ltr'><strong>conditus</strong></span> <span class='ocrx_word' id='word_1_31' title='bbox 1807 807 1897 862; x_wconf 80' lang='lat' dir='ltr'><strong>ist-</strong></span> 
     </span>
    </p>
   </div>
   <div class='ocr_carea' id='block_1_6' title="bbox 297 865 1893 964">
    <p class='ocr_par' dir='ltr' id='par_1_6' title="bbox 297 865 1893 964">
     <span class='ocr_line' id='line_1_6' title="bbox 297 865 1893 964; baseline 0.023 -45"><span class='ocrx_word' id='word_1_32' title='bbox 297 865 469 924; x_wconf 82' lang='lat' dir='ltr'><strong>ferior</strong></span> <span class='ocrx_word' id='word_1_33' title='bbox 514 872 671 930; x_wconf 83' lang='lat' dir='ltr'><strong>ﬁeret</strong></span> <span class='ocrx_word' id='word_1_34' title='bbox 711 876 976 936; x_wconf 88' lang='lat' dir='ltr'><strong>bonitate.</strong></span> <span class='ocrx_word' id='word_1_35' title='bbox 1019 883 1134 940; x_wconf 78' lang='lat' dir='ltr'><strong>[mo</strong></span> <span class='ocrx_word' id='word_1_36' title='bbox 1177 888 1428 945; x_wconf 88' lang='lat' dir='ltr'><strong>valenter</strong></span> <span class='ocrx_word' id='word_1_37' title='bbox 1469 895 1728 964; x_wconf 82' lang='lat' dir='ltr'><strong>excellit;</strong></span> <span class='ocrx_word' id='word_1_38' title='bbox 1759 915 1893 956; x_wconf 77' lang='lat' dir='ltr'><strong>nam</strong></span> 
     </span>
    </p>
   </div>
   <div class='ocr_carea' id='block_1_7' title="bbox 289 964 1896 1045">
    <p class='ocr_par' dir='ltr' id='par_1_7' title="bbox 289 964 1896 1045">
     <span class='ocr_line' id='line_1_7' title="bbox 289 964 1896 1045; baseline 0.022 -35"><span class='ocrx_word' id='word_1_39' title='bbox 289 971 629 1030; x_wconf 79' lang='lat' dir='ltr'><strong>praepostere</strong></span> <span class='ocrx_word' id='word_1_40' title='bbox 649 964 917 1026; x_wconf 85' lang='lat' dir='ltr'><strong>Conditor</strong></span> <span class='ocrx_word' id='word_1_41' title='bbox 937 973 1271 1044; x_wconf 83' lang='lat' dir='ltr'><strong>ordinasset,</strong></span> <span class='ocrx_word' id='word_1_42' title='bbox 1297 980 1344 1034; x_wconf 82' lang='lat' dir='ltr'><strong>si</strong></span> <span class='ocrx_word' id='word_1_43' title='bbox 1371 981 1528 1036; x_wconf 89' lang='lat' dir='ltr'><strong>bruta</strong></span> <span class='ocrx_word' id='word_1_44' title='bbox 1557 983 1896 1045; x_wconf 84' lang='lat' dir='ltr'><strong>intellectua-</strong></span> 
     </span>
    </p>
   </div>
   <div class='ocr_carea' id='block_1_8' title="bbox 294 1051 1892 1136">
    <p class='ocr_par' dir='ltr' id='par_1_8' title="bbox 294 1051 1892 1136">
     <span class='ocr_line' id='line_1_8' title="bbox 294 1051 1892 1136; baseline 0.02 -32"><span class='ocrx_word' id='word_1_45' title='bbox 294 1051 438 1108; x_wconf 89' lang='lat' dir='ltr'><strong>libus</strong></span> <span class='ocrx_word' id='word_1_46' title='bbox 487 1058 834 1126; x_wconf 81' lang='lat' dir='ltr'><strong>praetulisset.</strong></span> <span class='ocrx_word' id='word_1_47' title='bbox 882 1063 940 1118; x_wconf 81' lang='lat' dir='ltr'><strong>Si</strong></span> <span class='ocrx_word' id='word_1_48' title='bbox 991 1079 1122 1136; x_wconf 82' lang='lat' dir='ltr'><strong>ergo</strong></span> <span class='ocrx_word' id='word_1_49' title='bbox 1167 1067 1308 1124; x_wconf 86' lang='lat' dir='ltr'><strong>bona</strong></span> <span class='ocrx_word' id='word_1_50' title='bbox 1353 1087 1385 1125; x_wconf 88' lang='lat' dir='ltr'><strong>a</strong></span> <span class='ocrx_word' id='word_1_51' title='bbox 1415 1073 1644 1131; x_wconf 68' lang='lat' dir='ltr'><strong>Deo-es:</strong></span> <span class='ocrx_word' id='word_1_52' title='bbox 1675 1081 1892 1136; x_wconf 77' lang='lat' dir='ltr'><strong>condita</strong></span> 
     </span>
    </p>
   </div>
   <div class='ocr_carea' id='block_1_9' title="bbox 293 1152 1892 1242">
    <p class='ocr_par' dir='ltr' id='par_1_9' title="bbox 293 1152 1892 1242">
     <span class='ocr_line' id='line_1_9' title="bbox 293 1152 1892 1242; baseline 0.019 -43"><span class='ocrx_word' id='word_1_53' title='bbox 293 1155 493 1202; x_wconf 78' lang='lat' dir='ltr'><strong>natura</strong></span> <span class='ocrx_word' id='word_1_54' title='bbox 524 1152 860 1222; x_wconf 72' lang='lat' dir='ltr'><strong>mortalium,</strong></span> <span class='ocrx_word' id='word_1_55' title='bbox 891 1158 1034 1226; x_wconf 80' lang='lat' dir='ltr'><strong>quod</strong></span> <span class='ocrx_word' id='word_1_56' title='bbox 1064 1161 1250 1230; x_wconf 84' lang='lat' dir='ltr'><strong>utique</strong></span> <span class='ocrx_word' id='word_1_57' title='bbox 1290 1173 1394 1231; x_wconf 89' lang='lat' dir='ltr'><strong>est,</strong></span> <span class='ocrx_word' id='word_1_58' title='bbox 1421 1167 1549 1235; x_wconf 90' lang='lat' dir='ltr'><strong>quid</strong></span> <span class='ocrx_word' id='word_1_59' title='bbox 1579 1175 1892 1242; x_wconf 70' lang='lat' dir='ltr'><strong>aspernatus</strong></span> 
     </span>
    </p>
   </div>
   <div class='ocr_carea' id='block_1_10' title="bbox 289 1239 1893 1330">
    <p class='ocr_par' dir='ltr' id='par_1_10' title="bbox 289 1239 1893 1330">
     <span class='ocr_line' id='line_1_10' title="bbox 289 1239 1893 1330; baseline 0.019 -41"><span class='ocrx_word' id='word_1_60' title='bbox 289 1239 436 1305; x_wconf 85' lang='lat' dir='ltr'><strong>quod</strong></span> <span class='ocrx_word' id='word_1_61' title='bbox 491 1251 757 1300; x_wconf 64' lang='lat' dir='ltr'><strong>creatura</strong></span> <span class='ocrx_word' id='word_1_62' title='bbox 821 1248 1264 1309; x_wconf 83' lang='lat' dir='ltr'><strong>eonditionaliter</strong></span> <span class='ocrx_word' id='word_1_63' title='bbox 1322 1257 1478 1313; x_wconf 72' lang='lat' dir='ltr'><strong>bona:</strong></span> <span class='ocrx_word' id='word_1_64' title='bbox 1527 1239 1660 1330; x_wconf 78' lang='lat' dir='ltr'><strong>pius</strong></span> <span class='ocrx_word' id='word_1_65' title='bbox 1699 1274 1893 1322; x_wconf 81' lang='lat' dir='ltr'><strong>auctor</strong></span> 
     </span>
    </p>
   </div>
   <div class='ocr_carea' id='block_1_11' title="bbox 285 1329 958 1402">
    <p class='ocr_par' dir='ltr' id='par_1_11' title="bbox 285 1329 958 1402">
     <span class='ocr_line' id='line_1_11' title="bbox 285 1329 958 1402; baseline 0.021 -19"><span class='ocrx_word' id='word_1_66' title='bbox 285 1330 516 1402; x_wconf 85' lang='lat' dir='ltr'><strong>illapsus</strong></span> <span class='ocrx_word' id='word_1_67' title='bbox 541 1337 659 1391; x_wconf 86' lang='lat' dir='ltr'><strong>est?</strong></span> <span class='ocrx_word' id='word_1_68' title='bbox 955 1329 958 1332; x_wconf 45' lang='grc'><em>’</em></span> 
     </span>
    </p>
   </div>
   <div class='ocr_carea' id='block_1_12' title="bbox 357 1425 1892 1522">
    <p class='ocr_par' dir='ltr' id='par_1_12' title="bbox 357 1425 1892 1522">
     <span class='ocr_line' id='line_1_12' title="bbox 357 1425 1892 1522; baseline 0.018 -44"><span class='ocrx_word' id='word_1_69' title='bbox 357 1425 440 1480; x_wconf 77' lang='lat' dir='ltr'><strong>Bc</strong></span> <span class='ocrx_word' id='word_1_70' title='bbox 474 1429 724 1499; x_wconf 81' lang='lat' dir='ltr'><strong>originali</strong></span> <span class='ocrx_word' id='word_1_71' title='bbox 757 1445 995 1502; x_wconf 85' lang='lat' dir='ltr'><strong>peccato.</strong></span> <span class='ocrx_word' id='word_1_72' title='bbox 1043 1437 1386 1497; x_wconf 74' lang='lat' dir='ltr'><strong>Circumcisio</strong></span> <span class='ocrx_word' id='word_1_73' title='bbox 1422 1455 1470 1498; x_wconf 85' lang='lat' dir='ltr'><strong>et</strong></span> <span class='ocrx_word' id='word_1_74' title='bbox 1505 1450 1770 1518; x_wconf 78' lang='lat' dir='ltr'><strong>sacriﬁcia</strong></span> <span class='ocrx_word' id='word_1_75' title='bbox 1793 1467 1892 1522; x_wconf 73' lang='lat' dir='ltr'><strong>per</strong></span> 
     </span>
    </p>
   </div>
   <div class='ocr_carea' id='block_1_13' title="bbox 275 1519 1887 1618">
    <p class='ocr_par' dir='ltr' id='par_1_13' title="bbox 275 1519 1887 1618">
     <span class='ocr_line' id='line_1_13' title="bbox 275 1519 1887 1618; baseline 0.02 -46"><span class='ocrx_word' id='word_1_76' title='bbox 275 1519 446 1588; x_wconf 70' lang='lat' dir='ltr'><strong>ﬁdem</strong></span> <span class='ocrx_word' id='word_1_77' title='bbox 469 1525 713 1594; x_wconf 73' lang='lat' dir='ltr'><strong>profuere</strong></span> <span class='ocrx_word' id='word_1_78' title='bbox 737 1527 968 1586; x_wconf 68' lang='lat' dir='ltr'><strong>Judwis.</strong></span> <span class='ocrx_word' id='word_1_79' title='bbox 990 1563 1061 1574; x_wconf 91' lang='lat'><strong>—-</strong></span> <span class='ocrx_word' id='word_1_80' title='bbox 1085 1535 1314 1603; x_wconf 76' lang='lat' dir='ltr'><strong>Quod.si</strong></span> <span class='ocrx_word' id='word_1_81' title='bbox 1353 1541 1423 1596; x_wconf 87' lang='lat' dir='ltr'><strong>de</strong></span> <span class='ocrx_word' id='word_1_82' title='bbox 1447 1543 1729 1614; x_wconf 78' lang='lat' dir='ltr'><strong>originalis</strong></span> <span class='ocrx_word' id='word_1_83' title='bbox 1757 1519 1887 1618; x_wconf 76' lang='lat' dir='ltr'><strong>pec-</strong></span> 
     </span>
    </p>
   </div>
   <div class='ocr_carea' id='block_1_14' title="bbox 283 1612 1886 1699">
    <p class='ocr_par' dir='ltr' id='par_1_14' title="bbox 283 1612 1886 1699">
     <span class='ocr_line' id='line_1_14' title="bbox 283 1612 1886 1699; baseline 0.02 -36"><span class='ocrx_word' id='word_1_84' title='bbox 283 1612 398 1666; x_wconf 92' lang='lat' dir='ltr'><strong>cati</strong></span> <span class='ocrx_word' id='word_1_85' title='bbox 429 1617 702 1687; x_wconf 78' lang='lat' dir='ltr'><strong>contagio,</strong></span> <span class='ocrx_word' id='word_1_86' title='bbox 729 1620 804 1676; x_wconf 77' lang='lat' dir='ltr'><strong>de</strong></span> <span class='ocrx_word' id='word_1_87' title='bbox 832 1637 941 1679; x_wconf 81' lang='lat' dir='ltr'><strong>auo</strong></span> <span class='ocrx_word' id='word_1_88' title='bbox 988 1633 1167 1682; x_wconf 78' lang='lat' dir='ltr'><strong>tamen</strong></span> <span class='ocrx_word' id='word_1_89' title='bbox 1197 1631 1341 1699; x_wconf 85' lang='lat' dir='ltr'><strong>apud</strong></span> <span class='ocrx_word' id='word_1_90' title='bbox 1365 1612 1584 1691; x_wconf 74' lang='lat' dir='ltr'><strong>Judaeos</strong></span> <span class='ocrx_word' id='word_1_91' title='bbox 1609 1612 1886 1695; x_wconf 78' lang='lat' dir='ltr'><strong>silentium</strong></span> 
     </span>
    </p>
   </div>
   <div class='ocr_carea' id='block_1_15' title="bbox 279 1709 1885 1800">
    <p class='ocr_par' dir='ltr' id='par_1_15' title="bbox 279 1709 1885 1800">
     <span class='ocr_line' id='line_1_15' title="bbox 279 1709 1885 1800; baseline 0.02 -44"><span class='ocrx_word' id='word_1_92' title='bbox 279 1715 390 1798; x_wconf 56' lang='lat' dir='ltr'><strong>est,</strong></span> <span class='ocrx_word' id='word_1_93' title='bbox 427 1709 625 1778; x_wconf 76' lang='lat' dir='ltr'><strong>agitur,</strong></span> <span class='ocrx_word' id='word_1_94' title='bbox 654 1709 896 1771; x_wconf 85' lang='lat' dir='ltr'><strong>dicemus</strong></span> <span class='ocrx_word' id='word_1_95' title='bbox 927 1718 1050 1787; x_wconf 83' lang='lat' dir='ltr'><strong>quia</strong></span> <span class='ocrx_word' id='word_1_96' title='bbox 1083 1721 1270 1792; x_wconf 77' lang='lat' dir='ltr'><strong>quiqui</strong></span> <span class='ocrx_word' id='word_1_97' title='bbox 1299 1724 1406 1780; x_wconf 82' lang='lat' dir='ltr'><strong>hoc</strong></span> <span class='ocrx_word' id='word_1_98' title='bbox 1452 1730 1696 1784; x_wconf 88' lang='lat' dir='ltr'><strong>remedio</strong></span> <span class='ocrx_word' id='word_1_99' title='bbox 1723 1744 1885 1800; x_wconf 78' lang='lat' dir='ltr'><strong>egue-</strong></span> 
     </span>
    </p>
   </div>
   <div class='ocr_carea' id='block_1_16' title="bbox 281 1777 1963 1888">
    <p class='ocr_par' dir='ltr' id='par_1_16' title="bbox 281 1777 1963 1888">
     <span class='ocr_line' id='line_1_16' title="bbox 473 1777 1858 1800; baseline 0.006 -22"><span class='ocrx_word' id='word_1_100' title='bbox 473 1777 480 1778; x_wconf 62' lang='lat'><strong><em>,</em></strong></span> <span class='ocrx_word' id='word_1_101' title='bbox 943 1777 962 1787; x_wconf 80' lang='grc'><em>,</em></span> <span class='ocrx_word' id='word_1_102' title='bbox 1100 1777 1114 1788; x_wconf 93' lang='grc'>,</span> <span class='ocrx_word' id='word_1_103' title='bbox 1195 1777 1210 1792; x_wconf 86' lang='grc'><em>,</em></span> <span class='ocrx_word' id='word_1_104' title='bbox 1303 1777 1306 1778; x_wconf 36' lang='grc' dir='ltr'><em>ν</em></span> <span class='ocrx_word' id='word_1_105' title='bbox 1351 1777 1401 1780; x_wconf 34' lang='grc' dir='ltr'><strong>κ-</strong></span> <span class='ocrx_word' id='word_1_106' title='bbox 1453 1777 1693 1784; x_wconf 52' lang='grc' dir='ltr'><strong>η----μη</strong></span> <span class='ocrx_word' id='word_1_107' title='bbox 1724 1777 1858 1800; x_wconf 54' lang='grc' dir='ltr'><strong>ην-</strong></span> 
     </span>
     <span class='ocr_line' id='line_1_17' title="bbox 281 1777 1963 1888; baseline 0.021 -42"><span class='ocrx_word' id='word_1_108' title='bbox 281 1777 438 1862; x_wconf 63' lang='lat' dir='ltr'><strong>runt,</strong></span> <span class='ocrx_word' id='word_1_109' title='bbox 468 1798 581 1854; x_wconf 81' lang='lat' dir='ltr'><strong>ﬁde</strong></span> <span class='ocrx_word' id='word_1_110' title='bbox 615 1816 718 1858; x_wconf 87' lang='lat' dir='ltr'><strong>sua</strong></span> <span class='ocrx_word' id='word_1_111' title='bbox 746 1806 948 1874; x_wconf 83' lang='lat' dir='ltr'><strong>potius,</strong></span> <span class='ocrx_word' id='word_1_112' title='bbox 987 1818 1052 1864; x_wconf 76' lang='lat' dir='ltr'><strong>ut</strong></span> <span class='ocrx_word' id='word_1_113' title='bbox 1095 1823 1404 1882; x_wconf 85' lang='lat' dir='ltr'><strong>parentum,</strong></span> <span class='ocrx_word' id='word_1_114' title='bbox 1454 1834 1617 1888; x_wconf 76' lang='lat' dir='ltr'><strong>quam</strong></span> <span class='ocrx_word' id='word_1_115' title='bbox 1655 1829 1887 1879; x_wconf 85' lang='lat' dir='ltr'><strong>circum-</strong></span> <span class='ocrx_word' id='word_1_116' title='bbox 1915 1801 1963 1859; x_wconf 76' lang='grc' dir='ltr'>Β</span> 
     </span>
    </p>
   </div>
   <div class='ocr_carea' id='block_1_17' title="bbox 273 1889 1879 1988">
    <p class='ocr_par' dir='ltr' id='par_1_17' title="bbox 273 1889 1879 1988">
     <span class='ocr_line' id='line_1_18' title="bbox 273 1889 1879 1988; baseline 0.019 -45"><span class='ocrx_word' id='word_1_117' title='bbox 273 1889 514 1959; x_wconf 84' lang='lat' dir='ltr'><strong>cisione,</strong></span> <span class='ocrx_word' id='word_1_118' title='bbox 539 1902 1021 1958; x_wconf 69' lang='lat' dir='ltr'><strong>.seu‘eazremoniis</strong></span> <span class='ocrx_word' id='word_1_119' title='bbox 1048 1908 1292 1962; x_wconf 83' lang='lat' dir='ltr'><strong>mundati</strong></span> <span class='ocrx_word' id='word_1_120' title='bbox 1313 1920 1461 1969; x_wconf 85' lang='lat' dir='ltr'><strong>sunt.</strong></span> <span class='ocrx_word' id='word_1_121' title='bbox 1498 1914 1656 1970; x_wconf 78' lang='lat' dir='ltr'><strong>Verbi</strong></span> <span class='ocrx_word' id='word_1_122' title='bbox 1687 1921 1879 1988; x_wconf 77' lang='lat' dir='ltr'><strong>gratia,</strong></span> 
     </span>
    </p>
   </div>
   <div class='ocr_carea' id='block_1_18' title="bbox 277 1979 1884 2065">
    <p class='ocr_par' dir='ltr' id='par_1_18' title="bbox 277 1979 1884 2065">
     <span class='ocr_line' id='line_1_19' title="bbox 277 1979 1884 2065; baseline 0.02 -31"><span class='ocrx_word' id='word_1_123' title='bbox 277 1979 510 2054; x_wconf 44' lang='lat' dir='ltr'><strong>feminae.</strong></span> <span class='ocrx_word' id='word_1_124' title='bbox 525 1988 676 2056; x_wconf 84' lang='lat' dir='ltr'><strong>apud</strong></span> <span class='ocrx_word' id='word_1_125' title='bbox 715 1987 933 2047; x_wconf 69' lang='lat' dir='ltr'><strong>Iudaeos</strong></span> <span class='ocrx_word' id='word_1_126' title='bbox 967 1997 1249 2063; x_wconf 79' lang='lat' dir='ltr'><strong>quondam</strong></span> <span class='ocrx_word' id='word_1_127' title='bbox 1285 1999 1473 2057; x_wconf 83' lang='lat' dir='ltr'><strong>ﬁdeles</strong></span> <span class='ocrx_word' id='word_1_128' title='bbox 1509 1979 1718 2062; x_wconf 65' lang='lat' dir='ltr'><strong>recens</strong></span> <span class='ocrx_word' id='word_1_129' title='bbox 1744 1979 1884 2065; x_wconf 75' lang='lat' dir='ltr'><strong>naue</strong></span> 
     </span>
    </p>
   </div>
   <div class='ocr_carea' id='block_1_19' title="bbox 273 2084 1879 2160">
    <p class='ocr_par' dir='ltr' id='par_1_19' title="bbox 273 2084 1879 2160">
     <span class='ocr_line' id='line_1_20' title="bbox 273 2084 1879 2160; baseline 0.017 -31"><span class='ocrx_word' id='word_1_130' title='bbox 273 2084 338 2130; x_wconf 79' lang='lat' dir='ltr'><strong>et</strong></span> <span class='ocrx_word' id='word_1_131' title='bbox 363 2086 618 2145; x_wconf 63' lang='lat' dir='ltr'><strong>mortuae,</strong></span> <span class='ocrx_word' id='word_1_132' title='bbox 633 2097 744 2138; x_wconf 83' lang='lat' dir='ltr'><strong>nec</strong></span> <span class='ocrx_word' id='word_1_133' title='bbox 771 2085 935 2140; x_wconf 86' lang='lat' dir='ltr'><strong>etiam</strong></span> <span class='ocrx_word' id='word_1_134' title='bbox 961 2087 1030 2141; x_wconf 82' lang='lat' dir='ltr'><strong>ad</strong></span> <span class='ocrx_word' id='word_1_135' title='bbox 1065 2091 1323 2160; x_wconf 79' lang='lat' dir='ltr'><strong>templum</strong></span> <span class='ocrx_word' id='word_1_136' title='bbox 1354 2110 1476 2150; x_wconf 90' lang='lat' dir='ltr'><strong>eum</strong></span> <span class='ocrx_word' id='word_1_137' title='bbox 1509 2096 1702 2156; x_wconf 88' lang='lat' dir='ltr'><strong>hostiis</strong></span> <span class='ocrx_word' id='word_1_138' title='bbox 1723 2101 1879 2157; x_wconf 85' lang='lat' dir='ltr'><strong>dela-</strong></span> 
     </span>
    </p>
   </div>
   <div class='ocr_carea' id='block_1_20' title="bbox 277 2171 1878 2260">
    <p class='ocr_par' dir='ltr' id='par_1_20' title="bbox 277 2171 1878 2260">
     <span class='ocr_line' id='line_1_21' title="bbox 277 2171 1878 2260; baseline 0.017 -39"><span class='ocrx_word' id='word_1_139' title='bbox 277 2176 368 2233; x_wconf 72' lang='grc' dir='ltr'><strong>ιω,</strong></span> <span class='ocrx_word' id='word_1_140' title='bbox 394 2171 636 2240; x_wconf 90' lang='lat' dir='ltr'><strong>nunquid</strong></span> <span class='ocrx_word' id='word_1_141' title='bbox 671 2172 780 2229; x_wconf 88' lang='lat' dir='ltr'><strong>iere</strong></span> <span class='ocrx_word' id='word_1_142' title='bbox 810 2177 1120 2245; x_wconf 86' lang='lat' dir='ltr'><strong>perditum?</strong></span> <span class='ocrx_word' id='word_1_143' title='bbox 1148 2179 1312 2238; x_wconf 84' lang='lat' dir='ltr'><strong>Certe</strong></span> <span class='ocrx_word' id='word_1_144' title='bbox 1342 2184 1476 2242; x_wconf 90' lang='lat' dir='ltr'><strong>ﬁdes</strong></span> <span class='ocrx_word' id='word_1_145' title='bbox 1517 2203 1623 2244; x_wconf 92' lang='lat' dir='ltr'><strong>non</strong></span> <span class='ocrx_word' id='word_1_146' title='bbox 1661 2205 1762 2260; x_wconf 89' lang='lat' dir='ltr'><strong>per</strong></span> <span class='ocrx_word' id='word_1_147' title='bbox 1789 2208 1878 2249; x_wconf 76' lang='lat' dir='ltr'><strong>sa-</strong></span> 
     </span>
    </p>
   </div>
   <div class='ocr_carea' id='block_1_21' title="bbox 269 2263 1880 2350">
    <p class='ocr_par' dir='ltr' id='par_1_21' title="bbox 269 2263 1880 2350">
     <span class='ocr_line' id='line_1_22' title="bbox 269 2263 1880 2350; baseline 0.02 -35"><span class='ocrx_word' id='word_1_148' title='bbox 269 2263 507 2331; x_wconf 76' lang='lat' dir='ltr'><strong>criﬁcia,</strong></span> <span class='ocrx_word' id='word_1_149' title='bbox 541 2267 635 2321; x_wconf 86' lang='lat' dir='ltr'><strong>sed</strong></span> <span class='ocrx_word' id='word_1_150' title='bbox 663 2271 938 2329; x_wconf 85' lang='lat' dir='ltr'><strong>sacriﬁcia</strong></span> <span class='ocrx_word' id='word_1_151' title='bbox 975 2275 1195 2333; x_wconf 79' lang='lat' dir='ltr'><strong>valuere</strong></span> <span class='ocrx_word' id='word_1_152' title='bbox 1220 2294 1318 2348; x_wconf 89' lang='lat' dir='ltr'><strong>per</strong></span> <span class='ocrx_word' id='word_1_153' title='bbox 1345 2281 1538 2350; x_wconf 89' lang='lat' dir='ltr'><strong>ﬁdem;</strong></span> <span class='ocrx_word' id='word_1_154' title='bbox 1567 2296 1624 2342; x_wconf 91' lang='lat' dir='ltr'><strong>et</strong></span> <span class='ocrx_word' id='word_1_155' title='bbox 1648 2288 1798 2346; x_wconf 81' lang='lat' dir='ltr'><strong>locus</strong></span> <span class='ocrx_word' id='word_1_156' title='bbox 1824 2293 1880 2348; x_wconf 88' lang='lat' dir='ltr'><strong>in</strong></span> 
     </span>
    </p>
   </div>
   <div class='ocr_carea' id='block_1_22' title="bbox 273 2351 1877 2442">
    <p class='ocr_par' dir='ltr' id='par_1_22' title="bbox 273 2351 1877 2442">
     <span class='ocr_line' id='line_1_23' title="bbox 273 2351 1877 2442; baseline 0.018 -36"><span class='ocrx_word' id='word_1_157' title='bbox 273 2351 496 2410; x_wconf 70' lang='lat' dir='ltr'><strong>feminis</strong></span> <span class='ocrx_word' id='word_1_158' title='bbox 521 2356 935 2418; x_wconf 78' lang='lat' dir='ltr'><strong>eireumcisioni</strong></span> <span class='ocrx_word' id='word_1_159' title='bbox 975 2380 1080 2420; x_wconf 90' lang='lat' dir='ltr'><strong>non</strong></span> <span class='ocrx_word' id='word_1_160' title='bbox 1101 2379 1246 2422; x_wconf 82' lang='lat' dir='ltr'><strong>erat.</strong></span> <span class='ocrx_word' id='word_1_161' title='bbox 1275 2368 1526 2442; x_wconf 71' lang='lat' dir='ltr'><strong>Respexit</strong></span> <span class='ocrx_word' id='word_1_162' title='bbox 1555 2376 1692 2430; x_wconf 85' lang='lat' dir='ltr'><strong>enim</strong></span> <span class='ocrx_word' id='word_1_163' title='bbox 1734 2378 1877 2436; x_wconf 79' lang='lat' dir='ltr'><strong>Deus</strong></span> 
     </span>
    </p>
   </div>
   <div class='ocr_carea' id='block_1_23' title="bbox 269 2444 1876 2541">
    <p class='ocr_par' dir='ltr' id='par_1_23' title="bbox 269 2444 1876 2541">
     <span class='ocr_line' id='line_1_24' title="bbox 269 2444 1876 2541; baseline 0.018 -45"><span class='ocrx_word' id='word_1_164' title='bbox 269 2444 424 2510; x_wconf 79' lang='lat' dir='ltr'><strong>Abel,</strong></span> <span class='ocrx_word' id='word_1_165' title='bbox 447 2446 570 2501; x_wconf 85' lang='lat' dir='ltr'><strong>inde</strong></span> <span class='ocrx_word' id='word_1_166' title='bbox 594 2447 714 2520; x_wconf 62' lang='grc' dir='ltr'><strong>[ειη</strong></span> <span class='ocrx_word' id='word_1_167' title='bbox 742 2463 788 2506; x_wconf 89' lang='lat' dir='ltr'><strong>et</strong></span> <span class='ocrx_word' id='word_1_168' title='bbox 819 2453 911 2526; x_wconf 78' lang='lat' dir='ltr'><strong>ad]</strong></span> <span class='ocrx_word' id='word_1_169' title='bbox 935 2455 1052 2523; x_wconf 76' lang='lat' dir='ltr'><strong>eius</strong></span> <span class='ocrx_word' id='word_1_170' title='bbox 1083 2473 1303 2514; x_wconf 74' lang='lat' dir='ltr'><strong>mit-nera</strong></span> <span class='ocrx_word' id='word_1_171' title='bbox 1329 2460 1484 2533; x_wconf 67' lang='lat' dir='ltr'><strong>(Gen.</strong></span> <span class='ocrx_word' id='word_1_172' title='bbox 1515 2480 1592 2530; x_wconf 82' lang='lat' dir='ltr'><strong>tv,</strong></span> <span class='ocrx_word' id='word_1_173' title='bbox 1616 2467 1696 2537; x_wconf 73' lang='grc'><strong>4).</strong></span> <span class='ocrx_word' id='word_1_174' title='bbox 1734 2468 1876 2541; x_wconf 85' lang='lat' dir='ltr'><strong>Ergo</strong></span> 
     </span>
    </p>
   </div>
   <div class='ocr_carea' id='block_1_24' title="bbox 273 2538 1874 2628">
    <p class='ocr_par' dir='ltr' id='par_1_24' title="bbox 273 2538 1874 2628">
     <span class='ocr_line' id='line_1_25' title="bbox 273 2538 1874 2628; baseline 0.019 -38"><span class='ocrx_word' id='word_1_175' title='bbox 273 2538 588 2610; x_wconf 80' lang='lat' dir='ltr'><strong>quicunque</strong></span> <span class='ocrx_word' id='word_1_176' title='bbox 628 2543 714 2597; x_wconf 91' lang='lat' dir='ltr'><strong>vel</strong></span> <span class='ocrx_word' id='word_1_177' title='bbox 751 2545 804 2600; x_wconf 91' lang='lat' dir='ltr'><strong>in</strong></span> <span class='ocrx_word' id='word_1_178' title='bbox 841 2547 1272 2618; x_wconf 80' lang='lat' dir='ltr'><strong>circumcisione,</strong></span> <span class='ocrx_word' id='word_1_179' title='bbox 1304 2569 1396 2610; x_wconf 87' lang='lat' dir='ltr'><strong>seu</strong></span> <span class='ocrx_word' id='word_1_180' title='bbox 1431 2561 1719 2628; x_wconf 65' lang='lat' dir='ltr'><strong>prmputio,</strong></span> <span class='ocrx_word' id='word_1_181' title='bbox 1746 2570 1874 2621; x_wconf 86' lang='lat' dir='ltr'><strong>tunc</strong></span> 
     </span>
    </p>
   </div>
   <div class='ocr_carea' id='block_1_25' title="bbox 271 2631 1873 2718">
    <p class='ocr_par' dir='ltr' id='par_1_25' title="bbox 271 2631 1873 2718">
     <span class='ocr_line' id='line_1_26' title="bbox 271 2631 1873 2718; baseline 0.016 -36"><span class='ocrx_word' id='word_1_182' title='bbox 271 2631 533 2699; x_wconf 87' lang='lat' dir='ltr'><strong>temporis</strong></span> <span class='ocrx_word' id='word_1_183' title='bbox 563 2633 934 2705; x_wconf 85' lang='lat' dir='ltr'><strong>salvabantur,</strong></span> <span class='ocrx_word' id='word_1_184' title='bbox 967 2638 1070 2695; x_wconf 88' lang='lat' dir='ltr'><strong>ﬁde</strong></span> <span class='ocrx_word' id='word_1_185' title='bbox 1091 2654 1412 2699; x_wconf 85' lang='lat' dir='ltr'><strong>meruerunt</strong></span> <span class='ocrx_word' id='word_1_186' title='bbox 1441 2662 1538 2701; x_wconf 87' lang='lat' dir='ltr'><strong>sua</strong></span> <span class='ocrx_word' id='word_1_187' title='bbox 1553 2660 1873 2718; x_wconf 73' lang='lat' dir='ltr'><strong>parentum-</strong></span> 
     </span>
    </p>
   </div>
   <div class='ocr_carea' id='block_1_26' title="bbox 267 2724 1873 2814">
    <p class='ocr_par' dir='ltr' id='par_1_26' title="bbox 267 2724 1873 2814">
     <span class='ocr_line' id='line_1_27' title="bbox 267 2724 1873 2814; baseline 0.016 -37"><span class='ocrx_word' id='word_1_188' title='bbox 267 2737 335 2777; x_wconf 86' lang='lat' dir='ltr'><strong>ve</strong></span> <span class='ocrx_word' id='word_1_189' title='bbox 357 2724 580 2782; x_wconf 83' lang='lat' dir='ltr'><strong>salvari.</strong></span> <span class='ocrx_word' id='word_1_190' title='bbox 617 2727 734 2784; x_wconf 84' lang='lat' dir='ltr'><strong>Non</strong></span> <span class='ocrx_word' id='word_1_191' title='bbox 753 2731 1036 2789; x_wconf 86' lang='lat' dir='ltr'><strong>immerito</strong></span> <span class='ocrx_word' id='word_1_192' title='bbox 1053 2734 1243 2806; x_wconf 80' lang='lat' dir='ltr'><strong>itaque</strong></span> <span class='ocrx_word' id='word_1_193' title='bbox 1268 2738 1322 2793; x_wconf 92' lang='lat' dir='ltr'><strong>in</strong></span> <span class='ocrx_word' id='word_1_194' title='bbox 1343 2741 1573 2797; x_wconf 71' lang='lat' dir='ltr'><strong>Acti-bus</strong></span> <span class='ocrx_word' id='word_1_195' title='bbox 1595 2747 1873 2814; x_wconf 84' lang='lat' dir='ltr'><strong>apostolo-</strong></span> 
     </span>
    </p>
   </div>
   <div class='ocr_carea' id='block_1_27' title="bbox 265 2819 1870 2909">
    <p class='ocr_par' dir='ltr' id='par_1_27' title="bbox 265 2819 1870 2909">
     <span class='ocr_line' id='line_1_28' title="bbox 265 2819 1870 2909; baseline 0.014 -37"><span class='ocrx_word' id='word_1_196' title='bbox 265 2832 390 2872; x_wconf 82' lang='lat' dir='ltr'><strong>rum</strong></span> <span class='ocrx_word' id='word_1_197' title='bbox 430 2819 668 2876; x_wconf 85' lang='lat' dir='ltr'><strong>dicitur:</strong></span> <span class='ocrx_word' id='word_1_198' title='bbox 701 2822 840 2879; x_wconf 75' lang='lat' dir='ltr'><strong>Fide</strong></span> <span class='ocrx_word' id='word_1_199' title='bbox 873 2829 1145 2883; x_wconf 74' lang='lat' dir='ltr'><strong>mit-minus</strong></span> <span class='ocrx_word' id='word_1_200' title='bbox 1185 2829 1301 2901; x_wconf 72' lang='lat' dir='ltr'><strong>(aL,</strong></span> <span class='ocrx_word' id='word_1_201' title='bbox 1349 2835 1663 2909; x_wconf 74' lang='lat' dir='ltr'><strong>puri/ianus]</strong></span> <span class='ocrx_word' id='word_1_202' title='bbox 1700 2842 1870 2896; x_wconf 80' lang='lat' dir='ltr'><strong>corda</strong></span> 
     </span>
    </p>
   </div>
   <div class='ocr_carea' id='block_1_28' title="bbox 263 2913 1867 2988">
    <p class='ocr_par' dir='ltr' id='par_1_28' title="bbox 263 2913 1867 2988">
     <span class='ocr_line' id='line_1_29' title="bbox 263 2913 1867 2988; baseline 0.015 -23"><span class='ocrx_word' id='word_1_203' title='bbox 263 2927 448 2967; x_wconf 82' lang='lat' dir='ltr'><strong>eorum</strong></span> <span class='ocrx_word' id='word_1_204' title='bbox 479 2913 616 2984; x_wconf 78' lang='lat' dir='ltr'><strong>(Act.</strong></span> <span class='ocrx_word' id='word_1_205' title='bbox 663 2933 754 2984; x_wconf 77' lang='lat' dir='ltr'><strong>xv,</strong></span> <span class='ocrx_word' id='word_1_206' title='bbox 787 2918 843 2987; x_wconf 86' lang='lat'><strong>9)</strong></span> <span class='ocrx_word' id='word_1_207' title='bbox 881 2937 894 2973; x_wconf 90' lang='lat'><strong>:</strong></span> <span class='ocrx_word' id='word_1_208' title='bbox 921 2919 1052 2976; x_wconf 80' lang='lat' dir='ltr'><strong>:liect</strong></span> <span class='ocrx_word' id='word_1_209' title='bbox 1081 2924 1282 2981; x_wconf 72' lang='lat' dir='ltr'><strong>nosuis</strong></span> <span class='ocrx_word' id='word_1_210' title='bbox 1309 2926 1557 2984; x_wconf 77' lang='lat' dir='ltr'><strong>hostibus</strong></span> <span class='ocrx_word' id='word_1_211' title='bbox 1585 2931 1867 2988; x_wconf 82' lang='lat' dir='ltr'><strong>confutan-</strong></span> 
     </span>
    </p>
   </div>
   <div class='ocr_carea' id='block_1_29' title="bbox 261 3005 1865 3096">
    <p class='ocr_par' dir='ltr' id='par_1_29' title="bbox 261 3005 1865 3096">
     <span class='ocr_line' id='line_1_30' title="bbox 261 3005 1865 3096; baseline 0.015 -38"><span class='ocrx_word' id='word_1_212' title='bbox 261 3005 511 3070; x_wconf 54' lang='lat' dir='ltr'><strong>€135,th</strong></span> <span class='ocrx_word' id='word_1_213' title='bbox 537 3010 764 3068; x_wconf 87' lang='lat' dir='ltr'><strong>minime</strong></span> <span class='ocrx_word' id='word_1_214' title='bbox 783 3015 1316 3088; x_wconf 71' lang='lat' dir='ltr'><strong>suseeptibilrisapud</strong></span> <span class='ocrx_word' id='word_1_215' title='bbox 1347 3021 1492 3091; x_wconf 85' lang='lat' dir='ltr'><strong>ipsos</strong></span> <span class='ocrx_word' id='word_1_216' title='bbox 1511 3038 1865 3096; x_wconf 78' lang='lat' dir='ltr'><strong>nequaquam</strong></span> 
     </span>
    </p>
   </div>
   <div class='ocr_carea' id='block_1_30' title="bbox 261 3094 1864 3185">
    <p class='ocr_par' dir='ltr' id='par_1_30' title="bbox 261 3094 1864 3185">
     <span class='ocr_line' id='line_1_31' title="bbox 261 3094 1864 3185; baseline 0.014 -36"><span class='ocrx_word' id='word_1_217' title='bbox 261 3094 552 3168; x_wconf 79' lang='lat' dir='ltr'><strong>Scriptura</strong></span> <span class='ocrx_word' id='word_1_218' title='bbox 601 3104 913 3158; x_wconf 77' lang='lat' dir='ltr'><strong>conveniat.</strong></span> <span class='ocrx_word' id='word_1_219' title='bbox 961 3103 1091 3162; x_wconf 84' lang='lat' dir='ltr'><strong>Siue</strong></span> <span class='ocrx_word' id='word_1_220' title='bbox 1141 3107 1246 3164; x_wconf 88' lang='lat' dir='ltr'><strong>ﬁde</strong></span> <span class='ocrx_word' id='word_1_221' title='bbox 1287 3111 1450 3165; x_wconf 84' lang='lat' dir='ltr'><strong>etiam</strong></span> <span class='ocrx_word' id='word_1_222' title='bbox 1497 3113 1552 3166; x_wconf 86' lang='lat' dir='ltr'><strong>in</strong></span> <span class='ocrx_word' id='word_1_223' title='bbox 1589 3094 1864 3185; x_wconf 65' lang='lat' dir='ltr'><strong>baptismo</strong></span> 
     </span>
    </p>
   </div>
   <div class='ocr_carea' id='block_1_31' title="bbox 257 3200 1861 3278">
    <p class='ocr_par' dir='ltr' id='par_1_31' title="bbox 257 3200 1861 3278">
     <span class='ocr_line' id='line_1_32' title="bbox 257 3200 1861 3278; baseline 0.014 -35"><span class='ocrx_word' id='word_1_224' title='bbox 257 3200 461 3248; x_wconf 77' lang='lat' dir='ltr'><strong>caetera</strong></span> <span class='ocrx_word' id='word_1_225' title='bbox 503 3207 850 3252; x_wconf 74' lang='lat' dir='ltr'><strong>sacramenta</strong></span> <span class='ocrx_word' id='word_1_226' title='bbox 887 3209 1192 3256; x_wconf 79' lang='lat' dir='ltr'><strong>cassantur.</strong></span> <span class='ocrx_word' id='word_1_227' title='bbox 1232 3201 1394 3275; x_wconf 83' lang='lat' dir='ltr'><strong>Virgo</strong></span> <span class='ocrx_word' id='word_1_228' title='bbox 1423 3206 1590 3276; x_wconf 77' lang='lat' dir='ltr'><strong>igitur</strong></span> <span class='ocrx_word' id='word_1_229' title='bbox 1618 3211 1861 3278; x_wconf 80' lang='lat' dir='ltr'><strong>paritura</strong></span> 
     </span>
    </p>
   </div>
   <div class='ocr_carea' id='block_1_32' title="bbox 258 3279 1860 3372">
    <p class='ocr_par' dir='ltr' id='par_1_32' title="bbox 258 3279 1860 3372">
     <span class='ocr_line' id='line_1_33' title="bbox 258 3279 1860 3372; baseline 0.017 -39"><span class='ocrx_word' id='word_1_230' title='bbox 258 3279 456 3346; x_wconf 88' lang='lat' dir='ltr'><strong>Deum,</strong></span> <span class='ocrx_word' id='word_1_231' title='bbox 489 3284 602 3342; x_wconf 84' lang='lat' dir='ltr'><strong>ﬁde</strong></span> <span class='ocrx_word' id='word_1_232' title='bbox 643 3288 750 3344; x_wconf 89' lang='lat' dir='ltr'><strong>sibi</strong></span> <span class='ocrx_word' id='word_1_233' title='bbox 793 3291 1138 3360; x_wconf 81' lang='lat' dir='ltr'><strong>munditiam,</strong></span> <span class='ocrx_word' id='word_1_234' title='bbox 1185 3296 1274 3352; x_wconf 86' lang='lat' dir='ltr'><strong>ubi</strong></span> <span class='ocrx_word' id='word_1_235' title='bbox 1319 3297 1490 3353; x_wconf 88' lang='lat' dir='ltr'><strong>Deum</strong></span> <span class='ocrx_word' id='word_1_236' title='bbox 1539 3303 1860 3372; x_wconf 79' lang='lat' dir='ltr'><strong>susciperet,</strong></span> 
     </span>
    </p>
   </div>
   <div class='ocr_carea' id='block_1_33' title="bbox 256 3377 1861 3458">
    <p class='ocr_par' dir='ltr' id='par_1_33' title="bbox 256 3377 1861 3458">
     <span class='ocr_line' id='line_1_34' title="bbox 256 3377 1861 3458; baseline 0.016 -32"><span class='ocrx_word' id='word_1_237' title='bbox 256 3377 612 3443; x_wconf 81' lang='lat' dir='ltr'><strong>comparavit.</strong></span> <span class='ocrx_word' id='word_1_238' title='bbox 666 3377 773 3436; x_wconf 89' lang='lat' dir='ltr'><strong>Sed</strong></span> <span class='ocrx_word' id='word_1_239' title='bbox 815 3379 930 3450; x_wconf 67' lang='lat' dir='ltr'><strong>iam</strong></span> <span class='ocrx_word' id='word_1_240' title='bbox 977 3383 1047 3438; x_wconf 81' lang='lat' dir='ltr'><strong>ad</strong></span> <span class='ocrx_word' id='word_1_241' title='bbox 1085 3395 1400 3458; x_wconf 85' lang='lat' dir='ltr'><strong>susceptam</strong></span> <span class='ocrx_word' id='word_1_242' title='bbox 1447 3391 1644 3448; x_wconf 89' lang='lat' dir='ltr'><strong>seriem</strong></span> <span class='ocrx_word' id='word_1_243' title='bbox 1671 3395 1861 3450; x_wconf 87' lang='lat' dir='ltr'><strong>redea-</strong></span> 
     </span>
    </p>
   </div>
   <div class='ocr_carea' id='block_1_34' title="bbox 251 3478 394 3520">
    <p class='ocr_par' dir='ltr' id='par_1_34' title="bbox 251 3478 394 3520">
     <span class='ocr_line' id='line_1_35' title="bbox 251 3478 394 3520; baseline 0.007 -3"><span class='ocrx_word' id='word_1_244' title='bbox 251 3478 394 3520; x_wconf 85' lang='lat' dir='ltr'><strong>mus.</strong></span> 
     </span>
    </p>
   </div>
   <div class='ocr_carea' id='block_1_35' title="bbox 878 3566 1237 3627">
    <p class='ocr_par' dir='ltr' id='par_1_35' title="bbox 878 3566 1237 3627">
     <span class='ocr_line' id='line_1_36' title="bbox 878 3566 1237 3627; baseline 0.017 -6"><span class='ocrx_word' id='word_1_245' title='bbox 878 3566 1114 3624; x_wconf 76' lang='lat' dir='ltr'><strong>CAPUT</strong></span> <span class='ocrx_word' id='word_1_246' title='bbox 1148 3570 1237 3627; x_wconf 83' lang='lat' dir='ltr'><strong>Ill.</strong></span> 
     </span>
    </p>
   </div>
   <div class='ocr_carea' id='block_1_36' title="bbox 751 3672 1330 3728">
    <p class='ocr_par' dir='ltr' id='par_1_36' title="bbox 751 3672 1330 3728">
     <span class='ocr_line' id='line_1_37' title="bbox 751 3672 1330 3728; baseline 0.016 -16"><span class='ocrx_word' id='word_1_247' title='bbox 751 3672 996 3721; x_wconf 74' lang='grc' dir='ltr'><strong>ρωεετιο</strong></span> <span class='ocrx_word' id='word_1_248' title='bbox 1037 3677 1189 3728; x_wconf 72' lang='lat' dir='ltr'><strong>SBQUI</strong></span> <span class='ocrx_word' id='word_1_249' title='bbox 1199 3681 1330 3721; x_wconf 61' lang='grc' dir='ltr'><strong>Ῥω.</strong></span> 
     </span>
    </p>
   </div>
   <div class='ocr_carea' id='block_1_37' title="bbox 323 3744 1848 3829">
    <p class='ocr_par' dir='ltr' id='par_1_37' title="bbox 323 3744 1848 3829">
     <span class='ocr_line' id='line_1_38' title="bbox 323 3744 1848 3829; baseline 0.018 -30"><span class='ocrx_word' id='word_1_250' title='bbox 323 3744 579 3802; x_wconf 85' lang='lat' dir='ltr'><strong>Creditur</strong></span> <span class='ocrx_word' id='word_1_251' title='bbox 613 3763 644 3804; x_wconf 90' lang='lat' dir='ltr'><strong>a</strong></span> <span class='ocrx_word' id='word_1_252' title='bbox 671 3751 824 3807; x_wconf 84' lang='lat' dir='ltr'><strong>vobis</strong></span> <span class='ocrx_word' id='word_1_253' title='bbox 853 3754 1002 3810; x_wconf 86' lang='lat' dir='ltr'><strong>Deus</strong></span> <span class='ocrx_word' id='word_1_254' title='bbox 1025 3759 1393 3829; x_wconf 83' lang='lat' dir='ltr'><strong>omnipotens.</strong></span> <span class='ocrx_word' id='word_1_255' title='bbox 1426 3761 1496 3817; x_wconf 92' lang='lat' dir='ltr'><strong>Et</strong></span> <span class='ocrx_word' id='word_1_256' title='bbox 1540 3773 1690 3822; x_wconf 85' lang='lat' dir='ltr'><strong>certe</strong></span> <span class='ocrx_word' id='word_1_257' title='bbox 1735 3783 1848 3825; x_wconf 86' lang='lat' dir='ltr'><strong>om-</strong></span> 
     </span>
    </p>
   </div>
   <div class='ocr_carea' id='block_1_38' title="bbox 244 3837 1852 3923">
    <p class='ocr_par' dir='ltr' id='par_1_38' title="bbox 244 3837 1852 3923">
     <span class='ocr_line' id='line_1_39' title="bbox 244 3837 1852 3923; baseline 0.018 -35"><span class='ocrx_word' id='word_1_258' title='bbox 244 3837 502 3905; x_wconf 90' lang='lat' dir='ltr'><strong>nipotens</strong></span> <span class='ocrx_word' id='word_1_259' title='bbox 539 3856 645 3896; x_wconf 90' lang='lat' dir='ltr'><strong>non</strong></span> <span class='ocrx_word' id='word_1_260' title='bbox 677 3842 800 3908; x_wconf 88' lang='lat' dir='ltr'><strong>fuit,</strong></span> <span class='ocrx_word' id='word_1_261' title='bbox 831 3844 876 3900; x_wconf 91' lang='lat' dir='ltr'><strong>si</strong></span> <span class='ocrx_word' id='word_1_262' title='bbox 917 3846 983 3902; x_wconf 90' lang='lat' dir='ltr'><strong>ad</strong></span> <span class='ocrx_word' id='word_1_263' title='bbox 1023 3847 1326 3919; x_wconf 82' lang='lat' dir='ltr'><strong>hominem,</strong></span> <span class='ocrx_word' id='word_1_264' title='bbox 1350 3868 1508 3923; x_wconf 86' lang='lat' dir='ltr'><strong>quem</strong></span> <span class='ocrx_word' id='word_1_265' title='bbox 1539 3857 1678 3914; x_wconf 86' lang='lat' dir='ltr'><strong>bene</strong></span> <span class='ocrx_word' id='word_1_266' title='bbox 1711 3859 1852 3916; x_wconf 87' lang='lat' dir='ltr'><strong>fece-</strong></span> 
     </span>
    </p>
   </div>
   <div class='ocr_carea' id='block_1_39' title="bbox 243 3932 1846 4013">
    <p class='ocr_par' dir='ltr' id='par_1_39' title="bbox 243 3932 1846 4013">
     <span class='ocr_line' id='line_1_40' title="bbox 243 3932 1846 4013; baseline 0.017 -34"><span class='ocrx_word' id='word_1_267' title='bbox 243 3937 352 3992; x_wconf 86' lang='lat' dir='ltr'><strong>rat,</strong></span> <span class='ocrx_word' id='word_1_268' title='bbox 383 3943 485 3997; x_wconf 88' lang='lat' dir='ltr'><strong>pro</strong></span> <span class='ocrx_word' id='word_1_269' title='bbox 525 3932 838 3990; x_wconf 90' lang='lat' dir='ltr'><strong>redimendo</strong></span> <span class='ocrx_word' id='word_1_270' title='bbox 877 3938 1279 4008; x_wconf 87' lang='lat' dir='ltr'><strong>suscipiendum</strong></span> <span class='ocrx_word' id='word_1_271' title='bbox 1325 3944 1525 4013; x_wconf 82' lang='lat' dir='ltr'><strong>pietate</strong></span> <span class='ocrx_word' id='word_1_272' title='bbox 1564 3947 1689 4005; x_wconf 88' lang='lat' dir='ltr'><strong>duci</strong></span> <span class='ocrx_word' id='word_1_273' title='bbox 1739 3967 1846 4008; x_wconf 90' lang='lat' dir='ltr'><strong>non</strong></span> 
     </span>
    </p>
   </div>
   <div class='ocr_carea' id='block_1_40' title="bbox 239 4019 1845 4112">
    <p class='ocr_par' dir='ltr' id='par_1_40' title="bbox 239 4019 1845 4112">
     <span class='ocr_line' id='line_1_41' title="bbox 239 4019 1845 4112; baseline 0.019 -43"><span class='ocrx_word' id='word_1_274' title='bbox 239 4019 442 4086; x_wconf 77' lang='lat' dir='ltr'><strong>potuit.</strong></span> <span class='ocrx_word' id='word_1_275' title='bbox 477 4019 710 4078; x_wconf 86' lang='lat' dir='ltr'><strong>Peccare</strong></span> <span class='ocrx_word' id='word_1_276' title='bbox 747 4026 913 4092; x_wconf 90' lang='lat' dir='ltr'><strong>enim,</strong></span> <span class='ocrx_word' id='word_1_277' title='bbox 945 4037 1028 4084; x_wconf 90' lang='lat' dir='ltr'><strong>est</strong></span> <span class='ocrx_word' id='word_1_278' title='bbox 1069 4031 1416 4101; x_wconf 84' lang='lat' dir='ltr'><strong>impotentia;</strong></span> <span class='ocrx_word' id='word_1_279' title='bbox 1451 4039 1652 4106; x_wconf 87' lang='lat' dir='ltr'><strong>pietate</strong></span> <span class='ocrx_word' id='word_1_280' title='bbox 1683 4058 1845 4112; x_wconf 90' lang='lat' dir='ltr'><strong>supe-</strong></span> 
     </span>
    </p>
   </div>
   <div class='ocr_carea' id='block_1_41' title="bbox 239 4113 1846 4197">
    <p class='ocr_par' dir='ltr' id='par_1_41' title="bbox 239 4113 1846 4197">
     <span class='ocr_line' id='line_1_42' title="bbox 239 4113 1846 4197; baseline 0.02 -34"><span class='ocrx_word' id='word_1_281' title='bbox 239 4113 378 4177; x_wconf 77' lang='lat' dir='ltr'><strong>rari,</strong></span> <span class='ocrx_word' id='word_1_282' title='bbox 407 4118 672 4184; x_wconf 87' lang='lat' dir='ltr'><strong>potentia.</strong></span> <span class='ocrx_word' id='word_1_283' title='bbox 714 4119 769 4174; x_wconf 91' lang='lat' dir='ltr'><strong>ln</strong></span> <span class='ocrx_word' id='word_1_284' title='bbox 801 4121 904 4176; x_wconf 89' lang='lat' dir='ltr'><strong>hac</strong></span> <span class='ocrx_word' id='word_1_285' title='bbox 929 4125 1071 4179; x_wconf 90' lang='lat' dir='ltr'><strong>enim</strong></span> <span class='ocrx_word' id='word_1_286' title='bbox 1117 4144 1276 4197; x_wconf 84' lang='lat' dir='ltr'><strong>quam</strong></span> <span class='ocrx_word' id='word_1_287' title='bbox 1319 4131 1499 4188; x_wconf 86' lang='lat' dir='ltr'><strong>dicitis</strong></span> <span class='ocrx_word' id='word_1_288' title='bbox 1526 4134 1846 4195; x_wconf 86' lang='lat' dir='ltr'><strong>inﬁrmitate</strong></span> 
     </span>
    </p>
   </div>
   <div class='ocr_carea' id='block_1_42' title="bbox 241 4205 1845 4295">
    <p class='ocr_par' dir='ltr' id='par_1_42' title="bbox 241 4205 1845 4295">
     <span class='ocr_line' id='line_1_43' title="bbox 241 4205 1845 4295; baseline 0.021 -38"><span class='ocrx_word' id='word_1_289' title='bbox 241 4205 364 4273; x_wconf 85' lang='lat' dir='ltr'><strong>plus</strong></span> <span class='ocrx_word' id='word_1_290' title='bbox 393 4209 589 4276; x_wconf 89' lang='lat' dir='ltr'><strong>potuit.</strong></span> <span class='ocrx_word' id='word_1_291' title='bbox 619 4210 771 4267; x_wconf 79' lang='lat' dir='ltr'><strong>Fecit</strong></span> <span class='ocrx_word' id='word_1_292' title='bbox 796 4215 940 4270; x_wconf 90' lang='lat' dir='ltr'><strong>enim</strong></span> <span class='ocrx_word' id='word_1_293' title='bbox 971 4220 1110 4287; x_wconf 90' lang='lat' dir='ltr'><strong>quod</strong></span> <span class='ocrx_word' id='word_1_294' title='bbox 1136 4221 1335 4277; x_wconf 87' lang='lat' dir='ltr'><strong>debuit.</strong></span> <span class='ocrx_word' id='word_1_295' title='bbox 1371 4225 1691 4295; x_wconf 87' lang='lat' dir='ltr'><strong>Specialiter</strong></span> <span class='ocrx_word' id='word_1_296' title='bbox 1712 4249 1845 4292; x_wconf 87' lang='lat' dir='ltr'><strong>sane</strong></span> 
     </span>
    </p>
   </div>
   <div class='ocr_carea' id='block_1_43' title="bbox 237 4297 1840 4383">
    <p class='ocr_par' dir='ltr' id='par_1_43' title="bbox 237 4297 1840 4383">
     <span class='ocr_line' id='line_1_44' title="bbox 237 4297 1840 4383; baseline 0.021 -33"><span class='ocrx_word' id='word_1_297' title='bbox 237 4297 385 4352; x_wconf 87' lang='lat' dir='ltr'><strong>Deus</strong></span> <span class='ocrx_word' id='word_1_298' title='bbox 437 4302 942 4364; x_wconf 88' lang='lat' dir='ltr'><strong>misericordiarum</strong></span> <span class='ocrx_word' id='word_1_299' title='bbox 987 4311 1201 4368; x_wconf 84' lang='lat' dir='ltr'><strong>debitor</strong></span> <span class='ocrx_word' id='word_1_300' title='bbox 1237 4326 1340 4371; x_wconf 90' lang='lat' dir='ltr'><strong>est.</strong></span> <span class='ocrx_word' id='word_1_301' title='bbox 1376 4317 1486 4374; x_wconf 87' lang='lat' dir='ltr'><strong>Cur</strong></span> <span class='ocrx_word' id='word_1_302' title='bbox 1533 4323 1687 4380; x_wconf 87' lang='lat' dir='ltr'><strong>nobis</strong></span> <span class='ocrx_word' id='word_1_303' title='bbox 1733 4343 1840 4383; x_wconf 87' lang='lat' dir='ltr'><strong>non</strong></span> 
     </span>
    </p>
   </div>
   <div class='ocr_carea' id='block_1_44' title="bbox 236 4395 1841 4486">
    <p class='ocr_par' dir='ltr' id='par_1_44' title="bbox 236 4395 1841 4486">
     <span class='ocr_line' id='line_1_45' title="bbox 236 4395 1841 4486; baseline 0.018 -41"><span class='ocrx_word' id='word_1_304' title='bbox 236 4395 546 4462; x_wconf 87' lang='lat' dir='ltr'><strong>proponitis</strong></span> <span class='ocrx_word' id='word_1_305' title='bbox 595 4400 738 4468; x_wconf 85' lang='lat' dir='ltr'><strong>quod</strong></span> <span class='ocrx_word' id='word_1_306' title='bbox 778 4415 872 4457; x_wconf 90' lang='lat' dir='ltr'><strong>vos</strong></span> <span class='ocrx_word' id='word_1_307' title='bbox 921 4404 1176 4460; x_wconf 89' lang='lat' dir='ltr'><strong>continua</strong></span> <span class='ocrx_word' id='word_1_308' title='bbox 1223 4415 1737 4486; x_wconf 88' lang='lat' dir='ltr'><strong>murmurationum,</strong></span> <span class='ocrx_word' id='word_1_309' title='bbox 1787 4429 1841 4476; x_wconf 91' lang='lat' dir='ltr'><strong>et</strong></span> 
     </span>
    </p>
   </div>
   <div class='ocr_carea' id='block_1_45' title="bbox 980 299 1865 407">
    <p class='ocr_par' dir='ltr' id='par_1_45' title="bbox 980 299 1865 374">
     <span class='ocr_line' id='line_1_46' title="bbox 980 299 1865 374; baseline 0.016 -17"><span class='ocrx_word' id='word_1_310' title='bbox 980 299 1234 361; x_wconf 74' lang='lat' dir='ltr'><strong>TRACT.</strong></span> <span class='ocrx_word' id='word_1_311' title='bbox 1269 305 1366 364; x_wconf 75' lang='lat' dir='ltr'><strong>BE</strong></span> <span class='ocrx_word' id='word_1_312' title='bbox 1393 307 1865 374; x_wconf 71' lang='lat' dir='ltr'><strong>[NCAIRNA&#39;HON</strong></span> 
     </span>
    </p>
   </div>
   <div class='ocr_carea' id='block_1_46' title="bbox 1969 299 2914 407">
    <p class='ocr_par' dir='ltr' id='par_1_46' title="bbox 1969 318 2914 407">
     <span class='ocr_line' id='line_1_47' title="bbox 1969 318 2914 407; baseline 0.03 -30"><span class='ocrx_word' id='word_1_313' title='bbox 1969 318 2240 386; x_wconf 70' lang='lat' dir='ltr'><strong>coms</strong></span> <span class='ocrx_word' id='word_1_314' title='bbox 2263 329 2579 395; x_wconf 70' lang='grc' dir='ltr'><strong>ιυΜκιε.</strong></span> <span class='ocrx_word' id='word_1_315' title='bbox 2601 367 2674 384; x_wconf 92' lang='lat'><strong>--</strong></span> <span class='ocrx_word' id='word_1_316' title='bbox 2701 338 2832 404; x_wconf 73' lang='lat' dir='ltr'><strong>LIB.</strong></span> <span class='ocrx_word' id='word_1_317' title='bbox 2874 348 2914 407; x_wconf 88' lang='lat' dir='ltr'><strong>l.</strong></span> 
     </span>
    </p>
   </div>
   <div class='ocr_carea' id='block_1_47' title="bbox 307 406 1981 508">
    <p class='ocr_par' dir='ltr' id='par_1_47' title="bbox 307 406 1981 508">
     <span class='ocr_line' id='line_1_48' title="bbox 307 406 1981 508; baseline 0.019 -47"><span class='ocrx_word' id='word_1_318' title='bbox 307 406 519 464; x_wconf 87' lang='lat' dir='ltr'><strong>scilicet</strong></span> <span class='ocrx_word' id='word_1_319' title='bbox 559 409 703 466; x_wconf 85' lang='lat' dir='ltr'><strong>Deus</strong></span> <span class='ocrx_word' id='word_1_320' title='bbox 749 414 875 470; x_wconf 79' lang='lat' dir='ltr'><strong>uidit</strong></span> <span class='ocrx_word' id='word_1_321' title='bbox 923 420 1065 488; x_wconf 82' lang='lat' dir='ltr'><strong>quod</strong></span> <span class='ocrx_word' id='word_1_322' title='bbox 1085 433 1227 478; x_wconf 75' lang='lat' dir='ltr'><strong>esset</strong></span> <span class='ocrx_word' id='word_1_323' title='bbox 1276 427 1470 482; x_wconf 67' lang='lat' dir='ltr'><strong>bonum</strong></span> <span class='ocrx_word' id='word_1_324' title='bbox 1507 427 1659 502; x_wconf 83' lang='lat' dir='ltr'><strong>(Gen.</strong></span> <span class='ocrx_word' id='word_1_325' title='bbox 1702 448 1741 500; x_wconf 81' lang='grc' dir='ltr'><strong>ι,</strong></span> <span class='ocrx_word' id='word_1_326' title='bbox 1787 434 1900 508; x_wconf 80' lang='grc'><strong>10),</strong></span> <span class='ocrx_word' id='word_1_327' title='bbox 1931 439 1981 497; x_wconf 80' lang='grc' dir='ltr'><strong>Α</strong></span> 
     </span>
    </p>
   </div>
   <div class='ocr_carea' id='block_1_48' title="bbox 2675 471 2924 519">
    <p class='ocr_par' dir='ltr' id='par_1_48' title="bbox 2675 471 2924 519">
     <span class='ocr_line' id='line_1_49' title="bbox 2675 471 2924 519; baseline 0.036 -8"><span class='ocrx_word' id='word_1_328' title='bbox 2675 471 2924 519; x_wconf 65' lang='grc' dir='ltr'><strong>θοιυιιειο.</strong></span> 
     </span>
    </p>
   </div>
   <div class='ocr_carea' id='block_1_49' title="bbox 2003 655 3600 750">
    <p class='ocr_par' dir='ltr' id='par_1_49' title="bbox 2003 655 3600 750">
     <span class='ocr_line' id='line_1_50' title="bbox 2003 655 3600 750; baseline 0.03 -48"><span class='ocrx_word' id='word_1_329' title='bbox 2003 655 2228 722; x_wconf 76' lang='lat' dir='ltr'><strong>sumpsit</strong></span> <span class='ocrx_word' id='word_1_330' title='bbox 2253 669 2521 718; x_wconf 86' lang='lat' dir='ltr'><strong>naturam.</strong></span> <span class='ocrx_word' id='word_1_331' title='bbox 2553 697 2623 707; x_wconf 98' lang='lat'><em>—</em></span> <span class='ocrx_word' id='word_1_332' title='bbox 2658 667 2802 726; x_wconf 86' lang='lat' dir='ltr'><strong>Bene</strong></span> <span class='ocrx_word' id='word_1_333' title='bbox 2829 685 2988 732; x_wconf 88' lang='lat' dir='ltr'><strong>sensa</strong></span> <span class='ocrx_word' id='word_1_334' title='bbox 3013 682 3298 741; x_wconf 78' lang='lat' dir='ltr'><strong>sunthaec.</strong></span> <span class='ocrx_word' id='word_1_335' title='bbox 3330 687 3600 750; x_wconf 84' lang='lat' dir='ltr'><strong>Debuerat</strong></span> 
     </span>
    </p>
   </div>
   <div class='ocr_carea' id='block_1_50' title="bbox 2003 745 3604 856">
    <p class='ocr_par' dir='ltr' id='par_1_50' title="bbox 2003 745 3604 856">
     <span class='ocr_line' id='line_1_51' title="bbox 2003 745 3604 856; baseline 0.029 -59"><span class='ocrx_word' id='word_1_336' title='bbox 2003 759 2136 815; x_wconf 84' lang='lat' dir='ltr'><strong>ergo</strong></span> <span class='ocrx_word' id='word_1_337' title='bbox 2163 745 2308 806; x_wconf 84' lang='lat' dir='ltr'><strong>Deus</strong></span> <span class='ocrx_word' id='word_1_338' title='bbox 2348 765 2574 825; x_wconf 86' lang='lat' dir='ltr'><strong>propter</strong></span> <span class='ocrx_word' id='word_1_339' title='bbox 2604 763 2888 823; x_wconf 87' lang='lat' dir='ltr'><strong>evitandos</strong></span> <span class='ocrx_word' id='word_1_340' title='bbox 2917 773 3100 829; x_wconf 90' lang='lat' dir='ltr'><strong>carnis</strong></span> <span class='ocrx_word' id='word_1_341' title='bbox 3137 775 3360 849; x_wconf 86' lang='lat' dir='ltr'><strong>fetores,</strong></span> <span class='ocrx_word' id='word_1_342' title='bbox 3394 788 3604 856; x_wconf 83' lang='lat' dir='ltr'><strong>angeli-</strong></span> 
     </span>
    </p>
   </div>
   <div class='ocr_carea' id='block_1_51' title="bbox 2003 841 3597 948">
    <p class='ocr_par' dir='ltr' id='par_1_51' title="bbox 2003 841 3597 948">
     <span class='ocr_line' id='line_1_52' title="bbox 2003 841 3597 948; baseline 0.029 -57"><span class='ocrx_word' id='word_1_343' title='bbox 2003 850 2097 893; x_wconf 92' lang='lat' dir='ltr'><strong>cos</strong></span> <span class='ocrx_word' id='word_1_344' title='bbox 2147 841 2249 898; x_wconf 86' lang='lat' dir='ltr'><strong>sibi</strong></span> <span class='ocrx_word' id='word_1_345' title='bbox 2298 855 2484 904; x_wconf 89' lang='lat' dir='ltr'><strong>uteros</strong></span> <span class='ocrx_word' id='word_1_346' title='bbox 2527 866 2854 926; x_wconf 61' lang='lat' dir='ltr'><strong>prmparare.</strong></span> <span class='ocrx_word' id='word_1_347' title='bbox 2911 862 3023 920; x_wconf 84' lang='lat' dir='ltr'><strong>Hos</strong></span> <span class='ocrx_word' id='word_1_348' title='bbox 3074 867 3302 928; x_wconf 85' lang='lat' dir='ltr'><strong>forsitan</strong></span> <span class='ocrx_word' id='word_1_349' title='bbox 3359 841 3597 948; x_wconf 60' lang='lat' dir='ltr'><strong>aptiores</strong></span> 
     </span>
    </p>
   </div>
   <div class='ocr_carea' id='block_1_52' title="bbox 2002 933 3599 1043">
    <p class='ocr_par' dir='ltr' id='par_1_52' title="bbox 2002 933 3599 1043">
     <span class='ocr_line' id='line_1_53' title="bbox 2002 933 3599 1043; baseline 0.031 -63"><span class='ocrx_word' id='word_1_350' title='bbox 2002 933 2342 1001; x_wconf 89' lang='lat' dir='ltr'><strong>conceptioui</strong></span> <span class='ocrx_word' id='word_1_351' title='bbox 2390 938 2558 1008; x_wconf 90' lang='lat' dir='ltr'><strong>ipsius</strong></span> <span class='ocrx_word' id='word_1_352' title='bbox 2607 950 2855 1013; x_wconf 88' lang='lat' dir='ltr'><strong>poteritis</strong></span> <span class='ocrx_word' id='word_1_353' title='bbox 2889 949 3156 1023; x_wconf 83' lang='lat' dir='ltr'><strong>judicare.</strong></span> <span class='ocrx_word' id='word_1_354' title='bbox 3211 933 3430 1024; x_wconf 69' lang='lat' dir='ltr'><strong>Minime</strong></span> <span class='ocrx_word' id='word_1_355' title='bbox 3468 987 3599 1043; x_wconf 87' lang='lat' dir='ltr'><strong>gen-</strong></span> 
     </span>
    </p>
   </div>
   <div class='ocr_carea' id='block_1_53' title="bbox 2002 1019 3598 1122">
    <p class='ocr_par' dir='ltr' id='par_1_53' title="bbox 2002 1019 3598 1122">
     <span class='ocr_line' id='line_1_54' title="bbox 2002 1019 3598 1122; baseline 0.031 -50"><span class='ocrx_word' id='word_1_356' title='bbox 2002 1019 2159 1078; x_wconf 88' lang='lat' dir='ltr'><strong>tium.</strong></span> <span class='ocrx_word' id='word_1_357' title='bbox 2194 1023 2310 1082; x_wconf 83' lang='lat' dir='ltr'><strong>Non</strong></span> <span class='ocrx_word' id='word_1_358' title='bbox 2341 1029 2549 1100; x_wconf 75' lang='lat' dir='ltr'><strong>legistis</strong></span> <span class='ocrx_word' id='word_1_359' title='bbox 2582 1038 2705 1105; x_wconf 87' lang='lat' dir='ltr'><strong>quia</strong></span> <span class='ocrx_word' id='word_1_360' title='bbox 2737 1041 2853 1096; x_wconf 78' lang='lat' dir='ltr'><strong>caeli</strong></span> <span class='ocrx_word' id='word_1_361' title='bbox 2888 1063 2990 1102; x_wconf 86' lang='lat' dir='ltr'><strong>non</strong></span> <span class='ocrx_word' id='word_1_362' title='bbox 3026 1062 3146 1106; x_wconf 82' lang='lat' dir='ltr'><strong>sunt</strong></span> <span class='ocrx_word' id='word_1_363' title='bbox 3175 1060 3360 1113; x_wconf 85' lang='lat' dir='ltr'><strong>mundi</strong></span> <span class='ocrx_word' id='word_1_364' title='bbox 3389 1063 3443 1116; x_wconf 87' lang='lat' dir='ltr'><strong>in</strong></span> <span class='ocrx_word' id='word_1_365' title='bbox 3468 1019 3598 1122; x_wconf 52' lang='grc' dir='ltr'><strong>1ἰση-</strong></span> 
     </span>
    </p>
   </div>
   <div class='ocr_carea' id='block_1_54' title="bbox 1998 1118 3597 1227">
    <p class='ocr_par' dir='ltr' id='par_1_54' title="bbox 1998 1118 3597 1227">
     <span class='ocr_line' id='line_1_55' title="bbox 1998 1118 3597 1227; baseline 0.032 -64"><span class='ocrx_word' id='word_1_366' title='bbox 1998 1123 2176 1180; x_wconf 80' lang='lat' dir='ltr'><strong>specta</strong></span> <span class='ocrx_word' id='word_1_367' title='bbox 2213 1118 2328 1187; x_wconf 86' lang='lat' dir='ltr'><strong>ejus</strong></span> <span class='ocrx_word' id='word_1_368' title='bbox 2355 1120 2479 1190; x_wconf 85' lang='lat' dir='ltr'><strong>(Job</strong></span> <span class='ocrx_word' id='word_1_369' title='bbox 2507 1141 2597 1195; x_wconf 79' lang='lat' dir='ltr'><strong>xv,</strong></span> <span class='ocrx_word' id='word_1_370' title='bbox 2634 1129 2745 1201; x_wconf 77' lang='grc'><strong>15).</strong></span> <span class='ocrx_word' id='word_1_371' title='bbox 2777 1132 2842 1187; x_wconf 80' lang='lat' dir='ltr'><strong>Et</strong></span> <span class='ocrx_word' id='word_1_372' title='bbox 2870 1153 2882 1188; x_wconf 90' lang='lat'><strong>:</strong></span> <span class='ocrx_word' id='word_1_373' title='bbox 2918 1135 2986 1192; x_wconf 89' lang='lat' dir='ltr'><strong>In</strong></span> <span class='ocrx_word' id='word_1_374' title='bbox 3023 1145 3220 1211; x_wconf 81' lang='lat' dir='ltr'><strong>angelis</strong></span> <span class='ocrx_word' id='word_1_375' title='bbox 3259 1151 3370 1205; x_wconf 89' lang='lat' dir='ltr'><strong>suis</strong></span> <span class='ocrx_word' id='word_1_376' title='bbox 3404 1118 3597 1227; x_wconf 77' lang='lat' dir='ltr'><strong>reperit</strong></span> 
     </span>
    </p>
   </div>
   <div class='ocr_carea' id='block_1_55' title="bbox 1998 1208 3597 1315">
    <p class='ocr_par' dir='ltr' id='par_1_55' title="bbox 1998 1208 3597 1315">
     <span class='ocr_line' id='line_1_56' title="bbox 1998 1208 3597 1315; baseline 0.033 -60"><span class='ocrx_word' id='word_1_377' title='bbox 1998 1208 2350 1315; x_wconf 60' lang='lat' dir='ltr'><strong>pravitatem?</strong></span> <span class='ocrx_word' id='word_1_378' title='bbox 2387 1214 2512 1285; x_wconf 79' lang='lat' dir='ltr'><strong>(Job</strong></span> <span class='ocrx_word' id='word_1_379' title='bbox 2541 1233 2616 1288; x_wconf 80' lang='lat' dir='ltr'><strong>Iv,</strong></span> <span class='ocrx_word' id='word_1_380' title='bbox 2652 1223 2761 1296; x_wconf 74' lang='grc'><strong>18.)</strong></span> <span class='ocrx_word' id='word_1_381' title='bbox 2795 1225 2856 1282; x_wconf 75' lang='grc'><strong>’51</strong></span> <span class='ocrx_word' id='word_1_382' title='bbox 2890 1228 2957 1284; x_wconf 85' lang='lat' dir='ltr'><strong>de</strong></span> <span class='ocrx_word' id='word_1_383' title='bbox 2998 1208 3260 1304; x_wconf 76' lang='lat' dir='ltr'><strong>dignitate</strong></span> <span class='ocrx_word' id='word_1_384' title='bbox 3291 1208 3597 1315; x_wconf 57' lang='lat' dir='ltr'><strong>agitur:</strong></span> 
     </span>
    </p>
   </div>
   <div class='ocr_carea' id='block_1_56' title="bbox 1997 1293 3592 1399">
    <p class='ocr_par' dir='ltr' id='par_1_56' title="bbox 1997 1293 3592 1399">
     <span class='ocr_line' id='line_1_57' title="bbox 1997 1293 3592 1399; baseline 0.031 -50"><span class='ocrx_word' id='word_1_385' title='bbox 1997 1293 2245 1356; x_wconf 86' lang='lat' dir='ltr'><strong>Creatori</strong></span> <span class='ocrx_word' id='word_1_386' title='bbox 2271 1303 2324 1358; x_wconf 92' lang='lat' dir='ltr'><strong>in</strong></span> <span class='ocrx_word' id='word_1_387' title='bbox 2361 1319 2612 1368; x_wconf 86' lang='lat' dir='ltr'><strong>creatura</strong></span> <span class='ocrx_word' id='word_1_388' title='bbox 2641 1293 2883 1388; x_wconf 84' lang='lat' dir='ltr'><strong>dignum.</strong></span> <span class='ocrx_word' id='word_1_389' title='bbox 2911 1321 2977 1378; x_wconf 89' lang='lat' dir='ltr'><strong>Et</strong></span> <span class='ocrx_word' id='word_1_390' title='bbox 3007 1293 3128 1381; x_wconf 61' lang='lat' dir='ltr'><strong>cum</strong></span> <span class='ocrx_word' id='word_1_391' title='bbox 3163 1329 3232 1385; x_wconf 89' lang='lat' dir='ltr'><strong>sit</strong></span> <span class='ocrx_word' id='word_1_392' title='bbox 3262 1293 3408 1392; x_wconf 48' lang='lat' dir='ltr'><strong>tan’ta</strong></span> <span class='ocrx_word' id='word_1_393' title='bbox 3447 1293 3592 1399; x_wconf 77' lang='lat' dir='ltr'><strong>Con-</strong></span> 
     </span>
    </p>
   </div>
   <div class='ocr_carea' id='block_1_57' title="bbox 1997 1388 3596 1495">
    <p class='ocr_par' dir='ltr' id='par_1_57' title="bbox 1997 1388 3596 1495">
     <span class='ocr_line' id='line_1_58' title="bbox 1997 1388 3596 1495; baseline 0.031 -52"><span class='ocrx_word' id='word_1_394' title='bbox 1997 1388 2190 1450; x_wconf 88' lang='lat' dir='ltr'><strong>ditoris</strong></span> <span class='ocrx_word' id='word_1_395' title='bbox 2218 1398 2452 1476; x_wconf 80' lang='lat' dir='ltr'><strong>peritas,</strong></span> <span class='ocrx_word' id='word_1_396' title='bbox 2482 1413 2543 1459; x_wconf 93' lang='lat' dir='ltr'><strong>ut</strong></span> <span class='ocrx_word' id='word_1_397' title='bbox 2578 1409 2917 1468; x_wconf 90' lang='lat' dir='ltr'><strong>conditorum</strong></span> <span class='ocrx_word' id='word_1_398' title='bbox 2964 1421 3206 1478; x_wconf 89' lang='lat' dir='ltr'><strong>omnium</strong></span> <span class='ocrx_word' id='word_1_399' title='bbox 3240 1424 3466 1495; x_wconf 70' lang='lat' dir='ltr'><strong>justitiaz</strong></span> <span class='ocrx_word' id='word_1_400' title='bbox 3498 1436 3596 1492; x_wconf 88' lang='lat' dir='ltr'><strong>ha-</strong></span> 
     </span>
    </p>
   </div>
   <div class='ocr_carea' id='block_1_58' title="bbox 1995 1482 3595 1594">
    <p class='ocr_par' dir='ltr' id='par_1_58' title="bbox 1995 1482 3595 1594">
     <span class='ocr_line' id='line_1_59' title="bbox 1995 1482 3595 1594; baseline 0.031 -58"><span class='ocrx_word' id='word_1_401' title='bbox 1995 1482 2162 1541; x_wconf 60' lang='lat' dir='ltr'><strong>bre-nt</strong></span> <span class='ocrx_word' id='word_1_402' title='bbox 2226 1493 2369 1548; x_wconf 90' lang='lat' dir='ltr'><strong>unde</strong></span> <span class='ocrx_word' id='word_1_403' title='bbox 2416 1497 2757 1570; x_wconf 87' lang='lat' dir='ltr'><strong>displiceant,</strong></span> <span class='ocrx_word' id='word_1_404' title='bbox 2793 1507 2943 1564; x_wconf 84' lang='lat' dir='ltr'><strong>illam</strong></span> <span class='ocrx_word' id='word_1_405' title='bbox 2985 1482 3332 1588; x_wconf 68' lang='lat' dir='ltr'><strong>rationalem,</strong></span> <span class='ocrx_word' id='word_1_406' title='bbox 3361 1539 3481 1594; x_wconf 83' lang='lat' dir='ltr'><strong>quae</strong></span> <span class='ocrx_word' id='word_1_407' title='bbox 3515 1532 3595 1586; x_wconf 91' lang='lat' dir='ltr'><strong>vi-</strong></span> 
     </span>
    </p>
   </div>
   <div class='ocr_carea' id='block_1_59' title="bbox 1995 1573 3592 1678">
    <p class='ocr_par' dir='ltr' id='par_1_59' title="bbox 1995 1573 3592 1678">
     <span class='ocr_line' id='line_1_60' title="bbox 3235 1573 3592 1594; baseline 0.031 -20"><span class='ocrx_word' id='word_1_408' title='bbox 3366 1573 3481 1594; x_wconf 48' lang='lat'><strong>,“</strong></span> 
     </span>
     <span class='ocr_line' id='line_1_61' title="bbox 1995 1573 3592 1678; baseline 0.031 -50"><span class='ocrx_word' id='word_1_409' title='bbox 1995 1573 2224 1634; x_wconf 69' lang='lat' dir='ltr'><strong>dabatur</strong></span> <span class='ocrx_word' id='word_1_410' title='bbox 2279 1584 2567 1658; x_wconf 81' lang='lat' dir='ltr'><strong>infirmior,</strong></span> <span class='ocrx_word' id='word_1_411' title='bbox 2619 1605 2868 1652; x_wconf 89' lang='lat' dir='ltr'><strong>naturam</strong></span> <span class='ocrx_word' id='word_1_412' title='bbox 2939 1611 3426 1676; x_wconf 88' lang='lat' dir='ltr'><strong>congruentissima</strong></span> <span class='ocrx_word' id='word_1_413' title='bbox 3489 1622 3592 1678; x_wconf 87' lang='lat' dir='ltr'><strong>sibi</strong></span> 
     </span>
    </p>
   </div>
   <div class='ocr_carea' id='block_1_60' title="bbox 1996 1669 3591 1780">
    <p class='ocr_par' dir='ltr' id='par_1_60' title="bbox 1996 1669 3591 1780">
     <span class='ocr_line' id='line_1_62' title="bbox 1996 1669 3591 1780; baseline 0.03 -60"><span class='ocrx_word' id='word_1_414' title='bbox 1996 1669 2206 1726; x_wconf 88' lang='lat' dir='ltr'><strong>ratione</strong></span> <span class='ocrx_word' id='word_1_415' title='bbox 2251 1680 2570 1747; x_wconf 83' lang='lat' dir='ltr'><strong>connexuit,</strong></span> <span class='ocrx_word' id='word_1_416' title='bbox 2607 1685 2697 1740; x_wconf 91' lang='lat' dir='ltr'><strong>ubi</strong></span> <span class='ocrx_word' id='word_1_417' title='bbox 2747 1702 2947 1757; x_wconf 67' lang='lat' dir='ltr'><strong>praeter</strong></span> <span class='ocrx_word' id='word_1_418' title='bbox 3002 1696 3167 1754; x_wconf 88' lang='lat' dir='ltr'><strong>ullam</strong></span> <span class='ocrx_word' id='word_1_419' title='bbox 3213 1707 3389 1760; x_wconf 90' lang='lat' dir='ltr'><strong>meriti</strong></span> <span class='ocrx_word' id='word_1_420' title='bbox 3439 1726 3591 1780; x_wconf 89' lang='lat' dir='ltr'><strong>spem</strong></span> 
     </span>
     <span class='ocr_line' id='line_1_63' title="bbox 1996 1760 2676 1780; baseline 0.029 0"><span class='ocrx_word' id='word_1_421' title='bbox 1996 1760 2098 1780; x_wconf 37' lang='grc' dir='ltr'><strong>..-ιγ</strong></span> <span class='ocrx_word' id='word_1_422' title='bbox 2267 1769 2297 1780; x_wconf 45' lang='grc' dir='ltr'><strong>μ.</strong></span> <span class='ocrx_word' id='word_1_423' title='bbox 2399 1773 2432 1780; x_wconf 88' lang='grc'><strong>--</strong></span> <span class='ocrx_word' id='word_1_424' title='bbox 2573 1777 2582 1780; x_wconf 77' lang='lat'><strong><em>-</em></strong></span> <span class='ocrx_word' id='word_1_425' title='bbox 2669 1779 2676 1780; x_wconf 47' lang='grc' dir='ltr'><em>κ</em></span> 
     </span>
    </p>
   </div>
   <div class='ocr_carea' id='block_1_61' title="bbox 1992 1760 3590 1875">
    <p class='ocr_par' dir='ltr' id='par_1_61' title="bbox 1992 1760 3590 1875">
     <span class='ocr_line' id='line_1_64' title="bbox 1992 1760 3590 1875; baseline 0.029 -61"><span class='ocrx_word' id='word_1_426' title='bbox 1992 1760 2106 1817; x_wconf 89' lang='lat' dir='ltr'><strong>sola</strong></span> <span class='ocrx_word' id='word_1_427' title='bbox 2161 1769 2334 1835; x_wconf 86' lang='lat' dir='ltr'><strong>gratia</strong></span> <span class='ocrx_word' id='word_1_428' title='bbox 2382 1773 2709 1843; x_wconf 83' lang='lat' dir='ltr'><strong>dignationis</strong></span> <span class='ocrx_word' id='word_1_429' title='bbox 2755 1787 3024 1853; x_wconf 88' lang='lat' dir='ltr'><strong>apparuit.</strong></span> <span class='ocrx_word' id='word_1_430' title='bbox 3083 1791 3218 1849; x_wconf 84' lang='lat' dir='ltr'><strong>Nam</strong></span> <span class='ocrx_word' id='word_1_431' title='bbox 3267 1799 3314 1852; x_wconf 89' lang='lat' dir='ltr'><strong>si</strong></span> <span class='ocrx_word' id='word_1_432' title='bbox 3367 1760 3590 1875; x_wconf 49' lang='lat' dir='ltr'><strong>anglelos</strong></span> 
     </span>
    </p>
   </div>
   <div class='ocr_carea' id='block_1_62' title="bbox 1993 1860 3588 1968">
    <p class='ocr_par' dir='ltr' id='par_1_62' title="bbox 1993 1860 3588 1968">
     <span class='ocr_line' id='line_1_65' title="bbox 1993 1860 3588 1968; baseline 0.031 -61"><span class='ocrx_word' id='word_1_433' title='bbox 1993 1860 2470 1932; x_wconf 85' lang='lat' dir='ltr'><strong>apprehendisset,</strong></span> <span class='ocrx_word' id='word_1_434' title='bbox 2517 1875 2867 1942; x_wconf 88' lang='lat' dir='ltr'><strong>supparilitas</strong></span> <span class='ocrx_word' id='word_1_435' title='bbox 2910 1886 3157 1951; x_wconf 83' lang='lat' dir='ltr'><strong>quaedam</strong></span> <span class='ocrx_word' id='word_1_436' title='bbox 3213 1860 3588 1968; x_wconf 52' lang='lat' dir='ltr'><strong>videri,vquia</strong></span> 
     </span>
    </p>
   </div>
   <div class='ocr_carea' id='block_1_63' title="bbox 1991 1949 3584 2055">
    <p class='ocr_par' dir='ltr' id='par_1_63' title="bbox 1991 1949 3584 2055">
     <span class='ocr_line' id='line_1_66' title="bbox 1991 1949 3584 2055; baseline 0.029 -53"><span class='ocrx_word' id='word_1_437' title='bbox 1991 1949 2294 2023; x_wconf 89' lang='lat' dir='ltr'><strong>incorporei</strong></span> <span class='ocrx_word' id='word_1_438' title='bbox 2349 1971 2494 2028; x_wconf 91' lang='lat' dir='ltr'><strong>sunt,</strong></span> <span class='ocrx_word' id='word_1_439' title='bbox 2526 1979 2593 2019; x_wconf 83' lang='lat' dir='ltr'><strong>ex</strong></span> <span class='ocrx_word' id='word_1_440' title='bbox 2621 1973 2994 2040; x_wconf 88' lang='lat' dir='ltr'><strong>assumptione</strong></span> <span class='ocrx_word' id='word_1_441' title='bbox 3021 1981 3270 2051; x_wconf 79' lang='lat' dir='ltr'><strong>contigua</strong></span> <span class='ocrx_word' id='word_1_442' title='bbox 3300 1991 3584 2055; x_wconf 87' lang='lat' dir='ltr'><strong>potuisset.</strong></span> 
     </span>
    </p>
   </div>
   <div class='ocr_carea' id='block_1_64' title="bbox 1989 2042 3586 2149">
    <p class='ocr_par' dir='ltr' id='par_1_64' title="bbox 1989 2042 3586 2149">
     <span class='ocr_line' id='line_1_67' title="bbox 1989 2042 3586 2149; baseline 0.028 -52"><span class='ocrx_word' id='word_1_443' title='bbox 1989 2042 2147 2102; x_wconf 82' lang='lat' dir='ltr'><strong>Unde</strong></span> <span class='ocrx_word' id='word_1_444' title='bbox 2177 2059 2229 2103; x_wconf 89' lang='lat' dir='ltr'><strong>et</strong></span> <span class='ocrx_word' id='word_1_445' title='bbox 2259 2050 2313 2104; x_wconf 91' lang='lat' dir='ltr'><strong>in</strong></span> <span class='ocrx_word' id='word_1_446' title='bbox 2344 2053 2498 2110; x_wconf 87' lang='lat' dir='ltr'><strong>libris</strong></span> <span class='ocrx_word' id='word_1_447' title='bbox 2525 2061 2743 2127; x_wconf 86' lang='lat' dir='ltr'><strong>vestris,</strong></span> <span class='ocrx_word' id='word_1_448' title='bbox 2776 2066 2938 2122; x_wconf 89' lang='lat' dir='ltr'><strong>rebus</strong></span> <span class='ocrx_word' id='word_1_449' title='bbox 2970 2073 3163 2149; x_wconf 83' lang='lat' dir='ltr'><strong>crebro</strong></span> <span class='ocrx_word' id='word_1_450' title='bbox 3188 2076 3586 2149; x_wconf 81' lang='lat' dir='ltr'><strong>indignissimis</strong></span> 
     </span>
    </p>
   </div>
   <div class='ocr_carea' id='block_1_65' title="bbox 1989 2143 3586 2242">
    <p class='ocr_par' dir='ltr' id='par_1_65' title="bbox 1989 2143 3586 2242">
     <span class='ocr_line' id='line_1_68' title="bbox 1989 2143 3586 2242; baseline 0.028 -53"><span class='ocrx_word' id='word_1_451' title='bbox 1989 2143 2325 2208; x_wconf 86' lang='lat' dir='ltr'><strong>comparatio</strong></span> <span class='ocrx_word' id='word_1_452' title='bbox 2363 2146 2543 2203; x_wconf 88' lang='lat' dir='ltr'><strong>divina</strong></span> <span class='ocrx_word' id='word_1_453' title='bbox 2588 2153 2892 2224; x_wconf 86' lang='lat' dir='ltr'><strong>subjicitur,</strong></span> <span class='ocrx_word' id='word_1_454' title='bbox 2928 2170 2986 2214; x_wconf 94' lang='lat' dir='ltr'><strong>ut</strong></span> <span class='ocrx_word' id='word_1_455' title='bbox 3017 2145 3280 2235; x_wconf 86' lang='lat' dir='ltr'><strong>quidquid</strong></span> <span class='ocrx_word' id='word_1_456' title='bbox 3309 2143 3451 2242; x_wconf 74' lang='lat' dir='ltr'><strong>apud</strong></span> <span class='ocrx_word' id='word_1_457' title='bbox 3483 2176 3586 2233; x_wconf 85' lang='lat' dir='ltr'><strong>bo-</strong></span> 
     </span>
    </p>
   </div>
   <div class='ocr_carea' id='block_1_66' title="bbox 1987 2231 3584 2336">
    <p class='ocr_par' dir='ltr' id='par_1_66' title="bbox 1987 2231 3584 2336">
     <span class='ocr_line' id='line_1_69' title="bbox 1987 2231 3584 2336; baseline 0.028 -55"><span class='ocrx_word' id='word_1_458' title='bbox 1987 2231 2162 2286; x_wconf 87' lang='lat' dir='ltr'><strong>mines</strong></span> <span class='ocrx_word' id='word_1_459' title='bbox 2197 2234 2409 2306; x_wconf 84' lang='lat' dir='ltr'><strong>dignius</strong></span> <span class='ocrx_word' id='word_1_460' title='bbox 2445 2241 2770 2314; x_wconf 67' lang='lat' dir='ltr'><strong>aastimatur,</strong></span> <span class='ocrx_word' id='word_1_461' title='bbox 2799 2248 2851 2302; x_wconf 91' lang='lat' dir='ltr'><strong>in</strong></span> <span class='ocrx_word' id='word_1_462' title='bbox 2886 2250 2979 2305; x_wconf 87' lang='lat' dir='ltr'><strong>Dei</strong></span> <span class='ocrx_word' id='word_1_463' title='bbox 3021 2251 3430 2328; x_wconf 82' lang='lat' dir='ltr'><strong>comparatione</strong></span> <span class='ocrx_word' id='word_1_464' title='bbox 3459 2283 3584 2336; x_wconf 87' lang='lat' dir='ltr'><strong>pre-</strong></span> 
     </span>
    </p>
   </div>
   <div class='ocr_carea' id='block_1_67' title="bbox 1987 2332 3585 2419">
    <p class='ocr_par' dir='ltr' id='par_1_67' title="bbox 1987 2332 3585 2419">
     <span class='ocr_line' id='line_1_70' title="bbox 1987 2332 3585 2419; baseline 0.027 -43"><span class='ocrx_word' id='word_1_465' title='bbox 1987 2334 2188 2392; x_wconf 87' lang='lat' dir='ltr'><strong>matur,</strong></span> <span class='ocrx_word' id='word_1_466' title='bbox 2223 2338 2278 2384; x_wconf 90' lang='lat' dir='ltr'><strong>et</strong></span> <span class='ocrx_word' id='word_1_467' title='bbox 2305 2332 2394 2386; x_wconf 89' lang='lat' dir='ltr'><strong>ubi</strong></span> <span class='ocrx_word' id='word_1_468' title='bbox 2425 2332 2540 2390; x_wconf 89' lang='lat' dir='ltr'><strong>Deo</strong></span> <span class='ocrx_word' id='word_1_469' title='bbox 2583 2337 2740 2395; x_wconf 90' lang='lat' dir='ltr'><strong>bonis</strong></span> <span class='ocrx_word' id='word_1_470' title='bbox 2767 2341 3003 2414; x_wconf 70' lang='lat' dir='ltr'><strong>indigna:</strong></span> <span class='ocrx_word' id='word_1_471' title='bbox 3041 2349 3351 2412; x_wconf 88' lang='lat' dir='ltr'><strong>hominibus</strong></span> <span class='ocrx_word' id='word_1_472' title='bbox 3393 2332 3585 2419; x_wconf 83' lang='lat' dir='ltr'><strong>simili-</strong></span> 
     </span>
    </p>
   </div>
   <div class='ocr_carea' id='block_1_68' title="bbox 1983 2417 3582 2519">
    <p class='ocr_par' dir='ltr' id='par_1_68' title="bbox 1983 2417 3582 2519">
     <span class='ocr_line' id='line_1_71' title="bbox 1983 2417 3582 2519; baseline 0.027 -51"><span class='ocrx_word' id='word_1_473' title='bbox 1983 2417 2200 2472; x_wconf 85' lang='lat' dir='ltr'><strong>tudines</strong></span> <span class='ocrx_word' id='word_1_474' title='bbox 2243 2420 2460 2491; x_wconf 88' lang='lat' dir='ltr'><strong>dantur,</strong></span> <span class='ocrx_word' id='word_1_475' title='bbox 2506 2428 2814 2488; x_wconf 89' lang='lat' dir='ltr'><strong>nullatenus</strong></span> <span class='ocrx_word' id='word_1_476' title='bbox 2845 2436 2896 2490; x_wconf 88' lang='lat' dir='ltr'><strong>ei</strong></span> <span class='ocrx_word' id='word_1_477' title='bbox 2921 2439 3246 2499; x_wconf 83' lang='lat' dir='ltr'><strong>conferenda</strong></span> <span class='ocrx_word' id='word_1_478' title='bbox 3292 2465 3412 2519; x_wconf 73' lang='lat' dir='ltr'><strong>qua:</strong></span> <span class='ocrx_word' id='word_1_479' title='bbox 3454 2467 3582 2511; x_wconf 88' lang='lat' dir='ltr'><strong>sunt</strong></span> 
     </span>
    </p>
   </div>
   <div class='ocr_carea' id='block_1_69' title="bbox 1979 2505 3580 2602">
    <p class='ocr_par' dir='ltr' id='par_1_69' title="bbox 1979 2505 3580 2602">
     <span class='ocr_line' id='line_1_72' title="bbox 1979 2505 3580 2602; baseline 0.027 -43"><span class='ocrx_word' id='word_1_480' title='bbox 1979 2505 2293 2567; x_wconf 79' lang='lat' dir='ltr'><strong>hominibus</strong></span> <span class='ocrx_word' id='word_1_481' title='bbox 2339 2518 2575 2584; x_wconf 87' lang='lat' dir='ltr'><strong>pretiosa</strong></span> <span class='ocrx_word' id='word_1_482' title='bbox 2629 2533 2912 2591; x_wconf 88' lang='lat' dir='ltr'><strong>putentur.</strong></span> <span class='ocrx_word' id='word_1_483' title='bbox 2959 2529 3098 2587; x_wconf 85' lang='lat' dir='ltr'><strong>Hinc</strong></span> <span class='ocrx_word' id='word_1_484' title='bbox 3149 2546 3232 2592; x_wconf 90' lang='lat' dir='ltr'><strong>est</strong></span> <span class='ocrx_word' id='word_1_485' title='bbox 3273 2505 3580 2602; x_wconf 44' lang='lat' dir='ltr'><strong>:IStridebo</strong></span> 
     </span>
    </p>
   </div>
   <div class='ocr_carea' id='block_1_70' title="bbox 1980 2602 3576 2708">
    <p class='ocr_par' dir='ltr' id='par_1_70' title="bbox 1980 2602 3576 2708">
     <span class='ocr_line' id='line_1_73' title="bbox 1980 2602 3576 2708; baseline 0.026 -55"><span class='ocrx_word' id='word_1_486' title='bbox 1980 2602 2157 2658; x_wconf 84' lang='lat' dir='ltr'><strong>subter</strong></span> <span class='ocrx_word' id='word_1_487' title='bbox 2202 2623 2290 2661; x_wconf 83' lang='lat' dir='ltr'><strong>vos</strong></span> <span class='ocrx_word' id='word_1_488' title='bbox 2339 2611 2474 2665; x_wconf 81' lang='lat' dir='ltr'><strong>sicut</strong></span> <span class='ocrx_word' id='word_1_489' title='bbox 2511 2614 2808 2682; x_wconf 85' lang='lat' dir='ltr'><strong>plaustrum</strong></span> <span class='ocrx_word' id='word_1_490' title='bbox 2856 2634 3099 2680; x_wconf 82' lang='lat' dir='ltr'><strong>onustum</strong></span> <span class='ocrx_word' id='word_1_491' title='bbox 3137 2629 3258 2699; x_wconf 85' lang='lat' dir='ltr'><strong>feno</strong></span> <span class='ocrx_word' id='word_1_492' title='bbox 3302 2633 3482 2705; x_wconf 79' lang='lat' dir='ltr'><strong>(Amas</strong></span> <span class='ocrx_word' id='word_1_493' title='bbox 3512 2657 3576 2708; x_wconf 83' lang='grc' dir='ltr'><strong>η,</strong></span> 
     </span>
    </p>
   </div>
   <div class='ocr_carea' id='block_1_71' title="bbox 1980 2691 3573 2803">
    <p class='ocr_par' dir='ltr' id='par_1_71' title="bbox 1980 2691 3573 2803">
     <span class='ocr_line' id='line_1_74' title="bbox 1980 2691 3573 2803; baseline 0.028 -59"><span class='ocrx_word' id='word_1_494' title='bbox 1980 2691 2091 2763; x_wconf 80' lang='grc'><strong>15).</strong></span> <span class='ocrx_word' id='word_1_495' title='bbox 2134 2695 2200 2750; x_wconf 84' lang='lat' dir='ltr'><strong>Et</strong></span> <span class='ocrx_word' id='word_1_496' title='bbox 2233 2715 2246 2751; x_wconf 92' lang='lat'><strong>:</strong></span> <span class='ocrx_word' id='word_1_497' title='bbox 2282 2694 2561 2759; x_wconf 73' lang='lat' dir='ltr'><strong>Excitatus</strong></span> <span class='ocrx_word' id='word_1_498' title='bbox 2602 2717 2678 2761; x_wconf 86' lang='lat' dir='ltr'><strong>est</strong></span> <span class='ocrx_word' id='word_1_499' title='bbox 2714 2719 2961 2784; x_wconf 85' lang='lat' dir='ltr'><strong>tanquam</strong></span> <span class='ocrx_word' id='word_1_500' title='bbox 2994 2691 3260 2778; x_wconf 62' lang='lat' dir='ltr'><strong>dormiens</strong></span> <span class='ocrx_word' id='word_1_501' title='bbox 3290 2691 3573 2803; x_wconf 60' lang='lat' dir='ltr'><strong>Dominus:</strong></span> 
     </span>
    </p>
   </div>
   <div class='ocr_carea' id='block_1_72' title="bbox 1977 2793 3571 2894">
    <p class='ocr_par' dir='ltr' id='par_1_72' title="bbox 1977 2793 3571 2894">
     <span class='ocr_line' id='line_1_75' title="bbox 1977 2793 3571 2894; baseline 0.026 -58"><span class='ocrx_word' id='word_1_502' title='bbox 1977 2793 2230 2855; x_wconf 86' lang='lat' dir='ltr'><strong>tanquam</strong></span> <span class='ocrx_word' id='word_1_503' title='bbox 2259 2802 2440 2860; x_wconf 85' lang='lat' dir='ltr'><strong>potens</strong></span> <span class='ocrx_word' id='word_1_504' title='bbox 2471 2800 2778 2867; x_wconf 85' lang='lat' dir='ltr'><strong>crapulatus</strong></span> <span class='ocrx_word' id='word_1_505' title='bbox 2803 2821 2834 2857; x_wconf 94' lang='lat' dir='ltr'><strong>a</strong></span> <span class='ocrx_word' id='word_1_506' title='bbox 2857 2807 2976 2861; x_wconf 86' lang='lat' dir='ltr'><strong>vino</strong></span> <span class='ocrx_word' id='word_1_507' title='bbox 3015 2807 3189 2880; x_wconf 86' lang='lat' dir='ltr'><strong>(Psal.</strong></span> <span class='ocrx_word' id='word_1_508' title='bbox 3220 2831 3430 2886; x_wconf 82' lang='lat' dir='ltr'><strong>Lxxvu,</strong></span> <span class='ocrx_word' id='word_1_509' title='bbox 3458 2793 3571 2894; x_wconf 56' lang='grc'><strong>65).</strong></span> 
     </span>
    </p>
   </div>
   <div class='ocr_carea' id='block_1_73' title="bbox 2048 2876 3572 2988">
    <p class='ocr_par' dir='ltr' id='par_1_73' title="bbox 2048 2876 3572 2988">
     <span class='ocr_line' id='line_1_76' title="bbox 2048 2876 3572 2988; baseline 0.028 -58"><span class='ocrx_word' id='word_1_510' title='bbox 2048 2876 2343 2951; x_wconf 83' lang='lat' dir='ltr'><strong>Fragilitas</strong></span> <span class='ocrx_word' id='word_1_511' title='bbox 2389 2887 2639 2958; x_wconf 74' lang='lat' dir='ltr'><strong>bifariam</strong></span> <span class='ocrx_word' id='word_1_512' title='bbox 2677 2897 2954 2967; x_wconf 76' lang='lat' dir='ltr'><strong>accipitur.</strong></span> <span class='ocrx_word' id='word_1_513' title='bbox 2986 2876 3057 2943; x_wconf 36' lang='lat'><strong>—-</strong></span> <span class='ocrx_word' id='word_1_514' title='bbox 3087 2903 3229 2972; x_wconf 87' lang='lat' dir='ltr'><strong>Quid</strong></span> <span class='ocrx_word' id='word_1_515' title='bbox 3260 2911 3325 2966; x_wconf 90' lang='lat' dir='ltr'><strong>de</strong></span> <span class='ocrx_word' id='word_1_516' title='bbox 3362 2876 3572 2988; x_wconf 52' lang='lat' dir='ltr'><strong>fragili:</strong></span> 
     </span>
    </p>
   </div>
   <div class='ocr_carea' id='block_1_74' title="bbox 1975 2976 3573 3074">
    <p class='ocr_par' dir='ltr' id='par_1_74' title="bbox 1975 2976 3573 3074">
     <span class='ocr_line' id='line_1_77' title="bbox 1975 2976 3573 3074; baseline 0.03 -53"><span class='ocrx_word' id='word_1_517' title='bbox 1975 2976 2086 3024; x_wconf 86' lang='lat' dir='ltr'><strong>tate</strong></span> <span class='ocrx_word' id='word_1_518' title='bbox 2121 2977 2403 3033; x_wconf 85' lang='lat' dir='ltr'><strong>causaris?</strong></span> <span class='ocrx_word' id='word_1_519' title='bbox 2443 2981 2563 3039; x_wconf 67' lang='lat' dir='ltr'><strong>haec</strong></span> <span class='ocrx_word' id='word_1_520' title='bbox 2605 2985 2867 3045; x_wconf 80' lang='lat' dir='ltr'><strong>bifariam</strong></span> <span class='ocrx_word' id='word_1_521' title='bbox 2909 2994 3052 3050; x_wconf 82' lang='lat' dir='ltr'><strong>solet</strong></span> <span class='ocrx_word' id='word_1_522' title='bbox 3085 3001 3278 3074; x_wconf 88' lang='lat' dir='ltr'><strong>accipi.</strong></span> <span class='ocrx_word' id='word_1_523' title='bbox 3334 2976 3474 3074; x_wconf 72' lang='lat' dir='ltr'><strong>Quia</strong></span> <span class='ocrx_word' id='word_1_524' title='bbox 3517 3023 3573 3069; x_wconf 85' lang='lat' dir='ltr'><strong>et</strong></span> 
     </span>
    </p>
   </div>
   <div class='ocr_carea' id='block_1_75' title="bbox 1975 3061 3571 3168">
    <p class='ocr_par' dir='ltr' id='par_1_75' title="bbox 1975 3061 3571 3168">
     <span class='ocr_line' id='line_1_78' title="bbox 1975 3061 3571 3168; baseline 0.029 -54"><span class='ocrx_word' id='word_1_525' title='bbox 1975 3061 2112 3131; x_wconf 91' lang='lat' dir='ltr'><strong>cibi,</strong></span> <span class='ocrx_word' id='word_1_526' title='bbox 2159 3078 2448 3141; x_wconf 84' lang='lat' dir='ltr'><strong>potusque,</strong></span> <span class='ocrx_word' id='word_1_527' title='bbox 2501 3091 2566 3131; x_wconf 91' lang='lat' dir='ltr'><strong>ac</strong></span> <span class='ocrx_word' id='word_1_528' title='bbox 2614 3083 2790 3137; x_wconf 89' lang='lat' dir='ltr'><strong>somni</strong></span> <span class='ocrx_word' id='word_1_529' title='bbox 2839 3089 3168 3160; x_wconf 87' lang='lat' dir='ltr'><strong>necessitas,</strong></span> <span class='ocrx_word' id='word_1_530' title='bbox 3209 3105 3264 3150; x_wconf 92' lang='lat' dir='ltr'><strong>et</strong></span> <span class='ocrx_word' id='word_1_531' title='bbox 3308 3105 3571 3168; x_wconf 88' lang='lat' dir='ltr'><strong>peccandi</strong></span> 
     </span>
    </p>
   </div>
   <div class='ocr_carea' id='block_1_76' title="bbox 1889 3157 3570 3266">
    <p class='ocr_par' dir='ltr' id='par_1_76' title="bbox 1889 3157 3570 3266">
     <span class='ocr_line' id='line_1_79' title="bbox 1889 3157 3570 3266; baseline 0.028 -58"><span class='ocrx_word' id='word_1_532' title='bbox 1889 3160 1934 3217; x_wconf 79' lang='lat' dir='ltr'><strong>C</strong></span> <span class='ocrx_word' id='word_1_533' title='bbox 1969 3157 2205 3217; x_wconf 89' lang='lat' dir='ltr'><strong>labilitas</strong></span> <span class='ocrx_word' id='word_1_534' title='bbox 2237 3170 2830 3244; x_wconf 82' lang='lat' dir='ltr'><strong>consuevit&#39;appellari.</strong></span> <span class='ocrx_word' id='word_1_535' title='bbox 2873 3178 3041 3239; x_wconf 86' lang='lat' dir='ltr'><strong>Plane</strong></span> <span class='ocrx_word' id='word_1_536' title='bbox 3083 3157 3418 3257; x_wconf 33' lang='lat' dir='ltr'><strong>in-paradiso</strong></span> <span class='ocrx_word' id='word_1_537' title='bbox 3441 3213 3570 3266; x_wconf 88' lang='lat' dir='ltr'><strong>pec-</strong></span> 
     </span>
    </p>
   </div>
   <div class='ocr_carea' id='block_1_77' title="bbox 1972 3255 3569 3349">
    <p class='ocr_par' dir='ltr' id='par_1_77' title="bbox 1972 3255 3569 3349">
     <span class='ocr_line' id='line_1_80' title="bbox 1972 3255 3569 3349; baseline 0.028 -45"><span class='ocrx_word' id='word_1_538' title='bbox 1972 3255 2080 3307; x_wconf 86' lang='lat' dir='ltr'><strong>cati</strong></span> <span class='ocrx_word' id='word_1_539' title='bbox 2113 3255 2287 3312; x_wconf 80' lang='lat' dir='ltr'><strong>adlinc</strong></span> <span class='ocrx_word' id='word_1_540' title='bbox 2319 3259 2613 3334; x_wconf 80' lang='lat' dir='ltr'><strong>fragilitate</strong></span> <span class='ocrx_word' id='word_1_541' title='bbox 2640 3277 2694 3323; x_wconf 92' lang='lat' dir='ltr'><strong>et</strong></span> <span class='ocrx_word' id='word_1_542' title='bbox 2720 3281 2896 3328; x_wconf 91' lang='lat' dir='ltr'><strong>morte</strong></span> <span class='ocrx_word' id='word_1_543' title='bbox 2925 3290 3212 3349; x_wconf 88' lang='lat' dir='ltr'><strong>suspensa,</strong></span> <span class='ocrx_word' id='word_1_544' title='bbox 3237 3301 3302 3339; x_wconf 83' lang='lat' dir='ltr'><strong>ex</strong></span> <span class='ocrx_word' id='word_1_545' title='bbox 3331 3294 3569 3348; x_wconf 85' lang='lat' dir='ltr'><strong>necessi-</strong></span> 
     </span>
    </p>
   </div>
   <div class='ocr_carea' id='block_1_78' title="bbox 1971 3352 3566 3443">
    <p class='ocr_par' dir='ltr' id='par_1_78' title="bbox 1971 3352 3566 3443">
     <span class='ocr_line' id='line_1_81' title="bbox 1971 3352 3566 3443; baseline 0.027 -46"><span class='ocrx_word' id='word_1_546' title='bbox 1971 3353 2081 3400; x_wconf 88' lang='lat' dir='ltr'><strong>tate</strong></span> <span class='ocrx_word' id='word_1_547' title='bbox 2095 3352 2370 3417; x_wconf 81' lang='lat' dir='ltr'><strong>vescendi,</strong></span> <span class='ocrx_word' id='word_1_548' title='bbox 2389 3353 2607 3412; x_wconf 88' lang='lat' dir='ltr'><strong>bibendi</strong></span> <span class='ocrx_word' id='word_1_549' title='bbox 2625 3359 3039 3438; x_wconf 90' lang='lat' dir='ltr'><strong>dormiendique</strong></span> <span class='ocrx_word' id='word_1_550' title='bbox 3060 3370 3281 3443; x_wconf 81' lang='lat' dir='ltr'><strong>fragiles</strong></span> <span class='ocrx_word' id='word_1_551' title='bbox 3306 3391 3465 3436; x_wconf 87' lang='lat' dir='ltr'><strong>erant</strong></span> <span class='ocrx_word' id='word_1_552' title='bbox 3485 3383 3566 3440; x_wconf 90' lang='lat' dir='ltr'><strong>illi</strong></span> 
     </span>
    </p>
   </div>
   <div class='ocr_carea' id='block_1_79' title="bbox 1965 3444 3565 3544">
    <p class='ocr_par' dir='ltr' id='par_1_79' title="bbox 1965 3444 3565 3544">
     <span class='ocr_line' id='line_1_82' title="bbox 1965 3444 3565 3544; baseline 0.025 -51"><span class='ocrx_word' id='word_1_553' title='bbox 1965 3444 2182 3508; x_wconf 81' lang='lat' dir='ltr'><strong>generis</strong></span> <span class='ocrx_word' id='word_1_554' title='bbox 2212 3448 2388 3502; x_wconf 90' lang='lat' dir='ltr'><strong>nostri</strong></span> <span class='ocrx_word' id='word_1_555' title='bbox 2429 3449 2723 3522; x_wconf 89' lang='lat' dir='ltr'><strong>principes.</strong></span> <span class='ocrx_word' id='word_1_556' title='bbox 2761 3456 2915 3526; x_wconf 82' lang='lat' dir='ltr'><strong>Quod</strong></span> <span class='ocrx_word' id='word_1_557' title='bbox 2947 3477 3163 3533; x_wconf 88' lang='lat' dir='ltr'><strong>pareret</strong></span> <span class='ocrx_word' id='word_1_558' title='bbox 3193 3469 3270 3524; x_wconf 90' lang='lat' dir='ltr'><strong>eis</strong></span> <span class='ocrx_word' id='word_1_559' title='bbox 3297 3470 3565 3544; x_wconf 84' lang='lat' dir='ltr'><strong>fragilitas</strong></span> 
     </span>
    </p>
   </div>
   <div class='ocr_carea' id='block_1_80' title="bbox 1961 3533 3562 3632">
    <p class='ocr_par' dir='ltr' id='par_1_80' title="bbox 1961 3533 3562 3632">
     <span class='ocr_line' id='line_1_83' title="bbox 1961 3533 3562 3632; baseline 0.026 -44"><span class='ocrx_word' id='word_1_560' title='bbox 1961 3533 2055 3590; x_wconf 89' lang='lat' dir='ltr'><strong>illa</strong></span> <span class='ocrx_word' id='word_1_561' title='bbox 2091 3550 2396 3610; x_wconf 89' lang='lat' dir='ltr'><strong>peccatum,</strong></span> <span class='ocrx_word' id='word_1_562' title='bbox 2427 3546 2472 3599; x_wconf 92' lang='lat' dir='ltr'><strong>si</strong></span> <span class='ocrx_word' id='word_1_563' title='bbox 2524 3551 2839 3621; x_wconf 78' lang='lat' dir='ltr'><strong>contigisset</strong></span> <span class='ocrx_word' id='word_1_564' title='bbox 2883 3572 2990 3612; x_wconf 90' lang='lat' dir='ltr'><strong>non</strong></span> <span class='ocrx_word' id='word_1_565' title='bbox 3026 3565 3306 3632; x_wconf 70' lang='lat' dir='ltr'><strong>prmterire</strong></span> <span class='ocrx_word' id='word_1_566' title='bbox 3337 3572 3562 3629; x_wconf 90' lang='lat' dir='ltr'><strong>manda-</strong></span> 
     </span>
    </p>
   </div>
   <div class='ocr_carea' id='block_1_81' title="bbox 1963 3632 3559 3730">
    <p class='ocr_par' dir='ltr' id='par_1_81' title="bbox 1963 3632 3559 3730">
     <span class='ocr_line' id='line_1_84' title="bbox 1963 3632 3559 3730; baseline 0.026 -47"><span class='ocrx_word' id='word_1_567' title='bbox 1963 3632 2112 3686; x_wconf 90' lang='lat' dir='ltr'><strong>tum?</strong></span> <span class='ocrx_word' id='word_1_568' title='bbox 2145 3633 2218 3688; x_wconf 87' lang='lat' dir='ltr'><strong>Ex</strong></span> <span class='ocrx_word' id='word_1_569' title='bbox 2249 3635 2388 3692; x_wconf 91' lang='lat' dir='ltr'><strong>libro</strong></span> <span class='ocrx_word' id='word_1_570' title='bbox 2416 3647 2507 3696; x_wconf 93' lang='lat' dir='ltr'><strong>tuo</strong></span> <span class='ocrx_word' id='word_1_571' title='bbox 2536 3643 2740 3701; x_wconf 90' lang='lat' dir='ltr'><strong>habes:</strong></span> <span class='ocrx_word' id='word_1_572' title='bbox 2769 3647 2849 3704; x_wconf 87' lang='lat' dir='ltr'><strong>De</strong></span> <span class='ocrx_word' id='word_1_573' title='bbox 2878 3654 3020 3707; x_wconf 87' lang='lat' dir='ltr'><strong>omni</strong></span> <span class='ocrx_word' id='word_1_574' title='bbox 3043 3655 3182 3727; x_wconf 80' lang='lat' dir='ltr'><strong>ligno</strong></span> <span class='ocrx_word' id='word_1_575' title='bbox 3210 3663 3449 3730; x_wconf 80' lang='lat' dir='ltr'><strong>paradisi</strong></span> <span class='ocrx_word' id='word_1_576' title='bbox 3477 3685 3559 3724; x_wconf 85' lang='lat' dir='ltr'><strong>co-</strong></span> 
     </span>
    </p>
   </div>
   <div class='ocr_carea' id='block_1_82' title="bbox 1957 3725 3557 3824">
    <p class='ocr_par' dir='ltr' id='par_1_82' title="bbox 1957 3725 3557 3824">
     <span class='ocr_line' id='line_1_85' title="bbox 1957 3725 3557 3824; baseline 0.024 -48"><span class='ocrx_word' id='word_1_577' title='bbox 1957 3725 2106 3780; x_wconf 87' lang='lat' dir='ltr'><strong>mede</strong></span> <span class='ocrx_word' id='word_1_578' title='bbox 2133 3725 2286 3797; x_wconf 86' lang='lat' dir='ltr'><strong>(Gen.</strong></span> <span class='ocrx_word' id='word_1_579' title='bbox 2309 3746 2369 3797; x_wconf 87' lang='lat' dir='ltr'><strong>n,</strong></span> <span class='ocrx_word' id='word_1_580' title='bbox 2388 3732 2498 3805; x_wconf 83' lang='grc'><strong>16).</strong></span> <span class='ocrx_word' id='word_1_581' title='bbox 2516 3735 2608 3790; x_wconf 86' lang='lat' dir='ltr'><strong>Et:</strong></span> <span class='ocrx_word' id='word_1_582' title='bbox 2628 3737 2768 3804; x_wconf 84' lang='lat' dir='ltr'><strong>Quia</strong></span> <span class='ocrx_word' id='word_1_583' title='bbox 2798 3744 2938 3798; x_wconf 83' lang='lat' dir='ltr'><strong>misit</strong></span> <span class='ocrx_word' id='word_1_584' title='bbox 2963 3725 3220 3806; x_wconf 72' lang='lat' dir='ltr'><strong>Dominus</strong></span> <span class='ocrx_word' id='word_1_585' title='bbox 3239 3770 3478 3824; x_wconf 87' lang='lat' dir='ltr'><strong>soporem</strong></span> <span class='ocrx_word' id='word_1_586' title='bbox 3501 3761 3557 3815; x_wconf 88' lang='lat' dir='ltr'><strong>in</strong></span> 
     </span>
    </p>
   </div>
   <div class='ocr_carea' id='block_1_83' title="bbox 1954 3816 3553 3909">
    <p class='ocr_par' dir='ltr' id='par_1_83' title="bbox 1954 3816 3553 3909">
     <span class='ocr_line' id='line_1_86' title="bbox 1954 3816 3553 3909; baseline 0.025 -40"><span class='ocrx_word' id='word_1_587' title='bbox 1954 3816 2126 3872; x_wconf 85' lang='lat' dir='ltr'><strong>Adam</strong></span> <span class='ocrx_word' id='word_1_588' title='bbox 2157 3817 2347 3892; x_wconf 58' lang='lat'><strong>(10:21.,</strong></span> <span class='ocrx_word' id='word_1_589' title='bbox 2369 3824 2484 3898; x_wconf 78' lang='lat' dir='ltr'><strong>at).</strong></span> <span class='ocrx_word' id='word_1_590' title='bbox 2511 3827 2636 3885; x_wconf 64' lang='lat' dir='ltr'><strong>Haec</strong></span> <span class='ocrx_word' id='word_1_591' title='bbox 2667 3832 2988 3894; x_wconf 75' lang='lat' dir='ltr'><strong>dicebantur</strong></span> <span class='ocrx_word' id='word_1_592' title='bbox 3011 3841 3081 3895; x_wconf 90' lang='lat' dir='ltr'><strong>ei.</strong></span> <span class='ocrx_word' id='word_1_593' title='bbox 3115 3841 3240 3900; x_wconf 77' lang='lat' dir='ltr'><strong>Haec</strong></span> <span class='ocrx_word' id='word_1_594' title='bbox 3265 3816 3318 3902; x_wconf 61' lang='lat' dir='ltr'><strong>it.</strong></span> <span class='ocrx_word' id='word_1_595' title='bbox 3343 3863 3408 3906; x_wconf 92' lang='lat' dir='ltr'><strong>eo</strong></span> <span class='ocrx_word' id='word_1_596' title='bbox 3427 3867 3553 3909; x_wconf 87' lang='lat' dir='ltr'><strong>eum</strong></span> 
     </span>
    </p>
   </div>
   <div class='ocr_carea' id='block_1_84' title="bbox 1952 3912 3554 4004">
    <p class='ocr_par' dir='ltr' id='par_1_84' title="bbox 1952 3912 3554 4004">
     <span class='ocr_line' id='line_1_87' title="bbox 1952 3912 3554 4004; baseline 0.026 -42"><span class='ocrx_word' id='word_1_597' title='bbox 1952 3920 2099 3966; x_wconf 89' lang='lat' dir='ltr'><strong>esset</strong></span> <span class='ocrx_word' id='word_1_598' title='bbox 2125 3912 2389 3972; x_wconf 86' lang='lat' dir='ltr'><strong>immunis</strong></span> <span class='ocrx_word' id='word_1_599' title='bbox 2420 3935 2449 3972; x_wconf 91' lang='lat' dir='ltr'><strong>a</strong></span> <span class='ocrx_word' id='word_1_600' title='bbox 2485 3933 2710 3990; x_wconf 90' lang='lat' dir='ltr'><strong>peccato</strong></span> <span class='ocrx_word' id='word_1_601' title='bbox 2744 3927 2964 3986; x_wconf 89' lang='lat' dir='ltr'><strong>ﬁebant.</strong></span> <span class='ocrx_word' id='word_1_602' title='bbox 3015 3935 3153 4002; x_wconf 82' lang='lat' dir='ltr'><strong>Quid</strong></span> <span class='ocrx_word' id='word_1_603' title='bbox 3191 3938 3380 3998; x_wconf 89' lang='lat' dir='ltr'><strong>horret</strong></span> <span class='ocrx_word' id='word_1_604' title='bbox 3408 3945 3554 4004; x_wconf 89' lang='lat' dir='ltr'><strong>Deus</strong></span> 
     </span>
    </p>
   </div>
   <div class='ocr_carea' id='block_1_85' title="bbox 1951 4001 3548 4105">
    <p class='ocr_par' dir='ltr' id='par_1_85' title="bbox 1951 4001 3548 4105">
     <span class='ocr_line' id='line_1_88' title="bbox 1951 4001 3548 4105; baseline 0.025 -50"><span class='ocrx_word' id='word_1_605' title='bbox 1951 4001 2278 4060; x_wconf 86' lang='lat' dir='ltr'><strong>inhomine?</strong></span> <span class='ocrx_word' id='word_1_606' title='bbox 2305 4024 2411 4064; x_wconf 92' lang='lat' dir='ltr'><strong>non</strong></span> <span class='ocrx_word' id='word_1_607' title='bbox 2444 4021 2694 4069; x_wconf 90' lang='lat' dir='ltr'><strong>naturam</strong></span> <span class='ocrx_word' id='word_1_608' title='bbox 2727 4019 2931 4090; x_wconf 84' lang='lat' dir='ltr'><strong>utique,</strong></span> <span class='ocrx_word' id='word_1_609' title='bbox 2957 4001 3119 4095; x_wconf 85' lang='lat' dir='ltr'><strong>quam</strong></span> <span class='ocrx_word' id='word_1_610' title='bbox 3143 4029 3258 4100; x_wconf 91' lang='lat' dir='ltr'><strong>ipse</strong></span> <span class='ocrx_word' id='word_1_611' title='bbox 3287 4035 3548 4105; x_wconf 90' lang='lat' dir='ltr'><strong>condidit,</strong></span> 
     </span>
    </p>
   </div>
   <div class='ocr_carea' id='block_1_86' title="bbox 1951 4097 3546 4196">
    <p class='ocr_par' dir='ltr' id='par_1_86' title="bbox 1951 4097 3546 4196">
     <span class='ocr_line' id='line_1_89' title="bbox 1951 4097 3546 4196; baseline 0.024 -47"><span class='ocrx_word' id='word_1_612' title='bbox 1951 4097 2045 4150; x_wconf 88' lang='lat' dir='ltr'><strong>sed</strong></span> <span class='ocrx_word' id='word_1_613' title='bbox 2075 4098 2276 4154; x_wconf 90' lang='lat' dir='ltr'><strong>malum</strong></span> <span class='ocrx_word' id='word_1_614' title='bbox 2308 4105 2450 4171; x_wconf 91' lang='lat' dir='ltr'><strong>quod</strong></span> <span class='ocrx_word' id='word_1_615' title='bbox 2481 4106 2644 4167; x_wconf 88' lang='lat' dir='ltr'><strong>homo</strong></span> <span class='ocrx_word' id='word_1_616' title='bbox 2673 4111 2900 4169; x_wconf 88' lang='lat' dir='ltr'><strong>addidit.</strong></span> <span class='ocrx_word' id='word_1_617' title='bbox 2923 4116 3075 4185; x_wconf 85' lang='lat' dir='ltr'><strong>Quod</strong></span> <span class='ocrx_word' id='word_1_618' title='bbox 3091 4122 3137 4177; x_wconf 90' lang='lat' dir='ltr'><strong>si</strong></span> <span class='ocrx_word' id='word_1_619' title='bbox 3160 4097 3444 4196; x_wconf 78' lang='lat' dir='ltr'><strong>horreret,</strong></span> <span class='ocrx_word' id='word_1_620' title='bbox 3463 4097 3546 4188; x_wconf 48' lang='lat' dir='ltr'><strong>fa;</strong></span> 
     </span>
    </p>
   </div>
   <div class='ocr_carea' id='block_1_87' title="bbox 1947 4194 3548 4292">
    <p class='ocr_par' dir='ltr' id='par_1_87' title="bbox 1947 4194 3548 4292">
     <span class='ocr_line' id='line_1_90' title="bbox 1947 4194 3548 4292; baseline 0.024 -50"><span class='ocrx_word' id='word_1_621' title='bbox 1947 4197 2157 4246; x_wconf 89' lang='lat' dir='ltr'><strong>cturam</strong></span> <span class='ocrx_word' id='word_1_622' title='bbox 2210 4194 2395 4265; x_wconf 90' lang='lat' dir='ltr'><strong>utique</strong></span> <span class='ocrx_word' id='word_1_623' title='bbox 2436 4212 2590 4255; x_wconf 90' lang='lat' dir='ltr'><strong>suam</strong></span> <span class='ocrx_word' id='word_1_624' title='bbox 2615 4201 2921 4271; x_wconf 86' lang='lat' dir='ltr'><strong>justissime</strong></span> <span class='ocrx_word' id='word_1_625' title='bbox 2951 4211 3272 4272; x_wconf 88' lang='lat' dir='ltr'><strong>detractioni</strong></span> <span class='ocrx_word' id='word_1_626' title='bbox 3315 4236 3548 4292; x_wconf 81' lang='lat' dir='ltr'><strong>expone-</strong></span> 
     </span>
    </p>
   </div>
   <div class='ocr_carea' id='block_1_88' title="bbox 1945 4285 3544 4373">
    <p class='ocr_par' dir='ltr' id='par_1_88' title="bbox 1945 4285 3544 4373">
     <span class='ocr_line' id='line_1_91' title="bbox 1945 4285 3544 4373; baseline 0.023 -36"><span class='ocrx_word' id='word_1_627' title='bbox 1945 4295 2045 4339; x_wconf 89' lang='lat' dir='ltr'><strong>ret.</strong></span> <span class='ocrx_word' id='word_1_628' title='bbox 2081 4285 2215 4342; x_wconf 90' lang='lat' dir='ltr'><strong>Nam</strong></span> <span class='ocrx_word' id='word_1_629' title='bbox 2247 4290 2292 4344; x_wconf 92' lang='lat' dir='ltr'><strong>si</strong></span> <span class='ocrx_word' id='word_1_630' title='bbox 2323 4291 2438 4361; x_wconf 84' lang='lat' dir='ltr'><strong>ipse</strong></span> <span class='ocrx_word' id='word_1_631' title='bbox 2470 4298 2613 4364; x_wconf 89' lang='lat' dir='ltr'><strong>quod</strong></span> <span class='ocrx_word' id='word_1_632' title='bbox 2642 4302 2854 4370; x_wconf 89' lang='lat' dir='ltr'><strong>statuit,</strong></span> <span class='ocrx_word' id='word_1_633' title='bbox 2878 4313 3283 4367; x_wconf 80' lang='lat' dir='ltr'><strong>exauctorando</strong></span> <span class='ocrx_word' id='word_1_634' title='bbox 3324 4331 3390 4371; x_wconf 92' lang='lat' dir='ltr'><strong>ac</strong></span> <span class='ocrx_word' id='word_1_635' title='bbox 3419 4319 3544 4373; x_wconf 91' lang='lat' dir='ltr'><strong>vili-</strong></span> 
     </span>
    </p>
   </div>
   <div class='ocr_carea' id='block_1_89' title="bbox 1943 4399 3450 4488">
    <p class='ocr_par' dir='ltr' id='par_1_89' title="bbox 1943 4399 3450 4488">
     <span class='ocr_line' id='line_1_92' title="bbox 1943 4399 3450 4488; baseline 0.025 -37"><span class='ocrx_word' id='word_1_636' title='bbox 1943 4399 2226 4468; x_wconf 88' lang='lat' dir='ltr'><strong>pendendo</strong></span> <span class='ocrx_word' id='word_1_637' title='bbox 2255 4406 2522 4476; x_wconf 89' lang='lat' dir='ltr'><strong>destituit,</strong></span> <span class='ocrx_word' id='word_1_638' title='bbox 2554 4416 3033 4481; x_wconf 65' lang='lat' dir='ltr'><strong>praevaricatorem</strong></span> <span class='ocrx_word' id='word_1_639' title='bbox 3061 4439 3120 4480; x_wconf 88' lang='lat' dir='ltr'><strong>se</strong></span> <span class='ocrx_word' id='word_1_640' title='bbox 3147 4431 3450 4488; x_wconf 90' lang='lat' dir='ltr'><strong>constituit.</strong></span> 
     </span>
    </p>
   </div>
   <div class='ocr_carea' id='block_1_90' title="bbox 237 4486 1865 4608">
    <p class='ocr_par' dir='ltr' id='par_1_90' title="bbox 237 4486 1840 4608">
     <span class='ocr_line' id='line_1_93' title="bbox 237 4486 1840 4582; baseline 0.019 -44"><span class='ocrx_word' id='word_1_641' title='bbox 237 4486 587 4552; x_wconf 82' lang='lat' dir='ltr'><strong>querelarum</strong></span> <span class='ocrx_word' id='word_1_642' title='bbox 632 4491 998 4550; x_wconf 88' lang='lat' dir='ltr'><strong>obstinatione</strong></span> <span class='ocrx_word' id='word_1_643' title='bbox 1031 4499 1278 4570; x_wconf 86' lang='lat' dir='ltr'><strong>rebelles,</strong></span> <span class='ocrx_word' id='word_1_644' title='bbox 1312 4506 1467 4573; x_wconf 88' lang='lat' dir='ltr'><strong>quasi</strong></span> <span class='ocrx_word' id='word_1_645' title='bbox 1505 4510 1682 4578; x_wconf 84' lang='lat' dir='ltr'><strong>aquila</strong></span> <span class='ocrx_word' id='word_1_646' title='bbox 1729 4514 1840 4582; x_wconf 89' lang='lat' dir='ltr'><strong>pul-</strong></span> 
     </span>
     <span class='ocr_line' id='line_1_94' title="bbox 237 4579 1678 4608; baseline 0 0"><span class='ocrx_word' id='word_1_647' title='bbox 237 4579 316 4608; x_wconf 71' lang='grc' dir='ltr'><strong>ιιπι</strong></span> <span class='ocrx_word' id='word_1_648' title='bbox 351 4583 402 4608; x_wconf 75' lang='grc' dir='ltr'><strong>ε..</strong></span> <span class='ocrx_word' id='word_1_649' title='bbox 451 4584 655 4608; x_wconf 71' lang='grc' dir='ltr'><strong>,1η,.,......</strong></span> <span class='ocrx_word' id='word_1_650' title='bbox 686 4587 1008 4608; x_wconf 57' lang='lat'><strong>._:_.-___-_._,|-.</strong></span> <span class='ocrx_word' id='word_1_651' title='bbox 1164 4594 1219 4608; x_wconf 71' lang='grc' dir='ltr'><strong>.-ι</strong></span> <span class='ocrx_word' id='word_1_652' title='bbox 1337 4598 1349 4608; x_wconf 87' lang='lat'><strong>.</strong></span> <span class='ocrx_word' id='word_1_653' title='bbox 1415 4599 1426 4608; x_wconf 90' lang='lat'><strong>.</strong></span> <span class='ocrx_word' id='word_1_654' title='bbox 1452 4601 1463 4608; x_wconf 92' lang='lat'><strong>.</strong></span> <span class='ocrx_word' id='word_1_655' title='bbox 1504 4601 1516 4608; x_wconf 84' lang='lat'><strong>.</strong></span> <span class='ocrx_word' id='word_1_656' title='bbox 1561 4602 1571 4608; x_wconf 84' lang='lat'><strong>.</strong></span> <span class='ocrx_word' id='word_1_657' title='bbox 1669 4605 1678 4608; x_wconf 90' lang='lat'>_</span> 
     </span>
    </p>
   </div>
   <div class='ocr_carea' id='block_1_91' title="bbox 1969 4486 3535 4608">
    <p class='ocr_par' dir='ltr' id='par_1_91' title="bbox 1969 4490 3535 4608">
     <span class='ocr_line' id='line_1_95' title="bbox 2018 4490 3535 4588; baseline 0.013 -44"><span class='ocrx_word' id='word_1_658' title='bbox 2018 4490 2124 4547; x_wconf 87' lang='lat' dir='ltr'><strong>Sed</strong></span> <span class='ocrx_word' id='word_1_659' title='bbox 2155 4494 2387 4552; x_wconf 80' lang='lat' dir='ltr'><strong>absistat</strong></span> <span class='ocrx_word' id='word_1_660' title='bbox 2427 4500 2543 4558; x_wconf 61' lang='lat' dir='ltr'><strong>hac</strong></span> <span class='ocrx_word' id='word_1_661' title='bbox 2572 4507 2846 4564; x_wconf 86' lang='lat' dir='ltr'><strong>vecordia.</strong></span> <span class='ocrx_word' id='word_1_662' title='bbox 2887 4511 3314 4577; x_wconf 83' lang='lat' dir='ltr'><strong>Celeberrimum</strong></span> <span class='ocrx_word' id='word_1_663' title='bbox 3355 4535 3440 4582; x_wconf 68' lang='lat' dir='ltr'><strong>est</strong></span> <span class='ocrx_word' id='word_1_664' title='bbox 3473 4530 3535 4588; x_wconf 58' lang='lat' dir='ltr'><strong>in</strong></span> 
     </span>
     <span class='ocr_line' id='line_1_96' title="bbox 1969 4581 2914 4608; baseline 0 0"><span class='ocrx_word' id='word_1_665' title='bbox 1969 4581 2096 4608; x_wconf 66' lang='grc' dir='ltr'><strong>ιιι-ε..</strong></span> <span class='ocrx_word' id='word_1_666' title='bbox 2141 4585 2245 4608; x_wconf 72' lang='grc'><strong>...2-</strong></span> <span class='ocrx_word' id='word_1_667' title='bbox 2287 4587 2447 4608; x_wconf 57' lang='lat' dir='ltr'><strong>n___,_,</strong></span> <span class='ocrx_word' id='word_1_668' title='bbox 2535 4601 2547 4608; x_wconf 85' lang='grc'><strong>.</strong></span> <span class='ocrx_word' id='word_1_669' title='bbox 2606 4595 2674 4608; x_wconf 74' lang='lat' dir='ltr'><strong>nn</strong></span> <span class='ocrx_word' id='word_1_670' title='bbox 2901 4603 2914 4608; x_wconf 88' lang='lat'><strong>-</strong></span> 
     </span>
    </p>
   </div>
   <div class='ocr_carea' id='block_1_92' title="bbox 233 4579 3540 4690">
    <p class='ocr_par' dir='ltr' id='par_1_92' title="bbox 233 4579 3540 4690">
     <span class='ocr_line' id='line_1_97' title="bbox 233 4579 3540 4690; baseline 0.018 -56"><span class='ocrx_word' id='word_1_671' title='bbox 233 4579 319 4636; x_wconf 83' lang='lat' dir='ltr'><strong>los</strong></span> <span class='ocrx_word' id='word_1_672' title='bbox 350 4583 404 4636; x_wconf 90' lang='lat' dir='ltr'><strong>in</strong></span> <span class='ocrx_word' id='word_1_673' title='bbox 447 4584 660 4640; x_wconf 85' lang='lat' dir='ltr'><strong>deserto</strong></span> <span class='ocrx_word' id='word_1_674' title='bbox 680 4587 1034 4657; x_wconf 85' lang='lat' dir='ltr'><strong>circumtulit,</strong></span> <span class='ocrx_word' id='word_1_675' title='bbox 1067 4594 1383 4651; x_wconf 88' lang='lat' dir='ltr'><strong>multimoda</strong></span> <span class='ocrx_word' id='word_1_676' title='bbox 1414 4579 1838 4662; x_wconf 79' lang='lat' dir='ltr'><strong>idololatriarum</strong></span> <span class='ocrx_word' id='word_1_677' title='bbox 1867 4579 1910 4590; x_wconf 61' lang='grc' dir='ltr'><em>ν</em></span> <span class='ocrx_word' id='word_1_678' title='bbox 1945 4580 2118 4690; x_wconf 53' lang='grc' dir='ltr'><strong>ΠΙ)ήῖ</strong></span> <span class='ocrx_word' id='word_1_679' title='bbox 2140 4585 2248 4640; x_wconf 65' lang='lat' dir='ltr'><strong>luis</strong></span> <span class='ocrx_word' id='word_1_680' title='bbox 2276 4587 2456 4690; x_wconf 62' lang='lat' dir='ltr'><strong>Peum</strong></span> <span class='ocrx_word' id='word_1_681' title='bbox 2498 4601 2553 4647; x_wconf 66' lang='grc' dir='ltr'><strong>ει</strong></span> <span class='ocrx_word' id='word_1_682' title='bbox 2602 4595 2741 4653; x_wconf 64' lang='lat' dir='ltr'><strong>“nos</strong></span> <span class='ocrx_word' id='word_1_683' title='bbox 2785 4609 2839 4656; x_wconf 70' lang='grc' dir='ltr'><strong>ει</strong></span> <span class='ocrx_word' id='word_1_684' title='bbox 2883 4603 3015 4662; x_wconf 69' lang='lat' dir='ltr'><strong>deos</strong></span> <span class='ocrx_word' id='word_1_685' title='bbox 3051 4609 3298 4670; x_wconf 61' lang='lat' dir='ltr'><strong>homines</strong></span> <span class='ocrx_word' id='word_1_686' title='bbox 3342 4621 3540 4690; x_wconf 57' lang='lat' dir='ltr'><strong>5339i“</strong></span> 
     </span>
    </p>
   </div>
   <div class='ocr_carea' id='block_1_93' title="bbox 234 4674 1835 4758">
    <p class='ocr_par' dir='ltr' id='par_1_93' title="bbox 234 4674 1835 4758">
     <span class='ocr_line' id='line_1_98' title="bbox 234 4674 1835 4758; baseline 0.019 -34"><span class='ocrx_word' id='word_1_687' title='bbox 234 4674 561 4743; x_wconf 89' lang='lat' dir='ltr'><strong>repetitione</strong></span> <span class='ocrx_word' id='word_1_688' title='bbox 601 4679 883 4735; x_wconf 82' lang='lat' dir='ltr'><strong>damnatos</strong></span> <span class='ocrx_word' id='word_1_689' title='bbox 930 4683 984 4736; x_wconf 88' lang='lat' dir='ltr'><strong>in</strong></span> <span class='ocrx_word' id='word_1_690' title='bbox 1041 4692 1187 4740; x_wconf 88' lang='lat' dir='ltr'><strong>terra</strong></span> <span class='ocrx_word' id='word_1_691' title='bbox 1231 4691 1610 4758; x_wconf 86' lang='lat' dir='ltr'><strong>promissionis</strong></span> <span class='ocrx_word' id='word_1_692' title='bbox 1657 4705 1835 4755; x_wconf 85' lang='lat' dir='ltr'><strong>tamen</strong></span> 
     </span>
    </p>
   </div>
   <div class='ocr_carea' id='block_1_94' title="bbox 231 4764 1836 4847">
    <p class='ocr_par' dir='ltr' id='par_1_94' title="bbox 231 4764 1836 4847">
     <span class='ocr_line' id='line_1_99' title="bbox 231 4764 1836 4847; baseline 0.019 -29"><span class='ocrx_word' id='word_1_693' title='bbox 231 4764 389 4821; x_wconf 91' lang='lat' dir='ltr'><strong>fovit.</strong></span> <span class='ocrx_word' id='word_1_694' title='bbox 429 4767 485 4822; x_wconf 94' lang='lat' dir='ltr'><strong>ln</strong></span> <span class='ocrx_word' id='word_1_695' title='bbox 529 4769 647 4839; x_wconf 81' lang='lat' dir='ltr'><strong>lege</strong></span> <span class='ocrx_word' id='word_1_696' title='bbox 684 4781 737 4826; x_wconf 86' lang='lat' dir='ltr'><strong>et</strong></span> <span class='ocrx_word' id='word_1_697' title='bbox 763 4774 1041 4844; x_wconf 84' lang='lat' dir='ltr'><strong>prophetis</strong></span> <span class='ocrx_word' id='word_1_698' title='bbox 1067 4779 1265 4834; x_wconf 82' lang='lat' dir='ltr'><strong>vestris</strong></span> <span class='ocrx_word' id='word_1_699' title='bbox 1295 4797 1398 4837; x_wconf 88' lang='lat' dir='ltr'><strong>non</strong></span> <span class='ocrx_word' id='word_1_700' title='bbox 1430 4786 1591 4841; x_wconf 90' lang='lat' dir='ltr'><strong>modo</strong></span> <span class='ocrx_word' id='word_1_701' title='bbox 1621 4789 1836 4847; x_wconf 79' lang='lat' dir='ltr'><strong>miseri—</strong></span> 
     </span>
    </p>
   </div>
   <div class='ocr_carea' id='block_1_95' title="bbox 233 4862 1835 4948">
    <p class='ocr_par' dir='ltr' id='par_1_95' title="bbox 233 4862 1835 4948">
     <span class='ocr_line' id='line_1_100' title="bbox 233 4862 1835 4948; baseline 0.016 -36"><span class='ocrx_word' id='word_1_702' title='bbox 233 4872 376 4924; x_wconf 88' lang='lat' dir='ltr'><strong>cors,</strong></span> <span class='ocrx_word' id='word_1_703' title='bbox 410 4862 554 4929; x_wconf 88' lang='lat' dir='ltr'><strong>quod</strong></span> <span class='ocrx_word' id='word_1_704' title='bbox 599 4871 684 4917; x_wconf 90' lang='lat' dir='ltr'><strong>est</strong></span> <span class='ocrx_word' id='word_1_705' title='bbox 726 4864 779 4918; x_wconf 90' lang='lat' dir='ltr'><strong>in</strong></span> <span class='ocrx_word' id='word_1_706' title='bbox 827 4875 1046 4934; x_wconf 86' lang='lat' dir='ltr'><strong>natura,</strong></span> <span class='ocrx_word' id='word_1_707' title='bbox 1086 4879 1179 4923; x_wconf 91' lang='lat' dir='ltr'><strong>aut</strong></span> <span class='ocrx_word' id='word_1_708' title='bbox 1220 4872 1526 4943; x_wconf 86' lang='lat' dir='ltr'><strong>miserator,</strong></span> <span class='ocrx_word' id='word_1_709' title='bbox 1569 4882 1712 4948; x_wconf 89' lang='lat' dir='ltr'><strong>quod</strong></span> <span class='ocrx_word' id='word_1_710' title='bbox 1753 4893 1835 4938; x_wconf 90' lang='lat' dir='ltr'><strong>est</strong></span> 
     </span>
    </p>
   </div>
   <div class='ocr_carea' id='block_1_96' title="bbox 231 4948 1831 5030">
    <p class='ocr_par' dir='ltr' id='par_1_96' title="bbox 231 4948 1831 5030">
     <span class='ocr_line' id='line_1_101' title="bbox 231 4948 1831 5030; baseline 0.018 -28"><span class='ocrx_word' id='word_1_711' title='bbox 231 4948 283 5003; x_wconf 90' lang='lat' dir='ltr'><strong>in</strong></span> <span class='ocrx_word' id='word_1_712' title='bbox 314 4951 632 5018; x_wconf 79' lang='lat' dir='ltr'><strong>efficientia,</strong></span> <span class='ocrx_word' id='word_1_713' title='bbox 667 4956 760 5010; x_wconf 80' lang='lat' dir='ltr'><strong>sed</strong></span> <span class='ocrx_word' id='word_1_714' title='bbox 797 4957 911 5026; x_wconf 82' lang='lat' dir='ltr'><strong>ipsa</strong></span> <span class='ocrx_word' id='word_1_715' title='bbox 941 4961 1245 5018; x_wconf 88' lang='lat' dir='ltr'><strong>essentialis</strong></span> <span class='ocrx_word' id='word_1_716' title='bbox 1280 4966 1653 5026; x_wconf 86' lang='lat' dir='ltr'><strong>misericordia</strong></span> <span class='ocrx_word' id='word_1_717' title='bbox 1687 4976 1831 5030; x_wconf 89' lang='lat' dir='ltr'><strong>voci-</strong></span> 
     </span>
    </p>
   </div>
   <div class='ocr_carea' id='block_1_97' title="bbox 1943 4677 3539 4772">
    <p class='ocr_par' dir='ltr' id='par_1_97' title="bbox 1943 4677 3539 4772">
     <span class='ocr_line' id='line_1_102' title="bbox 1943 4677 3539 4772; baseline 0.026 -44"><span class='ocrx_word' id='word_1_718' title='bbox 1943 4677 2237 4746; x_wconf 85' lang='lat' dir='ltr'><strong>appellare.</strong></span> <span class='ocrx_word' id='word_1_719' title='bbox 2273 4681 2352 4738; x_wconf 80' lang='lat' dir='ltr'><strong>Ne</strong></span> <span class='ocrx_word' id='word_1_720' title='bbox 2381 4689 2785 4759; x_wconf 88' lang='lat' dir='ltr'><strong>corruptionem</strong></span> <span class='ocrx_word' id='word_1_721' title='bbox 2831 4699 3015 4755; x_wconf 85' lang='lat' dir='ltr'><strong>carnis</strong></span> <span class='ocrx_word' id='word_1_722' title='bbox 3053 4711 3106 4756; x_wconf 89' lang='lat' dir='ltr'><strong>et</strong></span> <span class='ocrx_word' id='word_1_723' title='bbox 3147 4708 3289 4762; x_wconf 84' lang='lat' dir='ltr'><strong>uteri</strong></span> <span class='ocrx_word' id='word_1_724' title='bbox 3335 4709 3539 4772; x_wconf 85' lang='lat' dir='ltr'><strong>letores</strong></span> 
     </span>
    </p>
   </div>
   <div class='ocr_carea' id='block_1_98' title="bbox 1944 4773 3536 4874">
    <p class='ocr_par' dir='ltr' id='par_1_98' title="bbox 1944 4773 3536 4874">
     <span class='ocr_line' id='line_1_103' title="bbox 1944 4773 3536 4874; baseline 0.026 -51"><span class='ocrx_word' id='word_1_725' title='bbox 1944 4773 2212 4829; x_wconf 80' lang='lat' dir='ltr'><strong>attendas.</strong></span> <span class='ocrx_word' id='word_1_726' title='bbox 2241 4773 2358 4832; x_wconf 83' lang='lat' dir='ltr'><strong>Non</strong></span> <span class='ocrx_word' id='word_1_727' title='bbox 2383 4782 2621 4840; x_wconf 82' lang='lat' dir='ltr'><strong>aestimes</strong></span> <span class='ocrx_word' id='word_1_728' title='bbox 2643 4785 2756 4843; x_wconf 90' lang='lat' dir='ltr'><strong>Deo</strong></span> <span class='ocrx_word' id='word_1_729' title='bbox 2778 4791 3060 4864; x_wconf 90' lang='lat' dir='ltr'><strong>quidpiam</strong></span> <span class='ocrx_word' id='word_1_730' title='bbox 3087 4809 3288 4867; x_wconf 78' lang='lat' dir='ltr'><strong>praeter</strong></span> <span class='ocrx_word' id='word_1_731' title='bbox 3311 4819 3536 4874; x_wconf 87' lang='lat' dir='ltr'><strong>peccata</strong></span> 
     </span>
    </p>
   </div>
   <div class='ocr_carea' id='block_1_99' title="bbox 1941 4862 3534 4965">
    <p class='ocr_par' dir='ltr' id='par_1_99' title="bbox 1941 4862 3534 4965">
     <span class='ocr_line' id='line_1_104' title="bbox 1941 4862 3534 4965; baseline 0.025 -48"><span class='ocrx_word' id='word_1_732' title='bbox 1941 4862 2128 4921; x_wconf 81' lang='lat' dir='ltr'><strong>fetere.</strong></span> <span class='ocrx_word' id='word_1_733' title='bbox 2157 4867 2273 4924; x_wconf 88' lang='lat' dir='ltr'><strong>Non</strong></span> <span class='ocrx_word' id='word_1_734' title='bbox 2304 4870 2470 4928; x_wconf 88' lang='lat' dir='ltr'><strong>habet</strong></span> <span class='ocrx_word' id='word_1_735' title='bbox 2497 4877 2639 4932; x_wconf 89' lang='lat' dir='ltr'><strong>Deus</strong></span> <span class='ocrx_word' id='word_1_736' title='bbox 2663 4896 2826 4938; x_wconf 88' lang='lat' dir='ltr'><strong>nares</strong></span> <span class='ocrx_word' id='word_1_737' title='bbox 2855 4862 2951 4941; x_wconf 86' lang='lat' dir='ltr'><strong>tibi</strong></span> <span class='ocrx_word' id='word_1_738' title='bbox 2981 4862 3162 4957; x_wconf 79' lang='lat' dir='ltr'><strong>pares.</strong></span> <span class='ocrx_word' id='word_1_739' title='bbox 3189 4862 3391 4965; x_wconf 76' lang='lat' dir='ltr'><strong>Legisti</strong></span> <span class='ocrx_word' id='word_1_740' title='bbox 3421 4899 3534 4958; x_wconf 89' lang='lat' dir='ltr'><strong>Noe</strong></span> 
     </span>
    </p>
   </div>
   <div class='ocr_carea' id='block_1_100' title="bbox 1938 4959 3532 5051">
    <p class='ocr_par' dir='ltr' id='par_1_100' title="bbox 1938 4959 3532 5051">
     <span class='ocr_line' id='line_1_105' title="bbox 1938 4959 3532 5051; baseline 0.023 -37"><span class='ocrx_word' id='word_1_741' title='bbox 1938 4959 2096 5015; x_wconf 85' lang='lat' dir='ltr'><strong>altari</strong></span> <span class='ocrx_word' id='word_1_742' title='bbox 2127 4973 2248 5032; x_wconf 90' lang='lat' dir='ltr'><strong>post</strong></span> <span class='ocrx_word' id='word_1_743' title='bbox 2275 4965 2534 5024; x_wconf 91' lang='lat' dir='ltr'><strong>diluvium</strong></span> <span class='ocrx_word' id='word_1_744' title='bbox 2563 4970 2832 5032; x_wconf 86' lang='lat' dir='ltr'><strong>fabricato</strong></span> <span class='ocrx_word' id='word_1_745' title='bbox 2860 4979 3230 5040; x_wconf 85' lang='lat' dir='ltr'><strong>holocaustum</strong></span> <span class='ocrx_word' id='word_1_746' title='bbox 3254 4989 3318 5042; x_wconf 89' lang='lat' dir='ltr'><strong>de</strong></span> <span class='ocrx_word' id='word_1_747' title='bbox 3341 4993 3532 5051; x_wconf 79' lang='lat' dir='ltr'><strong>avibus</strong></span> 
     </span>
    </p>
   </div>
   <div class='ocr_carea' id='block_1_101' title="bbox 231 5045 1831 5133">
    <p class='ocr_par' dir='ltr' id='par_1_101' title="bbox 231 5045 1831 5133">
     <span class='ocr_line' id='line_1_106' title="bbox 231 5045 1831 5133; baseline 0.019 -39"><span class='ocrx_word' id='word_1_748' title='bbox 231 5050 396 5110; x_wconf 87' lang='lat' dir='ltr'><strong>tatur,</strong></span> <span class='ocrx_word' id='word_1_749' title='bbox 444 5045 544 5100; x_wconf 91' lang='lat' dir='ltr'><strong>etsi</strong></span> <span class='ocrx_word' id='word_1_750' title='bbox 591 5047 705 5116; x_wconf 91' lang='lat' dir='ltr'><strong>ipse</strong></span> <span class='ocrx_word' id='word_1_751' title='bbox 754 5047 910 5103; x_wconf 85' lang='lat' dir='ltr'><strong>aliter</strong></span> <span class='ocrx_word' id='word_1_752' title='bbox 946 5065 1006 5106; x_wconf 86' lang='lat' dir='ltr'><strong>se</strong></span> <span class='ocrx_word' id='word_1_753' title='bbox 1050 5053 1274 5124; x_wconf 88' lang='lat' dir='ltr'><strong>egisset,</strong></span> <span class='ocrx_word' id='word_1_754' title='bbox 1315 5059 1551 5130; x_wconf 89' lang='lat' dir='ltr'><strong>seipsum</strong></span> <span class='ocrx_word' id='word_1_755' title='bbox 1581 5065 1831 5133; x_wconf 84' lang='lat' dir='ltr'><strong>profecto</strong></span> 
     </span>
    </p>
   </div>
   <div class='ocr_carea' id='block_1_102' title="bbox 231 5146 504 5206">
    <p class='ocr_par' dir='ltr' id='par_1_102' title="bbox 231 5146 504 5206">
     <span class='ocr_line' id='line_1_107' title="bbox 231 5146 504 5206; baseline 0.026 -22"><span class='ocrx_word' id='word_1_756' title='bbox 231 5146 504 5206; x_wconf 85' lang='lat' dir='ltr'><strong>negasset.</strong></span> 
     </span>
    </p>
   </div>
   <div class='ocr_carea' id='block_1_103' title="bbox 1936 5055 3526 5156">
    <p class='ocr_par' dir='ltr' id='par_1_103' title="bbox 1936 5055 3526 5156">
     <span class='ocr_line' id='line_1_108' title="bbox 1936 5055 3526 5156; baseline 0.023 -50"><span class='ocrx_word' id='word_1_757' title='bbox 1936 5055 2219 5126; x_wconf 87' lang='lat' dir='ltr'><strong>obtulisse,</strong></span> <span class='ocrx_word' id='word_1_758' title='bbox 2255 5068 2308 5114; x_wconf 91' lang='lat' dir='ltr'><strong>et</strong></span> <span class='ocrx_word' id='word_1_759' title='bbox 2335 5059 2506 5118; x_wconf 89' lang='lat' dir='ltr'><strong>Deum</strong></span> <span class='ocrx_word' id='word_1_760' title='bbox 2535 5066 2756 5123; x_wconf 88' lang='lat' dir='ltr'><strong>odorem</strong></span> <span class='ocrx_word' id='word_1_761' title='bbox 2786 5074 3072 5132; x_wconf 89' lang='lat' dir='ltr'><strong>suavitatis</strong></span> <span class='ocrx_word' id='word_1_762' title='bbox 3095 5079 3344 5138; x_wconf 86' lang='lat' dir='ltr'><strong>hausisse</strong></span> <span class='ocrx_word' id='word_1_763' title='bbox 3371 5083 3526 5156; x_wconf 83' lang='lat' dir='ltr'><strong>(Gen.</strong></span> 
     </span>
    </p>
   </div>
   <div class='ocr_carea' id='block_1_104' title="bbox 1932 5149 3526 5242">
    <p class='ocr_par' dir='ltr' id='par_1_104' title="bbox 1932 5149 3526 5242">
     <span class='ocr_line' id='line_1_109' title="bbox 1932 5149 3526 5242; baseline 0.023 -42"><span class='ocrx_word' id='word_1_764' title='bbox 1932 5163 2050 5218; x_wconf 80' lang='lat' dir='ltr'><strong>vui,</strong></span> <span class='ocrx_word' id='word_1_765' title='bbox 2074 5149 2188 5222; x_wconf 71' lang='lat'><strong>21).</strong></span> <span class='ocrx_word' id='word_1_766' title='bbox 2230 5151 2296 5208; x_wconf 89' lang='lat' dir='ltr'><strong>Et</strong></span> <span class='ocrx_word' id='word_1_767' title='bbox 2323 5171 2444 5225; x_wconf 71' lang='lat' dir='ltr'><strong>quae</strong></span> <span class='ocrx_word' id='word_1_768' title='bbox 2488 5159 2539 5213; x_wconf 91' lang='lat' dir='ltr'><strong>in</strong></span> <span class='ocrx_word' id='word_1_769' title='bbox 2592 5161 2683 5216; x_wconf 90' lang='lat' dir='ltr'><strong>tali</strong></span> <span class='ocrx_word' id='word_1_770' title='bbox 2715 5179 2916 5234; x_wconf 89' lang='lat' dir='ltr'><strong>vapore</strong></span> <span class='ocrx_word' id='word_1_771' title='bbox 2954 5169 3234 5242; x_wconf 87' lang='lat' dir='ltr'><strong>voluptas?</strong></span> <span class='ocrx_word' id='word_1_772' title='bbox 3272 5149 3526 5236; x_wconf 81' lang='lat' dir='ltr'><strong>Forsitan</strong></span> 
     </span>
    </p>
   </div>
   <div class='ocr_carea' id='block_1_105' title="bbox 1933 5243 3524 5334">
    <p class='ocr_par' dir='ltr' id='par_1_105' title="bbox 1933 5243 3524 5334">
     <span class='ocr_line' id='line_1_110' title="bbox 1933 5243 3524 5334; baseline 0.022 -39"><span class='ocrx_word' id='word_1_773' title='bbox 1933 5251 1988 5296; x_wconf 90' lang='lat' dir='ltr'><strong>tu</strong></span> <span class='ocrx_word' id='word_1_774' title='bbox 2041 5243 2206 5300; x_wconf 90' lang='lat' dir='ltr'><strong>Deum</strong></span> <span class='ocrx_word' id='word_1_775' title='bbox 2259 5251 2497 5308; x_wconf 83' lang='lat' dir='ltr'><strong>aestimas</strong></span> <span class='ocrx_word' id='word_1_776' title='bbox 2543 5257 2898 5326; x_wconf 89' lang='lat' dir='ltr'><strong>nebulonem,</strong></span> <span class='ocrx_word' id='word_1_777' title='bbox 2954 5273 3014 5316; x_wconf 92' lang='lat' dir='ltr'><strong>ut</strong></span> <span class='ocrx_word' id='word_1_778' title='bbox 3055 5267 3256 5334; x_wconf 89' lang='lat' dir='ltr'><strong>patinis</strong></span> <span class='ocrx_word' id='word_1_779' title='bbox 3309 5268 3524 5329; x_wconf 86' lang='lat' dir='ltr'><strong>fuman-</strong></span> 
     </span>
    </p>
   </div>
   <div class='ocr_carea' id='block_1_106' title="bbox 1931 5333 3519 5433">
    <p class='ocr_par' dir='ltr' id='par_1_106' title="bbox 1931 5333 3519 5433">
     <span class='ocr_line' id='line_1_111' title="bbox 1931 5333 3519 5433; baseline 0.023 -45"><span class='ocrx_word' id='word_1_780' title='bbox 1931 5333 2073 5390; x_wconf 90' lang='lat' dir='ltr'><strong>tibus</strong></span> <span class='ocrx_word' id='word_1_781' title='bbox 2123 5338 2441 5410; x_wconf 86' lang='lat' dir='ltr'><strong>delectetur,</strong></span> <span class='ocrx_word' id='word_1_782' title='bbox 2479 5354 2534 5402; x_wconf 91' lang='lat' dir='ltr'><strong>et</strong></span> <span class='ocrx_word' id='word_1_783' title='bbox 2575 5361 2820 5404; x_wconf 88' lang='lat' dir='ltr'><strong>assarum</strong></span> <span class='ocrx_word' id='word_1_784' title='bbox 2874 5355 3117 5412; x_wconf 89' lang='lat' dir='ltr'><strong>carnium</strong></span> <span class='ocrx_word' id='word_1_785' title='bbox 3173 5359 3519 5433; x_wconf 81' lang='lat' dir='ltr'><strong>ﬂagrantiam</strong></span> 
     </span>
    </p>
   </div>
   <div class='ocr_carea' id='block_1_107' title="bbox 1927 5425 3514 5528">
    <p class='ocr_par' dir='ltr' id='par_1_107' title="bbox 1927 5425 3514 5528">
     <span class='ocr_line' id='line_1_112' title="bbox 1927 5425 3514 5528; baseline 0.023 -49"><span class='ocrx_word' id='word_1_786' title='bbox 1927 5425 2158 5484; x_wconf 82' lang='lat' dir='ltr'><strong>libenter</strong></span> <span class='ocrx_word' id='word_1_787' title='bbox 2201 5433 2473 5490; x_wconf 83' lang='lat' dir='ltr'><strong>absumat.</strong></span> <span class='ocrx_word' id='word_1_788' title='bbox 2517 5437 2676 5494; x_wconf 88' lang='lat' dir='ltr'><strong>Certe</strong></span> <span class='ocrx_word' id='word_1_789' title='bbox 2715 5441 2914 5500; x_wconf 88' lang='lat' dir='ltr'><strong>sobriis</strong></span> <span class='ocrx_word' id='word_1_790' title='bbox 2944 5447 3252 5508; x_wconf 87' lang='lat' dir='ltr'><strong>hominibus</strong></span> <span class='ocrx_word' id='word_1_791' title='bbox 3283 5456 3514 5528; x_wconf 90' lang='lat' dir='ltr'><strong>idipsum</strong></span> 
     </span>
    </p>
   </div>
   <div class='ocr_carea' id='block_1_108' title="bbox 1926 5523 3514 5622">
    <p class='ocr_par' dir='ltr' id='par_1_108' title="bbox 1926 5523 3514 5622">
     <span class='ocr_line' id='line_1_113' title="bbox 1926 5523 3514 5622; baseline 0.023 -49"><span class='ocrx_word' id='word_1_792' title='bbox 1926 5523 2066 5590; x_wconf 86' lang='lat' dir='ltr'><strong>quod</strong></span> <span class='ocrx_word' id='word_1_793' title='bbox 2115 5525 2231 5578; x_wconf 85' lang='lat' dir='ltr'><strong>usui</strong></span> <span class='ocrx_word' id='word_1_794' title='bbox 2279 5540 2638 5600; x_wconf 67' lang='lat' dir='ltr'><strong>praeparatur,</strong></span> <span class='ocrx_word' id='word_1_795' title='bbox 2680 5543 2734 5589; x_wconf 89' lang='lat' dir='ltr'><strong>et</strong></span> <span class='ocrx_word' id='word_1_796' title='bbox 2781 5537 2940 5594; x_wconf 89' lang='lat' dir='ltr'><strong>nidor</strong></span> <span class='ocrx_word' id='word_1_797' title='bbox 2979 5543 3223 5614; x_wconf 89' lang='lat' dir='ltr'><strong>displicet</strong></span> <span class='ocrx_word' id='word_1_798' title='bbox 3256 5553 3514 5622; x_wconf 88' lang='lat' dir='ltr'><strong>coquina-</strong></span> 
     </span>
    </p>
   </div>
   <div class='ocr_carea' id='block_1_109' title="bbox 1925 5620 3511 5704">
    <p class='ocr_par' dir='ltr' id='par_1_109' title="bbox 1925 5620 3511 5704">
     <span class='ocr_line' id='line_1_114' title="bbox 1925 5620 3511 5704; baseline 0.022 -36"><span class='ocrx_word' id='word_1_799' title='bbox 1925 5630 2077 5680; x_wconf 87' lang='lat' dir='ltr'><strong>rum,</strong></span> <span class='ocrx_word' id='word_1_800' title='bbox 2137 5634 2204 5672; x_wconf 92' lang='lat' dir='ltr'><strong>ne</strong></span> <span class='ocrx_word' id='word_1_801' title='bbox 2257 5620 2384 5675; x_wconf 91' lang='lat' dir='ltr'><strong>dum</strong></span> <span class='ocrx_word' id='word_1_802' title='bbox 2439 5625 2548 5679; x_wconf 89' lang='lat' dir='ltr'><strong>Deo</strong></span> <span class='ocrx_word' id='word_1_803' title='bbox 2597 5626 2808 5696; x_wconf 82' lang='lat' dir='ltr'><strong>placeat</strong></span> <span class='ocrx_word' id='word_1_804' title='bbox 2855 5644 3015 5704; x_wconf 91' lang='lat' dir='ltr'><strong>putor</strong></span> <span class='ocrx_word' id='word_1_805' title='bbox 3071 5639 3251 5694; x_wconf 87' lang='lat' dir='ltr'><strong>avium</strong></span> <span class='ocrx_word' id='word_1_806' title='bbox 3288 5656 3511 5702; x_wconf 85' lang='lat' dir='ltr'><strong>exusta-</strong></span> 
     </span>
    </p>
   </div>
   <div class='ocr_carea' id='block_1_110' title="bbox 1929 5709 3505 5808">
    <p class='ocr_par' dir='ltr' id='par_1_110' title="bbox 1929 5709 3505 5808">
     <span class='ocr_line' id='line_1_115' title="bbox 1929 5709 3505 5808; baseline 0.022 -48"><span class='ocrx_word' id='word_1_807' title='bbox 1929 5724 2069 5764; x_wconf 89' lang='lat' dir='ltr'><strong>rum.</strong></span> <span class='ocrx_word' id='word_1_808' title='bbox 2109 5709 2345 5770; x_wconf 84' lang='lat' dir='ltr'><strong>Putasne</strong></span> <span class='ocrx_word' id='word_1_809' title='bbox 2390 5720 2514 5788; x_wconf 86' lang='lat' dir='ltr'><strong>quia</strong></span> <span class='ocrx_word' id='word_1_810' title='bbox 2556 5725 2698 5791; x_wconf 90' lang='lat' dir='ltr'><strong>quod</strong></span> <span class='ocrx_word' id='word_1_811' title='bbox 2729 5726 3038 5784; x_wconf 89' lang='lat' dir='ltr'><strong>hominibus</strong></span> <span class='ocrx_word' id='word_1_812' title='bbox 3083 5741 3164 5788; x_wconf 87' lang='lat' dir='ltr'><strong>est</strong></span> <span class='ocrx_word' id='word_1_813' title='bbox 3240 5739 3505 5808; x_wconf 87' lang='lat' dir='ltr'><strong>putidum,</strong></span> 
     </span>
    </p>
   </div>
   <div class='ocr_carea' id='block_1_111' title="bbox 1923 5813 3501 5904">
    <p class='ocr_par' dir='ltr' id='par_1_111' title="bbox 1923 5813 3501 5904">
     <span class='ocr_line' id='line_1_116' title="bbox 1923 5813 3501 5904; baseline 0.017 -37"><span class='ocrx_word' id='word_1_814' title='bbox 1923 5813 2032 5870; x_wconf 91' lang='lat' dir='ltr'><strong>Deo</strong></span> <span class='ocrx_word' id='word_1_815' title='bbox 2063 5832 2224 5873; x_wconf 85' lang='lat' dir='ltr'><strong>suave</strong></span> <span class='ocrx_word' id='word_1_816' title='bbox 2267 5821 2542 5879; x_wconf 86' lang='lat' dir='ltr'><strong>redoleat?</strong></span> <span class='ocrx_word' id='word_1_817' title='bbox 2585 5825 2799 5897; x_wconf 89' lang='lat' dir='ltr'><strong>Depone</strong></span> <span class='ocrx_word' id='word_1_818' title='bbox 2826 5832 3044 5886; x_wconf 89' lang='lat' dir='ltr'><strong>suillum</strong></span> <span class='ocrx_word' id='word_1_819' title='bbox 3089 5846 3268 5904; x_wconf 83' lang='lat' dir='ltr'><strong>caput,</strong></span> <span class='ocrx_word' id='word_1_820' title='bbox 3301 5848 3350 5892; x_wconf 80' lang='lat' dir='ltr'><strong>et</strong></span> <span class='ocrx_word' id='word_1_821' title='bbox 3380 5857 3501 5893; x_wconf 78' lang='lat' dir='ltr'><strong>seu-</strong></span> 
     </span>
    </p>
   </div>
   <div class='ocr_carea' id='block_1_112' title="bbox 301 5227 1829 5306">
    <p class='ocr_par' dir='ltr' id='par_1_112' title="bbox 301 5227 1829 5306">
     <span class='ocr_line' id='line_1_117' title="bbox 301 5227 1829 5306; baseline 0.016 -25"><span class='ocrx_word' id='word_1_822' title='bbox 301 5227 496 5283; x_wconf 87' lang='lat' dir='ltr'><strong>Dicitis</strong></span> <span class='ocrx_word' id='word_1_823' title='bbox 527 5229 692 5300; x_wconf 81' lang='lat' dir='ltr'><strong>igitur</strong></span> <span class='ocrx_word' id='word_1_824' title='bbox 731 5233 856 5303; x_wconf 89' lang='lat' dir='ltr'><strong>quia</strong></span> <span class='ocrx_word' id='word_1_825' title='bbox 900 5233 1120 5292; x_wconf 87' lang='lat' dir='ltr'><strong>feminei</strong></span> <span class='ocrx_word' id='word_1_826' title='bbox 1153 5242 1358 5296; x_wconf 89' lang='lat' dir='ltr'><strong>ventris</strong></span> <span class='ocrx_word' id='word_1_827' title='bbox 1391 5243 1668 5302; x_wconf 64' lang='lat' dir='ltr'><strong>humilitas</strong></span> <span class='ocrx_word' id='word_1_828' title='bbox 1695 5249 1829 5306; x_wconf 90' lang='lat' dir='ltr'><strong>divi-</strong></span> 
     </span>
    </p>
   </div>
   <div class='ocr_carea' id='block_1_113' title="bbox 230 5322 1826 5410">
    <p class='ocr_par' dir='ltr' id='par_1_113' title="bbox 230 5322 1826 5410">
     <span class='ocr_line' id='line_1_118' title="bbox 230 5322 1826 5410; baseline 0.018 -38"><span class='ocrx_word' id='word_1_829' title='bbox 230 5335 308 5376; x_wconf 74' lang='lat' dir='ltr'><strong>nae</strong></span> <span class='ocrx_word' id='word_1_830' title='bbox 338 5322 663 5378; x_wconf 88' lang='lat' dir='ltr'><strong>sublimitati</strong></span> <span class='ocrx_word' id='word_1_831' title='bbox 707 5341 812 5381; x_wconf 89' lang='lat' dir='ltr'><strong>non</strong></span> <span class='ocrx_word' id='word_1_832' title='bbox 845 5330 1116 5400; x_wconf 85' lang='lat' dir='ltr'><strong>congruit.</strong></span> <span class='ocrx_word' id='word_1_833' title='bbox 1165 5331 1365 5402; x_wconf 86' lang='lat' dir='ltr'><strong>Quare,</strong></span> <span class='ocrx_word' id='word_1_834' title='bbox 1400 5337 1656 5408; x_wconf 83' lang='lat' dir='ltr'><strong>inquam?</strong></span> <span class='ocrx_word' id='word_1_835' title='bbox 1691 5344 1826 5410; x_wconf 86' lang='lat' dir='ltr'><strong>Quia</strong></span> 
     </span>
    </p>
   </div>
   <div class='ocr_carea' id='block_1_114' title="bbox 231 5417 1826 5499">
    <p class='ocr_par' dir='ltr' id='par_1_114' title="bbox 231 5417 1826 5499">
     <span class='ocr_line' id='line_1_119' title="bbox 231 5417 1826 5499; baseline 0.017 -37"><span class='ocrx_word' id='word_1_836' title='bbox 231 5417 305 5464; x_wconf 90' lang='lat' dir='ltr'><strong>tot</strong></span> <span class='ocrx_word' id='word_1_837' title='bbox 343 5423 475 5468; x_wconf 88' lang='lat' dir='ltr'><strong>sunt</strong></span> <span class='ocrx_word' id='word_1_838' title='bbox 519 5418 823 5484; x_wconf 75' lang='lat' dir='ltr'><strong>praesertim</strong></span> <span class='ocrx_word' id='word_1_839' title='bbox 867 5419 920 5473; x_wconf 91' lang='lat' dir='ltr'><strong>in</strong></span> <span class='ocrx_word' id='word_1_840' title='bbox 969 5435 1101 5476; x_wconf 84' lang='lat' dir='ltr'><strong>sexu</strong></span> <span class='ocrx_word' id='word_1_841' title='bbox 1147 5422 1380 5481; x_wconf 87' lang='lat' dir='ltr'><strong>femineo</strong></span> <span class='ocrx_word' id='word_1_842' title='bbox 1410 5426 1734 5499; x_wconf 78' lang='lat' dir='ltr'><strong>fragilitates</strong></span> <span class='ocrx_word' id='word_1_843' title='bbox 1767 5446 1826 5490; x_wconf 88' lang='lat' dir='ltr'><strong>ut</strong></span> 
     </span>
    </p>
   </div>
   <div class='ocr_carea' id='block_1_115' title="bbox 231 5501 1821 5586">
    <p class='ocr_par' dir='ltr' id='par_1_115' title="bbox 231 5501 1821 5586">
     <span class='ocr_line' id='line_1_120' title="bbox 231 5501 1821 5586; baseline 0.02 -32"><span class='ocrx_word' id='word_1_844' title='bbox 231 5501 338 5573; x_wconf 88' lang='lat' dir='ltr'><strong>ipsa</strong></span> <span class='ocrx_word' id='word_1_845' title='bbox 369 5507 474 5562; x_wconf 88' lang='lat' dir='ltr'><strong>sibi</strong></span> <span class='ocrx_word' id='word_1_846' title='bbox 509 5507 828 5580; x_wconf 90' lang='lat' dir='ltr'><strong>plerumque</strong></span> <span class='ocrx_word' id='word_1_847' title='bbox 873 5525 1065 5570; x_wconf 87' lang='lat' dir='ltr'><strong>natura</strong></span> <span class='ocrx_word' id='word_1_848' title='bbox 1104 5519 1403 5574; x_wconf 86' lang='lat' dir='ltr'><strong>sordescat.</strong></span> <span class='ocrx_word' id='word_1_849' title='bbox 1445 5521 1511 5576; x_wconf 87' lang='lat' dir='ltr'><strong>Et</strong></span> <span class='ocrx_word' id='word_1_850' title='bbox 1553 5539 1674 5580; x_wconf 90' lang='lat' dir='ltr'><strong>cum</strong></span> <span class='ocrx_word' id='word_1_851' title='bbox 1721 5530 1821 5586; x_wconf 88' lang='lat' dir='ltr'><strong>sibi</strong></span> 
     </span>
    </p>
   </div>
   <div class='ocr_carea' id='block_1_116' title="bbox 230 5593 1822 5680">
    <p class='ocr_par' dir='ltr' id='par_1_116' title="bbox 230 5593 1822 5680">
     <span class='ocr_line' id='line_1_121' title="bbox 230 5593 1822 5680; baseline 0.019 -33"><span class='ocrx_word' id='word_1_852' title='bbox 230 5593 339 5666; x_wconf 80' lang='lat' dir='ltr'><strong>ipsa</strong></span> <span class='ocrx_word' id='word_1_853' title='bbox 370 5599 680 5657; x_wconf 86' lang='lat' dir='ltr'><strong>humanitas</strong></span> <span class='ocrx_word' id='word_1_854' title='bbox 709 5605 776 5658; x_wconf 91' lang='lat' dir='ltr'><strong>ob</strong></span> <span class='ocrx_word' id='word_1_855' title='bbox 814 5604 1128 5675; x_wconf 87' lang='lat' dir='ltr'><strong>frequentes</strong></span> <span class='ocrx_word' id='word_1_856' title='bbox 1179 5612 1374 5680; x_wconf 89' lang='lat' dir='ltr'><strong>quibus</strong></span> <span class='ocrx_word' id='word_1_857' title='bbox 1403 5616 1578 5670; x_wconf 84' lang='lat' dir='ltr'><strong>obsita</strong></span> <span class='ocrx_word' id='word_1_858' title='bbox 1607 5629 1691 5674; x_wconf 88' lang='lat' dir='ltr'><strong>est</strong></span> <span class='ocrx_word' id='word_1_859' title='bbox 1722 5624 1822 5679; x_wconf 87' lang='lat' dir='ltr'><strong>mi-</strong></span> 
     </span>
    </p>
   </div>
   <div class='ocr_carea' id='block_1_117' title="bbox 231 5693 1818 5778">
    <p class='ocr_par' dir='ltr' id='par_1_117' title="bbox 231 5693 1818 5778">
     <span class='ocr_line' id='line_1_122' title="bbox 231 5693 1818 5778; baseline 0.018 -36"><span class='ocrx_word' id='word_1_860' title='bbox 231 5693 396 5746; x_wconf 85' lang='lat' dir='ltr'><strong>serias</strong></span> <span class='ocrx_word' id='word_1_861' title='bbox 427 5695 760 5764; x_wconf 79' lang='lat' dir='ltr'><strong>indignetur,</strong></span> <span class='ocrx_word' id='word_1_862' title='bbox 797 5699 1048 5768; x_wconf 81' lang='lat' dir='ltr'><strong>iguavum</strong></span> <span class='ocrx_word' id='word_1_863' title='bbox 1087 5711 1169 5757; x_wconf 88' lang='lat' dir='ltr'><strong>est</strong></span> <span class='ocrx_word' id='word_1_864' title='bbox 1197 5706 1416 5762; x_wconf 88' lang='lat' dir='ltr'><strong>credere</strong></span> <span class='ocrx_word' id='word_1_865' title='bbox 1445 5713 1587 5778; x_wconf 91' lang='lat' dir='ltr'><strong>quod</strong></span> <span class='ocrx_word' id='word_1_866' title='bbox 1619 5713 1703 5770; x_wconf 91' lang='lat' dir='ltr'><strong>his</strong></span> <span class='ocrx_word' id='word_1_867' title='bbox 1734 5716 1818 5770; x_wconf 63' lang='lat' dir='ltr'><strong>di-</strong></span> 
     </span>
    </p>
   </div>
   <div class='ocr_carea' id='block_1_118' title="bbox 232 5781 1309 5864">
    <p class='ocr_par' dir='ltr' id='par_1_118' title="bbox 232 5781 1309 5864">
     <span class='ocr_line' id='line_1_123' title="bbox 232 5781 1309 5864; baseline 0.019 -31"><span class='ocrx_word' id='word_1_868' title='bbox 232 5781 420 5841; x_wconf 82' lang='lat' dir='ltr'><strong>vinitas</strong></span> <span class='ocrx_word' id='word_1_869' title='bbox 454 5802 690 5857; x_wconf 88' lang='lat' dir='ltr'><strong>unquam</strong></span> <span class='ocrx_word' id='word_1_870' title='bbox 724 5790 984 5861; x_wconf 79' lang='lat' dir='ltr'><strong>implicari</strong></span> <span class='ocrx_word' id='word_1_871' title='bbox 1016 5802 1309 5864; x_wconf 85' lang='lat' dir='ltr'><strong>pateretur.</strong></span> 
     </span>
    </p>
   </div>
  </div>
