  <div class='ocr_page' id='page_1' title='image "/cluster/home/n/w/nwhite01/storage/ocr_20150623/156/hvd.32044010683712/253.png"; bbox 0 0 4038 6330; ppageno 0'>
   <div class='ocr_carea' id='block_1_1' title="bbox 595 347 703 404">
    <p class='ocr_par' dir='ltr' id='par_1_1' title="bbox 595 347 703 404">
     <span class='ocr_line' id='line_1_1' title="bbox 595 347 703 404; baseline 0 -1"><span class='ocrx_word' id='word_1_1' title='bbox 595 347 703 404; x_wconf 69' lang='grc' dir='ltr'><strong>ἰ9ὅ</strong></span> 
     </span>
    </p>
   </div>
   <div class='ocr_carea' id='block_1_2' title="bbox 1387 331 2175 411">
    <p class='ocr_par' dir='ltr' id='par_1_2' title="bbox 1387 332 2136 395">
     <span class='ocr_line' id='line_1_2' title="bbox 1387 332 2136 395; baseline -0.005 -2"><span class='ocrx_word' id='word_1_2' title='bbox 1387 338 1444 394; x_wconf 85' lang='grc' dir='ltr'><strong>ν.</strong></span> <span class='ocrx_word' id='word_1_3' title='bbox 1481 335 1806 395; x_wconf 68' lang='lat' dir='ltr'><strong>GUJBERTI</strong></span> <span class='ocrx_word' id='word_1_4' title='bbox 1844 332 2136 391; x_wconf 84' lang='lat' dir='ltr'><strong>ABBATIS</strong></span> 
     </span>
    </p>
   </div>
   <div class='ocr_carea' id='block_1_3' title="bbox 2285 331 3802 411">
    <p class='ocr_par' dir='ltr' id='par_1_3' title="bbox 2285 331 3802 411">
     <span class='ocr_line' id='line_1_3' title="bbox 2285 331 3802 411; baseline 0.007 -24"><span class='ocrx_word' id='word_1_5' title='bbox 2285 331 2518 388; x_wconf 72' lang='lat' dir='ltr'><strong>MARUE</strong></span> <span class='ocrx_word' id='word_1_6' title='bbox 2557 331 2647 389; x_wconf 83' lang='lat' dir='ltr'><strong>DE</strong></span> <span class='ocrx_word' id='word_1_7' title='bbox 2687 331 3094 392; x_wconf 75' lang='lat' dir='ltr'><strong>NOVIGENTO</strong></span> <span class='ocrx_word' id='word_1_8' title='bbox 3727 351 3802 411; x_wconf 63' lang='grc' dir='ltr'>ιω</span> 
     </span>
    </p>
   </div>
   <div class='ocr_carea' id='block_1_4' title="bbox 594 447 3801 527">
    <p class='ocr_par' dir='ltr' id='par_1_4' title="bbox 594 447 3801 527">
     <span class='ocr_line' id='line_1_4' title="bbox 594 447 3801 527; baseline -0 -13"><span class='ocrx_word' id='word_1_9' title='bbox 594 475 711 515; x_wconf 84' lang='lat' dir='ltr'><strong>sum</strong></span> <span class='ocrx_word' id='word_1_10' title='bbox 762 455 928 527; x_wconf 88' lang='lat' dir='ltr'><strong>rejice</strong></span> <span class='ocrx_word' id='word_1_11' title='bbox 978 454 1177 511; x_wconf 90' lang='lat' dir='ltr'><strong>carnis.</strong></span> <span class='ocrx_word' id='word_1_12' title='bbox 1224 452 1622 523; x_wconf 72' lang='lat' dir='ltr'><strong>,Spiritualibus</strong></span> <span class='ocrx_word' id='word_1_13' title='bbox 1671 451 1977 522; x_wconf 90' lang='lat' dir='ltr'><strong>spiritualia</strong></span> <span class='ocrx_word' id='word_1_14' title='bbox 2033 465 2181 505; x_wconf 90' lang='lat' dir='ltr'><strong>com-</strong></span> <span class='ocrx_word' id='word_1_15' title='bbox 2212 453 2256 511; x_wconf 78' lang='grc' dir='ltr'>Λ</span> <span class='ocrx_word' id='word_1_16' title='bbox 2286 449 2411 518; x_wconf 89' lang='lat' dir='ltr'><strong>quia</strong></span> <span class='ocrx_word' id='word_1_17' title='bbox 2458 447 2803 504; x_wconf 85' lang='lat' dir='ltr'><strong>Christianus</strong></span> <span class='ocrx_word' id='word_1_18' title='bbox 2853 468 2958 505; x_wconf 89' lang='lat' dir='ltr'><strong>non</strong></span> <span class='ocrx_word' id='word_1_19' title='bbox 3024 452 3133 516; x_wconf 88' lang='lat' dir='ltr'><strong>sit,</strong></span> <span class='ocrx_word' id='word_1_20' title='bbox 3193 452 3470 524; x_wconf 90' lang='lat' dir='ltr'><strong>multoque</strong></span> <span class='ocrx_word' id='word_1_21' title='bbox 3525 460 3699 516; x_wconf 86' lang='lat' dir='ltr'><strong>rectius</strong></span> <span class='ocrx_word' id='word_1_22' title='bbox 3740 467 3801 523; x_wconf 60' lang='lat' dir='ltr'><strong>isti</strong></span> 
     </span>
    </p>
   </div>
   <div class='ocr_carea' id='block_1_5' title="bbox 592 543 2184 625">
    <p class='ocr_par' dir='ltr' id='par_1_5' title="bbox 592 543 2184 625">
     <span class='ocr_line' id='line_1_5' title="bbox 592 543 2184 625; baseline -0.007 -18"><span class='ocrx_word' id='word_1_23' title='bbox 592 568 745 625; x_wconf 84' lang='lat' dir='ltr'><strong>para.</strong></span> <span class='ocrx_word' id='word_1_24' title='bbox 803 552 946 607; x_wconf 91' lang='lat' dir='ltr'><strong>Deus</strong></span> <span class='ocrx_word' id='word_1_25' title='bbox 989 549 1211 619; x_wconf 80' lang='lat' dir='ltr'><strong>spiritus</strong></span> <span class='ocrx_word' id='word_1_26' title='bbox 1255 555 1368 612; x_wconf 91' lang='lat' dir='ltr'><strong>est,</strong></span> <span class='ocrx_word' id='word_1_27' title='bbox 1420 556 1475 601; x_wconf 92' lang='lat' dir='ltr'><strong>et</strong></span> <span class='ocrx_word' id='word_1_28' title='bbox 1520 546 1690 601; x_wconf 91' lang='lat' dir='ltr'><strong>solius</strong></span> <span class='ocrx_word' id='word_1_29' title='bbox 1735 546 1952 600; x_wconf 89' lang='lat' dir='ltr'><strong>virtutis</strong></span> <span class='ocrx_word' id='word_1_30' title='bbox 2000 543 2184 599; x_wconf 87' lang='lat' dir='ltr'><strong>haurit</strong></span> 
     </span>
    </p>
   </div>
   <div class='ocr_carea' id='block_1_6' title="bbox 593 637 2182 709">
    <p class='ocr_par' dir='ltr' id='par_1_6' title="bbox 593 637 2182 709">
     <span class='ocr_line' id='line_1_6' title="bbox 593 637 2182 709; baseline -0.007 -9"><span class='ocrx_word' id='word_1_31' title='bbox 593 646 838 709; x_wconf 92' lang='lat' dir='ltr'><strong>odorem,</strong></span> <span class='ocrx_word' id='word_1_32' title='bbox 868 652 921 699; x_wconf 90' lang='lat' dir='ltr'><strong>et</strong></span> <span class='ocrx_word' id='word_1_33' title='bbox 956 642 1069 697; x_wconf 90' lang='lat' dir='ltr'><strong>sola</strong></span> <span class='ocrx_word' id='word_1_34' title='bbox 1109 655 1320 695; x_wconf 87' lang='lat' dir='ltr'><strong>morum</strong></span> <span class='ocrx_word' id='word_1_35' title='bbox 1350 638 1480 693; x_wconf 86' lang='lat' dir='ltr'><strong>vitia</strong></span> <span class='ocrx_word' id='word_1_36' title='bbox 1511 638 1611 693; x_wconf 84' lang='lat' dir='ltr'><strong>sibi</strong></span> <span class='ocrx_word' id='word_1_37' title='bbox 1641 638 1881 693; x_wconf 78' lang='lat' dir='ltr'><strong>sordent.</strong></span> <span class='ocrx_word' id='word_1_38' title='bbox 1915 637 2020 693; x_wconf 90' lang='lat' dir='ltr'><strong>Ubi</strong></span> <span class='ocrx_word' id='word_1_39' title='bbox 2052 650 2182 707; x_wconf 86' lang='lat' dir='ltr'><strong>ergo</strong></span> 
     </span>
    </p>
   </div>
   <div class='ocr_carea' id='block_1_7' title="bbox 592 730 2182 801">
    <p class='ocr_par' dir='ltr' id='par_1_7' title="bbox 592 730 2182 801">
     <span class='ocr_line' id='line_1_7' title="bbox 592 730 2182 801; baseline -0.008 -7"><span class='ocrx_word' id='word_1_40' title='bbox 592 737 737 795; x_wconf 89' lang='lat' dir='ltr'><strong>Deus</strong></span> <span class='ocrx_word' id='word_1_41' title='bbox 775 736 914 790; x_wconf 89' lang='lat' dir='ltr'><strong>bona</strong></span> <span class='ocrx_word' id='word_1_42' title='bbox 949 735 1142 789; x_wconf 55' lang='lat' dir='ltr'><strong>animas</strong></span> <span class='ocrx_word' id='word_1_43' title='bbox 1180 733 1434 787; x_wconf 88' lang='lat' dir='ltr'><strong>universa</strong></span> <span class='ocrx_word' id='word_1_44' title='bbox 1472 740 1837 801; x_wconf 71' lang='lat' dir='ltr'><strong>congesserat,</strong></span> <span class='ocrx_word' id='word_1_45' title='bbox 1874 730 2182 784; x_wconf 78' lang='lat' dir='ltr'><strong>nullatenus</strong></span> 
     </span>
    </p>
   </div>
   <div class='ocr_carea' id='block_1_8' title="bbox 592 818 2177 895">
    <p class='ocr_par' dir='ltr' id='par_1_8' title="bbox 592 818 2177 895">
     <span class='ocr_line' id='line_1_8' title="bbox 592 818 2177 895; baseline -0.006 -13"><span class='ocrx_word' id='word_1_46' title='bbox 592 830 645 882; x_wconf 91' lang='lat' dir='ltr'><strong>in</strong></span> <span class='ocrx_word' id='word_1_47' title='bbox 679 823 886 895; x_wconf 88' lang='lat' dir='ltr'><strong>virgine</strong></span> <span class='ocrx_word' id='word_1_48' title='bbox 925 822 1279 894; x_wconf 80' lang='lat' dir='ltr'><strong>fragilitatem</strong></span> <span class='ocrx_word' id='word_1_49' title='bbox 1308 820 1612 890; x_wconf 85' lang='lat' dir='ltr'><strong>corpusculi</strong></span> <span class='ocrx_word' id='word_1_50' title='bbox 1645 820 1870 875; x_wconf 88' lang='lat' dir='ltr'><strong>horrere</strong></span> <span class='ocrx_word' id='word_1_51' title='bbox 1897 818 2177 874; x_wconf 91' lang='lat' dir='ltr'><strong>debuerat.</strong></span> 
     </span>
    </p>
   </div>
   <div class='ocr_carea' id='block_1_9' title="bbox 1209 910 1565 967">
    <p class='ocr_par' dir='ltr' id='par_1_9' title="bbox 1209 910 1565 967">
     <span class='ocr_line' id='line_1_9' title="bbox 1209 910 1565 967; baseline -0.008 0"><span class='ocrx_word' id='word_1_52' title='bbox 1209 910 1437 967; x_wconf 86' lang='lat' dir='ltr'><strong>CAPUT</strong></span> <span class='ocrx_word' id='word_1_53' title='bbox 1477 910 1565 965; x_wconf 85' lang='lat' dir='ltr'><strong>IV.</strong></span> 
     </span>
    </p>
   </div>
   <div class='ocr_carea' id='block_1_10' title="bbox 1253 1019 1514 1069">
    <p class='ocr_par' dir='ltr' id='par_1_10' title="bbox 1253 1019 1514 1069">
     <span class='ocr_line' id='line_1_10' title="bbox 1253 1019 1514 1069; baseline -0.011 -9"><span class='ocrx_word' id='word_1_54' title='bbox 1253 1019 1514 1069; x_wconf 71' lang='lat' dir='ltr'><strong>QUA-ZS&#39;I&#39;IO.</strong></span> 
     </span>
    </p>
   </div>
   <div class='ocr_carea' id='block_1_11' title="bbox 658 1096 2182 1167">
    <p class='ocr_par' dir='ltr' id='par_1_11' title="bbox 658 1096 2182 1167">
     <span class='ocr_line' id='line_1_11' title="bbox 658 1096 2182 1167; baseline -0.005 -11"><span class='ocrx_word' id='word_1_55' title='bbox 658 1101 767 1157; x_wconf 84' lang='lat' dir='ltr'><strong>Pro</strong></span> <span class='ocrx_word' id='word_1_56' title='bbox 792 1101 922 1156; x_wconf 80' lang='lat' dir='ltr'><strong>Filii</strong></span> <span class='ocrx_word' id='word_1_57' title='bbox 947 1101 1045 1156; x_wconf 86' lang='lat' dir='ltr'><strong>Dei</strong></span> <span class='ocrx_word' id='word_1_58' title='bbox 1066 1101 1431 1154; x_wconf 80' lang='lat' dir='ltr'><strong>incarnatione</strong></span> <span class='ocrx_word' id='word_1_59' title='bbox 1453 1106 1707 1167; x_wconf 85' lang='lat' dir='ltr'><strong>nequeunt</strong></span> <span class='ocrx_word' id='word_1_60' title='bbox 1736 1097 1969 1150; x_wconf 79' lang='lat' dir='ltr'><strong>homines</strong></span> <span class='ocrx_word' id='word_1_61' title='bbox 1995 1096 2182 1165; x_wconf 83' lang='lat' dir='ltr'><strong>dignas</strong></span> 
     </span>
    </p>
   </div>
   <div class='ocr_carea' id='block_1_12' title="bbox 584 1190 2179 1267">
    <p class='ocr_par' dir='ltr' id='par_1_12' title="bbox 584 1190 2179 1267">
     <span class='ocr_line' id='line_1_12' title="bbox 584 1190 2179 1267; baseline -0.004 -17"><span class='ocrx_word' id='word_1_62' title='bbox 584 1206 760 1267; x_wconf 84' lang='lat' dir='ltr'><strong>grates</strong></span> <span class='ocrx_word' id='word_1_63' title='bbox 791 1195 1091 1265; x_wconf 84' lang='lat' dir='ltr'><strong>rependere.</strong></span> <span class='ocrx_word' id='word_1_64' title='bbox 1120 1224 1188 1234; x_wconf 90' lang='lat'><strong><em>—</em></strong></span> <span class='ocrx_word' id='word_1_65' title='bbox 1211 1191 1345 1259; x_wconf 85' lang='lat' dir='ltr'><strong>Quis</strong></span> <span class='ocrx_word' id='word_1_66' title='bbox 1374 1207 1505 1246; x_wconf 88' lang='lat' dir='ltr'><strong>vero</strong></span> <span class='ocrx_word' id='word_1_67' title='bbox 1525 1207 1591 1249; x_wconf 79' lang='lat' dir='ltr'><strong>ex</strong></span> <span class='ocrx_word' id='word_1_68' title='bbox 1616 1192 1767 1245; x_wconf 86' lang='lat' dir='ltr'><strong>vobis</strong></span> <span class='ocrx_word' id='word_1_69' title='bbox 1802 1199 1975 1259; x_wconf 77' lang='lat' dir='ltr'><strong>potest</strong></span> <span class='ocrx_word' id='word_1_70' title='bbox 2011 1190 2179 1258; x_wconf 82' lang='lat' dir='ltr'><strong>ipsam</strong></span> 
     </span>
    </p>
   </div>
   <div class='ocr_carea' id='block_1_13' title="bbox 587 1284 2184 1358">
    <p class='ocr_par' dir='ltr' id='par_1_13' title="bbox 587 1284 2184 1358">
     <span class='ocr_line' id='line_1_13' title="bbox 587 1284 2184 1358; baseline -0.003 -18"><span class='ocrx_word' id='word_1_71' title='bbox 587 1288 849 1344; x_wconf 84' lang='lat' dir='ltr'><strong>feminam</strong></span> <span class='ocrx_word' id='word_1_72' title='bbox 882 1302 1109 1358; x_wconf 79' lang='lat' dir='ltr'><strong>arguere</strong></span> <span class='ocrx_word' id='word_1_73' title='bbox 1136 1287 1201 1341; x_wconf 91' lang='lat' dir='ltr'><strong>de</strong></span> <span class='ocrx_word' id='word_1_74' title='bbox 1231 1293 1455 1355; x_wconf 88' lang='lat' dir='ltr'><strong>peccato</strong></span> <span class='ocrx_word' id='word_1_75' title='bbox 1484 1285 1506 1337; x_wconf 87' lang='lat'><strong>?</strong></span> <span class='ocrx_word' id='word_1_76' title='bbox 1538 1286 1607 1339; x_wconf 91' lang='lat' dir='ltr'><strong>At</strong></span> <span class='ocrx_word' id='word_1_77' title='bbox 1633 1284 1887 1354; x_wconf 90' lang='lat' dir='ltr'><strong>quoniam</strong></span> <span class='ocrx_word' id='word_1_78' title='bbox 1922 1300 2027 1337; x_wconf 92' lang='lat' dir='ltr'><strong>non</strong></span> <span class='ocrx_word' id='word_1_79' title='bbox 2058 1299 2184 1352; x_wconf 88' lang='lat' dir='ltr'><strong>sup-</strong></span> 
     </span>
    </p>
   </div>
   <div class='ocr_carea' id='block_1_14' title="bbox 546 1374 2183 1452">
    <p class='ocr_par' dir='ltr' id='par_1_14' title="bbox 546 1374 2183 1452">
     <span class='ocr_line' id='line_1_14' title="bbox 546 1374 2183 1452; baseline -0.004 -17"><span class='ocrx_word' id='word_1_80' title='bbox 546 1374 549 1375; x_wconf 43' lang='grc'><strong><em>⁷</em></strong></span> <span class='ocrx_word' id='word_1_81' title='bbox 589 1382 731 1452; x_wconf 91' lang='lat' dir='ltr'><strong>petit</strong></span> <span class='ocrx_word' id='word_1_82' title='bbox 761 1382 901 1436; x_wconf 92' lang='lat' dir='ltr'><strong>unde</strong></span> <span class='ocrx_word' id='word_1_83' title='bbox 929 1388 1209 1451; x_wconf 80' lang='lat' dir='ltr'><strong>arguatur,</strong></span> <span class='ocrx_word' id='word_1_84' title='bbox 1236 1379 1349 1435; x_wconf 90' lang='lat' dir='ltr'><strong>sola</strong></span> <span class='ocrx_word' id='word_1_85' title='bbox 1381 1388 1584 1432; x_wconf 66' lang='lat' dir='ltr'><strong>natura:</strong></span> <span class='ocrx_word' id='word_1_86' title='bbox 1622 1387 1677 1432; x_wconf 92' lang='lat' dir='ltr'><strong>ct</strong></span> <span class='ocrx_word' id='word_1_87' title='bbox 1705 1392 1867 1432; x_wconf 76' lang='lat' dir='ltr'><strong>sexus</strong></span> <span class='ocrx_word' id='word_1_88' title='bbox 1893 1377 2183 1446; x_wconf 88' lang='lat' dir='ltr'><strong>indignitas</strong></span> 
     </span>
    </p>
   </div>
   <div class='ocr_carea' id='block_1_15' title="bbox 594 1470 2182 1541">
    <p class='ocr_par' dir='ltr' id='par_1_15' title="bbox 594 1470 2182 1541">
     <span class='ocr_line' id='line_1_15' title="bbox 594 1470 2182 1541; baseline -0.003 -14"><span class='ocrx_word' id='word_1_89' title='bbox 594 1473 653 1527; x_wconf 91' lang='lat' dir='ltr'><strong>in</strong></span> <span class='ocrx_word' id='word_1_90' title='bbox 684 1488 841 1528; x_wconf 88' lang='lat' dir='ltr'><strong>causa</strong></span> <span class='ocrx_word' id='word_1_91' title='bbox 872 1480 973 1527; x_wconf 92' lang='lat' dir='ltr'><strong>est.</strong></span> <span class='ocrx_word' id='word_1_92' title='bbox 998 1472 1055 1526; x_wconf 91' lang='lat' dir='ltr'><strong>Si</strong></span> <span class='ocrx_word' id='word_1_93' title='bbox 1088 1472 1229 1526; x_wconf 91' lang='lat' dir='ltr'><strong>Deus</strong></span> <span class='ocrx_word' id='word_1_94' title='bbox 1251 1471 1304 1524; x_wconf 91' lang='lat' dir='ltr'><strong>in</strong></span> <span class='ocrx_word' id='word_1_95' title='bbox 1328 1471 1548 1541; x_wconf 92' lang='lat' dir='ltr'><strong>propria</strong></span> <span class='ocrx_word' id='word_1_96' title='bbox 1578 1485 1807 1539; x_wconf 71' lang='lat' dir='ltr'><strong>persona</strong></span> <span class='ocrx_word' id='word_1_97' title='bbox 1836 1470 1904 1523; x_wconf 91' lang='lat' dir='ltr'><strong>ad</strong></span> <span class='ocrx_word' id='word_1_98' title='bbox 1936 1470 2182 1523; x_wconf 84' lang='lat' dir='ltr'><strong>homines</strong></span> 
     </span>
    </p>
   </div>
   <div class='ocr_carea' id='block_1_16' title="bbox 589 1561 2182 1634">
    <p class='ocr_par' dir='ltr' id='par_1_16' title="bbox 589 1561 2182 1634">
     <span class='ocr_line' id='line_1_16' title="bbox 589 1561 2182 1634; baseline -0.003 -14"><span class='ocrx_word' id='word_1_99' title='bbox 589 1563 985 1630; x_wconf 87' lang='lat' dir='ltr'><strong>descendisset,</strong></span> <span class='ocrx_word' id='word_1_100' title='bbox 1016 1572 1110 1618; x_wconf 89' lang='lat' dir='ltr'><strong>aut</strong></span> <span class='ocrx_word' id='word_1_101' title='bbox 1150 1578 1435 1634; x_wconf 89' lang='lat' dir='ltr'><strong>personam</strong></span> <span class='ocrx_word' id='word_1_102' title='bbox 1461 1563 1698 1632; x_wconf 84' lang='lat' dir='ltr'><strong>aliquam</strong></span> <span class='ocrx_word' id='word_1_103' title='bbox 1735 1563 1993 1627; x_wconf 76' lang='lat' dir='ltr'><strong>divinam,</strong></span> <span class='ocrx_word' id='word_1_104' title='bbox 2039 1561 2182 1615; x_wconf 90' lang='lat' dir='ltr'><strong>unde</strong></span> 
     </span>
    </p>
   </div>
   <div class='ocr_carea' id='block_1_17' title="bbox 590 1654 2180 1726">
    <p class='ocr_par' dir='ltr' id='par_1_17' title="bbox 590 1654 2180 1726">
     <span class='ocr_line' id='line_1_17' title="bbox 590 1654 2180 1726; baseline -0.001 -19"><span class='ocrx_word' id='word_1_105' title='bbox 590 1657 775 1710; x_wconf 88' lang='lat' dir='ltr'><strong>nescio</strong></span> <span class='ocrx_word' id='word_1_106' title='bbox 810 1670 916 1726; x_wconf 84' lang='lat' dir='ltr'><strong>quo</strong></span> <span class='ocrx_word' id='word_1_107' title='bbox 948 1655 1108 1711; x_wconf 90' lang='lat' dir='ltr'><strong>modo</strong></span> <span class='ocrx_word' id='word_1_108' title='bbox 1139 1666 1488 1721; x_wconf 88' lang='lat' dir='ltr'><strong>nasceretur,</strong></span> <span class='ocrx_word' id='word_1_109' title='bbox 1519 1656 1621 1710; x_wconf 88' lang='lat' dir='ltr'><strong>sibi</strong></span> <span class='ocrx_word' id='word_1_110' title='bbox 1653 1655 2023 1719; x_wconf 90' lang='lat' dir='ltr'><strong>adhibuisset,</strong></span> <span class='ocrx_word' id='word_1_111' title='bbox 2054 1654 2180 1708; x_wconf 89' lang='lat' dir='ltr'><strong>dmn</strong></span> 
     </span>
    </p>
   </div>
   <div class='ocr_carea' id='block_1_18' title="bbox 585 1746 2179 1818">
    <p class='ocr_par' dir='ltr' id='par_1_18' title="bbox 585 1746 2179 1818">
     <span class='ocr_line' id='line_1_18' title="bbox 585 1746 2179 1818; baseline 0 -17"><span class='ocrx_word' id='word_1_112' title='bbox 585 1746 689 1801; x_wconf 90' lang='lat' dir='ltr'><strong>sibi</strong></span> <span class='ocrx_word' id='word_1_113' title='bbox 722 1748 773 1801; x_wconf 93' lang='lat' dir='ltr'><strong>in</strong></span> <span class='ocrx_word' id='word_1_114' title='bbox 805 1747 949 1803; x_wconf 93' lang='lat' dir='ltr'><strong>nullo</strong></span> <span class='ocrx_word' id='word_1_115' title='bbox 980 1749 1046 1802; x_wconf 93' lang='lat' dir='ltr'><strong>de</strong></span> <span class='ocrx_word' id='word_1_116' title='bbox 1084 1763 1182 1803; x_wconf 89' lang='lat' dir='ltr'><strong>sua</strong></span> <span class='ocrx_word' id='word_1_117' title='bbox 1224 1749 1518 1818; x_wconf 90' lang='lat' dir='ltr'><strong>quidquam</strong></span> <span class='ocrx_word' id='word_1_118' title='bbox 1562 1746 1845 1815; x_wconf 85' lang='lat' dir='ltr'><strong>majestate</strong></span> <span class='ocrx_word' id='word_1_119' title='bbox 1877 1748 2179 1811; x_wconf 86' lang='lat' dir='ltr'><strong>minuisset,</strong></span> 
     </span>
    </p>
   </div>
   <div class='ocr_carea' id='block_1_19' title="bbox 584 1839 2181 1910">
    <p class='ocr_par' dir='ltr' id='par_1_19' title="bbox 584 1839 2181 1910">
     <span class='ocr_line' id='line_1_19' title="bbox 584 1839 2181 1910; baseline -0.003 -15"><span class='ocrx_word' id='word_1_120' title='bbox 584 1840 717 1895; x_wconf 88' lang='lat' dir='ltr'><strong>satis</strong></span> <span class='ocrx_word' id='word_1_121' title='bbox 747 1840 1049 1895; x_wconf 90' lang='lat' dir='ltr'><strong>mediocres</strong></span> <span class='ocrx_word' id='word_1_122' title='bbox 1091 1842 1159 1895; x_wconf 91' lang='lat' dir='ltr'><strong>ab</strong></span> <span class='ocrx_word' id='word_1_123' title='bbox 1191 1840 1502 1895; x_wconf 90' lang='lat' dir='ltr'><strong>hominibus</strong></span> <span class='ocrx_word' id='word_1_124' title='bbox 1532 1839 1734 1910; x_wconf 85' lang='lat' dir='ltr'><strong>gratias</strong></span> <span class='ocrx_word' id='word_1_125' title='bbox 1768 1841 2078 1893; x_wconf 89' lang='lat' dir='ltr'><strong>meruisset.</strong></span> <span class='ocrx_word' id='word_1_126' title='bbox 2113 1840 2181 1892; x_wconf 85' lang='lat' dir='ltr'><strong>At</strong></span> 
     </span>
    </p>
   </div>
   <div class='ocr_carea' id='block_1_20' title="bbox 585 1931 2183 2004">
    <p class='ocr_par' dir='ltr' id='par_1_20' title="bbox 585 1931 2183 2004">
     <span class='ocr_line' id='line_1_20' title="bbox 585 1931 2183 2004; baseline -0.001 -19"><span class='ocrx_word' id='word_1_127' title='bbox 585 1933 715 2004; x_wconf 88' lang='lat' dir='ltr'><strong>quia</strong></span> <span class='ocrx_word' id='word_1_128' title='bbox 760 1941 930 1987; x_wconf 92' lang='lat' dir='ltr'><strong>totum</strong></span> <span class='ocrx_word' id='word_1_129' title='bbox 970 1948 1068 2003; x_wconf 88' lang='lat' dir='ltr'><strong>pro</strong></span> <span class='ocrx_word' id='word_1_130' title='bbox 1097 1949 1285 1989; x_wconf 91' lang='lat' dir='ltr'><strong>eorum</strong></span> <span class='ocrx_word' id='word_1_131' title='bbox 1314 1949 1374 1988; x_wconf 91' lang='lat' dir='ltr'><strong>se</strong></span> <span class='ocrx_word' id='word_1_132' title='bbox 1405 1932 1633 1987; x_wconf 91' lang='lat' dir='ltr'><strong>contulit</strong></span> <span class='ocrx_word' id='word_1_133' title='bbox 1662 1931 1858 1995; x_wconf 85' lang='lat' dir='ltr'><strong>salute,</strong></span> <span class='ocrx_word' id='word_1_134' title='bbox 1892 1931 2183 1986; x_wconf 87' lang='lat' dir='ltr'><strong>humilitati</strong></span> 
     </span>
    </p>
   </div>
   <div class='ocr_carea' id='block_1_21' title="bbox 584 2024 2185 2095">
    <p class='ocr_par' dir='ltr' id='par_1_21' title="bbox 584 2024 2185 2095">
     <span class='ocr_line' id='line_1_21' title="bbox 584 2024 2185 2095; baseline -0.002 -16"><span class='ocrx_word' id='word_1_135' title='bbox 584 2033 636 2079; x_wconf 92' lang='lat' dir='ltr'><strong>et</strong></span> <span class='ocrx_word' id='word_1_136' title='bbox 666 2025 856 2093; x_wconf 81' lang='lat' dir='ltr'><strong>gratiae</strong></span> <span class='ocrx_word' id='word_1_137' title='bbox 876 2067 891 2091; x_wconf 95' lang='lat'><strong>,</strong></span> <span class='ocrx_word' id='word_1_138' title='bbox 929 2041 1036 2081; x_wconf 91' lang='lat' dir='ltr'><strong>non</strong></span> <span class='ocrx_word' id='word_1_139' title='bbox 1067 2034 1150 2080; x_wconf 89' lang='lat' dir='ltr'><strong>est</strong></span> <span class='ocrx_word' id='word_1_140' title='bbox 1178 2025 1320 2095; x_wconf 91' lang='lat' dir='ltr'><strong>quod</strong></span> <span class='ocrx_word' id='word_1_141' title='bbox 1351 2025 1514 2079; x_wconf 91' lang='lat' dir='ltr'><strong>homo</strong></span> <span class='ocrx_word' id='word_1_142' title='bbox 1540 2024 1709 2093; x_wconf 82' lang='lat' dir='ltr'><strong>possit</strong></span> <span class='ocrx_word' id='word_1_143' title='bbox 1743 2024 1960 2091; x_wconf 87' lang='lat' dir='ltr'><strong>dignutn</strong></span> <span class='ocrx_word' id='word_1_144' title='bbox 1993 2036 2185 2093; x_wconf 89' lang='lat' dir='ltr'><strong>repen-</strong></span> 
     </span>
    </p>
   </div>
   <div class='ocr_carea' id='block_1_22' title="bbox 582 2115 2182 2191">
    <p class='ocr_par' dir='ltr' id='par_1_22' title="bbox 582 2115 2182 2191">
     <span class='ocr_line' id='line_1_22' title="bbox 582 2115 2182 2191; baseline -0.003 -19"><span class='ocrx_word' id='word_1_145' title='bbox 582 2117 732 2173; x_wconf 89' lang='lat' dir='ltr'><strong>dere.</strong></span> <span class='ocrx_word' id='word_1_146' title='bbox 774 2116 892 2173; x_wconf 85' lang='lat' dir='ltr'><strong>Non</strong></span> <span class='ocrx_word' id='word_1_147' title='bbox 936 2118 1038 2174; x_wconf 88' lang='lat' dir='ltr'><strong>fuit</strong></span> <span class='ocrx_word' id='word_1_148' title='bbox 1076 2118 1219 2191; x_wconf 82' lang='lat' dir='ltr'><strong>quod</strong></span> <span class='ocrx_word' id='word_1_149' title='bbox 1262 2117 1536 2173; x_wconf 85' lang='lat' dir='ltr'><strong>hominem</strong></span> <span class='ocrx_word' id='word_1_150' title='bbox 1576 2117 1750 2187; x_wconf 87' lang='lat' dir='ltr'><strong>magis</strong></span> <span class='ocrx_word' id='word_1_151' title='bbox 1793 2116 2057 2185; x_wconf 90' lang='lat' dir='ltr'><strong>potuisset</strong></span> <span class='ocrx_word' id='word_1_152' title='bbox 2103 2115 2182 2170; x_wconf 87' lang='lat' dir='ltr'><strong>in-</strong></span> 
     </span>
    </p>
   </div>
   <div class='ocr_carea' id='block_1_23' title="bbox 546 2210 815 2269">
    <p class='ocr_par' dir='ltr' id='par_1_23' title="bbox 546 2210 815 2269">
     <span class='ocr_line' id='line_1_23' title="bbox 546 2210 815 2269; baseline -0.015 0"><span class='ocrx_word' id='word_1_153' title='bbox 546 2210 549 2211; x_wconf 55' lang='grc'><strong><em>⁷</em></strong></span> <span class='ocrx_word' id='word_1_154' title='bbox 580 2219 815 2269; x_wconf 76' lang='lat' dir='ltr'><strong>struere.</strong></span> 
     </span>
    </p>
   </div>
   <div class='ocr_carea' id='block_1_24' title="bbox 1080 2319 1693 2367">
    <p class='ocr_par' dir='ltr' id='par_1_24' title="bbox 1080 2319 1693 2367">
     <span class='ocr_line' id='line_1_24' title="bbox 1080 2319 1693 2367; baseline -0.005 -8"><span class='ocrx_word' id='word_1_155' title='bbox 1080 2319 1306 2360; x_wconf 81' lang='lat' dir='ltr'><strong>SOLUTIO</strong></span> <span class='ocrx_word' id='word_1_156' title='bbox 1341 2319 1693 2367; x_wconf 73' lang='lat' dir='ltr'><strong>QU.£STIONIS.</strong></span> 
     </span>
    </p>
   </div>
   <div class='ocr_carea' id='block_1_25' title="bbox 654 2394 2180 2467">
    <p class='ocr_par' dir='ltr' id='par_1_25' title="bbox 654 2394 2180 2467">
     <span class='ocr_line' id='line_1_25' title="bbox 654 2394 2180 2467; baseline -0.002 -18"><span class='ocrx_word' id='word_1_157' title='bbox 654 2395 909 2451; x_wconf 78' lang='lat' dir='ltr'><strong>Humana</strong></span> <span class='ocrx_word' id='word_1_158' title='bbox 942 2397 1111 2467; x_wconf 77' lang='lat' dir='ltr'><strong>specie</strong></span> <span class='ocrx_word' id='word_1_159' title='bbox 1141 2396 1283 2451; x_wconf 90' lang='lat' dir='ltr'><strong>Deus</strong></span> <span class='ocrx_word' id='word_1_160' title='bbox 1308 2397 1724 2467; x_wconf 79' lang='lat' dir='ltr'><strong>apparuitJnde</strong></span> <span class='ocrx_word' id='word_1_161' title='bbox 1748 2394 2012 2450; x_wconf 83' lang='lat' dir='ltr'><strong>concludit</strong></span> <span class='ocrx_word' id='word_1_162' title='bbox 2035 2394 2180 2448; x_wconf 80' lang='lat' dir='ltr'><strong>haud</strong></span> 
     </span>
    </p>
   </div>
   <div class='ocr_carea' id='block_1_26' title="bbox 584 2488 2182 2560">
    <p class='ocr_par' dir='ltr' id='par_1_26' title="bbox 584 2488 2182 2560">
     <span class='ocr_line' id='line_1_26' title="bbox 584 2488 2182 2560; baseline -0.001 -15"><span class='ocrx_word' id='word_1_163' title='bbox 584 2490 894 2556; x_wconf 80' lang='lat' dir='ltr'><strong>absurdum,</strong></span> <span class='ocrx_word' id='word_1_164' title='bbox 916 2489 1083 2543; x_wconf 87' lang='lat' dir='ltr'><strong>Deum</strong></span> <span class='ocrx_word' id='word_1_165' title='bbox 1107 2506 1294 2560; x_wconf 84' lang='lat' dir='ltr'><strong>corpus</strong></span> <span class='ocrx_word' id='word_1_166' title='bbox 1314 2491 1604 2543; x_wconf 87' lang='lat' dir='ltr'><strong>humanum</strong></span> <span class='ocrx_word' id='word_1_167' title='bbox 1628 2490 1877 2544; x_wconf 80' lang='lat' dir='ltr'><strong>induisse.</strong></span> <span class='ocrx_word' id='word_1_168' title='bbox 1900 2520 1972 2529; x_wconf 93' lang='lat'><strong><em>—</em></strong></span> <span class='ocrx_word' id='word_1_169' title='bbox 1991 2488 2182 2544; x_wconf 81' lang='lat' dir='ltr'><strong>Nonne</strong></span> 
     </span>
    </p>
   </div>
   <div class='ocr_carea' id='block_1_27' title="bbox 584 2581 2180 2653">
    <p class='ocr_par' dir='ltr' id='par_1_27' title="bbox 584 2581 2180 2653">
     <span class='ocr_line' id='line_1_27' title="bbox 584 2581 2180 2653; baseline -0.003 -17"><span class='ocrx_word' id='word_1_170' title='bbox 584 2582 727 2637; x_wconf 88' lang='lat' dir='ltr'><strong>Deus</strong></span> <span class='ocrx_word' id='word_1_171' title='bbox 759 2582 812 2636; x_wconf 93' lang='lat' dir='ltr'><strong>in</strong></span> <span class='ocrx_word' id='word_1_172' title='bbox 845 2583 1015 2637; x_wconf 90' lang='lat' dir='ltr'><strong>veteri</strong></span> <span class='ocrx_word' id='word_1_173' title='bbox 1061 2590 1147 2635; x_wconf 90' lang='lat' dir='ltr'><strong>tua</strong></span> <span class='ocrx_word' id='word_1_174' title='bbox 1193 2581 1309 2653; x_wconf 83' lang='lat' dir='ltr'><strong>lege</strong></span> <span class='ocrx_word' id='word_1_175' title='bbox 1339 2581 1437 2636; x_wconf 89' lang='lat' dir='ltr'><strong>sub</strong></span> <span class='ocrx_word' id='word_1_176' title='bbox 1478 2581 1717 2636; x_wconf 89' lang='lat' dir='ltr'><strong>humana</strong></span> <span class='ocrx_word' id='word_1_177' title='bbox 1754 2582 1933 2651; x_wconf 87' lang='lat' dir='ltr'><strong>specie</strong></span> <span class='ocrx_word' id='word_1_178' title='bbox 1972 2581 2026 2634; x_wconf 92' lang='lat' dir='ltr'><strong>in</strong></span> <span class='ocrx_word' id='word_1_179' title='bbox 2053 2596 2180 2633; x_wconf 90' lang='lat' dir='ltr'><strong>eon-</strong></span> 
     </span>
    </p>
   </div>
   <div class='ocr_carea' id='block_1_28' title="bbox 585 2669 2172 2745">
    <p class='ocr_par' dir='ltr' id='par_1_28' title="bbox 585 2669 2172 2745">
     <span class='ocr_line' id='line_1_28' title="bbox 585 2669 2172 2745; baseline -0.001 -17"><span class='ocrx_word' id='word_1_180' title='bbox 585 2676 715 2729; x_wconf 74' lang='lat' dir='ltr'><strong>valli</strong></span> <span class='ocrx_word' id='word_1_181' title='bbox 747 2675 989 2729; x_wconf 84' lang='lat' dir='ltr'><strong>Mambre</strong></span> <span class='ocrx_word' id='word_1_182' title='bbox 1013 2675 1250 2729; x_wconf 65' lang='lat' dir='ltr'><strong>Abrahae</strong></span> <span class='ocrx_word' id='word_1_183' title='bbox 1285 2673 1585 2744; x_wconf 83' lang='lat' dir='ltr'><strong>apparuit?</strong></span> <span class='ocrx_word' id='word_1_184' title='bbox 1623 2669 1775 2745; x_wconf 82' lang='lat' dir='ltr'><strong>(Gen.</strong></span> <span class='ocrx_word' id='word_1_185' title='bbox 1810 2689 1966 2738; x_wconf 78' lang='lat' dir='ltr'><strong>xvm,</strong></span> <span class='ocrx_word' id='word_1_186' title='bbox 2004 2674 2079 2741; x_wconf 86' lang='lat' dir='ltr'><strong>l.)</strong></span> <span class='ocrx_word' id='word_1_187' title='bbox 2113 2672 2172 2726; x_wconf 72' lang='lat' dir='ltr'><strong>Et</strong></span> 
     </span>
    </p>
   </div>
   <div class='ocr_carea' id='block_1_29' title="bbox 578 2765 2179 2837">
    <p class='ocr_par' dir='ltr' id='par_1_29' title="bbox 578 2765 2179 2837">
     <span class='ocr_line' id='line_1_29' title="bbox 578 2765 2179 2837; baseline 0 -19"><span class='ocrx_word' id='word_1_188' title='bbox 578 2768 670 2837; x_wconf 86' lang='lat' dir='ltr'><strong>qui</strong></span> <span class='ocrx_word' id='word_1_189' title='bbox 715 2767 899 2821; x_wconf 86' lang='lat' dir='ltr'><strong>vestiri</strong></span> <span class='ocrx_word' id='word_1_190' title='bbox 959 2776 1141 2821; x_wconf 90' lang='lat' dir='ltr'><strong>nostra</strong></span> <span class='ocrx_word' id='word_1_191' title='bbox 1182 2766 1247 2819; x_wconf 92' lang='lat' dir='ltr'><strong>ad</strong></span> <span class='ocrx_word' id='word_1_192' title='bbox 1293 2766 1483 2820; x_wconf 89' lang='lat' dir='ltr'><strong>horam</strong></span> <span class='ocrx_word' id='word_1_193' title='bbox 1534 2766 1768 2835; x_wconf 77' lang='lat' dir='ltr'><strong>imagine</strong></span> <span class='ocrx_word' id='word_1_194' title='bbox 1809 2765 1968 2819; x_wconf 89' lang='lat' dir='ltr'><strong>uuitts</strong></span> <span class='ocrx_word' id='word_1_195' title='bbox 2014 2778 2179 2818; x_wconf 83' lang='lat' dir='ltr'><strong>causa</strong></span> 
     </span>
    </p>
   </div>
   <div class='ocr_carea' id='block_1_30' title="bbox 585 2857 2179 2930">
    <p class='ocr_par' dir='ltr' id='par_1_30' title="bbox 585 2857 2179 2930">
     <span class='ocr_line' id='line_1_30' title="bbox 585 2857 2179 2930; baseline -0.004 -15"><span class='ocrx_word' id='word_1_196' title='bbox 585 2863 823 2916; x_wconf 81' lang='lat' dir='ltr'><strong>hominis</strong></span> <span class='ocrx_word' id='word_1_197' title='bbox 860 2860 1056 2926; x_wconf 88' lang='lat' dir='ltr'><strong>voluit,</strong></span> <span class='ocrx_word' id='word_1_198' title='bbox 1101 2860 1156 2914; x_wconf 94' lang='lat' dir='ltr'><strong>id</strong></span> <span class='ocrx_word' id='word_1_199' title='bbox 1192 2859 1374 2915; x_wconf 86' lang='lat' dir='ltr'><strong>facere</strong></span> <span class='ocrx_word' id='word_1_200' title='bbox 1410 2858 1733 2930; x_wconf 87' lang='lat' dir='ltr'><strong>quandoque</strong></span> <span class='ocrx_word' id='word_1_201' title='bbox 1774 2857 2042 2912; x_wconf 78' lang='lat' dir='ltr'><strong>veraciter</strong></span> <span class='ocrx_word' id='word_1_202' title='bbox 2084 2870 2179 2925; x_wconf 87' lang='lat' dir='ltr'><strong>pro</strong></span> 
     </span>
    </p>
   </div>
   <div class='ocr_carea' id='block_1_31' title="bbox 584 2952 2177 3025">
    <p class='ocr_par' dir='ltr' id='par_1_31' title="bbox 584 2952 2177 3025">
     <span class='ocr_line' id='line_1_31' title="bbox 584 2952 2177 3025; baseline -0.003 -16"><span class='ocrx_word' id='word_1_203' title='bbox 584 2969 697 3010; x_wconf 71' lang='lat' dir='ltr'><strong>sua)</strong></span> <span class='ocrx_word' id='word_1_204' title='bbox 732 2955 980 3025; x_wconf 89' lang='lat' dir='ltr'><strong>imaginis</strong></span> <span class='ocrx_word' id='word_1_205' title='bbox 1015 2954 1190 3010; x_wconf 85' lang='lat' dir='ltr'><strong>salute</strong></span> <span class='ocrx_word' id='word_1_206' title='bbox 1218 2970 1325 3010; x_wconf 91' lang='lat' dir='ltr'><strong>non</strong></span> <span class='ocrx_word' id='word_1_207' title='bbox 1358 2953 1545 3010; x_wconf 84' lang='lat' dir='ltr'><strong>debuit</strong></span> <span class='ocrx_word' id='word_1_208' title='bbox 1567 2954 1590 3007; x_wconf 89' lang='lat'><strong>?</strong></span> <span class='ocrx_word' id='word_1_209' title='bbox 1616 2952 1847 3008; x_wconf 89' lang='lat' dir='ltr'><strong>Tantum</strong></span> <span class='ocrx_word' id='word_1_210' title='bbox 1879 2968 2010 3007; x_wconf 88' lang='lat' dir='ltr'><strong>sane</strong></span> <span class='ocrx_word' id='word_1_211' title='bbox 2037 2966 2177 3021; x_wconf 81' lang='lat' dir='ltr'><strong>prac-</strong></span> 
     </span>
    </p>
   </div>
   <div class='ocr_carea' id='block_1_32' title="bbox 581 3040 2178 3116">
    <p class='ocr_par' dir='ltr' id='par_1_32' title="bbox 581 3040 2178 3116">
     <span class='ocr_line' id='line_1_32' title="bbox 581 3040 2178 3116; baseline -0.003 -15"><span class='ocrx_word' id='word_1_212' title='bbox 581 3046 782 3101; x_wconf 89' lang='lat' dir='ltr'><strong>cellere</strong></span> <span class='ocrx_word' id='word_1_213' title='bbox 818 3045 1107 3115; x_wconf 84' lang='lat' dir='ltr'><strong>specialem</strong></span> <span class='ocrx_word' id='word_1_214' title='bbox 1142 3046 1405 3101; x_wconf 86' lang='lat' dir='ltr'><strong>debuerat</strong></span> <span class='ocrx_word' id='word_1_215' title='bbox 1440 3044 1646 3100; x_wconf 89' lang='lat' dir='ltr'><strong>utilitas</strong></span> <span class='ocrx_word' id='word_1_216' title='bbox 1676 3042 1959 3116; x_wconf 81' lang='lat' dir='ltr'><strong>generalis.</strong></span> <span class='ocrx_word' id='word_1_217' title='bbox 1991 3040 2178 3096; x_wconf 81' lang='lat' dir='ltr'><strong>Nonne</strong></span> 
     </span>
    </p>
   </div>
   <div class='ocr_carea' id='block_1_33' title="bbox 2290 539 3800 617">
    <p class='ocr_par' dir='ltr' id='par_1_33' title="bbox 2290 539 3800 617">
     <span class='ocr_line' id='line_1_33' title="bbox 2290 539 3800 617; baseline 0.011 -22"><span class='ocrx_word' id='word_1_218' title='bbox 2290 539 2487 595; x_wconf 89' lang='lat' dir='ltr'><strong>dicitur</strong></span> <span class='ocrx_word' id='word_1_219' title='bbox 2541 543 2684 612; x_wconf 92' lang='lat' dir='ltr'><strong>quod</strong></span> <span class='ocrx_word' id='word_1_220' title='bbox 2732 543 2930 613; x_wconf 88' lang='lat' dir='ltr'><strong>impius</strong></span> <span class='ocrx_word' id='word_1_221' title='bbox 2973 545 3059 599; x_wconf 88' lang='lat' dir='ltr'><strong>hic</strong></span> <span class='ocrx_word' id='word_1_222' title='bbox 3092 544 3295 609; x_wconf 90' lang='lat' dir='ltr'><strong>fueris,</strong></span> <span class='ocrx_word' id='word_1_223' title='bbox 3339 547 3381 599; x_wconf 92' lang='lat' dir='ltr'><strong>si</strong></span> <span class='ocrx_word' id='word_1_224' title='bbox 3424 548 3536 616; x_wconf 78' lang='lat' dir='ltr'><strong>pius</strong></span> <span class='ocrx_word' id='word_1_225' title='bbox 3561 557 3800 617; x_wconf 79' lang='lat' dir='ltr'><strong>csscvelis.</strong></span> 
     </span>
    </p>
   </div>
   <div class='ocr_carea' id='block_1_34' title="bbox 2286 631 3802 719">
    <p class='ocr_par' dir='ltr' id='par_1_34' title="bbox 2286 631 3802 719">
     <span class='ocr_line' id='line_1_34' title="bbox 2286 631 3802 719; baseline 0.011 -32"><span class='ocrx_word' id='word_1_226' title='bbox 2286 631 2465 700; x_wconf 86' lang='lat' dir='ltr'><strong>Quare</strong></span> <span class='ocrx_word' id='word_1_227' title='bbox 2489 636 2605 690; x_wconf 86' lang='lat' dir='ltr'><strong>zelo</strong></span> <span class='ocrx_word' id='word_1_228' title='bbox 2640 638 2944 692; x_wconf 80' lang='lat' dir='ltr'><strong>vehementi</strong></span> <span class='ocrx_word' id='word_1_229' title='bbox 2976 655 3081 692; x_wconf 91' lang='lat' dir='ltr'><strong>non</strong></span> <span class='ocrx_word' id='word_1_230' title='bbox 3105 639 3306 693; x_wconf 68' lang='lat' dir='ltr'><strong>eil‘erar</strong></span> <span class='ocrx_word' id='word_1_231' title='bbox 3329 640 3460 709; x_wconf 69' lang='lat'><strong>(22),</strong></span> <span class='ocrx_word' id='word_1_232' title='bbox 3495 660 3605 697; x_wconf 86' lang='lat' dir='ltr'><strong>cum</strong></span> <span class='ocrx_word' id='word_1_233' title='bbox 3629 649 3802 719; x_wconf 84' lang='lat' dir='ltr'><strong>videam,</strong></span> 
     </span>
    </p>
   </div>
   <div class='ocr_carea' id='block_1_35' title="bbox 2285 729 3802 809">
    <p class='ocr_par' dir='ltr' id='par_1_35' title="bbox 2285 729 3802 809">
     <span class='ocr_line' id='line_1_35' title="bbox 2285 729 3802 809; baseline 0.009 -27"><span class='ocrx_word' id='word_1_234' title='bbox 2285 741 2380 782; x_wconf 86' lang='lat' dir='ltr'><strong>eos</strong></span> <span class='ocrx_word' id='word_1_235' title='bbox 2417 729 2508 798; x_wconf 87' lang='lat' dir='ltr'><strong>qui</strong></span> <span class='ocrx_word' id='word_1_236' title='bbox 2539 729 2787 801; x_wconf 87' lang='lat' dir='ltr'><strong>conjttgia</strong></span> <span class='ocrx_word' id='word_1_237' title='bbox 2835 732 3199 802; x_wconf 85' lang='lat' dir='ltr'><strong>pulcherrima</strong></span> <span class='ocrx_word' id='word_1_238' title='bbox 3243 742 3299 786; x_wconf 89' lang='lat' dir='ltr'><strong>et</strong></span> <span class='ocrx_word' id='word_1_239' title='bbox 3344 734 3557 789; x_wconf 89' lang='lat' dir='ltr'><strong>honesta</strong></span> <span class='ocrx_word' id='word_1_240' title='bbox 3591 738 3802 809; x_wconf 85' lang='lat' dir='ltr'><strong>deserunt,</strong></span> 
     </span>
    </p>
   </div>
   <div class='ocr_carea' id='block_1_36' title="bbox 2285 823 3806 904">
    <p class='ocr_par' dir='ltr' id='par_1_36' title="bbox 2285 823 3806 904">
     <span class='ocr_line' id='line_1_36' title="bbox 2285 823 3806 904; baseline 0.009 -29"><span class='ocrx_word' id='word_1_241' title='bbox 2285 829 2340 875; x_wconf 88' lang='lat' dir='ltr'><strong>et</strong></span> <span class='ocrx_word' id='word_1_242' title='bbox 2377 836 2514 876; x_wconf 89' lang='lat' dir='ltr'><strong>anus</strong></span> <span class='ocrx_word' id='word_1_243' title='bbox 2559 823 2722 877; x_wconf 89' lang='lat' dir='ltr'><strong>etiam</strong></span> <span class='ocrx_word' id='word_1_244' title='bbox 2771 823 2872 899; x_wconf 88' lang='lat' dir='ltr'><strong>sub</strong></span> <span class='ocrx_word' id='word_1_245' title='bbox 2919 826 3130 880; x_wconf 89' lang='lat' dir='ltr'><strong>maritis</strong></span> <span class='ocrx_word' id='word_1_246' title='bbox 3169 835 3433 894; x_wconf 82' lang='lat' dir='ltr'><strong>agentes,</strong></span> <span class='ocrx_word' id='word_1_247' title='bbox 3465 827 3663 899; x_wconf 75' lang='lat' dir='ltr'><strong>jamque</strong></span> <span class='ocrx_word' id='word_1_248' title='bbox 3693 850 3806 904; x_wconf 83' lang='lat' dir='ltr'><strong>rugo-</strong></span> 
     </span>
    </p>
   </div>
   <div class='ocr_carea' id='block_1_37' title="bbox 2287 911 3807 990">
    <p class='ocr_par' dir='ltr' id='par_1_37' title="bbox 2287 911 3807 990">
     <span class='ocr_line' id='line_1_37' title="bbox 2287 911 3807 990; baseline 0.009 -21"><span class='ocrx_word' id='word_1_249' title='bbox 2287 911 2528 969; x_wconf 88' lang='lat' dir='ltr'><strong>sissimas</strong></span> <span class='ocrx_word' id='word_1_250' title='bbox 2569 925 2936 979; x_wconf 89' lang='lat' dir='ltr'><strong>assectantur,</strong></span> <span class='ocrx_word' id='word_1_251' title='bbox 2991 919 3043 971; x_wconf 92' lang='lat' dir='ltr'><strong>in</strong></span> <span class='ocrx_word' id='word_1_252' title='bbox 3093 935 3325 988; x_wconf 86' lang='lat' dir='ltr'><strong>quarum</strong></span> <span class='ocrx_word' id='word_1_253' title='bbox 3370 936 3575 990; x_wconf 84' lang='lat' dir='ltr'><strong>quoque</strong></span> <span class='ocrx_word' id='word_1_254' title='bbox 3611 923 3807 983; x_wconf 77' lang='lat' dir='ltr'><strong>abusione</strong></span> 
     </span>
    </p>
   </div>
   <div class='ocr_carea' id='block_1_38' title="bbox 2291 1011 3805 1087">
    <p class='ocr_par' dir='ltr' id='par_1_38' title="bbox 2291 1011 3805 1087">
     <span class='ocr_line' id='line_1_38' title="bbox 2291 1011 3805 1087; baseline 0.009 -29"><span class='ocrx_word' id='word_1_255' title='bbox 2291 1018 2681 1075; x_wconf 90' lang='lat' dir='ltr'><strong>germanorum</strong></span> <span class='ocrx_word' id='word_1_256' title='bbox 2744 1023 2965 1063; x_wconf 90' lang='lat' dir='ltr'><strong>suorum</strong></span> <span class='ocrx_word' id='word_1_257' title='bbox 3014 1011 3274 1064; x_wconf 80' lang='lat' dir='ltr'><strong>rivalitati</strong></span> <span class='ocrx_word' id='word_1_258' title='bbox 3323 1027 3425 1065; x_wconf 83' lang='lat' dir='ltr'><strong>non</strong></span> <span class='ocrx_word' id='word_1_259' title='bbox 3485 1026 3708 1081; x_wconf 90' lang='lat' dir='ltr'><strong>parcunt,</strong></span> <span class='ocrx_word' id='word_1_260' title='bbox 3744 1020 3805 1087; x_wconf 86' lang='lat' dir='ltr'><strong>qui</strong></span> 
     </span>
    </p>
   </div>
   <div class='ocr_carea' id='block_1_39' title="bbox 2285 1096 3809 1173">
    <p class='ocr_par' dir='ltr' id='par_1_39' title="bbox 2285 1096 3809 1173">
     <span class='ocr_line' id='line_1_39' title="bbox 2285 1096 3809 1173; baseline 0.01 -24"><span class='ocrx_word' id='word_1_261' title='bbox 2285 1096 2429 1150; x_wconf 83' lang='lat' dir='ltr'><strong>nulla</strong></span> <span class='ocrx_word' id='word_1_262' title='bbox 2480 1097 2802 1168; x_wconf 86' lang='lat' dir='ltr'><strong>desponsata</strong></span> <span class='ocrx_word' id='word_1_263' title='bbox 2856 1102 2965 1156; x_wconf 89' lang='lat' dir='ltr'><strong>Deo</strong></span> <span class='ocrx_word' id='word_1_264' title='bbox 3017 1113 3305 1165; x_wconf 89' lang='lat' dir='ltr'><strong>verentur,</strong></span> <span class='ocrx_word' id='word_1_265' title='bbox 3366 1104 3454 1173; x_wconf 93' lang='lat' dir='ltr'><strong>qui</strong></span> <span class='ocrx_word' id='word_1_266' title='bbox 3498 1106 3632 1160; x_wconf 90' lang='lat' dir='ltr'><strong>nullo</strong></span> <span class='ocrx_word' id='word_1_267' title='bbox 3676 1113 3809 1166; x_wconf 80' lang='lat' dir='ltr'><strong>studio</strong></span> 
     </span>
    </p>
   </div>
   <div class='ocr_carea' id='block_1_40' title="bbox 2288 1185 3807 1268">
    <p class='ocr_par' dir='ltr' id='par_1_40' title="bbox 2288 1185 3807 1268">
     <span class='ocr_line' id='line_1_40' title="bbox 2288 1185 3807 1268; baseline 0.011 -29"><span class='ocrx_word' id='word_1_268' title='bbox 2288 1185 2437 1249; x_wconf 82' lang='lat' dir='ltr'><strong>fidei,</strong></span> <span class='ocrx_word' id='word_1_269' title='bbox 2484 1189 2578 1242; x_wconf 87' lang='lat' dir='ltr'><strong>sed</strong></span> <span class='ocrx_word' id='word_1_270' title='bbox 2626 1191 2848 1260; x_wconf 85' lang='lat' dir='ltr'><strong>pcrjurii</strong></span> <span class='ocrx_word' id='word_1_271' title='bbox 2890 1203 2944 1246; x_wconf 90' lang='lat' dir='ltr'><strong>et</strong></span> <span class='ocrx_word' id='word_1_272' title='bbox 2992 1194 3319 1263; x_wconf 83' lang='lat' dir='ltr'><strong>proditionis</strong></span> <span class='ocrx_word' id='word_1_273' title='bbox 3355 1205 3598 1264; x_wconf 87' lang='lat' dir='ltr'><strong>aguntur,</strong></span> <span class='ocrx_word' id='word_1_274' title='bbox 3639 1215 3807 1268; x_wconf 86' lang='lat' dir='ltr'><strong>quorum</strong></span> 
     </span>
    </p>
   </div>
   <div class='ocr_carea' id='block_1_41' title="bbox 2286 1283 3809 1351">
    <p class='ocr_par' dir='ltr' id='par_1_41' title="bbox 2286 1283 3809 1351">
     <span class='ocr_line' id='line_1_41' title="bbox 2286 1283 3809 1351; baseline 0.011 -21"><span class='ocrx_word' id='word_1_275' title='bbox 2286 1288 2479 1348; x_wconf 24' lang='lat' dir='ltr'><strong>patres,</strong></span> <span class='ocrx_word' id='word_1_276' title='bbox 2506 1288 2640 1334; x_wconf 83' lang='lat' dir='ltr'><strong>etex</strong></span> <span class='ocrx_word' id='word_1_277' title='bbox 2662 1283 2860 1350; x_wconf 87' lang='lat' dir='ltr'><strong>quibus</strong></span> <span class='ocrx_word' id='word_1_278' title='bbox 2877 1284 2963 1337; x_wconf 89' lang='lat' dir='ltr'><strong>isti</strong></span> <span class='ocrx_word' id='word_1_279' title='bbox 2988 1294 3250 1339; x_wconf 76' lang='lat' dir='ltr'><strong>matertne</strong></span> <span class='ocrx_word' id='word_1_280' title='bbox 3274 1285 3546 1351; x_wconf 76' lang='lat' dir='ltr'><strong>Ecclesite,</strong></span> <span class='ocrx_word' id='word_1_281' title='bbox 3564 1290 3809 1347; x_wconf 85' lang='lat' dir='ltr'><strong>destructio-</strong></span> 
     </span>
    </p>
   </div>
   <div class='ocr_carea' id='block_1_42' title="bbox 2288 1369 3808 1445">
    <p class='ocr_par' dir='ltr' id='par_1_42' title="bbox 2288 1369 3808 1445">
     <span class='ocr_line' id='line_1_42' title="bbox 2288 1369 3808 1445; baseline 0.007 -23"><span class='ocrx_word' id='word_1_282' title='bbox 2288 1369 2449 1425; x_wconf 90' lang='lat' dir='ltr'><strong>nibtts</strong></span> <span class='ocrx_word' id='word_1_283' title='bbox 2478 1370 2817 1438; x_wconf 90' lang='lat' dir='ltr'><strong>institerunt,</strong></span> <span class='ocrx_word' id='word_1_284' title='bbox 2852 1376 2997 1429; x_wconf 86' lang='lat' dir='ltr'><strong>sacri</strong></span> <span class='ocrx_word' id='word_1_285' title='bbox 3022 1377 3234 1432; x_wconf 87' lang='lat' dir='ltr'><strong>ordinis</strong></span> <span class='ocrx_word' id='word_1_286' title='bbox 3278 1380 3455 1433; x_wconf 65' lang='lat' dir='ltr'><strong>cazdes</strong></span> <span class='ocrx_word' id='word_1_287' title='bbox 3487 1394 3724 1436; x_wconf 86' lang='lat' dir='ltr'><strong>amarunt.</strong></span> <span class='ocrx_word' id='word_1_288' title='bbox 3750 1382 3808 1445; x_wconf 82' lang='lat' dir='ltr'><strong>lli,</strong></span> 
     </span>
    </p>
   </div>
   <div class='ocr_carea' id='block_1_43' title="bbox 2288 1460 3810 1538">
    <p class='ocr_par' dir='ltr' id='par_1_43' title="bbox 2288 1460 3810 1538">
     <span class='ocr_line' id='line_1_43' title="bbox 2288 1460 3810 1538; baseline 0.009 -23"><span class='ocrx_word' id='word_1_289' title='bbox 2288 1460 2533 1532; x_wconf 85' lang='lat' dir='ltr'><strong>inquam,</strong></span> <span class='ocrx_word' id='word_1_290' title='bbox 2581 1468 2647 1521; x_wconf 90' lang='lat' dir='ltr'><strong>ad</strong></span> <span class='ocrx_word' id='word_1_291' title='bbox 2700 1470 2916 1536; x_wconf 86' lang='lat' dir='ltr'><strong>reprobi</strong></span> <span class='ocrx_word' id='word_1_292' title='bbox 2962 1485 3156 1525; x_wconf 83' lang='lat' dir='ltr'><strong>sensus</strong></span> <span class='ocrx_word' id='word_1_293' title='bbox 3197 1482 3545 1538; x_wconf 73' lang='lat' dir='ltr'><strong>augmentum</strong></span> <span class='ocrx_word' id='word_1_294' title='bbox 3589 1476 3647 1528; x_wconf 90' lang='lat' dir='ltr'><strong>de</strong></span> <span class='ocrx_word' id='word_1_295' title='bbox 3682 1477 3810 1529; x_wconf 85' lang='lat' dir='ltr'><strong>divina</strong></span> 
     </span>
    </p>
   </div>
   <div class='ocr_carea' id='block_1_44' title="bbox 2288 1553 3806 1636">
    <p class='ocr_par' dir='ltr' id='par_1_44' title="bbox 2288 1553 3806 1636">
     <span class='ocr_line' id='line_1_44' title="bbox 2288 1553 3806 1636; baseline 0.011 -29"><span class='ocrx_word' id='word_1_296' title='bbox 2288 1553 2569 1623; x_wconf 87' lang='lat' dir='ltr'><strong>disputant</strong></span> <span class='ocrx_word' id='word_1_297' title='bbox 2616 1560 2889 1627; x_wconf 85' lang='lat' dir='ltr'><strong>genitura,</strong></span> <span class='ocrx_word' id='word_1_298' title='bbox 2936 1572 2991 1616; x_wconf 91' lang='lat' dir='ltr'><strong>et</strong></span> <span class='ocrx_word' id='word_1_299' title='bbox 3036 1573 3322 1633; x_wconf 89' lang='lat' dir='ltr'><strong>assumpto</strong></span> <span class='ocrx_word' id='word_1_300' title='bbox 3363 1564 3649 1619; x_wconf 74' lang='lat' dir='ltr'><strong>Judteorum</strong></span> <span class='ocrx_word' id='word_1_301' title='bbox 3682 1577 3806 1636; x_wconf 87' lang='lat' dir='ltr'><strong>patro-</strong></span> 
     </span>
    </p>
   </div>
   <div class='ocr_carea' id='block_1_45' title="bbox 2288 1646 3809 1725">
    <p class='ocr_par' dir='ltr' id='par_1_45' title="bbox 2288 1646 3809 1725">
     <span class='ocr_line' id='line_1_45' title="bbox 2288 1646 3809 1725; baseline 0.01 -25"><span class='ocrx_word' id='word_1_302' title='bbox 2288 1646 2469 1711; x_wconf 90' lang='lat' dir='ltr'><strong>cinio,</strong></span> <span class='ocrx_word' id='word_1_303' title='bbox 2520 1664 2642 1703; x_wconf 89' lang='lat' dir='ltr'><strong>cum</strong></span> <span class='ocrx_word' id='word_1_304' title='bbox 2697 1651 2875 1722; x_wconf 89' lang='lat' dir='ltr'><strong>lingua</strong></span> <span class='ocrx_word' id='word_1_305' title='bbox 2926 1662 3114 1708; x_wconf 78' lang='lat' dir='ltr'><strong>eurum</strong></span> <span class='ocrx_word' id='word_1_306' title='bbox 3166 1656 3220 1709; x_wconf 90' lang='lat' dir='ltr'><strong>in</strong></span> <span class='ocrx_word' id='word_1_307' title='bbox 3284 1665 3430 1711; x_wconf 84' lang='lat' dir='ltr'><strong>terra</strong></span> <span class='ocrx_word' id='word_1_308' title='bbox 3476 1658 3740 1725; x_wconf 86' lang='lat' dir='ltr'><strong>transierit,</strong></span> <span class='ocrx_word' id='word_1_309' title='bbox 3775 1661 3809 1715; x_wconf 86' lang='lat' dir='ltr'><strong>in</strong></span> 
     </span>
    </p>
   </div>
   <div class='ocr_carea' id='block_1_46' title="bbox 2288 1738 3810 1820">
    <p class='ocr_par' dir='ltr' id='par_1_46' title="bbox 2288 1738 3810 1820">
     <span class='ocr_line' id='line_1_46' title="bbox 2288 1738 3810 1820; baseline 0.009 -28"><span class='ocrx_word' id='word_1_310' title='bbox 2288 1738 2485 1793; x_wconf 89' lang='lat' dir='ltr'><strong>coelum</strong></span> <span class='ocrx_word' id='word_1_311' title='bbox 2523 1738 2637 1807; x_wconf 90' lang='lat' dir='ltr'><strong>jam</strong></span> <span class='ocrx_word' id='word_1_312' title='bbox 2683 1756 2983 1812; x_wconf 88' lang='lat' dir='ltr'><strong>posuerunt</strong></span> <span class='ocrx_word' id='word_1_313' title='bbox 3022 1761 3116 1801; x_wconf 91' lang='lat' dir='ltr'><strong>ora</strong></span> <span class='ocrx_word' id='word_1_314' title='bbox 3159 1763 3258 1801; x_wconf 89' lang='lat' dir='ltr'><strong>sua</strong></span> <span class='ocrx_word' id='word_1_315' title='bbox 3292 1746 3466 1814; x_wconf 71' lang='lat' dir='ltr'><strong>(Psal.</strong></span> <span class='ocrx_word' id='word_1_316' title='bbox 3502 1766 3655 1815; x_wconf 78' lang='lat' dir='ltr'><strong>uxn,</strong></span> <span class='ocrx_word' id='word_1_317' title='bbox 3692 1751 3752 1820; x_wconf 86' lang='lat'><strong>9),</strong></span> <span class='ocrx_word' id='word_1_318' title='bbox 3774 1763 3810 1806; x_wconf 86' lang='lat' dir='ltr'><strong>et</strong></span> 
     </span>
    </p>
   </div>
   <div class='ocr_carea' id='block_1_47' title="bbox 2288 1834 3808 1915">
    <p class='ocr_par' dir='ltr' id='par_1_47' title="bbox 2288 1834 3808 1915">
     <span class='ocr_line' id='line_1_47' title="bbox 2288 1834 3808 1915; baseline 0.007 -30"><span class='ocrx_word' id='word_1_319' title='bbox 2288 1834 2587 1887; x_wconf 87' lang='lat' dir='ltr'><strong>secundum</strong></span> <span class='ocrx_word' id='word_1_320' title='bbox 2614 1839 2844 1892; x_wconf 88' lang='lat' dir='ltr'><strong>usitatas</strong></span> <span class='ocrx_word' id='word_1_321' title='bbox 2867 1840 3058 1893; x_wconf 88' lang='lat' dir='ltr'><strong>sordes</strong></span> <span class='ocrx_word' id='word_1_322' title='bbox 3079 1841 3382 1895; x_wconf 88' lang='lat' dir='ltr'><strong>metiuntur</strong></span> <span class='ocrx_word' id='word_1_323' title='bbox 3399 1843 3573 1896; x_wconf 85' lang='lat' dir='ltr'><strong>divina</strong></span> <span class='ocrx_word' id='word_1_324' title='bbox 3597 1845 3808 1915; x_wconf 79' lang='lat' dir='ltr'><strong>mysteria,</strong></span> 
     </span>
    </p>
   </div>
   <div class='ocr_carea' id='block_1_48' title="bbox 2288 1931 3805 2005">
    <p class='ocr_par' dir='ltr' id='par_1_48' title="bbox 2288 1931 3805 2005">
     <span class='ocr_line' id='line_1_48' title="bbox 2288 1931 3805 2005; baseline 0.008 -28"><span class='ocrx_word' id='word_1_325' title='bbox 2288 1934 2343 1979; x_wconf 93' lang='lat' dir='ltr'><strong>ct</strong></span> <span class='ocrx_word' id='word_1_326' title='bbox 2364 1940 2485 1979; x_wconf 92' lang='lat' dir='ltr'><strong>cum</strong></span> <span class='ocrx_word' id='word_1_327' title='bbox 2518 1937 2741 1996; x_wconf 89' lang='lat' dir='ltr'><strong>putorcs</strong></span> <span class='ocrx_word' id='word_1_328' title='bbox 2763 1931 3078 1986; x_wconf 75' lang='lat' dir='ltr'><strong>exercitata:</strong></span> <span class='ocrx_word' id='word_1_329' title='bbox 3100 1932 3345 1988; x_wconf 87' lang='lat' dir='ltr'><strong>libidinis</strong></span> <span class='ocrx_word' id='word_1_330' title='bbox 3373 1934 3605 1988; x_wconf 80' lang='lat' dir='ltr'><strong>fastidire</strong></span> <span class='ocrx_word' id='word_1_331' title='bbox 3621 1937 3805 2005; x_wconf 67' lang='lat' dir='ltr'><strong>crepent,</strong></span> 
     </span>
    </p>
   </div>
   <div class='ocr_carea' id='block_1_49' title="bbox 2286 2021 3806 2097">
    <p class='ocr_par' dir='ltr' id='par_1_49' title="bbox 2286 2021 3806 2097">
     <span class='ocr_line' id='line_1_49' title="bbox 2286 2021 3806 2097; baseline 0.004 -23"><span class='ocrx_word' id='word_1_332' title='bbox 2286 2032 2354 2074; x_wconf 80' lang='lat' dir='ltr'><strong>ex</strong></span> <span class='ocrx_word' id='word_1_333' title='bbox 2403 2035 2461 2073; x_wconf 88' lang='lat' dir='ltr'><strong>sc</strong></span> <span class='ocrx_word' id='word_1_334' title='bbox 2503 2021 2643 2076; x_wconf 85' lang='lat' dir='ltr'><strong>victa</strong></span> <span class='ocrx_word' id='word_1_335' title='bbox 2682 2024 2924 2092; x_wconf 84' lang='lat' dir='ltr'><strong>nequitia</strong></span> <span class='ocrx_word' id='word_1_336' title='bbox 2964 2024 3294 2096; x_wconf 86' lang='lat' dir='ltr'><strong>ﬂagitiorum</strong></span> <span class='ocrx_word' id='word_1_337' title='bbox 3342 2043 3557 2081; x_wconf 89' lang='lat' dir='ltr'><strong>suorum</strong></span> <span class='ocrx_word' id='word_1_338' title='bbox 3596 2028 3806 2097; x_wconf 68' lang='lat' dir='ltr'><strong>crapulam</strong></span> 
     </span>
    </p>
   </div>
   <div class='ocr_carea' id='block_1_50' title="bbox 2289 2110 3807 2179">
    <p class='ocr_par' dir='ltr' id='par_1_50' title="bbox 2289 2110 3807 2179">
     <span class='ocr_line' id='line_1_50' title="bbox 2289 2110 3807 2179; baseline 0.004 -15"><span class='ocrx_word' id='word_1_339' title='bbox 2289 2110 2344 2165; x_wconf 90' lang='lat' dir='ltr'><strong>in</strong></span> <span class='ocrx_word' id='word_1_340' title='bbox 2388 2112 2748 2179; x_wconf 81' lang='lat' dir='ltr'><strong>Christianas,</strong></span> <span class='ocrx_word' id='word_1_341' title='bbox 2797 2116 2905 2170; x_wconf 90' lang='lat' dir='ltr'><strong>imo</strong></span> <span class='ocrx_word' id='word_1_342' title='bbox 2948 2116 3003 2170; x_wconf 91' lang='lat' dir='ltr'><strong>in</strong></span> <span class='ocrx_word' id='word_1_343' title='bbox 3044 2132 3227 2171; x_wconf 87' lang='lat' dir='ltr'><strong>rerum</strong></span> <span class='ocrx_word' id='word_1_344' title='bbox 3277 2117 3573 2173; x_wconf 71' lang='lat' dir='ltr'><strong>ceelestium</strong></span> <span class='ocrx_word' id='word_1_345' title='bbox 3608 2126 3807 2172; x_wconf 83' lang='lat' dir='ltr'><strong>nauseant</strong></span> 
     </span>
    </p>
   </div>
   <div class='ocr_carea' id='block_1_51' title="bbox 2285 2205 2571 2273">
    <p class='ocr_par' dir='ltr' id='par_1_51' title="bbox 2285 2205 2571 2273">
     <span class='ocr_line' id='line_1_51' title="bbox 2285 2205 2571 2273; baseline 0.003 -15"><span class='ocrx_word' id='word_1_346' title='bbox 2285 2205 2571 2273; x_wconf 89' lang='lat' dir='ltr'><strong>puritates.</strong></span> 
     </span>
    </p>
   </div>
   <div class='ocr_carea' id='block_1_52' title="bbox 2356 2295 3804 2372">
    <p class='ocr_par' dir='ltr' id='par_1_52' title="bbox 2356 2295 3804 2372">
     <span class='ocr_line' id='line_1_52' title="bbox 2356 2295 3804 2372; baseline 0.005 -23"><span class='ocrx_word' id='word_1_347' title='bbox 2356 2295 2468 2351; x_wconf 80' lang='lat' dir='ltr'><strong>Nec</strong></span> <span class='ocrx_word' id='word_1_348' title='bbox 2513 2297 2708 2352; x_wconf 91' lang='lat' dir='ltr'><strong>mirum</strong></span> <span class='ocrx_word' id='word_1_349' title='bbox 2740 2298 2785 2353; x_wconf 90' lang='lat' dir='ltr'><strong>si</strong></span> <span class='ocrx_word' id='word_1_350' title='bbox 2830 2299 2961 2366; x_wconf 84' lang='lat' dir='ltr'><strong>Deo,</strong></span> <span class='ocrx_word' id='word_1_351' title='bbox 3006 2315 3166 2370; x_wconf 88' lang='lat' dir='ltr'><strong>quem</strong></span> <span class='ocrx_word' id='word_1_352' title='bbox 3203 2317 3314 2357; x_wconf 91' lang='lat' dir='ltr'><strong>non</strong></span> <span class='ocrx_word' id='word_1_353' title='bbox 3356 2301 3562 2366; x_wconf 89' lang='lat' dir='ltr'><strong>vident,</strong></span> <span class='ocrx_word' id='word_1_354' title='bbox 3590 2304 3804 2372; x_wconf 80' lang='lat' dir='ltr'><strong>derogent,</strong></span> 
     </span>
    </p>
   </div>
   <div class='ocr_carea' id='block_1_53' title="bbox 2286 2388 3807 2466">
    <p class='ocr_par' dir='ltr' id='par_1_53' title="bbox 2286 2388 3807 2466">
     <span class='ocr_line' id='line_1_53' title="bbox 2286 2388 3807 2466; baseline 0.003 -23"><span class='ocrx_word' id='word_1_355' title='bbox 2286 2404 2406 2443; x_wconf 85' lang='lat' dir='ltr'><strong>cum</strong></span> <span class='ocrx_word' id='word_1_356' title='bbox 2434 2388 2486 2442; x_wconf 88' lang='lat' dir='ltr'><strong>id</strong></span> <span class='ocrx_word' id='word_1_357' title='bbox 2511 2405 2682 2460; x_wconf 90' lang='lat' dir='ltr'><strong>genus</strong></span> <span class='ocrx_word' id='word_1_358' title='bbox 2705 2391 2756 2445; x_wconf 91' lang='lat' dir='ltr'><strong>in</strong></span> <span class='ocrx_word' id='word_1_359' title='bbox 2782 2406 2902 2447; x_wconf 87' lang='lat' dir='ltr'><strong>sese</strong></span> <span class='ocrx_word' id='word_1_360' title='bbox 2918 2394 3239 2449; x_wconf 89' lang='lat' dir='ltr'><strong>alterutrum</strong></span> <span class='ocrx_word' id='word_1_361' title='bbox 3266 2394 3660 2466; x_wconf 84' lang='lat' dir='ltr'><strong>implacabiliter</strong></span> <span class='ocrx_word' id='word_1_362' title='bbox 3676 2395 3807 2448; x_wconf 81' lang='lat' dir='ltr'><strong>hostes</strong></span> 
     </span>
    </p>
   </div>
   <div class='ocr_carea' id='block_1_54' title="bbox 2285 2481 3803 2559">
    <p class='ocr_par' dir='ltr' id='par_1_54' title="bbox 2285 2481 3803 2559">
     <span class='ocr_line' id='line_1_54' title="bbox 2285 2481 3803 2559; baseline 0.011 -27"><span class='ocrx_word' id='word_1_363' title='bbox 2285 2481 2544 2536; x_wconf 73' lang='lat' dir='ltr'><strong>existant.</strong></span> <span class='ocrx_word' id='word_1_364' title='bbox 2570 2482 2664 2537; x_wconf 85' lang='lat' dir='ltr'><strong>Est</strong></span> <span class='ocrx_word' id='word_1_365' title='bbox 2688 2493 2866 2539; x_wconf 89' lang='lat' dir='ltr'><strong>tamen</strong></span> <span class='ocrx_word' id='word_1_366' title='bbox 2886 2487 2977 2554; x_wconf 88' lang='lat' dir='ltr'><strong>qui</strong></span> <span class='ocrx_word' id='word_1_367' title='bbox 3006 2486 3153 2541; x_wconf 89' lang='lat' dir='ltr'><strong>dicat</strong></span> <span class='ocrx_word' id='word_1_368' title='bbox 3180 2487 3503 2559; x_wconf 82' lang='lat' dir='ltr'><strong>aliquando:</strong></span> <span class='ocrx_word' id='word_1_369' title='bbox 3526 2486 3803 2547; x_wconf 69' lang='lat' dir='ltr'><strong>Existimasti.</strong></span> 
     </span>
    </p>
   </div>
   <div class='ocr_carea' id='block_1_55' title="bbox 2286 2569 3803 2655">
    <p class='ocr_par' dir='ltr' id='par_1_55' title="bbox 2286 2569 3803 2655">
     <span class='ocr_line' id='line_1_55' title="bbox 2286 2569 3803 2655; baseline 0.002 -32"><span class='ocrx_word' id='word_1_370' title='bbox 2286 2569 2529 2641; x_wconf 79' lang='lat' dir='ltr'><strong>inquam.</strong></span> <span class='ocrx_word' id='word_1_371' title='bbox 2560 2576 2699 2642; x_wconf 86' lang='lat' dir='ltr'><strong>quod</strong></span> <span class='ocrx_word' id='word_1_372' title='bbox 2726 2592 2814 2629; x_wconf 86' lang='lat' dir='ltr'><strong>ero</strong></span> <span class='ocrx_word' id='word_1_373' title='bbox 2838 2577 3168 2655; x_wconf 38' lang='lat' dir='ltr'><strong>tui‘similis,</strong></span> <span class='ocrx_word' id='word_1_374' title='bbox 3203 2596 3432 2649; x_wconf 86' lang='lat' dir='ltr'><strong>arguam</strong></span> <span class='ocrx_word' id='word_1_375' title='bbox 3468 2589 3540 2641; x_wconf 88' lang='lat' dir='ltr'><strong>te,</strong></span> <span class='ocrx_word' id='word_1_376' title='bbox 3571 2588 3611 2630; x_wconf 85' lang='lat' dir='ltr'><strong>et</strong></span> <span class='ocrx_word' id='word_1_377' title='bbox 3636 2587 3803 2630; x_wconf 79' lang='lat' dir='ltr'><strong>statuam</strong></span> 
     </span>
    </p>
   </div>
   <div class='ocr_carea' id='block_1_56' title="bbox 2284 2665 3803 2741">
    <p class='ocr_par' dir='ltr' id='par_1_56' title="bbox 2284 2665 3803 2741">
     <span class='ocr_line' id='line_1_56' title="bbox 2284 2665 3803 2741; baseline 0.002 -26"><span class='ocrx_word' id='word_1_378' title='bbox 2284 2673 2467 2716; x_wconf 82' lang='lat' dir='ltr'><strong>contra</strong></span> <span class='ocrx_word' id='word_1_379' title='bbox 2494 2665 2681 2732; x_wconf 82' lang='lat' dir='ltr'><strong>faciem</strong></span> <span class='ocrx_word' id='word_1_380' title='bbox 2711 2678 2855 2721; x_wconf 85' lang='lat' dir='ltr'><strong>tuam</strong></span> <span class='ocrx_word' id='word_1_381' title='bbox 2885 2666 3060 2739; x_wconf 78' lang='lat' dir='ltr'><strong>(l’sal.</strong></span> <span class='ocrx_word' id='word_1_382' title='bbox 3087 2686 3241 2736; x_wconf 80' lang='lat' dir='ltr'><strong>xr.tx,</strong></span> <span class='ocrx_word' id='word_1_383' title='bbox 3263 2671 3378 2741; x_wconf 70' lang='lat'><strong>21).</strong></span> <span class='ocrx_word' id='word_1_384' title='bbox 3404 2669 3803 2739; x_wconf 82' lang='lat' dir='ltr'><strong>lnterrogoitaquc</strong></span> 
     </span>
    </p>
   </div>
   <div class='ocr_carea' id='block_1_57' title="bbox 2285 2758 3804 2831">
    <p class='ocr_par' dir='ltr' id='par_1_57' title="bbox 2285 2758 3804 2831">
     <span class='ocr_line' id='line_1_57' title="bbox 2285 2758 3804 2831; baseline 0.001 -22"><span class='ocrx_word' id='word_1_385' title='bbox 2285 2768 2380 2810; x_wconf 86' lang='lat' dir='ltr'><strong>eos</strong></span> <span class='ocrx_word' id='word_1_386' title='bbox 2408 2758 2524 2826; x_wconf 90' lang='lat' dir='ltr'><strong>qui,</strong></span> <span class='ocrx_word' id='word_1_387' title='bbox 2558 2759 2687 2813; x_wconf 90' lang='lat' dir='ltr'><strong>dum</strong></span> <span class='ocrx_word' id='word_1_388' title='bbox 2727 2762 3070 2831; x_wconf 88' lang='lat' dir='ltr'><strong>turpissimos</strong></span> <span class='ocrx_word' id='word_1_389' title='bbox 3110 2778 3244 2819; x_wconf 91' lang='lat' dir='ltr'><strong>usus</strong></span> <span class='ocrx_word' id='word_1_390' title='bbox 3283 2767 3585 2827; x_wconf 86' lang='lat' dir='ltr'><strong>attendunt,</strong></span> <span class='ocrx_word' id='word_1_391' title='bbox 3613 2762 3804 2831; x_wconf 75' lang='lat' dir='ltr'><strong>virgineo</strong></span> 
     </span>
    </p>
   </div>
   <div class='ocr_carea' id='block_1_58' title="bbox 2284 2850 3800 2927">
    <p class='ocr_par' dir='ltr' id='par_1_58' title="bbox 2284 2850 3800 2927">
     <span class='ocr_line' id='line_1_58' title="bbox 2284 2850 3800 2927; baseline 0 -24"><span class='ocrx_word' id='word_1_392' title='bbox 2284 2858 2339 2903; x_wconf 93' lang='lat' dir='ltr'><strong>et</strong></span> <span class='ocrx_word' id='word_1_393' title='bbox 2386 2850 2733 2919; x_wconf 80' lang='lat' dir='ltr'><strong>impassihilis</strong></span> <span class='ocrx_word' id='word_1_394' title='bbox 2783 2856 3062 2911; x_wconf 78' lang='lat' dir='ltr'><strong>munditia:</strong></span> <span class='ocrx_word' id='word_1_395' title='bbox 3115 2857 3347 2927; x_wconf 82' lang='lat' dir='ltr'><strong>gloriam</strong></span> <span class='ocrx_word' id='word_1_396' title='bbox 3402 2872 3505 2911; x_wconf 92' lang='lat' dir='ltr'><strong>non</strong></span> <span class='ocrx_word' id='word_1_397' title='bbox 3549 2862 3800 2924; x_wconf 84' lang='lat' dir='ltr'><strong>agnoscunt.</strong></span> 
     </span>
    </p>
   </div>
   <div class='ocr_carea' id='block_1_59' title="bbox 2282 2941 3801 3019">
    <p class='ocr_par' dir='ltr' id='par_1_59' title="bbox 2282 2941 3801 3019">
     <span class='ocr_line' id='line_1_59' title="bbox 2282 2941 3801 3019; baseline -0.001 -24"><span class='ocrx_word' id='word_1_398' title='bbox 2282 2941 2459 2995; x_wconf 90' lang='lat' dir='ltr'><strong>Adam</strong></span> <span class='ocrx_word' id='word_1_399' title='bbox 2490 2953 2546 2997; x_wconf 91' lang='lat' dir='ltr'><strong>et</strong></span> <span class='ocrx_word' id='word_1_400' title='bbox 2585 2944 2696 2999; x_wconf 84' lang='lat' dir='ltr'><strong>Eva</strong></span> <span class='ocrx_word' id='word_1_401' title='bbox 2722 2962 2911 3015; x_wconf 89' lang='lat' dir='ltr'><strong>quare.</strong></span> <span class='ocrx_word' id='word_1_402' title='bbox 2944 2958 3067 3019; x_wconf 89' lang='lat' dir='ltr'><strong>post</strong></span> <span class='ocrx_word' id='word_1_403' title='bbox 3098 2949 3582 3019; x_wconf 87' lang='lat' dir='ltr'><strong>transgressionem</strong></span> <span class='ocrx_word' id='word_1_404' title='bbox 3604 2942 3801 3003; x_wconf 76' lang='lat' dir='ltr'><strong>mandati,</strong></span> 
     </span>
    </p>
   </div>
   <div class='ocr_carea' id='block_1_60' title="bbox 2285 3028 3800 3103">
    <p class='ocr_par' dir='ltr' id='par_1_60' title="bbox 2285 3028 3800 3103">
     <span class='ocr_line' id='line_1_60' title="bbox 2285 3028 3800 3103; baseline 0.005 -20"><span class='ocrx_word' id='word_1_405' title='bbox 2285 3028 2430 3087; x_wconf 89' lang='lat' dir='ltr'><strong>foliis</strong></span> <span class='ocrx_word' id='word_1_406' title='bbox 2470 3036 2716 3103; x_wconf 89' lang='lat' dir='ltr'><strong>pudenda</strong></span> <span class='ocrx_word' id='word_1_407' title='bbox 2771 3040 3057 3093; x_wconf 81' lang='lat' dir='ltr'><strong>texerunt?</strong></span> <span class='ocrx_word' id='word_1_408' title='bbox 3087 3040 3265 3096; x_wconf 82' lang='lat' dir='ltr'><strong>Antea</strong></span> <span class='ocrx_word' id='word_1_409' title='bbox 3310 3041 3439 3095; x_wconf 90' lang='lat' dir='ltr'><strong>nudi</strong></span> <span class='ocrx_word' id='word_1_410' title='bbox 3473 3048 3637 3103; x_wconf 86' lang='lat' dir='ltr'><strong>erant,</strong></span> <span class='ocrx_word' id='word_1_411' title='bbox 3664 3044 3800 3090; x_wconf 77' lang='lat' dir='ltr'><strong>etnon</strong></span> 
     </span>
    </p>
   </div>
   <div class='ocr_carea' id='block_1_61' title="bbox 586 3122 3798 3229">
    <p class='ocr_par' dir='ltr' id='par_1_61' title="bbox 586 3122 3798 3229">
     <span class='ocr_line' id='line_1_61' title="bbox 586 3122 3798 3229; baseline -0.002 -46"><span class='ocrx_word' id='word_1_412' title='bbox 586 3139 661 3193; x_wconf 81' lang='lat' dir='ltr'><strong>illi</strong></span> <span class='ocrx_word' id='word_1_413' title='bbox 697 3148 789 3194; x_wconf 83' lang='grc' dir='ltr'>ιιιο</span> <span class='ocrx_word' id='word_1_414' title='bbox 822 3154 983 3209; x_wconf 82' lang='lat' dir='ltr'><strong>quem</strong></span> <span class='ocrx_word' id='word_1_415' title='bbox 1014 3138 1149 3194; x_wconf 77' lang='lat' dir='ltr'><strong>dicis</strong></span> <span class='ocrx_word' id='word_1_416' title='bbox 1173 3137 1286 3194; x_wconf 77' lang='lat' dir='ltr'><strong>Deo</strong></span> <span class='ocrx_word' id='word_1_417' title='bbox 1313 3154 1537 3209; x_wconf 73' lang='lat' dir='ltr'><strong>azymus</strong></span> <span class='ocrx_word' id='word_1_418' title='bbox 1564 3136 1744 3207; x_wconf 65' lang='lat' dir='ltr'><strong>panis,</strong></span> <span class='ocrx_word' id='word_1_419' title='bbox 1777 3136 2014 3190; x_wconf 75' lang='lat' dir='ltr'><strong>bulirum</strong></span> <span class='ocrx_word' id='word_1_420' title='bbox 2051 3149 2173 3189; x_wconf 74' lang='lat' dir='ltr'><strong>cum</strong></span> <span class='ocrx_word' id='word_1_421' title='bbox 2206 3172 2247 3229; x_wconf 62' lang='grc' dir='ltr'>Ε</span> <span class='ocrx_word' id='word_1_422' title='bbox 2281 3122 2696 3181; x_wconf 67' lang='lat' dir='ltr'><strong>erubescebant.</strong></span> <span class='ocrx_word' id='word_1_423' title='bbox 2734 3127 2885 3184; x_wconf 79' lang='lat' dir='ltr'><strong>Ultth</strong></span> <span class='ocrx_word' id='word_1_424' title='bbox 2921 3131 3143 3200; x_wconf 89' lang='lat' dir='ltr'><strong>pudor?</strong></span> <span class='ocrx_word' id='word_1_425' title='bbox 3176 3131 3396 3189; x_wconf 81' lang='lat' dir='ltr'><strong>Justum</strong></span> <span class='ocrx_word' id='word_1_426' title='bbox 3427 3131 3523 3185; x_wconf 78' lang='lat' dir='ltr'><strong>fuit</strong></span> <span class='ocrx_word' id='word_1_427' title='bbox 3550 3139 3602 3183; x_wconf 79' lang='grc' dir='ltr'><strong>ιιι</strong></span> <span class='ocrx_word' id='word_1_428' title='bbox 3622 3126 3798 3200; x_wconf 83' lang='lat' dir='ltr'><strong>quandiu</strong></span> 
     </span>
    </p>
   </div>
   <div class='ocr_carea' id='block_1_62' title="bbox 580 3227 2175 3297">
    <p class='ocr_par' dir='ltr' id='par_1_62' title="bbox 580 3227 2175 3297">
     <span class='ocr_line' id='line_1_62' title="bbox 580 3227 2175 3297; baseline -0.001 -13"><span class='ocrx_word' id='word_1_429' title='bbox 580 3229 827 3285; x_wconf 85' lang='lat' dir='ltr'><strong>vitulinis</strong></span> <span class='ocrx_word' id='word_1_430' title='bbox 864 3228 1011 3283; x_wconf 89' lang='lat' dir='ltr'><strong>illata</strong></span> <span class='ocrx_word' id='word_1_431' title='bbox 1054 3240 1182 3284; x_wconf 91' lang='lat' dir='ltr'><strong>sunt</strong></span> <span class='ocrx_word' id='word_1_432' title='bbox 1216 3230 1492 3285; x_wconf 90' lang='lat' dir='ltr'><strong>carnibus.</strong></span> <span class='ocrx_word' id='word_1_433' title='bbox 1537 3228 1740 3283; x_wconf 90' lang='lat' dir='ltr'><strong>Deinde</strong></span> <span class='ocrx_word' id='word_1_434' title='bbox 1772 3227 1969 3297; x_wconf 87' lang='lat' dir='ltr'><strong>legitur</strong></span> <span class='ocrx_word' id='word_1_435' title='bbox 1992 3242 2175 3282; x_wconf 87' lang='lat' dir='ltr'><strong>come-</strong></span> 
     </span>
    </p>
   </div>
   <div class='ocr_carea' id='block_1_63' title="bbox 577 3317 2172 3391">
    <p class='ocr_par' dir='ltr' id='par_1_63' title="bbox 577 3317 2172 3391">
     <span class='ocr_line' id='line_1_63' title="bbox 577 3317 2172 3391; baseline -0.003 -13"><span class='ocrx_word' id='word_1_436' title='bbox 577 3322 743 3387; x_wconf 92' lang='lat' dir='ltr'><strong>disse,</strong></span> <span class='ocrx_word' id='word_1_437' title='bbox 778 3331 832 3378; x_wconf 90' lang='lat' dir='ltr'><strong>et</strong></span> <span class='ocrx_word' id='word_1_438' title='bbox 868 3321 1227 3377; x_wconf 89' lang='lat' dir='ltr'><strong>discumbenti</strong></span> <span class='ocrx_word' id='word_1_439' title='bbox 1266 3320 1539 3375; x_wconf 79' lang='lat' dir='ltr'><strong>Abraham</strong></span> <span class='ocrx_word' id='word_1_440' title='bbox 1577 3321 1816 3376; x_wconf 90' lang='lat' dir='ltr'><strong>astitisse</strong></span> <span class='ocrx_word' id='word_1_441' title='bbox 1847 3317 1999 3391; x_wconf 85' lang='lat' dir='ltr'><strong>(Gen.</strong></span> <span class='ocrx_word' id='word_1_442' title='bbox 2034 3318 2172 3388; x_wconf 85' lang='lat'><strong>6-8).</strong></span> 
     </span>
    </p>
   </div>
   <div class='ocr_carea' id='block_1_64' title="bbox 577 3412 2175 3486">
    <p class='ocr_par' dir='ltr' id='par_1_64' title="bbox 577 3412 2175 3486">
     <span class='ocr_line' id='line_1_64' title="bbox 577 3412 2175 3486; baseline -0.003 -16"><span class='ocrx_word' id='word_1_443' title='bbox 577 3415 645 3470; x_wconf 84' lang='lat' dir='ltr'><strong>Et</strong></span> <span class='ocrx_word' id='word_1_444' title='bbox 676 3431 743 3470; x_wconf 92' lang='lat' dir='ltr'><strong>ne</strong></span> <span class='ocrx_word' id='word_1_445' title='bbox 785 3415 937 3471; x_wconf 88' lang='lat' dir='ltr'><strong>dicas</strong></span> <span class='ocrx_word' id='word_1_446' title='bbox 980 3415 1231 3486; x_wconf 85' lang='lat' dir='ltr'><strong>angelum</strong></span> <span class='ocrx_word' id='word_1_447' title='bbox 1272 3413 1461 3471; x_wconf 88' lang='lat' dir='ltr'><strong>fuisse.</strong></span> <span class='ocrx_word' id='word_1_448' title='bbox 1503 3414 1649 3486; x_wconf 90' lang='lat' dir='ltr'><strong>Lege</strong></span> <span class='ocrx_word' id='word_1_449' title='bbox 1690 3416 1857 3470; x_wconf 90' lang='lat' dir='ltr'><strong>Deum</strong></span> <span class='ocrx_word' id='word_1_450' title='bbox 1903 3412 2071 3468; x_wconf 90' lang='lat' dir='ltr'><strong>verbo</strong></span> <span class='ocrx_word' id='word_1_451' title='bbox 2108 3414 2175 3466; x_wconf 87' lang='lat' dir='ltr'><strong>ad</strong></span> 
     </span>
    </p>
   </div>
   <div class='ocr_carea' id='block_1_65' title="bbox 580 3505 2175 3578">
    <p class='ocr_par' dir='ltr' id='par_1_65' title="bbox 580 3505 2175 3578">
     <span class='ocr_line' id='line_1_65' title="bbox 580 3505 2175 3578; baseline -0.003 -15"><span class='ocrx_word' id='word_1_452' title='bbox 580 3508 860 3563; x_wconf 67' lang='lat' dir='ltr'><strong>Abraham</strong></span> <span class='ocrx_word' id='word_1_453' title='bbox 894 3508 1083 3563; x_wconf 89' lang='lat' dir='ltr'><strong>habito</strong></span> <span class='ocrx_word' id='word_1_454' title='bbox 1110 3507 1306 3563; x_wconf 88' lang='lat' dir='ltr'><strong>abiisse</strong></span> <span class='ocrx_word' id='word_1_455' title='bbox 1333 3507 1665 3578; x_wconf 77' lang='lat' dir='ltr'><strong>(Ibid.,53);</strong></span> <span class='ocrx_word' id='word_1_456' title='bbox 1703 3517 1758 3562; x_wconf 89' lang='lat' dir='ltr'><strong>et</strong></span> <span class='ocrx_word' id='word_1_457' title='bbox 1787 3507 1920 3561; x_wconf 93' lang='lat' dir='ltr'><strong>duos</strong></span> <span class='ocrx_word' id='word_1_458' title='bbox 1954 3505 2175 3576; x_wconf 89' lang='lat' dir='ltr'><strong>angelos</strong></span> 
     </span>
    </p>
   </div>
   <div class='ocr_carea' id='block_1_66' title="bbox 579 3594 2173 3667">
    <p class='ocr_par' dir='ltr' id='par_1_66' title="bbox 579 3594 2173 3667">
     <span class='ocr_line' id='line_1_66' title="bbox 579 3594 2173 3667; baseline -0.003 -14"><span class='ocrx_word' id='word_1_459' title='bbox 579 3600 907 3654; x_wconf 89' lang='lat' dir='ltr'><strong>nominatim</strong></span> <span class='ocrx_word' id='word_1_460' title='bbox 934 3598 1225 3654; x_wconf 83' lang='lat' dir='ltr'><strong>Sodomam</strong></span> <span class='ocrx_word' id='word_1_461' title='bbox 1258 3599 1601 3655; x_wconf 90' lang='lat' dir='ltr'><strong>contendisse</strong></span> <span class='ocrx_word' id='word_1_462' title='bbox 1626 3595 1779 3667; x_wconf 81' lang='lat' dir='ltr'><strong>(Gen.</strong></span> <span class='ocrx_word' id='word_1_463' title='bbox 1811 3613 1905 3661; x_wconf 85' lang='lat' dir='ltr'><strong>vn,</strong></span> <span class='ocrx_word' id='word_1_464' title='bbox 1937 3598 2011 3663; x_wconf 85' lang='lat' dir='ltr'><strong>l).</strong></span> <span class='ocrx_word' id='word_1_465' title='bbox 2040 3594 2173 3649; x_wconf 84' lang='lat' dir='ltr'><strong>Per-</strong></span> 
     </span>
    </p>
   </div>
   <div class='ocr_carea' id='block_1_67' title="bbox 580 3688 2174 3762">
    <p class='ocr_par' dir='ltr' id='par_1_67' title="bbox 580 3688 2174 3762">
     <span class='ocr_line' id='line_1_67' title="bbox 580 3688 2174 3762; baseline -0.003 -16"><span class='ocrx_word' id='word_1_466' title='bbox 580 3691 761 3762; x_wconf 88' lang='lat' dir='ltr'><strong>pende</strong></span> <span class='ocrx_word' id='word_1_467' title='bbox 784 3691 950 3761; x_wconf 82' lang='lat' dir='ltr'><strong>igitur</strong></span> <span class='ocrx_word' id='word_1_468' title='bbox 977 3692 1146 3746; x_wconf 91' lang='lat' dir='ltr'><strong>Deum</strong></span> <span class='ocrx_word' id='word_1_469' title='bbox 1174 3692 1404 3747; x_wconf 90' lang='lat' dir='ltr'><strong>necdum</strong></span> <span class='ocrx_word' id='word_1_470' title='bbox 1437 3700 1780 3761; x_wconf 89' lang='lat' dir='ltr'><strong>corporatum</strong></span> <span class='ocrx_word' id='word_1_471' title='bbox 1805 3688 2174 3758; x_wconf 83' lang='lat' dir='ltr'><strong>corporalibus</strong></span> 
     </span>
    </p>
   </div>
   <div class='ocr_carea' id='block_1_68' title="bbox 577 3780 2175 3853">
    <p class='ocr_par' dir='ltr' id='par_1_68' title="bbox 577 3780 2175 3853">
     <span class='ocr_line' id='line_1_68' title="bbox 577 3780 2175 3853; baseline -0.001 -17"><span class='ocrx_word' id='word_1_472' title='bbox 577 3781 716 3836; x_wconf 89' lang='lat' dir='ltr'><strong>cibis</strong></span> <span class='ocrx_word' id='word_1_473' title='bbox 763 3797 828 3836; x_wconf 89' lang='lat' dir='ltr'><strong>ac</strong></span> <span class='ocrx_word' id='word_1_474' title='bbox 883 3782 1102 3853; x_wconf 55' lang='lat' dir='ltr'><strong>potilius</strong></span> <span class='ocrx_word' id='word_1_475' title='bbox 1144 3781 1455 3837; x_wconf 87' lang='lat' dir='ltr'><strong>indulsisse.</strong></span> <span class='ocrx_word' id='word_1_476' title='bbox 1498 3782 1564 3835; x_wconf 89' lang='lat' dir='ltr'><strong>Et</strong></span> <span class='ocrx_word' id='word_1_477' title='bbox 1608 3782 1652 3835; x_wconf 92' lang='lat' dir='ltr'><strong>si</strong></span> <span class='ocrx_word' id='word_1_478' title='bbox 1694 3792 1751 3835; x_wconf 89' lang='lat' dir='ltr'><strong>ttt</strong></span> <span class='ocrx_word' id='word_1_479' title='bbox 1786 3781 1954 3836; x_wconf 93' lang='lat' dir='ltr'><strong>Deum</strong></span> <span class='ocrx_word' id='word_1_480' title='bbox 1996 3780 2175 3836; x_wconf 90' lang='lat' dir='ltr'><strong>credis</strong></span> 
     </span>
    </p>
   </div>
   <div class='ocr_carea' id='block_1_69' title="bbox 580 3873 2174 3945">
    <p class='ocr_par' dir='ltr' id='par_1_69' title="bbox 580 3873 2174 3945">
     <span class='ocr_line' id='line_1_69' title="bbox 580 3873 2174 3945; baseline 0.001 -18"><span class='ocrx_word' id='word_1_481' title='bbox 580 3874 776 3939; x_wconf 90' lang='lat' dir='ltr'><strong>fuisse,</strong></span> <span class='ocrx_word' id='word_1_482' title='bbox 808 3874 943 3928; x_wconf 92' lang='lat' dir='ltr'><strong>nihil</strong></span> <span class='ocrx_word' id='word_1_483' title='bbox 965 3883 1229 3945; x_wconf 88' lang='lat' dir='ltr'><strong>quantum</strong></span> <span class='ocrx_word' id='word_1_484' title='bbox 1260 3876 1328 3929; x_wconf 92' lang='lat' dir='ltr'><strong>ad</strong></span> <span class='ocrx_word' id='word_1_485' title='bbox 1358 3874 1718 3930; x_wconf 88' lang='lat' dir='ltr'><strong>humilitatem</strong></span> <span class='ocrx_word' id='word_1_486' title='bbox 1744 3884 1972 3945; x_wconf 88' lang='lat' dir='ltr'><strong>spectat,</strong></span> <span class='ocrx_word' id='word_1_487' title='bbox 1996 3873 2174 3929; x_wconf 91' lang='lat' dir='ltr'><strong>minus</strong></span> 
     </span>
    </p>
   </div>
   <div class='ocr_carea' id='block_1_70' title="bbox 579 3966 2171 4039">
    <p class='ocr_par' dir='ltr' id='par_1_70' title="bbox 579 3966 2171 4039">
     <span class='ocr_line' id='line_1_70' title="bbox 579 3966 2171 4039; baseline 0.002 -20"><span class='ocrx_word' id='word_1_488' title='bbox 579 3981 680 4036; x_wconf 81' lang='lat' dir='ltr'><strong>ego</strong></span> <span class='ocrx_word' id='word_1_489' title='bbox 723 3981 846 4021; x_wconf 91' lang='lat' dir='ltr'><strong>eum</strong></span> <span class='ocrx_word' id='word_1_490' title='bbox 890 3967 1169 4037; x_wconf 87' lang='lat' dir='ltr'><strong>perpendo</strong></span> <span class='ocrx_word' id='word_1_491' title='bbox 1214 3966 1409 4023; x_wconf 78' lang='lat' dir='ltr'><strong>fecisse</strong></span> <span class='ocrx_word' id='word_1_492' title='bbox 1450 3984 1612 4038; x_wconf 90' lang='lat' dir='ltr'><strong>quam</strong></span> <span class='ocrx_word' id='word_1_493' title='bbox 1652 3969 1794 4038; x_wconf 90' lang='lat' dir='ltr'><strong>quod</strong></span> <span class='ocrx_word' id='word_1_494' title='bbox 1832 3967 2171 4039; x_wconf 86' lang='lat' dir='ltr'><strong>postmodum</strong></span> 
     </span>
    </p>
   </div>
   <div class='ocr_carea' id='block_1_71' title="bbox 578 4060 2172 4118">
    <p class='ocr_par' dir='ltr' id='par_1_71' title="bbox 578 4060 2172 4118">
     <span class='ocr_line' id='line_1_71' title="bbox 578 4060 2172 4118; baseline 0.002 -5"><span class='ocrx_word' id='word_1_495' title='bbox 578 4060 733 4115; x_wconf 86' lang='lat' dir='ltr'><strong>visus</strong></span> <span class='ocrx_word' id='word_1_496' title='bbox 760 4068 841 4116; x_wconf 91' lang='lat' dir='ltr'><strong>est</strong></span> <span class='ocrx_word' id='word_1_497' title='bbox 884 4060 1162 4115; x_wconf 89' lang='lat' dir='ltr'><strong>hominem</strong></span> <span class='ocrx_word' id='word_1_498' title='bbox 1204 4061 1461 4116; x_wconf 88' lang='lat' dir='ltr'><strong>induisse.</strong></span> <span class='ocrx_word' id='word_1_499' title='bbox 1495 4060 1747 4117; x_wconf 69' lang='lat' dir='ltr'><strong>Creditur</strong></span> <span class='ocrx_word' id='word_1_500' title='bbox 1776 4063 1919 4117; x_wconf 89' lang='lat' dir='ltr'><strong>enim</strong></span> <span class='ocrx_word' id='word_1_501' title='bbox 1957 4063 2046 4118; x_wconf 92' lang='lat' dir='ltr'><strong>ille</strong></span> <span class='ocrx_word' id='word_1_502' title='bbox 2084 4077 2172 4116; x_wconf 87' lang='lat' dir='ltr'><strong>se-</strong></span> 
     </span>
    </p>
   </div>
   <div class='ocr_carea' id='block_1_72' title="bbox 584 4153 2173 4225">
    <p class='ocr_par' dir='ltr' id='par_1_72' title="bbox 584 4153 2173 4225">
     <span class='ocr_line' id='line_1_72' title="bbox 584 4153 2173 4225; baseline 0.002 -19"><span class='ocrx_word' id='word_1_503' title='bbox 584 4153 821 4207; x_wconf 90' lang='lat' dir='ltr'><strong>cundum</strong></span> <span class='ocrx_word' id='word_1_504' title='bbox 855 4153 1165 4223; x_wconf 90' lang='lat' dir='ltr'><strong>opinionem</strong></span> <span class='ocrx_word' id='word_1_505' title='bbox 1205 4162 1353 4209; x_wconf 90' lang='lat' dir='ltr'><strong>tuam</strong></span> <span class='ocrx_word' id='word_1_506' title='bbox 1392 4154 1534 4210; x_wconf 91' lang='lat' dir='ltr'><strong>Deus</strong></span> <span class='ocrx_word' id='word_1_507' title='bbox 1568 4170 1763 4225; x_wconf 91' lang='lat' dir='ltr'><strong>corpus</strong></span> <span class='ocrx_word' id='word_1_508' title='bbox 1802 4171 1867 4211; x_wconf 76' lang='lat' dir='ltr'><strong>ex</strong></span> <span class='ocrx_word' id='word_1_509' title='bbox 1898 4170 2023 4211; x_wconf 90' lang='lat' dir='ltr'><strong>acrc</strong></span> <span class='ocrx_word' id='word_1_510' title='bbox 2052 4170 2173 4225; x_wconf 88' lang='lat' dir='ltr'><strong>per-</strong></span> 
     </span>
    </p>
   </div>
   <div class='ocr_carea' id='block_1_73' title="bbox 580 4245 2174 4319">
    <p class='ocr_par' dir='ltr' id='par_1_73' title="bbox 580 4245 2174 4319">
     <span class='ocr_line' id='line_1_73' title="bbox 580 4245 2174 4319; baseline 0.003 -21"><span class='ocrx_word' id='word_1_511' title='bbox 580 4245 912 4301; x_wconf 82' lang='lat' dir='ltr'><strong>functorium</strong></span> <span class='ocrx_word' id='word_1_512' title='bbox 940 4248 1321 4318; x_wconf 87' lang='lat' dir='ltr'><strong>assumpsisse.</strong></span> <span class='ocrx_word' id='word_1_513' title='bbox 1358 4247 1414 4303; x_wconf 87' lang='lat' dir='ltr'><strong>Si</strong></span> <span class='ocrx_word' id='word_1_514' title='bbox 1440 4263 1567 4319; x_wconf 89' lang='lat' dir='ltr'><strong>ergo</strong></span> <span class='ocrx_word' id='word_1_515' title='bbox 1594 4250 1770 4304; x_wconf 86' lang='lat' dir='ltr'><strong>credis</strong></span> <span class='ocrx_word' id='word_1_516' title='bbox 1795 4250 1964 4304; x_wconf 83' lang='lat' dir='ltr'><strong>Deum</strong></span> <span class='ocrx_word' id='word_1_517' title='bbox 1995 4250 2174 4305; x_wconf 91' lang='lat' dir='ltr'><strong>incor-</strong></span> 
     </span>
    </p>
   </div>
   <div class='ocr_carea' id='block_1_74' title="bbox 578 4340 2174 4412">
    <p class='ocr_par' dir='ltr' id='par_1_74' title="bbox 578 4340 2174 4412">
     <span class='ocr_line' id='line_1_74' title="bbox 578 4340 2174 4412; baseline 0.003 -18"><span class='ocrx_word' id='word_1_518' title='bbox 578 4354 809 4410; x_wconf 91' lang='lat' dir='ltr'><strong>poreum</strong></span> <span class='ocrx_word' id='word_1_519' title='bbox 871 4340 936 4395; x_wconf 91' lang='lat' dir='ltr'><strong>ad</strong></span> <span class='ocrx_word' id='word_1_520' title='bbox 985 4340 1178 4395; x_wconf 88' lang='lat' dir='ltr'><strong>horam</strong></span> <span class='ocrx_word' id='word_1_521' title='bbox 1228 4341 1584 4412; x_wconf 88' lang='lat' dir='ltr'><strong>corporaliter</strong></span> <span class='ocrx_word' id='word_1_522' title='bbox 1629 4343 2012 4409; x_wconf 90' lang='lat' dir='ltr'><strong>manducasse,</strong></span> <span class='ocrx_word' id='word_1_523' title='bbox 2077 4360 2174 4399; x_wconf 86' lang='lat' dir='ltr'><strong>cur</strong></span> 
     </span>
    </p>
   </div>
   <div class='ocr_carea' id='block_1_75' title="bbox 584 4431 2172 4507">
    <p class='ocr_par' dir='ltr' id='par_1_75' title="bbox 584 4431 2172 4507">
     <span class='ocr_line' id='line_1_75' title="bbox 584 4431 2172 4507; baseline 0.005 -22"><span class='ocrx_word' id='word_1_524' title='bbox 584 4431 848 4487; x_wconf 89' lang='lat' dir='ltr'><strong>discredis</strong></span> <span class='ocrx_word' id='word_1_525' title='bbox 885 4447 986 4502; x_wconf 91' lang='lat' dir='ltr'><strong>pro</strong></span> <span class='ocrx_word' id='word_1_526' title='bbox 1028 4442 1177 4487; x_wconf 88' lang='lat' dir='ltr'><strong>tanto</strong></span> <span class='ocrx_word' id='word_1_527' title='bbox 1218 4433 1408 4490; x_wconf 90' lang='lat' dir='ltr'><strong>salutis</strong></span> <span class='ocrx_word' id='word_1_528' title='bbox 1441 4435 1690 4493; x_wconf 66' lang='lat' dir='ltr'><strong>humanae</strong></span> <span class='ocrx_word' id='word_1_529' title='bbox 1735 4439 1949 4507; x_wconf 90' lang='lat' dir='ltr'><strong>negotio</strong></span> <span class='ocrx_word' id='word_1_530' title='bbox 1977 4454 2172 4507; x_wconf 86' lang='lat' dir='ltr'><strong>corpus</strong></span> 
     </span>
    </p>
   </div>
   <div class='ocr_carea' id='block_1_76' title="bbox 2284 3218 3800 3297">
    <p class='ocr_par' dir='ltr' id='par_1_76' title="bbox 2284 3218 3800 3297">
     <span class='ocr_line' id='line_1_76' title="bbox 2284 3218 3800 3297; baseline -0.001 -24"><span class='ocrx_word' id='word_1_531' title='bbox 2284 3218 2396 3276; x_wconf 93' lang='lat' dir='ltr'><strong>Dco</strong></span> <span class='ocrx_word' id='word_1_532' title='bbox 2438 3223 2729 3279; x_wconf 89' lang='lat' dir='ltr'><strong>obedirent</strong></span> <span class='ocrx_word' id='word_1_533' title='bbox 2766 3242 2996 3297; x_wconf 88' lang='lat' dir='ltr'><strong>corpora</strong></span> <span class='ocrx_word' id='word_1_534' title='bbox 3047 3230 3271 3297; x_wconf 89' lang='lat' dir='ltr'><strong>rationi,</strong></span> <span class='ocrx_word' id='word_1_535' title='bbox 3313 3222 3800 3297; x_wconf 82' lang='lat' dir='ltr'><strong>concupiscentialiter</strong></span> 
     </span>
    </p>
   </div>
   <div class='ocr_carea' id='block_1_77' title="bbox 2283 3316 3796 3393">
    <p class='ocr_par' dir='ltr' id='par_1_77' title="bbox 2283 3316 3796 3393">
     <span class='ocr_line' id='line_1_77' title="bbox 2283 3316 3796 3393; baseline 0.001 -22"><span class='ocrx_word' id='word_1_536' title='bbox 2283 3316 2504 3371; x_wconf 85' lang='lat' dir='ltr'><strong>rebellia</strong></span> <span class='ocrx_word' id='word_1_537' title='bbox 2535 3334 2640 3373; x_wconf 93' lang='lat' dir='ltr'><strong>non</strong></span> <span class='ocrx_word' id='word_1_538' title='bbox 2675 3320 2939 3376; x_wconf 85' lang='lat' dir='ltr'><strong>haberent</strong></span> <span class='ocrx_word' id='word_1_539' title='bbox 2964 3338 2979 3375; x_wconf 90' lang='lat'><strong>:</strong></span> <span class='ocrx_word' id='word_1_540' title='bbox 3009 3331 3096 3388; x_wconf 90' lang='lat' dir='ltr'><strong>at,</strong></span> <span class='ocrx_word' id='word_1_541' title='bbox 3127 3323 3216 3377; x_wconf 92' lang='lat' dir='ltr'><strong>ubi</strong></span> <span class='ocrx_word' id='word_1_542' title='bbox 3260 3323 3425 3378; x_wconf 88' lang='lat' dir='ltr'><strong>Deum</strong></span> <span class='ocrx_word' id='word_1_543' title='bbox 3452 3322 3796 3393; x_wconf 80' lang='lat' dir='ltr'><strong>postpOnerrnl.</strong></span> 
     </span>
    </p>
   </div>
   <div class='ocr_carea' id='block_1_78' title="bbox 2282 3406 3796 3468">
    <p class='ocr_par' dir='ltr' id='par_1_78' title="bbox 2282 3406 3796 3468">
     <span class='ocr_line' id='line_1_78' title="bbox 2282 3406 3796 3468; baseline -0.004 -8"><span class='ocrx_word' id='word_1_544' title='bbox 2282 3406 2440 3463; x_wconf 74' lang='lat' dir='ltr'><strong>feedis</strong></span> <span class='ocrx_word' id='word_1_545' title='bbox 2470 3408 2614 3464; x_wconf 92' lang='lat' dir='ltr'><strong>illico</strong></span> <span class='ocrx_word' id='word_1_546' title='bbox 2642 3410 2694 3463; x_wconf 93' lang='lat' dir='ltr'><strong>in</strong></span> <span class='ocrx_word' id='word_1_547' title='bbox 2729 3425 2788 3465; x_wconf 87' lang='lat' dir='ltr'><strong>se</strong></span> <span class='ocrx_word' id='word_1_548' title='bbox 2819 3412 3060 3467; x_wconf 85' lang='lat' dir='ltr'><strong>motibus</strong></span> <span class='ocrx_word' id='word_1_549' title='bbox 3082 3422 3400 3468; x_wconf 63' lang='lat' dir='ltr'><strong>aestuarem.</strong></span> <span class='ocrx_word' id='word_1_550' title='bbox 3434 3412 3493 3466; x_wconf 88' lang='lat' dir='ltr'><strong>lli</strong></span> <span class='ocrx_word' id='word_1_551' title='bbox 3521 3417 3631 3464; x_wconf 91' lang='lat' dir='ltr'><strong>sunt</strong></span> <span class='ocrx_word' id='word_1_552' title='bbox 3651 3416 3796 3463; x_wconf 75' lang='lat' dir='ltr'><strong>motus,</strong></span> 
     </span>
    </p>
   </div>
   <div class='ocr_carea' id='block_1_79' title="bbox 2279 3499 3793 3576">
    <p class='ocr_par' dir='ltr' id='par_1_79' title="bbox 2279 3499 3793 3576">
     <span class='ocr_line' id='line_1_79' title="bbox 2279 3499 3793 3576; baseline 0.001 -26"><span class='ocrx_word' id='word_1_553' title='bbox 2279 3499 2371 3568; x_wconf 87' lang='lat' dir='ltr'><strong>qui</strong></span> <span class='ocrx_word' id='word_1_554' title='bbox 2408 3499 2462 3553; x_wconf 93' lang='lat' dir='ltr'><strong>in</strong></span> <span class='ocrx_word' id='word_1_555' title='bbox 2494 3501 2709 3557; x_wconf 90' lang='lat' dir='ltr'><strong>animas</strong></span> <span class='ocrx_word' id='word_1_556' title='bbox 2736 3512 2787 3557; x_wconf 91' lang='lat' dir='ltr'><strong>et</strong></span> <span class='ocrx_word' id='word_1_557' title='bbox 2811 3518 3040 3574; x_wconf 90' lang='lat' dir='ltr'><strong>corpora</strong></span> <span class='ocrx_word' id='word_1_558' title='bbox 3069 3518 3259 3561; x_wconf 90' lang='lat' dir='ltr'><strong>eorum</strong></span> <span class='ocrx_word' id='word_1_559' title='bbox 3284 3505 3374 3576; x_wconf 91' lang='lat' dir='ltr'><strong>qui</strong></span> <span class='ocrx_word' id='word_1_560' title='bbox 3398 3504 3689 3575; x_wconf 86' lang='lat' dir='ltr'><strong>gignuntur,</strong></span> <span class='ocrx_word' id='word_1_561' title='bbox 3711 3508 3793 3565; x_wconf 73' lang='lat' dir='ltr'><strong>pec-</strong></span> 
     </span>
    </p>
   </div>
   <div class='ocr_carea' id='block_1_80' title="bbox 2281 3587 3797 3671">
    <p class='ocr_par' dir='ltr' id='par_1_80' title="bbox 2281 3587 3797 3671">
     <span class='ocr_line' id='line_1_80' title="bbox 2281 3587 3797 3671; baseline 0 -24"><span class='ocrx_word' id='word_1_562' title='bbox 2281 3602 2464 3648; x_wconf 87' lang='lat' dir='ltr'><strong>eatum</strong></span> <span class='ocrx_word' id='word_1_563' title='bbox 2505 3595 2771 3664; x_wconf 85' lang='lat' dir='ltr'><strong>originale</strong></span> <span class='ocrx_word' id='word_1_564' title='bbox 2818 3596 3113 3666; x_wconf 84' lang='lat' dir='ltr'><strong>trajiciunt.</strong></span> <span class='ocrx_word' id='word_1_565' title='bbox 3159 3598 3520 3671; x_wconf 88' lang='lat' dir='ltr'><strong>Conqueritur</strong></span> <span class='ocrx_word' id='word_1_566' title='bbox 3547 3610 3600 3652; x_wconf 90' lang='lat' dir='ltr'><strong>se</strong></span> <span class='ocrx_word' id='word_1_567' title='bbox 3630 3587 3797 3663; x_wconf 75' lang='lat' dir='ltr'><strong>proinde</strong></span> 
     </span>
    </p>
   </div>
   <div class='ocr_carea' id='block_1_81' title="bbox 2279 3682 3796 3766">
    <p class='ocr_par' dir='ltr' id='par_1_81' title="bbox 2279 3682 3796 3766">
     <span class='ocr_line' id='line_1_81' title="bbox 2279 3682 3796 3766; baseline 0.001 -26"><span class='ocrx_word' id='word_1_568' title='bbox 2279 3686 2449 3741; x_wconf 82' lang='lat' dir='ltr'><strong>David</strong></span> <span class='ocrx_word' id='word_1_569' title='bbox 2495 3687 2545 3741; x_wconf 91' lang='lat' dir='ltr'><strong>in</strong></span> <span class='ocrx_word' id='word_1_570' title='bbox 2595 3688 2881 3759; x_wconf 74' lang='lat' dir='ltr'><strong>iniquitate</strong></span> <span class='ocrx_word' id='word_1_571' title='bbox 2917 3704 3239 3764; x_wconf 86' lang='lat' dir='ltr'><strong>conceptum</strong></span> <span class='ocrx_word' id='word_1_572' title='bbox 3275 3693 3445 3766; x_wconf 86' lang='lat' dir='ltr'><strong>(Psal.</strong></span> <span class='ocrx_word' id='word_1_573' title='bbox 3485 3708 3533 3755; x_wconf 83' lang='grc' dir='ltr'>ι,</span> <span class='ocrx_word' id='word_1_574' title='bbox 3564 3688 3629 3757; x_wconf 81' lang='lat'><strong>7).</strong></span> <span class='ocrx_word' id='word_1_575' title='bbox 3657 3682 3796 3738; x_wconf 75' lang='lat' dir='ltr'><strong>Merilo</strong></span> 
     </span>
    </p>
   </div>
   <div class='ocr_carea' id='block_1_82' title="bbox 2277 3779 3794 3857">
    <p class='ocr_par' dir='ltr' id='par_1_82' title="bbox 2277 3779 3794 3857">
     <span class='ocr_line' id='line_1_82' title="bbox 2277 3779 3794 3857; baseline -0.005 -23"><span class='ocrx_word' id='word_1_576' title='bbox 2277 3779 2461 3851; x_wconf 87' lang='lat' dir='ltr'><strong>itaque</strong></span> <span class='ocrx_word' id='word_1_577' title='bbox 2505 3784 2865 3850; x_wconf 87' lang='lat' dir='ltr'><strong>erubuerunt,</strong></span> <span class='ocrx_word' id='word_1_578' title='bbox 2919 3786 3010 3856; x_wconf 91' lang='lat' dir='ltr'><strong>qui</strong></span> <span class='ocrx_word' id='word_1_579' title='bbox 3064 3787 3177 3857; x_wconf 88' lang='lat' dir='ltr'><strong>jam</strong></span> <span class='ocrx_word' id='word_1_580' title='bbox 3232 3790 3588 3843; x_wconf 91' lang='lat' dir='ltr'><strong>membrorum</strong></span> <span class='ocrx_word' id='word_1_581' title='bbox 3633 3787 3794 3834; x_wconf 85' lang='lat' dir='ltr'><strong>suorum</strong></span> 
     </span>
    </p>
   </div>
   <div class='ocr_carea' id='block_1_83' title="bbox 2275 3871 3242 3936">
    <p class='ocr_par' dir='ltr' id='par_1_83' title="bbox 2275 3871 3242 3936">
     <span class='ocr_line' id='line_1_83' title="bbox 2275 3871 3242 3936; baseline 0.006 -9"><span class='ocrx_word' id='word_1_582' title='bbox 2275 3871 2527 3931; x_wconf 84' lang='lat' dir='ltr'><strong>dominos</strong></span> <span class='ocrx_word' id='word_1_583' title='bbox 2554 3891 2615 3932; x_wconf 90' lang='lat' dir='ltr'><strong>se</strong></span> <span class='ocrx_word' id='word_1_584' title='bbox 2643 3892 2750 3932; x_wconf 92' lang='lat' dir='ltr'><strong>non</strong></span> <span class='ocrx_word' id='word_1_585' title='bbox 2780 3892 2902 3934; x_wconf 92' lang='lat' dir='ltr'><strong>esse</strong></span> <span class='ocrx_word' id='word_1_586' title='bbox 2930 3890 3242 3936; x_wconf 87' lang='lat' dir='ltr'><strong>senserunt.</strong></span> 
     </span>
    </p>
   </div>
   <div class='ocr_carea' id='block_1_84' title="bbox 2352 3980 3793 4061">
    <p class='ocr_par' dir='ltr' id='par_1_84' title="bbox 2352 3980 3793 4061">
     <span class='ocr_line' id='line_1_84' title="bbox 2352 3980 3793 4061; baseline 0.007 -23"><span class='ocrx_word' id='word_1_587' title='bbox 2352 3985 2531 4051; x_wconf 80' lang='lat' dir='ltr'><strong>Quare</strong></span> <span class='ocrx_word' id='word_1_588' title='bbox 2556 3988 2801 4058; x_wconf 86' lang='lat' dir='ltr'><strong>pudenda</strong></span> <span class='ocrx_word' id='word_1_589' title='bbox 2829 3992 3063 4061; x_wconf 78' lang='lat' dir='ltr'><strong>corporis</strong></span> <span class='ocrx_word' id='word_1_590' title='bbox 3088 3994 3321 4046; x_wconf 85' lang='lat' dir='ltr'><strong>membra</strong></span> <span class='ocrx_word' id='word_1_591' title='bbox 3347 3991 3589 4047; x_wconf 81' lang='lat' dir='ltr'><strong>velantur.</strong></span> <span class='ocrx_word' id='word_1_592' title='bbox 3611 4015 3667 4026; x_wconf 84' lang='lat'><strong>-—</strong></span> <span class='ocrx_word' id='word_1_593' title='bbox 3684 3980 3793 4047; x_wconf 59' lang='lat' dir='ltr'><strong>QW‘</strong></span> 
     </span>
    </p>
   </div>
   <div class='ocr_carea' id='block_1_85' title="bbox 2281 4068 3791 4155">
    <p class='ocr_par' dir='ltr' id='par_1_85' title="bbox 2281 4068 3791 4155">
     <span class='ocr_line' id='line_1_85' title="bbox 2281 4068 3791 4155; baseline 0.009 -25"><span class='ocrx_word' id='word_1_594' title='bbox 2281 4077 2421 4132; x_wconf 91' lang='lat' dir='ltr'><strong>ritttr</strong></span> <span class='ocrx_word' id='word_1_595' title='bbox 2465 4080 2691 4149; x_wconf 85' lang='lat' dir='ltr'><strong>proinde</strong></span> <span class='ocrx_word' id='word_1_596' title='bbox 2736 4098 2766 4136; x_wconf 88' lang='lat' dir='ltr'><strong>a</strong></span> <span class='ocrx_word' id='word_1_597' title='bbox 2808 4082 3129 4154; x_wconf 85' lang='lat' dir='ltr'><strong>quibusdam</strong></span> <span class='ocrx_word' id='word_1_598' title='bbox 3178 4085 3311 4155; x_wconf 90' lang='lat' dir='ltr'><strong>quid</strong></span> <span class='ocrx_word' id='word_1_599' title='bbox 3359 4097 3527 4141; x_wconf 68' lang='lat' dir='ltr'><strong>causa:</strong></span> <span class='ocrx_word' id='word_1_600' title='bbox 3568 4080 3654 4142; x_wconf 83' lang='lat' dir='ltr'><strong>sit,</strong></span> <span class='ocrx_word' id='word_1_601' title='bbox 3694 4068 3791 4143; x_wconf 71' lang='lat' dir='ltr'><strong>qu&quot;ll</strong></span> 
     </span>
    </p>
   </div>
   <div class='ocr_carea' id='block_1_86' title="bbox 2280 4161 3791 4242">
    <p class='ocr_par' dir='ltr' id='par_1_86' title="bbox 2280 4161 3791 4242">
     <span class='ocr_line' id='line_1_86' title="bbox 2280 4161 3791 4242; baseline 0.001 -20"><span class='ocrx_word' id='word_1_602' title='bbox 2280 4177 2560 4241; x_wconf 87' lang='lat' dir='ltr'><strong>tantopere</strong></span> <span class='ocrx_word' id='word_1_603' title='bbox 2587 4189 2649 4227; x_wconf 89' lang='lat' dir='ltr'><strong>ea</strong></span> <span class='ocrx_word' id='word_1_604' title='bbox 2688 4177 2929 4230; x_wconf 85' lang='lat' dir='ltr'><strong>membra</strong></span> <span class='ocrx_word' id='word_1_605' title='bbox 2964 4177 3227 4242; x_wconf 87' lang='lat' dir='ltr'><strong>velamus,</strong></span> <span class='ocrx_word' id='word_1_606' title='bbox 3261 4193 3384 4232; x_wconf 91' lang='lat' dir='ltr'><strong>cum</strong></span> <span class='ocrx_word' id='word_1_607' title='bbox 3420 4174 3582 4230; x_wconf 88' lang='lat' dir='ltr'><strong>ttnllas</strong></span> <span class='ocrx_word' id='word_1_608' title='bbox 3612 4161 3791 4233; x_wconf 70' lang='lat' dir='ltr'><strong>corporiS</strong></span> 
     </span>
    </p>
   </div>
   <div class='ocr_carea' id='block_1_87' title="bbox 2277 4262 3789 4344">
    <p class='ocr_par' dir='ltr' id='par_1_87' title="bbox 2277 4262 3789 4344">
     <span class='ocr_line' id='line_1_87' title="bbox 2277 4262 3789 4344; baseline -0.003 -26"><span class='ocrx_word' id='word_1_609' title='bbox 2277 4268 2446 4320; x_wconf 82' lang='lat' dir='ltr'><strong>nostri</strong></span> <span class='ocrx_word' id='word_1_610' title='bbox 2492 4279 2676 4336; x_wconf 87' lang='lat' dir='ltr'><strong>partes</strong></span> <span class='ocrx_word' id='word_1_611' title='bbox 2707 4285 2769 4325; x_wconf 91' lang='lat' dir='ltr'><strong>ea</strong></span> <span class='ocrx_word' id='word_1_612' title='bbox 2820 4271 3120 4327; x_wconf 84' lang='lat' dir='ltr'><strong>intentione</strong></span> <span class='ocrx_word' id='word_1_613' title='bbox 3156 4284 3420 4344; x_wconf 76' lang='lat' dir='ltr'><strong>legamus.</strong></span> <span class='ocrx_word' id='word_1_614' title='bbox 3461 4268 3567 4323; x_wconf 82' lang='lat' dir='ltr'><strong>Non</strong></span> <span class='ocrx_word' id='word_1_615' title='bbox 3604 4262 3717 4318; x_wconf 90' lang='lat' dir='ltr'><strong>enim</strong></span> <span class='ocrx_word' id='word_1_616' title='bbox 3747 4268 3789 4307; x_wconf 70' lang='lat' dir='ltr'><strong>ea</strong></span> 
     </span>
    </p>
   </div>
   <div class='ocr_carea' id='block_1_88' title="bbox 2276 4355 3787 4437">
    <p class='ocr_par' dir='ltr' id='par_1_88' title="bbox 2276 4355 3787 4437">
     <span class='ocr_line' id='line_1_88' title="bbox 2276 4355 3787 4437; baseline -0.008 -24"><span class='ocrx_word' id='word_1_617' title='bbox 2276 4358 2389 4413; x_wconf 64' lang='lat' dir='ltr'><strong>sola</strong></span> <span class='ocrx_word' id='word_1_618' title='bbox 2420 4360 2682 4427; x_wconf 85' lang='lat' dir='ltr'><strong>celamus,</strong></span> <span class='ocrx_word' id='word_1_619' title='bbox 2715 4365 2807 4418; x_wconf 90' lang='lat' dir='ltr'><strong>sed</strong></span> <span class='ocrx_word' id='word_1_620' title='bbox 2839 4366 3000 4420; x_wconf 87' lang='lat' dir='ltr'><strong>etiam</strong></span> <span class='ocrx_word' id='word_1_621' title='bbox 3030 4367 3333 4437; x_wconf 89' lang='lat' dir='ltr'><strong>propinqua</strong></span> <span class='ocrx_word' id='word_1_622' title='bbox 3364 4367 3440 4421; x_wconf 90' lang='lat' dir='ltr'><strong>eis</strong></span> <span class='ocrx_word' id='word_1_623' title='bbox 3469 4363 3590 4421; x_wconf 87' lang='lat' dir='ltr'><strong>loca,</strong></span> <span class='ocrx_word' id='word_1_624' title='bbox 3617 4355 3678 4410; x_wconf 88' lang='lat' dir='ltr'><strong>uti</strong></span> <span class='ocrx_word' id='word_1_625' title='bbox 3703 4355 3787 4403; x_wconf 74' lang='lat' dir='ltr'><strong>:uut</strong></span> 
     </span>
    </p>
   </div>
   <div class='ocr_carea' id='block_1_89' title="bbox 2278 4438 3787 4529">
    <p class='ocr_par' dir='ltr' id='par_1_89' title="bbox 2278 4438 3787 4529">
     <span class='ocr_line' id='line_1_89' title="bbox 2278 4438 3787 4529; baseline -0.006 -26"><span class='ocrx_word' id='word_1_626' title='bbox 2278 4450 2567 4508; x_wconf 85' lang='lat' dir='ltr'><strong>umbilicus</strong></span> <span class='ocrx_word' id='word_1_627' title='bbox 2598 4464 2652 4509; x_wconf 88' lang='lat' dir='ltr'><strong>et</strong></span> <span class='ocrx_word' id='word_1_628' title='bbox 2679 4472 2839 4510; x_wconf 89' lang='lat' dir='ltr'><strong>crura</strong></span> <span class='ocrx_word' id='word_1_629' title='bbox 2878 4459 3048 4512; x_wconf 88' lang='lat' dir='ltr'><strong>videri</strong></span> <span class='ocrx_word' id='word_1_630' title='bbox 3092 4460 3179 4512; x_wconf 80' lang='lat' dir='ltr'><strong>vix</strong></span> <span class='ocrx_word' id='word_1_631' title='bbox 3208 4462 3460 4529; x_wconf 88' lang='lat' dir='ltr'><strong>patimur.</strong></span> <span class='ocrx_word' id='word_1_632' title='bbox 3505 4454 3656 4520; x_wconf 89' lang='lat' dir='ltr'><strong>Quare</strong></span> <span class='ocrx_word' id='word_1_633' title='bbox 3682 4438 3787 4499; x_wconf 77' lang='lat' dir='ltr'><strong>hoc?</strong></span> 
     </span>
    </p>
   </div>
   <div class='ocr_carea' id='block_1_90' title="bbox 578 4523 3783 4623">
    <p class='ocr_par' dir='ltr' id='par_1_90' title="bbox 578 4523 3783 4623">
     <span class='ocr_line' id='line_1_90' title="bbox 578 4523 3783 4623; baseline 0.001 -45"><span class='ocrx_word' id='word_1_634' title='bbox 578 4523 890 4623; x_wconf 81' lang='lat' dir='ltr'><strong>aliquandiu</strong></span> <span class='ocrx_word' id='word_1_635' title='bbox 936 4527 1215 4597; x_wconf 86' lang='lat' dir='ltr'><strong>suscipere</strong></span> <span class='ocrx_word' id='word_1_636' title='bbox 1252 4528 1503 4585; x_wconf 86' lang='lat' dir='ltr'><strong>voluisse.</strong></span> <span class='ocrx_word' id='word_1_637' title='bbox 1542 4531 1623 4584; x_wconf 87' lang='lat' dir='ltr'><strong>An</strong></span> <span class='ocrx_word' id='word_1_638' title='bbox 1650 4547 1894 4601; x_wconf 84' lang='lat' dir='ltr'><strong>personae</strong></span> <span class='ocrx_word' id='word_1_639' title='bbox 1926 4532 2023 4599; x_wconf 92' lang='lat' dir='ltr'><strong>illi,</strong></span> <span class='ocrx_word' id='word_1_640' title='bbox 2049 4532 2175 4587; x_wconf 88' lang='lat' dir='ltr'><strong>licet</strong></span> <span class='ocrx_word' id='word_1_641' title='bbox 2208 4540 2250 4595; x_wconf 84' lang='lat'><strong>1)</strong></span> <span class='ocrx_word' id='word_1_642' title='bbox 2277 4544 2411 4601; x_wconf 76' lang='lat' dir='ltr'><strong>Cum</strong></span> <span class='ocrx_word' id='word_1_643' title='bbox 2451 4559 2738 4604; x_wconf 68' lang='grc' dir='ltr'><strong>ηιογρηιιη-</strong></span> <span class='ocrx_word' id='word_1_644' title='bbox 2768 4551 2966 4623; x_wconf 53' lang='lat' dir='ltr'><strong>digitus</strong></span> <span class='ocrx_word' id='word_1_645' title='bbox 3004 4567 3177 4618; x_wconf 61' lang='lat' dir='ltr'><strong>meus,</strong></span> <span class='ocrx_word' id='word_1_646' title='bbox 3208 4523 3350 4608; x_wconf 47' lang='lat' dir='ltr'><strong>Em.“</strong></span> <span class='ocrx_word' id='word_1_647' title='bbox 3393 4550 3510 4613; x_wconf 77' lang='lat' dir='ltr'><strong>mei,</strong></span> <span class='ocrx_word' id='word_1_648' title='bbox 3543 4542 3661 4598; x_wconf 86' lang='lat' dir='ltr'><strong>labia</strong></span> <span class='ocrx_word' id='word_1_649' title='bbox 3687 4546 3783 4591; x_wconf 86' lang='lat' dir='ltr'><strong>mea,</strong></span> 
     </span>
    </p>
   </div>
   <div class='ocr_carea' id='block_1_91' title="bbox 581 4617 2170 4696">
    <p class='ocr_par' dir='ltr' id='par_1_91' title="bbox 581 4617 2170 4696">
     <span class='ocr_line' id='line_1_91' title="bbox 581 4617 2170 4696; baseline 0.006 -24"><span class='ocrx_word' id='word_1_650' title='bbox 581 4617 980 4687; x_wconf 69' lang='lat' dir='ltr'><strong>expertissimte</strong></span> <span class='ocrx_word' id='word_1_651' title='bbox 1016 4619 1170 4686; x_wconf 83' lang='lat' dir='ltr'><strong>fidei,</strong></span> <span class='ocrx_word' id='word_1_652' title='bbox 1221 4637 1318 4691; x_wconf 88' lang='lat' dir='ltr'><strong>pro</strong></span> <span class='ocrx_word' id='word_1_653' title='bbox 1356 4622 1447 4676; x_wconf 83' lang='lat' dir='ltr'><strong>filii</strong></span> <span class='ocrx_word' id='word_1_654' title='bbox 1482 4624 1893 4681; x_wconf 87' lang='lat' dir='ltr'><strong>denuntiatione</strong></span> <span class='ocrx_word' id='word_1_655' title='bbox 1926 4626 2043 4696; x_wconf 81' lang='lat' dir='ltr'><strong>plus</strong></span> <span class='ocrx_word' id='word_1_656' title='bbox 2078 4627 2170 4681; x_wconf 86' lang='lat' dir='ltr'><strong>de-</strong></span> 
     </span>
    </p>
   </div>
   <div class='ocr_carea' id='block_1_92' title="bbox 580 4710 2171 4780">
    <p class='ocr_par' dir='ltr' id='par_1_92' title="bbox 580 4710 2171 4780">
     <span class='ocr_line' id='line_1_92' title="bbox 580 4710 2171 4780; baseline 0.006 -15"><span class='ocrx_word' id='word_1_657' title='bbox 580 4710 704 4765; x_wconf 87' lang='lat' dir='ltr'><strong>bttit</strong></span> <span class='ocrx_word' id='word_1_658' title='bbox 745 4726 907 4780; x_wconf 87' lang='lat' dir='ltr'><strong>quam</strong></span> <span class='ocrx_word' id='word_1_659' title='bbox 952 4712 1271 4767; x_wconf 69' lang='lat' dir='ltr'><strong>saeculorum</strong></span> <span class='ocrx_word' id='word_1_660' title='bbox 1314 4714 1617 4771; x_wconf 88' lang='lat' dir='ltr'><strong>salvationi.</strong></span> <span class='ocrx_word' id='word_1_661' title='bbox 1661 4717 1831 4773; x_wconf 88' lang='lat' dir='ltr'><strong>Porro</strong></span> <span class='ocrx_word' id='word_1_662' title='bbox 1868 4720 1921 4773; x_wconf 89' lang='lat' dir='ltr'><strong>itt</strong></span> <span class='ocrx_word' id='word_1_663' title='bbox 1964 4719 2171 4774; x_wconf 88' lang='lat' dir='ltr'><strong>semine</strong></span> 
     </span>
    </p>
   </div>
   <div class='ocr_carea' id='block_1_93' title="bbox 579 4800 2165 4885">
    <p class='ocr_par' dir='ltr' id='par_1_93' title="bbox 579 4800 2165 4885">
     <span class='ocr_line' id='line_1_93' title="bbox 579 4800 2165 4885; baseline 0.009 -31"><span class='ocrx_word' id='word_1_664' title='bbox 579 4800 701 4871; x_wconf 83' lang='lat' dir='ltr'><strong>ejus</strong></span> <span class='ocrx_word' id='word_1_665' title='bbox 724 4804 1104 4861; x_wconf 73' lang='lat' dir='ltr'><strong>benedicenda:</strong></span> <span class='ocrx_word' id='word_1_666' title='bbox 1122 4816 1279 4861; x_wconf 89' lang='lat' dir='ltr'><strong>erant</strong></span> <span class='ocrx_word' id='word_1_667' title='bbox 1300 4823 1489 4863; x_wconf 90' lang='lat' dir='ltr'><strong>omnes</strong></span> <span class='ocrx_word' id='word_1_668' title='bbox 1514 4819 1703 4880; x_wconf 89' lang='lat' dir='ltr'><strong>gentes</strong></span> <span class='ocrx_word' id='word_1_669' title='bbox 1728 4811 1877 4880; x_wconf 82' lang='lat' dir='ltr'><strong>(Cen.</strong></span> <span class='ocrx_word' id='word_1_670' title='bbox 1898 4830 2034 4879; x_wconf 62' lang='grc' dir='ltr'>χχιι,</span> <span class='ocrx_word' id='word_1_671' title='bbox 2062 4814 2165 4885; x_wconf 79' lang='grc'><strong>18).</strong></span> 
     </span>
    </p>
   </div>
   <div class='ocr_carea' id='block_1_94' title="bbox 579 4895 1883 4972">
    <p class='ocr_par' dir='ltr' id='par_1_94' title="bbox 579 4895 1883 4972">
     <span class='ocr_line' id='line_1_94' title="bbox 579 4895 1883 4972; baseline 0.008 -25"><span class='ocrx_word' id='word_1_672' title='bbox 579 4895 733 4961; x_wconf 89' lang='lat' dir='ltr'><strong>Quod</strong></span> <span class='ocrx_word' id='word_1_673' title='bbox 764 4909 861 4952; x_wconf 81' lang='lat' dir='ltr'><strong>vos</strong></span> <span class='ocrx_word' id='word_1_674' title='bbox 885 4914 990 4951; x_wconf 91' lang='lat' dir='ltr'><strong>non</strong></span> <span class='ocrx_word' id='word_1_675' title='bbox 1023 4900 1341 4972; x_wconf 84' lang='lat' dir='ltr'><strong>intelligitis,</strong></span> <span class='ocrx_word' id='word_1_676' title='bbox 1366 4902 1617 4972; x_wconf 84' lang='lat' dir='ltr'><strong>quianon</strong></span> <span class='ocrx_word' id='word_1_677' title='bbox 1643 4905 1883 4958; x_wconf 84' lang='lat' dir='ltr'><strong>creditis.</strong></span> 
     </span>
    </p>
   </div>
   <div class='ocr_carea' id='block_1_95' title="bbox 636 5015 1540 5081">
    <p class='ocr_par' dir='ltr' id='par_1_95' title="bbox 636 5015 1540 5081">
     <span class='ocr_line' id='line_1_95' title="bbox 636 5015 1540 5081; baseline 0.01 -19"><span class='ocrx_word' id='word_1_678' title='bbox 636 5080 639 5081; x_wconf 13' lang='grc' dir='ltr'>ί</span> <span class='ocrx_word' id='word_1_679' title='bbox 1209 5015 1438 5072; x_wconf 77' lang='lat' dir='ltr'><strong>CAPUT</strong></span> <span class='ocrx_word' id='word_1_680' title='bbox 1480 5018 1540 5072; x_wconf 87' lang='lat' dir='ltr'><strong>v.</strong></span> 
     </span>
    </p>
   </div>
   <div class='ocr_carea' id='block_1_96' title="bbox 651 5102 2168 5179">
    <p class='ocr_par' dir='ltr' id='par_1_96' title="bbox 651 5102 2168 5179">
     <span class='ocr_line' id='line_1_96' title="bbox 651 5102 2168 5179; baseline 0.005 -24"><span class='ocrx_word' id='word_1_681' title='bbox 651 5102 788 5168; x_wconf 86' lang='lat' dir='ltr'><strong>Quid</strong></span> <span class='ocrx_word' id='word_1_682' title='bbox 832 5104 971 5171; x_wconf 86' lang='lat' dir='ltr'><strong>quod</strong></span> <span class='ocrx_word' id='word_1_683' title='bbox 1007 5104 1360 5171; x_wconf 82' lang='lat' dir='ltr'><strong>indignantini</strong></span> <span class='ocrx_word' id='word_1_684' title='bbox 1400 5123 1496 5177; x_wconf 93' lang='lat' dir='ltr'><strong>per</strong></span> <span class='ocrx_word' id='word_1_685' title='bbox 1525 5108 1739 5164; x_wconf 77' lang='lat' dir='ltr'><strong>femina:</strong></span> <span class='ocrx_word' id='word_1_686' title='bbox 1769 5109 2053 5179; x_wconf 86' lang='lat' dir='ltr'><strong>puerperia</strong></span> <span class='ocrx_word' id='word_1_687' title='bbox 2088 5109 2168 5163; x_wconf 82' lang='lat' dir='ltr'><strong>fn-</strong></span> 
     </span>
    </p>
   </div>
   <div class='ocr_carea' id='block_1_97' title="bbox 574 5195 2164 5271">
    <p class='ocr_par' dir='ltr' id='par_1_97' title="bbox 574 5195 2164 5271">
     <span class='ocr_line' id='line_1_97' title="bbox 574 5195 2164 5271; baseline 0.007 -23"><span class='ocrx_word' id='word_1_688' title='bbox 574 5212 691 5248; x_wconf 88' lang='lat' dir='ltr'><strong>snm</strong></span> <span class='ocrx_word' id='word_1_689' title='bbox 718 5196 742 5248; x_wconf 88' lang='lat'><strong>?</strong></span> <span class='ocrx_word' id='word_1_690' title='bbox 774 5195 952 5267; x_wconf 82' lang='lat' dir='ltr'><strong>Cogor</strong></span> <span class='ocrx_word' id='word_1_691' title='bbox 982 5197 1198 5252; x_wconf 90' lang='lat' dir='ltr'><strong>insolita</strong></span> <span class='ocrx_word' id='word_1_692' title='bbox 1231 5200 1409 5269; x_wconf 91' lang='lat' dir='ltr'><strong>loqui,</strong></span> <span class='ocrx_word' id='word_1_693' title='bbox 1442 5211 1492 5255; x_wconf 91' lang='lat' dir='ltr'><strong>et</strong></span> <span class='ocrx_word' id='word_1_694' title='bbox 1522 5218 1643 5256; x_wconf 86' lang='lat' dir='ltr'><strong>cum</strong></span> <span class='ocrx_word' id='word_1_695' title='bbox 1676 5203 1879 5271; x_wconf 89' lang='lat' dir='ltr'><strong>pudore</strong></span> <span class='ocrx_word' id='word_1_696' title='bbox 1909 5204 2164 5270; x_wconf 79' lang='lat' dir='ltr'><strong>maximo,</strong></span> 
     </span>
    </p>
   </div>
   <div class='ocr_carea' id='block_1_98' title="bbox 573 5288 2166 5367">
    <p class='ocr_par' dir='ltr' id='par_1_98' title="bbox 573 5288 2166 5367">
     <span class='ocr_line' id='line_1_98' title="bbox 573 5288 2166 5367; baseline 0.006 -25"><span class='ocrx_word' id='word_1_697' title='bbox 573 5290 665 5342; x_wconf 83' lang='lat' dir='ltr'><strong>sed</strong></span> <span class='ocrx_word' id='word_1_698' title='bbox 699 5297 752 5341; x_wconf 91' lang='lat' dir='ltr'><strong>ut</strong></span> <span class='ocrx_word' id='word_1_699' title='bbox 796 5288 853 5341; x_wconf 87' lang='lat' dir='ltr'><strong>B.</strong></span> <span class='ocrx_word' id='word_1_700' title='bbox 891 5288 1138 5362; x_wconf 82' lang='lat' dir='ltr'><strong>Gregorii</strong></span> <span class='ocrx_word' id='word_1_701' title='bbox 1181 5293 1361 5347; x_wconf 86' lang='lat' dir='ltr'><strong>verbis</strong></span> <span class='ocrx_word' id='word_1_702' title='bbox 1402 5304 1563 5348; x_wconf 88' lang='lat' dir='ltr'><strong>tttar:</strong></span> <span class='ocrx_word' id='word_1_703' title='bbox 1603 5314 1618 5345; x_wconf 82' lang='grc' dir='ltr'><strong>ι</strong></span> <span class='ocrx_word' id='word_1_704' title='bbox 1670 5294 1819 5350; x_wconf 87' lang='lat' dir='ltr'><strong>llane</strong></span> <span class='ocrx_word' id='word_1_705' title='bbox 1859 5298 1971 5367; x_wconf 85' lang='lat' dir='ltr'><strong>ipse</strong></span> <span class='ocrx_word' id='word_1_706' title='bbox 2012 5313 2166 5353; x_wconf 86' lang='lat' dir='ltr'><strong>vere-</strong></span> 
     </span>
    </p>
   </div>
   <div class='ocr_carea' id='block_1_99' title="bbox 573 5381 2166 5461">
    <p class='ocr_par' dir='ltr' id='par_1_99' title="bbox 573 5381 2166 5461">
     <span class='ocr_line' id='line_1_99' title="bbox 573 5381 2166 5461; baseline 0.008 -27"><span class='ocrx_word' id='word_1_707' title='bbox 573 5381 826 5435; x_wconf 87' lang='lat' dir='ltr'><strong>cundiam</strong></span> <span class='ocrx_word' id='word_1_708' title='bbox 870 5384 922 5436; x_wconf 89' lang='lat' dir='ltr'><strong>in</strong></span> <span class='ocrx_word' id='word_1_709' title='bbox 968 5399 1054 5439; x_wconf 91' lang='lat' dir='ltr'><strong>me</strong></span> <span class='ocrx_word' id='word_1_710' title='bbox 1099 5388 1455 5455; x_wconf 89' lang='lat' dir='ltr'><strong>reprehendo.</strong></span> <span class='ocrx_word' id='word_1_711' title='bbox 1500 5408 1517 5439; x_wconf 76' lang='grc' dir='ltr'><strong>ι</strong></span> <span class='ocrx_word' id='word_1_712' title='bbox 1554 5388 1653 5456; x_wconf 91' lang='lat' dir='ltr'><strong>Qui</strong></span> <span class='ocrx_word' id='word_1_713' title='bbox 1694 5390 1838 5444; x_wconf 85' lang='lat' dir='ltr'><strong>enim</strong></span> <span class='ocrx_word' id='word_1_714' title='bbox 1878 5400 2056 5447; x_wconf 85' lang='lat' dir='ltr'><strong>tantas</strong></span> <span class='ocrx_word' id='word_1_715' title='bbox 2094 5394 2166 5461; x_wconf 91' lang='lat' dir='ltr'><strong>pii</strong></span> 
     </span>
    </p>
   </div>
   <div class='ocr_carea' id='block_1_100' title="bbox 572 5472 2163 5552">
    <p class='ocr_par' dir='ltr' id='par_1_100' title="bbox 572 5472 2163 5552">
     <span class='ocr_line' id='line_1_100' title="bbox 572 5472 2163 5552; baseline 0.008 -24"><span class='ocrx_word' id='word_1_716' title='bbox 572 5472 955 5543; x_wconf 82' lang='lat' dir='ltr'><strong>Redemptoris</strong></span> <span class='ocrx_word' id='word_1_717' title='bbox 972 5476 1199 5544; x_wconf 88' lang='lat' dir='ltr'><strong>injurias</strong></span> <span class='ocrx_word' id='word_1_718' title='bbox 1221 5496 1326 5537; x_wconf 87' lang='lat' dir='ltr'><strong>non</strong></span> <span class='ocrx_word' id='word_1_719' title='bbox 1352 5482 1636 5552; x_wconf 86' lang='lat' dir='ltr'><strong>aegerrime</strong></span> <span class='ocrx_word' id='word_1_720' title='bbox 1663 5480 1786 5547; x_wconf 89' lang='lat' dir='ltr'><strong>fert,</strong></span> <span class='ocrx_word' id='word_1_721' title='bbox 1806 5485 1894 5551; x_wconf 92' lang='lat' dir='ltr'><strong>qui</strong></span> <span class='ocrx_word' id='word_1_722' title='bbox 1924 5484 2163 5540; x_wconf 80' lang='lat' dir='ltr'><strong>inaudita</strong></span> 
     </span>
    </p>
   </div>
   <div class='ocr_carea' id='block_1_101' title="bbox 573 5562 2164 5641">
    <p class='ocr_par' dir='ltr' id='par_1_101' title="bbox 573 5562 2164 5641">
     <span class='ocr_line' id='line_1_101' title="bbox 573 5562 2164 5641; baseline 0.008 -23"><span class='ocrx_word' id='word_1_723' title='bbox 573 5562 940 5635; x_wconf 64' lang='lat' dir='ltr'><strong>integerrimas</strong></span> <span class='ocrx_word' id='word_1_724' title='bbox 972 5568 1159 5623; x_wconf 83' lang='lat' dir='ltr'><strong>Matris</strong></span> <span class='ocrx_word' id='word_1_725' title='bbox 1187 5571 1384 5641; x_wconf 87' lang='lat' dir='ltr'><strong>probra</strong></span> <span class='ocrx_word' id='word_1_726' title='bbox 1409 5588 1515 5626; x_wconf 90' lang='lat' dir='ltr'><strong>non</strong></span> <span class='ocrx_word' id='word_1_727' title='bbox 1546 5572 1891 5629; x_wconf 84' lang='lat' dir='ltr'><strong>acerbissima</strong></span> <span class='ocrx_word' id='word_1_728' title='bbox 1920 5575 2164 5631; x_wconf 87' lang='lat' dir='ltr'><strong>animad-</strong></span> 
     </span>
    </p>
   </div>
   <div class='ocr_carea' id='block_1_102' title="bbox 568 5658 2164 5740">
    <p class='ocr_par' dir='ltr' id='par_1_102' title="bbox 568 5658 2164 5740">
     <span class='ocr_line' id='line_1_102' title="bbox 568 5658 2164 5740; baseline 0.009 -30"><span class='ocrx_word' id='word_1_729' title='bbox 568 5658 821 5713; x_wconf 78' lang='lat' dir='ltr'><strong>versione</strong></span> <span class='ocrx_word' id='word_1_730' title='bbox 868 5658 1087 5727; x_wconf 86' lang='lat' dir='ltr'><strong>refellit,</strong></span> <span class='ocrx_word' id='word_1_731' title='bbox 1134 5664 1224 5732; x_wconf 90' lang='lat' dir='ltr'><strong>qui</strong></span> <span class='ocrx_word' id='word_1_732' title='bbox 1272 5666 1386 5720; x_wconf 75' lang='lat' dir='ltr'><strong>hzcc</strong></span> <span class='ocrx_word' id='word_1_733' title='bbox 1434 5667 1751 5735; x_wconf 76' lang='lat' dir='ltr'><strong>:equanimis</strong></span> <span class='ocrx_word' id='word_1_734' title='bbox 1798 5668 1978 5735; x_wconf 88' lang='lat' dir='ltr'><strong>audit,</strong></span> <span class='ocrx_word' id='word_1_735' title='bbox 2017 5679 2164 5740; x_wconf 88' lang='lat' dir='ltr'><strong>patet</strong></span> 
     </span>
    </p>
   </div>
   <div class='ocr_carea' id='block_1_103' title="bbox 643 5813 2081 5895">
    <p class='ocr_par' dir='ltr' id='par_1_103' title="bbox 643 5813 2081 5895">
     <span class='ocr_line' id='line_1_103' title="bbox 643 5813 2081 5895; baseline 0.01 -27"><span class='ocrx_word' id='word_1_736' title='bbox 643 5813 757 5886; x_wconf 73' lang='lat'><strong>(22)</strong></span> <span class='ocrx_word' id='word_1_737' title='bbox 783 5816 860 5873; x_wconf 87' lang='lat' dir='ltr'><strong>De</strong></span> <span class='ocrx_word' id='word_1_738' title='bbox 890 5816 977 5874; x_wconf 90' lang='lat' dir='ltr'><strong>his</strong></span> <span class='ocrx_word' id='word_1_739' title='bbox 1004 5817 1058 5873; x_wconf 91' lang='lat' dir='ltr'><strong>in</strong></span> <span class='ocrx_word' id='word_1_740' title='bbox 1084 5817 1205 5875; x_wconf 71' lang='lat' dir='ltr'><strong>Vita</strong></span> <span class='ocrx_word' id='word_1_741' title='bbox 1237 5836 1332 5877; x_wconf 87' lang='lat' dir='ltr'><strong>sua</strong></span> <span class='ocrx_word' id='word_1_742' title='bbox 1366 5822 1606 5892; x_wconf 88' lang='lat' dir='ltr'><strong>pluribus</strong></span> <span class='ocrx_word' id='word_1_743' title='bbox 1635 5825 1745 5895; x_wconf 88' lang='lat' dir='ltr'><strong>agit</strong></span> <span class='ocrx_word' id='word_1_744' title='bbox 1772 5824 2081 5882; x_wconf 86' lang='lat' dir='ltr'><strong>Gttibertus.</strong></span> 
     </span>
    </p>
   </div>
   <div class='ocr_carea' id='block_1_104' title="bbox 2277 4622 3783 4708">
    <p class='ocr_par' dir='ltr' id='par_1_104' title="bbox 2277 4622 3783 4708">
     <span class='ocr_line' id='line_1_104' title="bbox 2277 4622 3783 4708; baseline 0.005 -15"><span class='ocrx_word' id='word_1_745' title='bbox 2277 4655 2399 4694; x_wconf 91' lang='lat' dir='ltr'><strong>meo</strong></span> <span class='ocrx_word' id='word_1_746' title='bbox 2422 4649 2575 4707; x_wconf 91' lang='lat' dir='ltr'><strong>nutu,</strong></span> <span class='ocrx_word' id='word_1_747' title='bbox 2614 4658 2733 4696; x_wconf 87' lang='lat' dir='ltr'><strong>mea</strong></span> <span class='ocrx_word' id='word_1_748' title='bbox 2767 4643 3046 4699; x_wconf 87' lang='lat' dir='ltr'><strong>voluntate</strong></span> <span class='ocrx_word' id='word_1_749' title='bbox 3073 4653 3392 4708; x_wconf 86' lang='lat' dir='ltr'><strong>moventur;</strong></span> <span class='ocrx_word' id='word_1_750' title='bbox 3419 4651 3469 4696; x_wconf 92' lang='lat' dir='ltr'><strong>et</strong></span> <span class='ocrx_word' id='word_1_751' title='bbox 3499 4637 3607 4708; x_wconf 63' lang='lat' dir='ltr'><strong>qui:|</strong></span> <span class='ocrx_word' id='word_1_752' title='bbox 3630 4622 3783 4700; x_wconf 58' lang='lat' dir='ltr'><strong>l&quot;addc</strong></span> 
     </span>
    </p>
   </div>
   <div class='ocr_carea' id='block_1_105' title="bbox 2276 4719 3782 4804">
    <p class='ocr_par' dir='ltr' id='par_1_105' title="bbox 2276 4719 3782 4804">
     <span class='ocr_line' id='line_1_105' title="bbox 2276 4719 3782 4804; baseline -0.013 -18"><span class='ocrx_word' id='word_1_753' title='bbox 2276 4732 2377 4786; x_wconf 89' lang='lat' dir='ltr'><strong>sub</strong></span> <span class='ocrx_word' id='word_1_754' title='bbox 2409 4748 2531 4786; x_wconf 89' lang='lat' dir='ltr'><strong>meo</strong></span> <span class='ocrx_word' id='word_1_755' title='bbox 2557 4742 2726 4804; x_wconf 87' lang='lat' dir='ltr'><strong>agunt</strong></span> <span class='ocrx_word' id='word_1_756' title='bbox 2754 4735 3003 4804; x_wconf 86' lang='lat' dir='ltr'><strong>imperio,</strong></span> <span class='ocrx_word' id='word_1_757' title='bbox 3036 4735 3243 4789; x_wconf 89' lang='lat' dir='ltr'><strong>nullum</strong></span> <span class='ocrx_word' id='word_1_758' title='bbox 3274 4735 3404 4790; x_wconf 88' lang='lat' dir='ltr'><strong>tnihi</strong></span> <span class='ocrx_word' id='word_1_759' title='bbox 3432 4729 3657 4802; x_wconf 82' lang='lat' dir='ltr'><strong>pudorem</strong></span> <span class='ocrx_word' id='word_1_760' title='bbox 3681 4719 3782 4772; x_wconf 83' lang='lat' dir='ltr'><strong>ineu-</strong></span> 
     </span>
    </p>
   </div>
   <div class='ocr_carea' id='block_1_106' title="bbox 2277 4809 3780 4898">
    <p class='ocr_par' dir='ltr' id='par_1_106' title="bbox 2277 4809 3780 4898">
     <span class='ocr_line' id='line_1_106' title="bbox 2277 4809 3780 4898; baseline -0.007 -20"><span class='ocrx_word' id='word_1_761' title='bbox 2277 4823 2419 4878; x_wconf 89' lang='lat' dir='ltr'><strong>tiunt</strong></span> <span class='ocrx_word' id='word_1_762' title='bbox 2465 4823 2641 4894; x_wconf 80' lang='lat' dir='ltr'><strong>(Rom.</strong></span> <span class='ocrx_word' id='word_1_763' title='bbox 2695 4842 2801 4893; x_wconf 88' lang='lat' dir='ltr'><strong>vtt,</strong></span> <span class='ocrx_word' id='word_1_764' title='bbox 2851 4827 2965 4895; x_wconf 67' lang='lat'><strong>‘25).</strong></span> <span class='ocrx_word' id='word_1_765' title='bbox 3016 4828 3085 4881; x_wconf 91' lang='lat' dir='ltr'><strong>At</strong></span> <span class='ocrx_word' id='word_1_766' title='bbox 3128 4829 3252 4898; x_wconf 89' lang='lat' dir='ltr'><strong>quia</strong></span> <span class='ocrx_word' id='word_1_767' title='bbox 3305 4836 3507 4898; x_wconf 84' lang='lat' dir='ltr'><strong>partes,</strong></span> <span class='ocrx_word' id='word_1_768' title='bbox 3551 4821 3606 4873; x_wconf 88' lang='lat' dir='ltr'><strong>de</strong></span> <span class='ocrx_word' id='word_1_769' title='bbox 3638 4809 3780 4881; x_wconf 67' lang='lat' dir='ltr'><strong>quib&quot;S</strong></span> 
     </span>
    </p>
   </div>
   <div class='ocr_carea' id='block_1_107' title="bbox 2276 4899 3778 4985">
    <p class='ocr_par' dir='ltr' id='par_1_107' title="bbox 2276 4899 3778 4985">
     <span class='ocr_line' id='line_1_107' title="bbox 2276 4899 3778 4985; baseline -0.009 -19"><span class='ocrx_word' id='word_1_770' title='bbox 2276 4913 2515 4981; x_wconf 89' lang='lat' dir='ltr'><strong>agimus,</strong></span> <span class='ocrx_word' id='word_1_771' title='bbox 2560 4926 2749 4970; x_wconf 87' lang='lat' dir='ltr'><strong>contra</strong></span> <span class='ocrx_word' id='word_1_772' title='bbox 2786 4917 2909 4985; x_wconf 82' lang='lat' dir='ltr'><strong>jura</strong></span> <span class='ocrx_word' id='word_1_773' title='bbox 2944 4919 3110 4972; x_wconf 85' lang='lat' dir='ltr'><strong>totius</strong></span> <span class='ocrx_word' id='word_1_774' title='bbox 3150 4919 3375 4973; x_wconf 87' lang='lat' dir='ltr'><strong>rationis</strong></span> <span class='ocrx_word' id='word_1_775' title='bbox 3409 4910 3580 4970; x_wconf 81' lang='lat' dir='ltr'><strong>ell&#39;reni</strong></span> <span class='ocrx_word' id='word_1_776' title='bbox 3606 4899 3778 4976; x_wconf 76' lang='lat' dir='ltr'><strong>quadam</strong></span> 
     </span>
    </p>
   </div>
   <div class='ocr_carea' id='block_1_108' title="bbox 2275 4993 3773 5080">
    <p class='ocr_par' dir='ltr' id='par_1_108' title="bbox 2275 4993 3773 5080">
     <span class='ocr_line' id='line_1_108' title="bbox 2275 4993 3773 5080; baseline -0.005 -20"><span class='ocrx_word' id='word_1_777' title='bbox 2275 5005 2525 5063; x_wconf 87' lang='lat' dir='ltr'><strong>libertate</strong></span> <span class='ocrx_word' id='word_1_778' title='bbox 2551 5007 2822 5077; x_wconf 85' lang='lat' dir='ltr'><strong>feruntur,</strong></span> <span class='ocrx_word' id='word_1_779' title='bbox 2849 5020 2901 5065; x_wconf 91' lang='lat' dir='ltr'><strong>et</strong></span> <span class='ocrx_word' id='word_1_780' title='bbox 2931 5012 3083 5080; x_wconf 88' lang='lat' dir='ltr'><strong>quasi</strong></span> <span class='ocrx_word' id='word_1_781' title='bbox 3118 5013 3362 5080; x_wconf 73' lang='lat' dir='ltr'><strong>quzedam</strong></span> <span class='ocrx_word' id='word_1_782' title='bbox 3394 5009 3584 5062; x_wconf 86' lang='lat' dir='ltr'><strong>diversa</strong></span> <span class='ocrx_word' id='word_1_783' title='bbox 3620 4996 3682 5045; x_wconf 67' lang='grc' dir='ltr'><strong>ῐθτ</strong></span> <span class='ocrx_word' id='word_1_784' title='bbox 3703 4993 3773 5043; x_wconf 70' lang='grc' dir='ltr'><strong>ο⁵¹ο</strong></span> 
     </span>
    </p>
   </div>
   <div class='ocr_carea' id='block_1_109' title="bbox 2270 5085 3776 5180">
    <p class='ocr_par' dir='ltr' id='par_1_109' title="bbox 2270 5085 3776 5180">
     <span class='ocr_line' id='line_1_109' title="bbox 2270 5085 3776 5180; baseline -0.01 -25"><span class='ocrx_word' id='word_1_785' title='bbox 2270 5099 2425 5169; x_wconf 76' lang='lat' dir='ltr'><strong>juxta</strong></span> <span class='ocrx_word' id='word_1_786' title='bbox 2478 5102 2794 5173; x_wconf 82' lang='lat' dir='ltr'><strong>Apostolum</strong></span> <span class='ocrx_word' id='word_1_787' title='bbox 2825 5144 2838 5169; x_wconf 96' lang='lat'><strong>,</strong></span> <span class='ocrx_word' id='word_1_788' title='bbox 2892 5105 2943 5157; x_wconf 91' lang='lat' dir='ltr'><strong>in</strong></span> <span class='ocrx_word' id='word_1_789' title='bbox 2999 5104 3257 5160; x_wconf 88' lang='lat' dir='ltr'><strong>membris</strong></span> <span class='ocrx_word' id='word_1_790' title='bbox 3309 5098 3497 5157; x_wconf 91' lang='lat' dir='ltr'><strong>nostris</strong></span> <span class='ocrx_word' id='word_1_791' title='bbox 3543 5085 3776 5180; x_wconf 40' lang='lat' dir='ltr'><strong>repugllil&#39;.IS</strong></span> 
     </span>
    </p>
   </div>
   <div class='ocr_carea' id='block_1_110' title="bbox 2274 5182 3771 5269">
    <p class='ocr_par' dir='ltr' id='par_1_110' title="bbox 2274 5182 3771 5269">
     <span class='ocr_line' id='line_1_110' title="bbox 2274 5182 3771 5269; baseline -0.015 -16"><span class='ocrx_word' id='word_1_792' title='bbox 2274 5195 2437 5267; x_wconf 72' lang='grc'><strong>264</strong></span> <span class='ocrx_word' id='word_1_793' title='bbox 2464 5196 2566 5267; x_wconf 82' lang='lat' dir='ltr'><strong>legi</strong></span> <span class='ocrx_word' id='word_1_794' title='bbox 2604 5199 2799 5252; x_wconf 82' lang='lat' dir='ltr'><strong>mentis</strong></span> <span class='ocrx_word' id='word_1_795' title='bbox 2829 5209 3049 5264; x_wconf 86' lang='lat' dir='ltr'><strong>nostrae,</strong></span> <span class='ocrx_word' id='word_1_796' title='bbox 3088 5208 3137 5254; x_wconf 89' lang='lat' dir='ltr'><strong>et</strong></span> <span class='ocrx_word' id='word_1_797' title='bbox 3175 5199 3413 5269; x_wconf 85' lang='lat' dir='ltr'><strong>captivos</strong></span> <span class='ocrx_word' id='word_1_798' title='bbox 3438 5205 3528 5248; x_wconf 90' lang='lat' dir='ltr'><strong>nos</strong></span> <span class='ocrx_word' id='word_1_799' title='bbox 3560 5182 3771 5269; x_wconf 26' lang='lat' dir='ltr'><strong>ducens‘t‘n</strong></span> 
     </span>
    </p>
   </div>
   <div class='ocr_carea' id='block_1_111' title="bbox 2273 5259 3768 5360">
    <p class='ocr_par' dir='ltr' id='par_1_111' title="bbox 2273 5259 3768 5360">
     <span class='ocr_line' id='line_1_111' title="bbox 2273 5259 3768 5360; baseline -0.033 10"><span class='ocrx_word' id='word_1_800' title='bbox 2273 5288 2389 5357; x_wconf 65' lang='lat' dir='ltr'><strong>lege</strong></span> <span class='ocrx_word' id='word_1_801' title='bbox 2428 5290 2667 5357; x_wconf 62' lang='grc' dir='ltr'><strong>νθίῖθθίίι</strong></span> <span class='ocrx_word' id='word_1_802' title='bbox 2711 5307 2831 5360; x_wconf 68' lang='lat' dir='ltr'><strong>qua:</strong></span> <span class='ocrx_word' id='word_1_803' title='bbox 2878 5301 2963 5345; x_wconf 88' lang='lat' dir='ltr'><strong>est</strong></span> <span class='ocrx_word' id='word_1_804' title='bbox 3005 5292 3057 5344; x_wconf 93' lang='lat' dir='ltr'><strong>in</strong></span> <span class='ocrx_word' id='word_1_805' title='bbox 3103 5291 3359 5346; x_wconf 87' lang='lat' dir='ltr'><strong>membris</strong></span> <span class='ocrx_word' id='word_1_806' title='bbox 3387 5280 3569 5341; x_wconf 86' lang='lat' dir='ltr'><strong>nostris</strong></span> <span class='ocrx_word' id='word_1_807' title='bbox 3608 5259 3768 5342; x_wconf 59' lang='lat' dir='ltr'><strong>(Ibid);</strong></span> 
     </span>
    </p>
   </div>
   <div class='ocr_carea' id='block_1_112' title="bbox 2271 5362 3766 5455">
    <p class='ocr_par' dir='ltr' id='par_1_112' title="bbox 2271 5362 3766 5455">
     <span class='ocr_line' id='line_1_112' title="bbox 2271 5362 3766 5455; baseline -0.018 -19"><span class='ocrx_word' id='word_1_808' title='bbox 2271 5382 2477 5437; x_wconf 75' lang='lat' dir='ltr'><strong>ideirco</strong></span> <span class='ocrx_word' id='word_1_809' title='bbox 2522 5383 2666 5451; x_wconf 80' lang='lat' dir='ltr'><strong>jnstc</strong></span> <span class='ocrx_word' id='word_1_810' title='bbox 2709 5386 3109 5449; x_wconf 79' lang='lat' dir='ltr'><strong>erubescimus,</strong></span> <span class='ocrx_word' id='word_1_811' title='bbox 3157 5386 3280 5455; x_wconf 91' lang='lat' dir='ltr'><strong>quia</strong></span> <span class='ocrx_word' id='word_1_812' title='bbox 3308 5383 3539 5439; x_wconf 86' lang='lat' dir='ltr'><strong>velimus,</strong></span> <span class='ocrx_word' id='word_1_813' title='bbox 3578 5362 3766 5422; x_wconf 86' lang='lat' dir='ltr'><strong>nolimus.</strong></span> 
     </span>
    </p>
   </div>
   <div class='ocr_carea' id='block_1_113' title="bbox 2272 5457 3766 5548">
    <p class='ocr_par' dir='ltr' id='par_1_113' title="bbox 2272 5457 3766 5548">
     <span class='ocr_line' id='line_1_113' title="bbox 2272 5457 3766 5548; baseline -0.038 10"><span class='ocrx_word' id='word_1_814' title='bbox 2272 5477 2502 5544; x_wconf 56' lang='lat' dir='ltr'><strong>“&quot;pi‘c&quot;</strong></span> <span class='ocrx_word' id='word_1_815' title='bbox 2549 5476 2661 5532; x_wconf 62' lang='grc'><strong>³³³⁸⁸</strong></span> <span class='ocrx_word' id='word_1_816' title='bbox 2704 5478 2838 5548; x_wconf 65' lang='grc' dir='ltr'><strong>ω’ῖεῑ</strong></span> <span class='ocrx_word' id='word_1_817' title='bbox 2887 5493 2952 5532; x_wconf 80' lang='lat' dir='ltr'><strong>ex</strong></span> <span class='ocrx_word' id='word_1_818' title='bbox 3002 5478 3254 5533; x_wconf 82' lang='lat' dir='ltr'><strong>desiderii</strong></span> <span class='ocrx_word' id='word_1_819' title='bbox 3298 5473 3528 5547; x_wconf 85' lang='lat' dir='ltr'><strong>passione</strong></span> <span class='ocrx_word' id='word_1_820' title='bbox 3569 5457 3766 5513; x_wconf 64' lang='lat' dir='ltr'><strong>videmus.</strong></span> 
     </span>
    </p>
   </div>
   <div class='ocr_carea' id='block_1_114' title="bbox 2270 5551 3768 5641">
    <p class='ocr_par' dir='ltr' id='par_1_114' title="bbox 2270 5551 3768 5641">
     <span class='ocr_line' id='line_1_114' title="bbox 2270 5551 3768 5641; baseline -0.021 -20"><span class='ocrx_word' id='word_1_821' title='bbox 2270 5564 2429 5623; x_wconf 84' lang='lat' dir='ltr'><strong>Verbi</strong></span> <span class='ocrx_word' id='word_1_822' title='bbox 2465 5572 2657 5641; x_wconf 81' lang='lat' dir='ltr'><strong>gratia,</strong></span> <span class='ocrx_word' id='word_1_823' title='bbox 2697 5572 2834 5625; x_wconf 74' lang='lat' dir='ltr'><strong>habe</strong></span> <span class='ocrx_word' id='word_1_824' title='bbox 2876 5587 3091 5626; x_wconf 75' lang='lat' dir='ltr'><strong>servum</strong></span> <span class='ocrx_word' id='word_1_825' title='bbox 3123 5572 3255 5627; x_wconf 85' lang='lat' dir='ltr'><strong>alias</strong></span> <span class='ocrx_word' id='word_1_826' title='bbox 3284 5569 3477 5641; x_wconf 83' lang='lat' dir='ltr'><strong>utilem,</strong></span> <span class='ocrx_word' id='word_1_827' title='bbox 3505 5555 3583 5612; x_wconf 86' lang='lat' dir='ltr'><strong>sed</strong></span> <span class='ocrx_word' id='word_1_828' title='bbox 3611 5551 3768 5641; x_wconf 41' lang='lat' dir='ltr'><strong>protere</strong></span> 
     </span>
    </p>
   </div>
   <div class='ocr_carea' id='block_1_115' title="bbox 2265 5637 3764 5738">
    <p class='ocr_par' dir='ltr' id='par_1_115' title="bbox 2265 5637 3764 5738">
     <span class='ocr_line' id='line_1_115' title="bbox 2265 5637 3764 5738; baseline -0.014 -21"><span class='ocrx_word' id='word_1_829' title='bbox 2265 5674 2414 5731; x_wconf 80' lang='lat' dir='ltr'><strong>vum,</strong></span> <span class='ocrx_word' id='word_1_830' title='bbox 2464 5680 2647 5721; x_wconf 87' lang='lat' dir='ltr'><strong>coram</strong></span> <span class='ocrx_word' id='word_1_831' title='bbox 2700 5667 2978 5723; x_wconf 72' lang='lat' dir='ltr'><strong>extraneis</strong></span> <span class='ocrx_word' id='word_1_832' title='bbox 3021 5668 3069 5723; x_wconf 83' lang='lat' dir='ltr'><strong>ei</strong></span> <span class='ocrx_word' id='word_1_833' title='bbox 3112 5669 3382 5738; x_wconf 79' lang='lat' dir='ltr'><strong>quidpiam</strong></span> <span class='ocrx_word' id='word_1_834' title='bbox 3423 5657 3672 5727; x_wconf 78' lang='lat' dir='ltr'><strong>imperare,</strong></span> <span class='ocrx_word' id='word_1_835' title='bbox 3701 5637 3764 5688; x_wconf 71' lang='lat' dir='ltr'><strong>al&quot;</strong></span> 
     </span>
    </p>
   </div>
  </div>
