4038 6330
263 384 372 444 497

949 385 1187 450 I‘RACT.
1220 387 1308 450 DE
1345 394 1858 456 INCARNATIONE
1886 398 2165 460 CONTRA
2205 397 2510 466 JUDEOS.
2543 432 2614 452 ε·-
2641 406 2768 465 LIB.
2799 410 2840 466 Ι.

3443 413 3546 479 498

271 517 582 560 sermonem
625 517 746 560 cum
779 518 845 561 co
887 504 1120 563 miseere
1159 509 1470 580 dissimulo,
1500 523 1554 569 et
1590 522 1850 584 quantum
1880 516 1927 574 A
1955 515 2096 583 bula,
2131 527 2179 573 et
2219 521 2453 589 puellam
2499 523 2845 579 vendiderunt
2892 541 2989 596 pro
3037 525 3178 597 vino,
3225 538 3281 585 ut
3316 529 3544 588 biberent

269 611 490 665 possum
539 608 785 669 contego,
837 599 961 670 quia
1012 601 1056 654 si
1104 603 1334 672 superbe
1384 622 1444 662 se
1489 608 1671 678 erigit,
1723 626 1857 665 con-

268 697 534 759 temptum
586 707 766 747 meum
820 705 1029 766 reputo.
1077 696 1206 754 Jure
1259 709 1390 773 ergo
1433 710 1488 757 et
1529 704 1764 770 virtute,
1802 719 1859 765 et

264 781 512 836 vestibus
553 797 639 838 res
673 795 964 841 contumax
1001 789 1279 858 operitur,
1310 792 1436 862 quia
1469 795 1536 848 ad
1567 795 1856 865 plurimam

261 885 319 931 et
349 878 534 934 carnis
563 887 618 934 et
640 880 865 950 spiritus
894 883 1279 940 contumeliam
1306 887 1620 946 suscitatur.
1652 889 1759 947 Sed
1789 895 1855 949 ad

262 987 381 1032 rem
406 977 716 1034 redeamus.

878 1113 1105 1175 CAPUT
1146 1118 1232 1175 Vl.

334 1245 406 1302 In
442 1257 584 1303 statu
615 1250 927 1307 innocentiae
966 1254 1140 1324 pudor
1165 1253 1364 1312 nullus.
1409 1257 1598 1314 Utrum
1630 1278 1852 1331 genera-

256 1341 397 1395 tioni
441 1342 781 1398 intendissent
835 1347 992 1415 primi
1041 1361 1302 1418 parentes,
1360 1353 1406 1405 si
1459 1354 1512 1408 in
1563 1355 1852 1412 obedientia

251 1433 625 1502 perstitissent.
655 1467 726 1476 —
757 1438 928 1493 Adam
969 1440 1132 1511 igitur
1169 1452 1225 1497 et
1265 1443 1397 1512 Eva,
1443 1455 1569 1503 ante
1595 1450 1851 1520 prtevari-

254 1523 560 1591 cationem,
593 1525 678 1582 his
710 1537 968 1584 vacantes
1009 1533 1267 1600 motibus,
1319 1536 1634 1595 beatissime
1671 1541 1848 1612 impu-

255 1617 450 1676 dentes
488 1619 729 1680 fuerunt.
765 1625 865 1680 Cui
901 1627 978 1681 rei
1019 1629 1354 1692 simillimum
1385 1636 1642 1705 estquod
1673 1637 1848 1694 infan-

257 1711 402 1769 tulos
427 1726 482 1771 et
509 1717 759 1790 impubes
781 1721 1101 1794 plerumque
1121 1742 1320 1796 pueros
1343 1731 1708 1800 conspicimus
1730 1734 1847 1792 sine

248 1811 585 1865 verecundia
642 1814 815 1869 nudos
874 1815 1167 1884 incedere,
1226 1821 1358 1889 qui,
1411 1823 1456 1876 si
1510 1824 1846 1885 titillationes

255 1897 472 1970 aliquas
511 1912 860 1973 paterentur,
890 1916 984 1962 aut
1019 1911 1228 1982 seipsos
1263 1914 1454 1984 utique
1487 1926 1580 1970 aut
1622 1933 1715 1974 eos
1757 1922 1846 1991 qui
1881 1897 1925 1956 Β

247 2001 482 2062 possent
521 2010 810 2054 occurrere
848 2008 1186 2057 vererentur.
1231 2003 1429 2062 Beatus
1468 2023 1597 2079 ergo
1641 2011 1849 2082 primus

252 2087 558 2154 primorum
591 2091 870 2148 hominum
911 2105 1106 2152 status.
1151 2097 1299 2154 Felix
1339 2101 1500 2156 etiam
1541 2104 1849 2174 ignorantia

253 2180 629 2251 parvulorum,
654 2185 778 2254 quia
809 2186 935 2242 dum
961 2188 1417 2260 impassibililatis
1447 2197 1717 2252 inaznibus
1744 2198 1852 2254 cir-

249 2274 564 2343 cumdatur,
593 2279 838 2348 angelica
879 2284 1175 2340 securitate
1203 2285 1436 2342 laetatur.

332 2363 439 2421 Sed
477 2373 828 2438 quaerendum
873 2385 984 2438 est,
1034 2376 1078 2431 si
1124 2378 1426 2437 obedicndo
1466 2385 1848 2456 persistercnt,

247 2466 437 2512 utrum
473 2461 580 2516 duo
615 2464 714 2518 soli
747 2467 1060 2534 paradisum
1101 2471 1428 2542 incolerent,
1462 2491 1529 2530 an
1571 2477 1637 2533 de
1667 2491 1848 2549 poste-

248 2550 432 2616 ritate,
479 2552 588 2609 imo
634 2555 700 2610 de
747 2557 899 2626 prole
947 2574 1220 2619 curarent.
1265 2563 1562 2622 Posteritas
1615 2585 1848 2640 namque

247 2641 358 2697 dici
389 2659 497 2698 non
529 2656 741 2716 potest,
777 2649 866 2704 ubi
901 2651 1156 2709 decessor
1184 2670 1291 2710 non
1320 2665 1431 2723 est;
1464 2659 1556 2714 sed
1591 2661 1692 2716 nisi
1724 2678 1849 2733 pro-

247 2745 533 2804 creareut,
579 2757 861 2798 numerum
912 2761 1020 2800 non
1078 2747 1362 2818 facerent;
1405 2751 1506 2806 nisi
1561 2771 1845 2812 numerum

247 2824 521 2892 facerent,
546 2831 613 2886 ad
639 2833 690 2886 id
719 2849 817 2902 pro
833 2849 940 2904 quo
963 2835 1090 2892 facti
1121 2839 1358 2909 fuerant,
1385 2857 1490 2897 non
1515 2845 1844 2902 suliiccrcut.

247 2916 616 2976 Tractandum
647 2924 811 2994 igitur
838 2937 919 2982 est
964 2945 1124 3000 quem
1168 2933 1387 2987 modum
1424 2937 1717 3006 generandi
1752 2919 1848 2993 lia-

239 3007 463 3076 berent,
493 3028 614 3067 cum
648 3016 788 3072 alter
814 3020 1037 3088 agendi,
1070 3021 1238 3078 altera
1270 3026 1510 3094 patiendi
1554 3028 1698 3084 nulla
1740 3047 1844 3084 un-

238 3117 411 3172 quam
439 3105 710 3164 incentiva
737 3113 1024 3168 sentirent.
1050 3115 1267 3172 Peccati
1296 3119 1614 3178 immunitas
1638 3123 1844 3178 utrobi-

237 3207 354 3262 que
376 3199 716 3254 constiterat.
743 3202 1034 3261 Peccatum
1059 3216 1239 3264 autem
1268 3211 1710 3281 concupiscentia
1734 3223 1837 3272 est.

238 3287 404 3353 Quod
438 3291 480 3344 si
525 3295 644 3346 sine
685 3299 1124 3367 concupiscentia
1145 3342 1159 3368 ,
1189 3318 1312 3357 cum
1349 3312 1402 3359 et
1430 3313 1626 3360 caetera
1659 3311 1838 3363 omnia

238 3379 393 3433 mala
432 3395 708 3452 vacarent,
745 3373 933 3454 miror,
979 3391 1071 3444 sed
1125 3393 1351 3449 delinire
1399 3412 1505 3452 non
1555 3399 1746 3466 audeo,
1795 3400 1844 3455 si

235 3484 352 3524 non
384 3479 440 3525 et
461 3475 742 3546 utriusque
762 3480 1044 3551 virginitas
1071 3483 1341 3540 indemnis
1363 3486 1521 3543 foret.
1547 3489 1842 3560 Virginitas

235 3560 392 3615 enim
412 3563 614 3620 bonum
637 3578 749 3623 est:
775 3571 1144 3641 virginitatem
1178 3575 1343 3643 igitur
1369 3577 1614 3648 deperire
1640 3581 1838 3636 malum

238 3663 411 3709 esset.
441 3655 566 3712 Jesu
598 3661 737 3717 bone
767 3663 779 3716 !
824 3657 966 3720 licet.
992 3668 1197 3738 majora
1241 3685 1339 3739 per
1365 3681 1416 3726 lc
1456 3677 1836 3742 meruerimus,

239 3748 378 3818 quid
409 3754 708 3823 munditia},
734 3759 862 3828 quid
897 3763 1310 3832 tranquillitatis
1335 3766 1387 3821 in
1413 3767 1592 3837 primo
1620 3781 1842 3841 parente

238 3841 618 3909 perdidimus?

329 3932 632 4005 Voiuptates
682 3945 997 4015 virginitatis
1058 3953 1299 4022 ingerunt
1347 3966 1720 4027 contemptum.
1772 3991 1843 4000 -—-

235 4022 507 4082 Iactitant
561 4031 744 4104 itaque
797 4041 1030 4096 sordidis
1094 4044 1323 4101 rictibus
1392 4022 1577 4104 hostes
1633 4051 1840 4107 deifith

243 4119 550 4177 nativitatis
582 4129 744 4182 verba
779 4139 1044 4198 putentia.
1071 4136 1293 4205 Dicam,
1325 4149 1378 4194 ct
1409 4151 1649 4197 astruam
1693 4154 1842 4200 certe

239 4210 494 4308 digniora
545 4217 711 4275 fuisse
760 4223 850 4278 illa
900 4230 1162 4299 membra,
1214 4249 1332 4302 qua:
1370 4235 1444 4288 illi
1491 4245 1618 4292 tunc
1661 4239 1840 4308 partui

238 4302 633 4375 deservissent,
684 4328 846 4382 quam
897 4317 1004 4371 sint
1049 4335 1142 4375 ora
1187 4323 1559 4395 spurcissima,
1611 4343 1732 4397 quae
1781 4345 1841 4384 se

239 4397 578 4464 quotidianis
602 4402 887 4465 fraudibus
917 4422 971 4465 et
1001 4411 1229 4470 luxuriis
1255 4418 1521 4484 imbuuut,
1549 4431 1604 4478 et
1627 4422 1838 4477 viviﬁca

240 4503 587 4551 sacramenta
634 4499 902 4558 derident.
947 4506 1114 4574 Quid,
1149 4515 1624 4585 quaeso,displicet
1663 4518 1717 4571 in
1754 4517 1840 4572 his

240 4587 525 4658 membris,
555 4593 658 4648 nisi
692 4594 849 4651 ftedre
881 4599 1173 4670 voluptatis
1205 4606 1441 4676 expletio
1469 4609 1491 4661 ?
1517 4609 1686 4666 Aufer
1713 4611 1838 4665 libi-

240 4679 388 4736 dinis
415 4686 804 4756 suspicionem,
837 4705 943 4746 non
983 4693 1089 4748 erit
1115 4699 1255 4764 quod
1281 4698 1540 4767 horreas,
1571 4703 1664 4756 sed
1697 4704 1840 4773 quod

241 4779 542 4836 venereris.
571 4783 678 4840 Vos
695 4787 786 4856 qui
815 4787 1178 4859 turpitudines
1206 4794 1582 4864 amatis,juste
1615 4799 1836 4852 damna-

239 4868 453 4934 bimini,
481 4873 572 4943 qui
602 4891 665 4930 ea
696 4877 808 4947 ipsa
836 4895 956 4950 quae
989 4898 1087 4938 vos
1115 4891 1298 4954 turpes
1321 4885 1559 4945 efficiunt
1593 4891 1836 4946 membra

241 4960 535 5018 damnatis.
561 4964 703 5023 Deus
725 4973 1091 5041 omnipotens,
1117 4977 1246 5045 quid
1271 4980 1500 5047 gratius,
1531 4982 1659 5050 quid
1685 4982 1837 5036 bona:

241 5057 407 5111 tuenti
455 5061 674 5116 suavius
721 5079 840 5120 esse
877 5077 1058 5137 potest
1101 5085 1262 5140 quam
1295 5087 1420 5126 vera
1459 5075 1743 5146 virginitas
1782 5084 1833 5132 et

242 5146 484 5207 illibatus
527 5155 742 5213 animus
780 5159 802 5210 ‘t
862 5159 970 5215 Nos
1018 5161 1365 5220 audieramus
1418 5182 1481 5220 ex
1535 5167 1674 5225 Osce
1703 5170 1830 5240 quia

240 5245 421 5302 vinum
461 5260 509 5304 et
531 5250 752 5308 ebrietas
807 5255 980 5324 aufert
1037 5256 1168 5328 |al.,
1225 5261 1494 5334 auferunt]
1547 5280 1637 5317 cor
1681 5263 1835 5334 (Osee

238 5350 316 5407 IV,
359 5343 475 5414 11).
508 5344 573 5399 Et
615 5345 730 5402 Joel
771 5349 837 5405 de
867 5351 976 5406 tuis
1020 5351 1260 5423 loquitur
1291 5371 1304 5408 :
1331 5365 1516 5427 stupra
1569 5359 1833 5427 potationi

241 5439 648 5498 communicatis
677 5459 692 5499 :
726 5441 983 5515 Puerum,
1009 5448 1209 5518 inquit,
1241 5460 1522 5520 posuerunt
1552 5451 1608 5504 in
1643 5453 1838 5523 prosti-

1961 609 2102 679 (Joel
2133 628 2214 679 ιη,
2247 612 2322 686 '5).
2353 615 2450 670 Dic
2479 618 2610 671 mihi
2639 618 2781 687 quod
2799 619 3078 677 vinumest
3105 623 3416 694 germinans
3437 626 3544 681 vir-

1959 705 2114 775 gines
2134 703 2319 767 (Zacli.
2345 723 2422 774 ιχ,
2449 709 2558 779 17),
2585 725 2706 764 cum
2733 711 2943 768 soleant
2966 713 3145 771 facere
3167 717 3543 787 pudicitiarum

1959 810 2153 856 caetera
2199 803 2323 857 vina
2365 801 2692 871 jaeturam?
2739 805 2865 862 Scio
2896 807 3039 877 quia
3085 810 3290 877 nescis;
3337 819 3392 866 et
3444 826 3545 883 ego

1957 894 2135 950 adhuc
2162 893 2415 963 inferam,
2441 897 2567 966 quia
2611 897 2742 953 illud
2772 899 2914 956 idem
2942 909 3027 956 est
3060 903 3274 972 vinum,
3309 905 3452 975 quod
3489 905 3543 960 in

1957 984 2094 1041 libro
2145 984 2392 1042 Judicum
2433 988 2604 1044 Deum
2644 988 3017 1065 laetiﬁcareet
3055 995 3302 1052 homines
3349 996 3546 1053 dicitur

1959 1080 2110 1152 (Jud.
2148 1097 2225 1146 ιχ,
2268 1081 2378 1154 15).
2430 1083 2512 1138 An
2553 1083 2720 1140 Deum
2769 1084 3059 1154 aliquando
3110 1089 3314 1149 bibisse
3353 1097 3542 1161 putas,

1955 1189 2076 1229 cum
2103 1173 2259 1244 juxta
2277 1175 2513 1232 litteram
2536 1192 2699 1234 sensu
2726 1177 3274 1250 deﬁcias‘lExponam
3303 1190 3392 1237 tua
3415 1182 3540 1248 tibi;

1955 1267 2173 1324 interim
2204 1270 2248 1324 si
2279 1261 2583 1342 vis,'garri.

2027 1359 2166 1426 Quid
2179 1363 2352 1417 vinum
2364 1362 2638 1433 lwti/icans
2653 1364 2816 1420 Deum
2833 1376 2879 1422 et
2900 1366 3150 1432 homines,
3168 1384 3230 1422 ac
3247 1369 3544 1438 germinans

1953 1453 2197 1522 virgines.
2225 1483 2298 1494 -—-
2329 1455 2524 1510 Vinum
2553 1457 2696 1527 quod
2728 1458 2963 1514 laetiﬁcat
2993 1461 3162 1515 Deum
3190 1468 3245 1515 et
3273 1459 3540 1525 homines,

1955 1543 2192 1614 Spiritus
2237 1558 2460 1602 sanctus
2502 1558 2586 1604 est
2622 1551 2713 1620 qui
2760 1550 2978 1606 Patrem
3020 1551 3324 1622 Filiumque
3359 1568 3547 1609 amore

1953 1639 2251 1711 conjungit.
2306 1643 2522 1713 Deoque
2557 1643 2833 1716 subjungit
2874 1645 3141 1702 homines.
3181 1646 3318 1714 Quid
3362 1657 3544 1702 autem

1953 1742 2108 1785 amor
2135 1731 2239 1786 nisi
2265 1734 2516 1803 gaudium
2538 1735 2630 1788 ?et
2657 1735 2800 1805 quod
2831 1737 3084 1804 gaudium
3114 1737 3214 1792 nisi
3245 1737 3295 1791 in
3319 1740 3546 1793 amore?

1951 1819 2054 1876 hoc
2073 1822 2282 1888 vinum,
2310 1823 2355 1878 is
2383 1824 2587 1879 scilicet
2603 1825 2899 1895 spiritualis
2927 1825 3124 1902 fervor,
3141 1827 3411 1899 germinat
3439 1827 3546 1882 vir-

1953 1913 2127 1984 gines,
2163 1915 2290 1987 quia
2322 1933 2597 1988 nunquam
2631 1919 2734 1974 nisi
2761 1933 2858 1990 per
2881 1919 3120 1975 caelestis
3145 1920 3418 1976 flannnam
3453 1921 3546 1976 de-

1955 2008 2141 2063 siderii
2176 2010 2410 2089 mitigari
2449 2020 2706 2082 poterunt
2735 2013 2918 2068 carnis
2950 2014 3194 2069 ardores.
3229 2013 3284 2069 Si
3315 2013 3418 2069 hoc
3453 2014 3545 2070 Dci

1953 2097 2179 2166 bonum,
2211 2101 2311 2156 hoc
2339 2101 2622 2170 pulchrum
2654 2102 2768 2171 ejus
2803 2111 2912 2169 est,
2941 2114 2998 2159 ut
3027 2105 3159 2160 nihil
3189 2121 3352 2176 penes
3377 2106 3544 2161 Deum

1953 2192 2150 2247 melius
2195 2193 2583 2266 pulchriusque
2621 2206 2857 2265 putetur.
2906 2197 3038 2265 Quis
3077 2208 3162 2253 est
3199 2200 3288 2267 qui
3323 2198 3546 2252 horrere

1953 2286 2151 2340 audeat
2191 2287 2414 2355 virginis
2451 2290 2713 2343 uterum?
2749 2291 2871 2360 quis
2902 2291 3180 2361 virginalis
3206 2301 3393 2363 partus
3425 2307 3549 2346 cau-

1954 2387 2104 2430 setur
2140 2392 2420 2443 egressum
2447 2379 2470 2431 ?
2501 2378 2558 2433 Si
2593 2379 2726 2435 velis
2751 2380 2854 2435 hoc
2882 2381 2950 2436 ob
2985 2381 3262 2437 naturales
3287 2382 3546 2438 detestari

1953 2475 2198 2534 meatus,
2243 2485 2296 2534 ο,
2344 2471 2559 2539 quoties
2603 2473 2936 2527 hiremarum
2977 2474 3222 2530 carnium
3268 2473 3545 2544 pridianas

1951 2561 2202 2631 crapulas
2239 2577 2334 2617 ore
2372 2562 2736 2621 fetentissimo
2785 2567 3076 2621 vomuisti?
3112 2565 3337 2634 Quoties
3378 2575 3546 2622 telros

1949 2652 2188 2708 vomices
2214 2693 2229 2719 ,
2259 2663 2314 2707 ct
2355 2653 2704 2711 horribiliora
2741 2654 3014 2726 ﬂegmata,
3051 2671 3214 2726 quam
3258 2657 3326 2712 sit
3367 2655 3550 2726 liquor

1949 2744 2066 2812 ille,
2103 2743 2320 2814 jccisti?
2356 2747 2550 2804 Sensui
2593 2759 2684 2804 tuo
2726 2749 3048 2820 respondeo.
3093 2749 3166 2805 At
3209 2750 3320 2806 Deo
3358 2749 3546 2806 talium

1949 2839 2157 2895 auctori
2185 2841 2320 2896 nihil
2348 2841 2614 2898 dedecens
2637 2851 2838 2914 praeter
2869 2853 3097 2914 peccata
3123 2845 3258 2902 scio.

2023 2934 2177 3001 Quod
2219 2937 2358 2992 Dens
2401 2937 2602 2993 nullam
2643 2940 2696 2993 in
2749 2947 2895 2993 utero
2940 2937 3162 3010 Virginis
3207 2937 3375 2993 labent
3417 2955 3546 2992 con-

1948 3030 2190 3082 traxerit.
2217 3061 2283 3070 —
2309 3028 2488 3086 Habes
2511 3047 2642 3102 ergo
2666 3031 2718 3086 in
2740 3031 2932 3102 primis
2959 3030 3281 3101 parentibus
3312 3029 3546 3097 formam

1948 3121 2265 3192 impassibili
2277 3136 2356 3181 ter
2368 3125 2849 3195 generandi,quam
2865 3122 3053 3196 quis[f.
3067 3164 3082 3192 ,
3096 3122 3462 3196 quamvis]qui
3477 3123 3545 3177 ad

1947 3213 2200 3273 clientum
2230 3219 2428 3270 ducere
2458 3225 2693 3287 poterat,
2729 3216 2773 3271 si
2810 3224 3284 3286 perseverassent,
3324 3215 3377 3268 in
3415 3229 3545 3283 pro-

1948 3309 2064 3375 pria
2101 3319 2276 3364 matre
2312 3309 2631 3380 resculpsit;
2661 3309 2786 3364 licet
2819 3318 2998 3364 autem
3023 3305 3271 3364 sufﬁcere
3299 3307 3548 3363 debuerit

1949 3403 2119 3459 Deum
2159 3405 2411 3459 humanis
2445 3405 2592 3459 nullo
2624 3405 2786 3461 modo
2821 3405 3014 3476 attingi
3048 3404 3326 3470 sordibus,
3361 3403 3546 3474 accipe

1946 3497 2144 3553 adhuc.
2195 3495 2398 3565 Solem,
2437 3507 2494 3553 ut
2533 3499 2777 3566 aestimo,
2806 3498 2987 3555 credis
3015 3505 3212 3554 natura
3248 3497 3543 3552 mundissi-

1946 3602 2118 3642 mum.
2168 3587 2420 3656 Quotidie
2467 3589 2619 3646 vides
2657 3603 2753 3660 per
2790 3588 3036 3660 publicos
3079 3587 3545 3658 sterquiliniorum

1949 3695 2178 3752 aggeres
2226 3683 2408 3738 radios
2441 3683 2557 3753 ejus
2595 3683 2869 3754 progredi,
2913 3683 3100 3754 putida
3148 3681 3437 3756 qtuelibct,
3482 3697 3547 3738 ac

1947 3776 2154 3832 visibus
2207 3777 2337 3847 ipsis
2385 3778 2604 3849 indigna
2651 3779 2908 3844 lustrare,
2949 3786 3108 3848 putas
3151 3792 3217 3831 ex
3267 3768 3383 3846 his,
3424 3792 3546 3849 quae

1944 3869 2326 3940 praetervolat,
2370 3870 2606 3940 aliquam
2658 3885 2780 3925 eum
2832 3869 2933 3924 sibi
2979 3869 3154 3925 labem
3197 3869 3542 3937 contrahere,

1947 3963 2172 4018 insanire
2215 3972 2378 4019 esset.
2433 3964 2720 4034 Amplius:
2764 3963 2808 4020 si
2849 3963 3028 4019 oleum
3106 3972 3200 4018 aut
3241 3964 3543 4020 balsamum

1945 4071 2100 4126 aqua:
2141 4057 2385 4127 injicias,
2424 4067 2677 4113 neutrum
2721 4073 2876 4128 aqua:
2908 4053 3284 4126 confunditur,
3323 4057 3418 4112 scd
3448 4073 3546 4128 per

1945 4163 2005 4202 se
2072 4149 2242 4218 ipsam
2303 4150 2470 4205 solida
2529 4161 2762 4221 utraque
2825 4163 3019 4206 natura
3067 4152 3333 4208 subsistit.
3395 4150 3546 4208 Habe

1946 4241 2186 4296 iterum:
2232 4242 2382 4298 Mens
2425 4259 2540 4298 mea
2585 4243 2911 4314 recogitans,
2952 4253 3007 4298 et
3044 4259 3132 4299 res
3168 4260 3304 4314 quas
3346 4243 3546 4298 viderit

1947 4337 2158 4405 uspiam
2191 4339 2384 4391 crebra
2418 4338 2801 4408 imaginatione
2840 4346 3160 4404 retractans,
3195 4354 3316 4391 cum
3347 4337 3544 4392 memi-

1948 4429 2091 4482 nerit
2136 4427 2333 4497 lcprosi
2369 4429 2613 4483 cruentis
2654 4428 2926 4483 ulceribus
2965 4426 3296 4494 cxtuberati,
3341 4437 3434 4480 aut
3474 4441 3544 4482 ex

1947 4523 2216 4577 cadavere
2263 4523 2446 4577 lacero
2488 4521 2902 4577 scaturientium
2947 4521 3197 4576 examina
3237 4521 3538 4588 vermium,

1874 4628 1920 4682 ι)
1946 4629 2042 4668 seu
2075 4613 2391 4668 recordetur
2432 4613 2630 4684 passim
2669 4613 2969 4684 jacentium
3012 4623 3348 4680 stercorum;
3389 4613 3540 4685 quid,

1949 4721 2163 4779 quaeso,
2212 4705 2436 4762 macula:
2480 4705 2816 4762 rotabundus
2863 4722 2960 4776 per
3008 4707 3125 4762 lucc
3173 4705 3386 4762 animus
3439 4705 3542 4761 sibi

1949 4801 2114 4872 rapit,
2148 4801 2254 4855 nisi
2286 4809 2549 4869 quantum
2591 4799 2634 4854 si
2680 4799 3042 4871 pulcherrima
3085 4799 3409 4854 feminarum
3447 4815 3539 4854 seu

1947 4896 2182 4950 marium
2234 4910 2461 4967 corpora
2508 4893 2770 4965 simplici'
2799 4893 3129 4950 revolutione
3174 4901 3536 4963 percurreret,

1949 4997 2042 5042 aut
2074 4987 2338 5059 Splendidi
2377 4987 2560 5059 operis
2601 4987 2816 5043 metalla
2852 4988 3139 5052 reviseret;
3177 4986 3312 5040 atris
3347 4998 3538 5038 aurum

1947 5083 2140 5138 claude
2171 5083 2478 5148 ruderibus,
2509 5082 2632 5137 licet
2659 5085 2832 5152 putris
2855 5089 3000 5135 terra
3029 5078 3327 5143 sordescat,
3359 5083 3538 5130 tamen

1948 5174 2064 5230 auri
2099 5175 2320 5230 minime
2359 5184 2548 5229 natura
2588 5173 2820 5228 deﬁciet.
2851 5171 3025 5238 Disce,
3057 5168 3243 5234 miser,
3275 5165 3340 5221 de
3367 5173 3540 5220 mate-

1947 5267 2172 5322 rialibus
2189 5267 2422 5338 qualiter
2447 5266 2752 5338 spiritualia
2778 5261 3042 5327 metiaris,
3066 5269 3266 5315 etcum
3295 5259 3348 5312 in
3373 5257 3538 5314 rebus

1946 5360 2148 5416 habeas
2173 5361 2423 5431 exempla
2451 5361 2702 5426 terrenis,
2734 5355 3006 5430 perpende
3034 5354 3161 5428 quid
3183 5352 3357 5411 valeat
3379 5351 3536 5408 Divi-

1944 5457 2088 5513 nitas
2117 5457 2172 5513 iu
2199 5457 2439 5515 aeternis.
