3998 6326
459 339 562 400 ιοθ

1272 347 1336 406 ν.
1373 348 1696 410 GUIBERTI
1729 350 2023 412 ABBATIS
2061 351 2119 414 Β.
2144 354 2387 418 ΜΑΒΙίΕ
2414 356 2502 420 DE
2527 359 2922 425 NOVIGENTO

3629 319 3725 436 sio

465 485 3718 550 τιν-..Ἦ

1580 609 1940 700 LIBER
2011 609 2672 712 SECUNDUS.

1202 779 1386 837 DEUS
1425 779 1646 838 OMNIA
1685 778 1970 856 HOMINIS
2010 776 2259 838 UTRUM
2295 783 2728 848 SUSCEPERIT
2773 791 2869 847 AN
2895 791 3031 851 NON
3053 796 3078 850 i

957 1010 1186 1072 CAPUT
1231 1009 1526 1070 PRIMUM.

518 1124 682 1200 265
708 1124 967 1193 Membra,
998 1141 1116 1179 cum
1144 1124 1284 1178 abest
1307 1129 1801 1194 peccatum,saneta
1821 1129 2046 1176 sunt.—

452 1216 620 1272 Porro
636 1218 731 1272 Dei
747 1215 917 1270 Filius
935 1215 988 1269 in
1009 1230 1231 1270 carnem
1243 1213 1539 1280 veniens,si
1552 1213 1912 1280 competentia
1927 1226 2022 1266 cor
2033 1241 2047 1250 -

449 1311 566 1378 peri
585 1310 829 1364 membra
860 1308 1445 1374 babuit,membrorum
1471 1306 1792 1379 compositio
1816 1322 1924 1362 non
1946 1320 2044 1361 no-

449 1401 934 1472 cuit.Frustraque
973 1415 1077 1454 non
1108 1399 1310 1472 pudeat
1328 1398 1469 1468 quod
1501 1399 1676 1469 ipsum
1701 1413 1806 1452 non
1831 1397 2042 1472 puduit.

449 1493 514 1546 Et
545 1493 673 1563 quid
701 1509 822 1549 eum
849 1493 1093 1564 puderet,
1126 1493 1220 1548 ubi
1266 1492 1402 1550 nihil
1428 1507 1536 1548 non
1558 1499 1806 1546 sanctum
1831 1491 1956 1545 fuit!
1985 1488 2044 1544 Si

448 1588 706 1656 quidquid
757 1597 858 1652 est,
910 1587 1112 1642 bouum
1163 1595 1277 1652 est,
1320 1586 1422 1642 nisi
1477 1585 1568 1641 ubi
1618 1593 1900 1656 peccatum
1937 1591 2040 1646 est,

447 1680 688 1734 membra
709 1695 828 1750 quae
852 1695 949 1750 per
974 1694 1035 1738 se
1059 1679 1198 1735 bona
1244 1687 1390 1744 sunt,
1434 1694 1556 1734 cum
1596 1686 1880 1750 peccatum
1935 1691 2043 1734 non

445 1779 548 1830 est.
585 1781 771 1828 sancta
803 1780 950 1828 sunt.
979 1771 1220 1827 Membra
1245 1779 1430 1827 nostra
1457 1769 1820 1826 imbecillitati
1845 1778 2044 1824 nostrae

444 1873 567 1917 sunt
595 1863 1082 1930 administratoria,
1107 1871 1314 1920 etcum
1343 1878 1538 1929 aures,
1592 1878 1688 1918 ora
1743 1861 1830 1920 vel
1882 1875 2043 1917 nares

443 1953 729 2023 superﬂuis
765 1955 1004 2026 capitum
1025 1955 1312 2024 egereudis
1339 1954 1662 2020 inserviunt,
1691 1962 1890 2010 caetera
1911 1953 2044 2024 quid

443 2047 570 2102 mali
595 2048 824 2115 faciunt,
853 2063 972 2122 quae
995 2047 1223 2108 inferius
1256 2049 1648 2106 intestinorum
1696 2048 1908 2120 pondus
1950 2062 2044 2104 ex-

440 2141 682 2206 ponunt?

510 2229 758 2285 Hominis
783 2230 923 2287 Deus
949 2248 1128 2286 omnia
1167 2233 1417 2303 suscepit.
1446 2261 1520 2276 —
1557 2231 1864 2304 Interroga,
1894 2231 2040 2302 puti-

438 2321 662 2378 dissime
693 2334 746 2378 et
773 2338 1029 2394 nequam,
1063 2327 1129 2382 de
1168 2325 1399 2382 Domino
1433 2333 1652 2391 nostro,
1703 2324 1748 2380 si
1805 2324 2038 2394 spuerit,

2071 1033 2118 1092 A

2148 1088 2204 1132 et
2238 1093 2433 1149 parere
2459 1081 2846 1150 comperimus.
2874 1083 2976 1142 Dei
3000 1083 3170 1140 Filius
3193 1101 3292 1156 per
3317 1096 3575 1147 sanctum
3622 1091 3732 1163 Spi-

2149 1173 2314 1226 ritum
2342 1174 2553 1242 concipi
2575 1190 2682 1229 non
2714 1176 2909 1248 potuit,
2936 1177 3006 1232 ob
3036 1179 3141 1236 hoc
3171 1181 3344 1236 solum
3378 1183 3506 1253 quia
3536 1185 3730 1242 invidia

2149 1274 2328 1322 vestra
2352 1269 2558 1324 noluit?
2583 1271 2823 1342 Apiculae
2853 1287 2920 1326 ex
2944 1274 3330 1341 opusculorum
3360 1278 3570 1334 semine
3600 1277 3735 1340 fetus

2149 1372 2362 1427 creant,
2393 1379 2517 1418 cum
2552 1364 2794 1421 minores
2839 1367 3097 1422 musculze
3127 1368 3336 1428 crebris
3389 1370 3490 1426 sibi
3531 1371 3736 1430 irruant

2149 1453 2402 1508 coitibus.
2435 1455 2596 1524 Ergo,
2632 1458 2772 1512 Deus
2819 1456 2979 1512 Pater
3013 1458 3174 1524 Filio,
3205 1469 3259 1514 et
3289 1460 3460 1516 Filius
3507 1461 3612 1517 sibi
3643 1463 3739 1518 fuit

2148 1545 2418 1615 impotens
2443 1562 2637 1617 parare
2685 1558 3031 1617 conceptum,
3053 1551 3147 1620 qui
3171 1557 3248 1604 tot
3271 1551 3436 1604 etiam
3469 1553 3739 1610 minuscu-

2147 1637 2216 1692 iis
2237 1639 2399 1692 rebus
2429 1639 2548 1695 sine
2576 1654 2674 1696 suo
2701 1639 2935 1710 praebuit
2957 1640 3168 1695 semine
3198 1640 3516 1714 propaginis
3569 1642 3738 1698 incre-

2147 1736 2388 1784 mentum
2409 1728 2433 1784 ?

2221 1839 2361 1894 Deus
2391 1841 2446 1893 in
2496 1849 2642 1895 utero
2675 1839 2908 1914 Virginis
2955 1843 3274 1913 praeparavit
3321 1859 3517 1898 semen.
3565 1841 3740 1898 Juda'i

2147 1944 2270 1987 tunc
2307 1935 2552 2004 temporis
2603 1935 2666 1988 ab
2693 1934 2890 1990 Christi
2941 1936 3128 1990 coarvis
3179 1936 3501 2005 discrepant.
3535 1966 3606 1978 -—
3641 1934 3742 1992 Sed

2147 2023 2366 2079 dicitis:
2408 2023 2547 2080 Dens
2571 2025 2789 2096 quidem
2820 2026 2871 2080 id
2901 2026 3109 2097 sibi,et
3150 2026 3374 2082 cuilibet
3416 2027 3604 2084 facere
3648 2043 3742 2098 po-

2150 2126 2308 2182 terat,
2336 2115 2428 2170 sed
2461 2118 2525 2182 is,
2559 2118 2646 2171 cui
2681 2125 2856 2174 mater
2884 2117 3003 2172 sine
3031 2119 3200 2174 maris
3219 2119 3430 2175 semine
3455 2134 3558 2192 per
3577 2118 3744 2196 Spiri-

2147 2219 2283 2272 tum,
2319 2217 2377 2264 ut
2402 2210 2666 2277 asseritis,
2711 2209 3050 2267 fecundanda
3082 2222 3219 2279 erat,
3265 2227 3364 2268 nec
3419 2212 3602 2279 Deus,
3651 2229 3744 2270 nec

2151 2303 2251 2358 Dei
2291 2300 2430 2358 ﬁlius
2460 2311 2612 2370 erat;
2641 2304 2760 2362 ideo
2784 2321 2884 2361 nec
2919 2307 3060 2362 Deus
3096 2305 3146 2359 ei
3171 2304 3318 2370 fecit,
3354 2320 3454 2360 nec
3485 2305 3604 2374 ipse
3647 2305 3742 2360 sibi

438 2414 484 2468 si
511 2430 673 2472 nares
711 2393 1041 2478 emunxerit,
1071 2418 1116 2471 si
1157 2417 1386 2488 pituitas
1407 2414 1688 2472 oculorum
1711 2413 1796 2469 vel
1823 2393 2038 2471 aurium
2068 2403 2112 2459 Β
2139 2402 2355 2466 lmen“
2381 2393 2580 2451 race"?-
2610 2395 2930 2452 Μθηῑίιηῖηίο
2959 2395 3133 2450 Dione
3158 2397 3290 2450 mihi
3328 2411 3344 2450 ³
3380 2396 3552 2450 Isaias
3602 2405 3744 2466 Ροδῑ·

439 2508 628 2580 digitis
658 2511 923 2574 hauserit,
950 2519 1005 2566 et
1035 2510 1274 2580 intellige
1303 2510 1430 2580 quia
1459 2525 1568 2580 qua
1621 2510 1906 2565 honestate
1952 2525 2039 2564 su-

439 2601 652 2668 periora
675 2601 791 2656 haec
817 2600 1032 2669 iecerit,
1083 2611 1139 2657 et
1190 2601 1404 2658 residua
1451 2601 1744 2674 peregerit.
1796 2599 1906 2656 Aut
1955 2599 2044 2656 die

437 2689 594 2756 mihi,
620 2689 708 2746 ille
731 2699 880 2757 tuus,
900 2690 992 2762 qui
1025 2691 1260 2748 Abrahae
1307 2691 1556 2764 apparuit
1602 2692 1767 2756 Deus,
1819 2706 1886 2746 ea
1920 2705 2042 2761 quae

438 2781 677 2838 comedit
699 2783 754 2838 in
779 2775 964 2857 quem.
996 2785 1161 2840 alium
1198 2784 1287 2857 [f.,
1320 2784 1530 2858 alvum}
1575 2784 1861 2858 deposuit?
1901 2800 2039 2854 quo-

439 2875 602 2930 modo
626 2876 815 2942 etiam,
849 2885 943 2931 aut
993 2879 1040 2932 si
1097 2878 1302 2934 factum
1346 2890 1450 2946 est,
1503 2878 1647 2948 quod
1701 2891 2041 2947 consequens

437 2965 576 3019 fuit?
607 2967 985 3024 Contremiseo
1011 2969 1138 3025 dum
1169 2969 1236 3026 de
1277 2971 1363 3025 his
1388 2971 1638 3042 disputo;
1668 2969 1764 3026 sed
1795 2984 1914 3035 vos,
1942 2968 2040 3024 ﬁlii

440 3056 664 3123 diaboli,
701 3075 788 3115 me
810 3059 1024 3132 cogitis.
1054 3060 1198 3117 Deus
1228 3077 1258 3116 a
1307 3062 1462 3119 vobis
1492 3063 1694 3134 exigat,
1744 3060 1836 3132 qui
1891 3061 2042 3114 novit

438 3164 546 3218 quo
574 3148 772 3205 affectu
806 3152 857 3205 id
884 3166 1005 3222 ago.
1030 3151 1276 3208 Breviter
1299 3153 1534 3224 accipite
1561 3155 1728 3208 Deum
1763 3152 2041 3208 humiliter

432 3244 618 3298 omnia
648 3244 886 3300 hominis
913 3247 1242 3318 suscepisse,
1270 3257 1326 3303 et
1356 3247 1492 3302 nihil
1517 3247 1754 3304 hominis
1795 3246 2028 3301 veritum

433 3346 885 3406 praeter-peccata
911 3336 1101 3394 fuisse.
1138 3341 1194 3396 Si
1255 3339 1436 3396 velitis
1483 3356 1548 3396 ex
1603 3340 1814 3395 ratione
1861 3338 2039 3410 perci-

431 3439 990 3501 pere,poterunt,ut
1043 3447 1187 3501 reor,
1253 3434 1410 3490 vobis
1449 3434 1734 3491 ratiocinia
1787 3433 2038 3504 superius

432 3523 618 3579 habita
643 3526 776 3581 satis
803 3541 955 3593 esse;
1009 3528 1053 3582 si
1090 3529 1246 3584 vobis
1271 3530 1416 3600 quod
1466 3530 1709 3601 patrihus
1735 3529 1958 3596 vestris;
1993 3528 2037 3582 si

433 3631 554 3683 vos,
586 3617 854 3688 inquiam,
885 3634 993 3676 non
1022 3621 1365 3676 credideritis
1389 3637 1495 3677 non
1522 3621 1854 3694 intelligetis.

1087 3714 1315 3772 CAPUT
1356 3715 1420 3770 ll.

2148 2505 2312 2561 quam
2346 2493 2588 2562 gentium
2620 2490 2894 2560 populum,
2938 2490 3031 2561 qui
3060 2490 3368 2546 ambuiarat
3399 2490 3452 2544 in
3483 2489 3747 2555 tenebris,

2148 2583 2324 2638 lucem
2361 2582 2564 2638 vidisse
2594 2597 2866 2654 magnam,
2891 2590 2948 2637 et
2994 2582 3368 2639 habitantibus
3414 2583 3469 2637 in
3527 2583 3745 2658 regione

2149 2676 2358 2732 umbrae
2411 2677 2604 2732 mortis
2646 2677 2824 2732 lucem
2875 2676 3007 2732 dixit
3063 2685 3308 2732 exortam
3362 2675 3502 2748 (Isa.
3553 2694 3633 2742 Ix,
3663 2677 3750 2748 2),

2149 2769 2270 2839 quis
2309 2779 2396 2824 est
2425 2770 2517 2824 ille
2561 2769 2832 2841 parvulus,
2862 2771 2978 2841 qui,
3012 2770 3218 2842 inquit,
3266 2781 3422 2824 natus
3455 2781 3532 2826 est
3577 2772 3746 2840 nobis,

2148 2872 2196 2914 et
2217 2861 2360 2930 ﬁlius
2383 2863 2537 2917 datus
2560 2874 2633 2916 est
2659 2863 2803 2918 nobis
2835 2862 3021 2934 (Ibid.,
3059 2862 3146 2934 6),
3191 2864 3256 2918 de
3279 2879 3389 2934 quo
3413 2873 3538 2932 post
3567 2864 3748 2940 aliqua

2147 2953 2425 3026 loquitur?
2453 2955 2579 3012 Scio
2625 2969 2722 3012 vos
2757 2957 3025 3023 dicturos,
3065 2957 3208 3012 sicut
3241 2965 3298 3012 et
3343 2957 3564 3013 dixistis
3621 2958 3748 3014 dum

2148 3048 2471 3116 quibusdam
2502 3060 2746 3105 vestrum
2785 3065 2948 3126 super
2979 3050 3083 3106 hoc
3123 3051 3291 3106 verbo
3343 3049 3698 3122 conﬂigerent
3729 3067 3742 3103 :

2149 3140 2254 3210 Qui
2284 3142 2448 3209 ﬁlius,
2482 3144 2573 3214 qui
2612 3153 2772 3198 natus
2831 3143 3057 3210 dicitur,
3115 3146 3277 3200 homo
3333 3153 3438 3200 est.
3493 3145 3564 3200 Et
3596 3145 3746 3202 vobis

2151 3237 2311 3293 intuli
2345 3253 2467 3292 cum
2499 3237 2615 3293 haec
2665 3239 2730 3294 de
2781 3229 2974 3294 Messia
3029 3239 3116 3311 agi
3165 3240 3443 3296 diceretis.
3497 3239 3745 3308 Messias,

2148 3330 2446 3386 secundum
2476 3340 2712 3386 vestram
2744 3331 3076 3402 opinionem,
3107 3348 3275 3402 purus
3300 3333 3466 3390 homo
3507 3334 3638 3388 erit.
3664 3335 3745 3388 An

2147 3423 2292 3480 Deus
2314 3433 2368 3480 et
2404 3425 2600 3480 homo?
2639 3425 2796 3487 absit,
2826 3424 3004 3490 aistis,
3031 3435 3090 3480 ut
3112 3426 3161 3482 ei
3187 3426 3280 3496 qui
3330 3427 3502 3484 homo
3526 3428 3622 3492 sit.
3663 3428 3742 3482 di-

2150 3512 2351 3567 vinitas
2381 3513 2718 3568 ascribatur!
2757 3511 2931 3567 Homo
2955 3511 3059 3568 erit
3084 3513 3350 3584 prudens,
3379 3521 3628 3585 tempore
3649 3513 3742 3571 ali-

2149 3621 2258 3675 quo
2291 3613 2638 3676 regnaturus,
2665 3606 2826 3660 ﬁnem
2852 3605 3201 3678 postmodum
3236 3606 3387 3678 regni
3420 3615 3478 3662 et
3503 3606 3746 3678 corporis

2147 3695 2454 3752 habiturus.
2475 3695 2614 3752 Ecce
2643 3703 2848 3766 quanta
2863 3695 3184 3766 desipientia
3211 3705 3318 3762 est,
3337 3695 3447 3752 imo
3472 3695 3740 3755 hebede

444 3759 448 3764 ’
507 3802 752 3859 Ramnes
779 3806 1041 3876 φωηιοάο
1061 3759 1465 3880 γξὲξ]ὀ;ξρξξξι,
1495 3839 1565 3849 __
1590 3809 1660 3862 Αι
1683 3821 1812 3864 vero
1837 3814 2040 3864 (facta-
2070 3781 2115 3843 C
2235 3787 2514 3880 modernis
2539 3786 2762 3852 Judaeis,
2791 3787 2858 3841 ad
2904 3802 3096 3842 eorum
3125 3789 3622 3859 comparationem,
3653 3789 3744 3858 qui

434 3905 592 3954 turus
622 3898 756 3955 illud
783 3902 927 3972 quod
959 3910 1127 3957 restat
1177 3903 1243 3958 de
1298 3903 1470 3958 beatae
1499 3902 1680 3958 Mariae
1724 3903 2039 3974 virginitate

438 3989 756 4061 capitulum,
788 3992 934 4061 quod
969 3991 1175 4046 dicitur
1203 4002 1396 4047 contra
1440 4004 1694 4048 naturam
1732 3993 1888 4064 virgo
1943 4007 2039 4062 pa-

440 4097 568 4138 rere
592 4083 928 4154 nequivisse,
947 4085 1095 4154 juste
1126 4084 1352 4141 insanus
1375 4085 1716 4157 judicer,qui
1746 4101 1869 4140 eum
1894 4086 2040 4140 insa-

437 4175 526 4230 nis
552 4175 872 4231 ratioeiuari
897 4177 976 4232 sie
1005 4177 1213 4233 videar.
1240 4177 1402 4232 Ratio
1430 4188 1610 4234 tamen
1663 4193 1728 4233 ea
1773 4179 1906 4233 mihi
1955 4187 2040 4234 est

437 4274 516 4331 ut,
560 4266 605 4322 si
641 4281 674 4322 a
694 4267 1040 4325 dementibus
1070 4270 1268 4335 ridear,
1299 4270 1490 4326 saltem
1523 4271 1591 4326 ab
1621 4271 1706 4326 his
1735 4271 1828 4341 qui
1859 4271 2040 4327 minus

437 4374 528 4415 me
552 4361 791 4432 sapiunt,
816 4371 873 4420 et
900 4379 1036 4434 quos
1067 4365 1348 4421 addiscere
1373 4365 1526 4432 libet,
1557 4365 1681 4421 ﬁdei
1705 4365 2037 4422 intellectum

437 4454 640 4512 habere
674 4457 1064 4530 aliquantisper
1085 4459 1355 4515 inveniar.
1408 4458 1551 4528 Ipsa,
1590 4474 1710 4530 quae
1759 4474 1886 4516 vere
1939 4459 2037 4514 Dei

436 4547 612 4606 Mater
654 4561 759 4618 est,
787 4561 983 4608 contra
1009 4568 1140 4608 suos
1166 4552 1324 4608 nobis
1369 4553 1556 4608 hostes
1587 4553 1833 4623 praebere
1865 4551 2038 4606 virtu-

437 4651 548 4696 tem
586 4650 782 4711 potest.
823 4643 963 4710 Quid
1009 4642 1077 4698 de
1129 4655 1324 4698 natura
1371 4643 1674 4715 disputas?
1702 4644 1785 4698 An
1840 4653 2036 4698 natura

437 4731 542 4788 fuit
565 4735 709 4803 quod
733 4732 910 4789 Adam
939 4737 1006 4790 de
1026 4735 1158 4790 limo
1199 4736 1380 4791 subito
1425 4734 1724 4806 plasmatus
1769 4735 2038 4791 emersit?

435 4834 632 4882 natura
664 4824 786 4892 fuit,
818 4827 945 4898 quia
981 4836 1110 4884 tunc
1135 4829 1303 4886 homo
1328 4830 1394 4885 de
1408 4829 1576 4886 humo
1591 4830 1857 4899 originem
1886 4845 2036 4885 sum-

433 4917 578 4989 psit?
605 4915 813 4972 Natura
858 4919 1119 4985 nonfuit,
1173 4928 1440 4990 quantum
1481 4923 1549 4976 ad
1596 4930 1806 4976 naturae
1849 4937 2034 4988 usum,

435 5026 543 5082 quo
577 5026 646 5068 ex
673 5011 894 5068 homine
921 5011 1084 5068 homo
1113 4995 1598 5084 procedit.Credes
1612 5031 1743 5088 ergo
1769 5016 2036 5072 creationi

2143 3879 2510 3936 DominiJesu
2540 3881 2988 3954 contemporanei
3037 3880 3278 3936 fuerunt.
3321 3882 3403 3938 llli
3447 3883 3735 3940 dicebant:

2146 3969 2263 4026 Nos
2293 3973 2588 4028 audivimus
2614 3991 2676 4028 ex
2707 3975 2837 4046 lege,
2872 3975 2997 4045 quia
3018 3972 3258 4030 Christus
3287 3986 3462 4030 manet
3489 3977 3550 4031 in
3585 3985 3732 4031 teter-

2145 4086 2269 4122 num
2311 4067 2494 4140 (Joan.
2558 4086 2652 4133 xu,
2683 4069 2803 4141 54);
2867 4071 2924 4125 hi
2970 4071 3019 4126 ei
3051 4079 3222 4126 metas
3269 4071 3466 4128 mortis
3530 4072 3733 4128 consci-

2145 4171 2329 4217 scunt.
2372 4161 2673 4230 Attendite,
2721 4163 2966 4234 inquam,
3010 4163 3278 4232 infelices,
3302 4180 3465 4236 quam
3513 4165 3738 4222 absurde

2149 4252 2384 4308 sentitis.

2221 4364 2624 4435 Prosequimini
2665 4379 2786 4436 quae
2830 4373 3158 4436 sequuntur.
3195 4364 3264 4420 Et
3295 4364 3470 4434 [actus
3504 4374 3602 4430 est,
3647 4362 3735 4426 ait,

2145 4459 2474 4528 principatus
2501 4473 2659 4527 super
2684 4457 2962 4511 humerum
2991 4458 3128 4528 ejus,
3158 4465 3210 4512 et.
3259 4455 3529 4511 vocabitur
3560 4469 3740 4510 nomen

2144 4551 2262 4622 ejus
2287 4550 2654 4618 Admirabilis,
2686 4548 3058 4616 Consiliarius,
3103 4550 3268 4615 Deus,
3317 4547 3526 4614 Fortis,
3584 4547 3739 4602 Pater

2145 4643 2324 4712 futuri
2352 4642 2555 4707 swculi,
2589 4640 2843 4708 Princeps
2858 4642 3002 4711 pacis
3040 4639 3176 4712 (lsa.
3210 4655 3290 4705 ιχ,
3326 4640 3406 4710 6).
3437 4637 3541 4706 Qui
3592 4650 3740 4707 super

2144 4735 2261 4791 rius
2284 4743 2341 4791 et
2387 4747 2569 4802 natus,
2614 4744 2670 4790 et
2709 4735 2876 4803 ﬁlius,
2931 4743 2986 4790 et
3034 4735 3192 4792 nobis
3239 4735 3400 4788 datus
3451 4733 3738 4798 asseritur,

2143 4845 2291 4886 nunc
2313 4829 2478 4897 Deus,
2508 4845 2652 4886 nunc
2683 4827 2844 4884 Pater
2869 4827 3036 4886 futuri
3069 4825 3252 4885 saeculi
3293 4825 3620 4898 appellatur.
3675 4823 3739 4879 Et

2141 4937 2212 4977 ne
2243 4923 2416 4978 deitas
2445 4924 2580 4992 ipsa,
2605 4931 2664 4978 ut
2694 4923 3001 4994 aliquorum
3027 4920 3408 4992 perfunctoria
3426 4927 3735 4992 putaretur,

2144 5015 2228 5084 (ut
2261 5023 2349 5070 est
2384 5014 2555 5069 illud:
2591 5013 2811 5085 Applica
2866 5013 3018 5070 illum
3081 5013 3183 5066 diis
3230 5010 3428 5083 (Exod.
3483 5026 3628 5076 xm,
3653 5008 3736 5080 8);
3829 5033 3840 5046 -

434 5121 594 5178 quam
622 5123 730 5164 non
754 5108 1032 5176 vidisti,et
1056 5110 1212 5182 cujus
1236 5109 1379 5166 inter
1406 5109 1654 5166 homines
1684 5111 1784 5166 tibi
1809 5111 2036 5168 minime
2063 5145 2120 5207 Β
2144 5106 2231 5162 vel
2268 5106 2570 5162 :Constitui
2626 5117 2675 5160 te
2733 5106 2902 5160 Deum
2977 5104 3276 5160 Pharaonis
3311 5101 3512 5173 (Exod.
3546 5117 3648 5170 vn,
3690 5100 3736 5205 ξ)

434 5198 683 5271 exempla
708 5200 1043 5272 praebentur.
1069 5201 1270 5258 Credes
1294 5199 1452 5272 plane
1468 5217 1573 5256 non
1599 5210 1708 5258 tam
1736 5203 1846 5259 Deo
1868 5219 2035 5274 quam

435 5289 606 5365 Moysi
637 5302 750 5350 tuo.
779 5293 1000 5351 Costam
1051 5295 1216 5352 etiam
1265 5295 1318 5350 in
1375 5294 1659 5352 mulierem
1711 5297 2034 5354 aediﬁcatam

434 5398 548 5438 non
584 5381 854 5441 diﬁiteris.
892 5386 960 5441 Et
993 5387 1096 5443 hoc
1128 5388 1195 5443 de
1219 5395 1416 5442 natura
1450 5403 1556 5442 non
1586 5385 1707 5442 fuit.
1734 5389 1848 5461 Age
1877 5404 2033 5460 ergo,

430 5481 716 5550 poterisne
745 5482 972 5539 credere
995 5484 1292 5556 quidquam
1347 5485 1501 5540 nasci
1550 5485 1658 5540 nisi
1709 5486 2034 5556 congruenti

430 5572 584 5630 illato
605 5573 832 5631 semine.
847 5575 1008 5632 Certe
1032 5586 1208 5633 cattas
1235 5593 1303 5634 ex
1329 5588 1524 5650 nepeta
1554 5578 1690 5651 (25),
1720 5589 1771 5634 et
1794 5577 2035 5650 capellas

431 5666 550 5739 (Ἡ)
575 5683 645 5726 ex
674 5682 937 5738 vervena,
962 5679 1020 5726 et
1053 5671 1298 5728 vultures
1324 5674 1530 5744 absque
1552 5673 1698 5730 coitu
1735 5673 2042 5744 eoneipere

505 5849 620 5921 (2'5)
651 5849 758 5921 §eu
785 5848 1016 5921 nepetha
1044 5849 1213 5904 herba
1250 5851 1595 5906 calaminthaa
1622 5866 1813 5921 genus.

2157 5201 2378 5257 additur
2407 5199 2745 5272 perpetuitas
2773 5199 3094 5270 potestatis,
3121 5197 3266 5268 quod
3282 5207 3390 5263 est,
3419 5195 3602 5259 Pater,
3641 5193 3737 5252 sci-

2147 5295 2276 5351 licet
2303 5309 2408 5350 non
2443 5291 2725 5360 Dominus,
2763 5293 2935 5364 futuri
2981 5291 3161 5346 saeculi
3219 5288 3355 5362 (Isa.
3396 5305 3476 5358 Ix,
3538 5288 3632 5360 6)..
3664 5287 3734 5342 lbi

2148 5389 2310 5460 plane
2340 5388 2630 5460 sapientia,
2660 5403 2780 5458 quae
2809 5386 2970 5442 modo
2992 5383 3212 5457 attingit
3257 5400 3287 5438 a
3325 5383 3432 5439 ﬁne
3468 5397 3641 5455 usque
3669 5378 3740 5435 ad.

2147 5483 2312 5538 ﬁnem
2349 5481 2586 5550 fortiter,
2612 5481 2864 5551 disponet
2915 5479 3096 5533 omnia
3151 5476 3395 5531 suaviter
3436 5473 3590 5548 (Sap.
3619 5489 3730 5537 vni,

2149 5577 2229 5649 1).
2271 5576 2517 5645 Denique
2549 5582 2668 5644 post
2700 5573 2913 5642 imperii
2941 5570 3474 5640 multiplicationem,
3499 5577 3624 5640 post
3648 5580 3730 5638 pa-

2147 5672 2230 5727 eis
2255 5672 2681 5743 perennitatem,
2702 5679 2828 5742 post
2863 5669 2982 5726 solii
3016 5667 3187 5723 David
3211 5666 3265 5721 in
3292 5665 3521 5737 judicio,
3569 5669 3625 5720 et
3641 5659 3718 5731 ju-

504 5919 617 5992 (24)
647 5919 754 5978 Seu
787 5919 1028 5977 vanellos
1055 5935 1183 5979 aves
1208 5937 1220 5975 :
1248 5923 1340 5977 sed
1378 5922 1466 5978 hie
1504 5938 1601 5992 pro
1627 5918 1914 5992 quadrupc
1945 5918 2270 5994 desumitur.
