4038 6330
220 382 322 439 50!

897 381 1146 438 TRACT.
1194 382 1287 438 DE
1309 381 1822 443 INCARNATIONE
1854 386 2131 445 CONTRA
2169 388 2477 447 JUD/EOS.
2509 421 2581 433 -—
2609 392 2736 449 LIB.
2776 394 2820 450 ll

3393 403 3501 460 502

221 503 391 554 stitia}
417 497 907 564 conﬁrmationem,
932 499 1096 571 266
1119 515 1337 555 rursum
1384 499 1501 568 ejus
1530 501 1809 558 indefecti-
1837 513 1885 569 Α
1916 504 2097 560 habet.
2134 505 2239 561 Sed
2278 508 2379 561 hoc
2401 508 2479 563 eis
2508 509 2883 565 diverticulum
2924 513 3319 583 permittamus,
3360 521 3502 574 unde

216 589 409 645 bilitas
425 588 750 658 pmdicatnr
773 606 786 643 :
807 589 1029 656 Amodo,
1061 591 1253 661 inquit,
1279 601 1326 645 et
1353 609 1516 663 usque
1541 594 1596 647 in
1622 595 1810 664 sempi-

218 679 585 752 ternum(1sa.
633 696 709 747 is,
735 681 812 751 7).
845 680 1120 738 Poteritne
1166 684 1268 739 iste
1297 683 1422 738 talis
1447 684 1550 739 sibi
1578 684 1812 741 loculum

218 768 283 823 in
310 780 469 826 utero
495 780 890 841 praeparare,et
921 773 1011 841 qui
1039 774 1351 830 dominatur
1376 774 1560 831 futuro
1587 777 1809 844 saeculo,

214 879 329 921 non
356 864 556 920 valebit
586 864 685 919 sibi
717 867 961 934 praebere
992 868 1261 923 tantillum
1288 869 1342 923 in
1375 869 1518 924 isto?
1541 869 1716 941 Cogor
1746 872 1814 926 ad

212 958 587 1026 pervicaciam
618 968 857 1014 vestram
903 960 1370 1029 comprimendam
1424 962 1491 1017 de
1534 962 1814 1018 vilissimis

212 1049 355 1106 dare
397 1050 559 1106 rebus
585 1050 850 1120 exempla.
881 1050 1123 1107 Tradunt
1149 1053 1353 1124 physici
1375 1064 1430 1108 et
1459 1054 1815 1124 historiogra-

214 1140 459 1211 phorum
481 1142 688 1197 veritas
720 1142 774 1197 in
830 1143 1065 1211 quadam
1106 1145 1387 1213 provincia
1435 1161 1603 1215 equas
1652 1156 1818 1202 vento

213 1233 533 1303 concipere.
570 1234 711 1305 Ergo
757 1243 946 1289 sancto
996 1234 1223 1303 Spiritui
1260 1246 1453 1291 natura
1510 1237 1812 1306 prawaluit,

214 1320 335 1375 imo
367 1321 463 1378 Dei
490 1323 635 1379 vires
655 1324 898 1380 locorum
929 1334 986 1380 et
1008 1326 1214 1381 aerium
1237 1327 1519 1399 privilegia
1542 1336 1816 1385 transcen-

214 1414 442 1470 deruut.

844 1510 1070 1567 CAPUT
1108 1510 1193 1565 ΙΙΙ.

759 1603 893 1659 Item
922 1605 1059 1659 unde
1096 1621 1278 1674 supra.

292 1694 495 1751 Probat
515 1714 580 1751 ex
618 1696 790 1753 Veteri
816 1699 1144 1755 Testamento
1177 1701 1463 1773 virgineum
1489 1710 1814 1771 conceptum.

212 1788 524 1858 —Negatis
558 1791 736 1846 adhuc
757 1790 1070 1865 Virginem?
1099 1795 1379 1865 agnoscite
1401 1792 1639 1862 ejusdem
1665 1793 1818 1849 Isaiae

213 1884 501 1953 prophetae
539 1883 666 1939 illud
693 1902 705 1938 :
729 1883 865 1940 Ecce
888 1887 1027 1957 virgo
1060 1889 1400 1959 concipiet,et
1430 1888 1596 1956 pariet
1624 1886 1816 1955 ﬁlium,
1853 1886 1898 1941 Β

214 1987 269 2031 et
292 1977 545 2031 rocabitis
575 1995 757 2033 nomen
784 1979 898 2048 ejus
943 1980 1255 2036 Emmanuel
1289 1980 1425 2053 (Isa.
1473 1980 1524 2046 7,
1554 1980 1663 2051 14).
1714 1979 1821 2035 Sed

217 2085 317 2124 vos
356 2070 697 2141 dicitis,quia
725 2070 922 2139 Italma,
955 2090 1150 2129 nomen
1183 2073 1530 2138 Hebraicum,
1558 2071 1699 2143 apud
1724 2088 1819 2127 vos

215 2179 328 2217 non
345 2164 629 2236 virginem,
649 2165 740 2220 sed
759 2165 1219 2224 adolescentulam
1236 2168 1525 2240 signiﬁcet;
1548 2165 1821 2223 etadoles—

215 2255 443 2309 centula
482 2258 639 2325 plane
667 2266 846 2329 potest
884 2273 1007 2314 esse
1035 2276 1143 2315 non
1164 2260 1340 2333 virgo.
1367 2261 1435 2315 At
1459 2260 1823 2330 Hieronymus

216 2347 314 2419 (In
345 2347 481 2412 130.,
532 2350 624 2404 lib.
658 2368 742 2417 ιιι,
770 2368 889 2423 cap.
911 2353 963 2419 7,
990 2363 1109 2424 post
1134 2355 1322 2423 med.),
1343 2369 1501 2423 quem
1530 2368 1626 2408 vos
1647 2352 1823 2408 scicn-

217 2439 494 2495 tissimum
527 2444 714 2497 testari
756 2445 1124 2499 consuevistis
1176 2446 1561 2514 interpretem,
1615 2453 1671 2498 ct
1715 2458 1821 2514 quo

213 2539 468 2587 vestrum
528 2534 751 2604 quidam
806 2550 1018 2591 mecum
1069 2537 1469 2606 disceptaturas
1520 2536 1820 2607 perhibuit,

218 2626 373 2697 quod
404 2626 459 2680 in
488 2627 827 2699 conﬂigendo
868 2628 1177 2685 nullatenus
1232 2629 1544 2684 exorbitare
1595 2629 1661 2684 de
1705 2628 1822 2699 ejus

216 2717 681 2773 translationibus
710 2719 889 2784 vellet,
937 2736 1043 2774 non
1089 2720 1250 2775 modo
1277 2720 1566 2790 prmlalum
1595 2719 1820 2774 verbum

220 2810 501 2878 virginem
526 2826 743 2875 sonare,
772 2811 915 2881 quod
941 2811 1169 2865 betulam
1201 2810 1417 2877 dicitis,
1465 2812 1687 2877 asserit;
1728 2812 1823 2867 sed

219 2902 375 2956 illam
434 2904 653 2973 proprie
708 2904 974 2975 virginem
1028 2906 1359 2976 exprimere,
1414 2921 1533 2976 qua:
1582 2906 1822 2959 virorum

220 2997 611 3067 conspectihus
658 3007 876 3052 maneat
928 3013 1144 3068 semper
1182 2999 1518 3054 abscondita.
1576 2998 1681 3054 Sed
1728 3014 1823 3054 vos

218 3090 429 3144 veteris
468 3090 780 3160 pertinaciae
820 3107 1106 3156 memores,
1139 3091 1265 3146 illud
1308 3093 1447 3163 quod
1494 3100 1577 3147 est
1616 3092 1825 3164 amphi-

222 3182 487 3249 lxolicum,
512 3183 565 3237 id
590 3184 1059 3253 estjuvenculam,
1094 3186 1366 3241 retinetis.
1404 3185 1536 3239 Nam
1564 3187 1605 3240 si
1637 3202 1824 3240 assm-

225 3278 490 3343 tiremini,
522 3266 748 3333 multum
782 3295 878 3336 vos
904 3280 1184 3335 videretur
1214 3295 1318 3335 vox
1370 3281 1484 3335 haec
1535 3280 1645 3334 sola
1680 3281 1827 3335 subi-
1855 3266 1899 3322 (ἒ

225 3386 381 3440 gere.
851 3433 864 3441 υ

300 3465 571 3520 Ponamus
606 3466 790 3535 itaque
818 3466 1278 3523 adolescentulam
1334 3469 1406 3522 ibi
1463 3481 1583 3521 esse
1618 3484 1628 3519 :
1665 3466 1829 3521 dicite

226 3558 362 3611 mihi
397 3558 527 3628 quid
555 3572 637 3613 est
660 3560 802 3629 quod
838 3561 1190 3630 praemittitur
1226 3577 1238 3613 :
1268 3559 1400 3613 Ecce
1427 3558 1688 3612 Dominus
1726 3558 1828 3611 da-

227 3650 298 3702 bit
325 3650 470 3703 vobis
506 3652 713 3722 signum
747 3630 962 3724 (ibid),
992 3667 1115 3707 mox
1158 3652 1438 3723 supposito
1469 3670 1482 3709 :
1515 3650 1647 3706 Ecce
1687 3653 1828 3721 virgo

232 3740 701 3810 concipiet;nullo
753 3744 1074 3813 prtemisso,
1142 3744 1208 3797 de
1262 3758 1370 3812 quo
1424 3742 1826 3797 adolescentula

233 3833 571 3903 conciperet.
591 3833 783 3905 Etjam
808 3836 853 3891 si
884 3836 1036 3906 virgo
1058 3852 1165 3892 non
1196 3846 1341 3892 esset
1358 3852 1476 3906 qua:
1495 3836 1827 3907 conciperet,

231 3924 358 3994 quia
407 3939 509 3992 per
550 3941 608 3980 se
648 3927 960 3996 conciperet
1009 3930 1224 4000 signum
1264 3939 1427 3985 esset.
1484 3928 1590 3984 Sed
1634 3927 1833 3996 objecit

232 4018 365 4071 mihi
397 4017 618 4087 quidam
654 4033 841 4073 eorum
863 4020 1045 4090 lapide
1075 4023 1334 4087 veterior,
1384 4022 1527 4090 quod
1574 4022 1687 4075 lucc
1737 4038 1830 4076 ea-

234 4107 356 4162 dem
388 4108 791 4164 adolesccntula
825 4126 963 4165 uxor
993 4114 1271 4182 prepheta)
1295 4121 1445 4177 erat;
1475 4120 1529 4166 et
1555 4112 1696 4167 hanc
1710 4126 1829 4167 esse

235 4217 399 4271 quam
428 4202 480 4256 in
522 4204 873 4274 sequentibus
912 4204 1068 4276 longe
1122 4214 1532 4260 commemorat.
1574 4205 1826 4271 Adhibui,

236 4294 436 4364 inquit,
485 4295 611 4347 mihi
664 4304 819 4349 testes
852 4295 1031 4363 ﬁdeles
1064 4294 1247 4350 Uriam
1279 4296 1629 4362 sacerdotem,
1656 4306 1702 4350 et
1726 4295 1831 4350 Za-

237 4388 471 4439 chariam
496 4387 664 4455 filium
698 4386 993 4453 Barac/tim;
1023 4398 1068 4441 et
1093 4390 1289 4443 accessi
1315 4389 1382 4442 ad
1421 4389 1826 4458 prophetissam,

234 4496 349 4548 qua:
380 4480 637 4549 concepit,
670 4488 717 4533 et
742 4481 937 4550 peperit
991 4480 1160 4548 ﬁlium
1193 4480 1327 4551 (Isa.
1360 4497 1478 4546 vttt,
1507 4481 1562 4545 9,
1594 4482 1669 4552 5).
1701 4481 1833 4536 Pro-

236 4576 584 4645 phetissasin
614 4578 813 4631 nostris
844 4576 1212 4632 voluminibus
1263 4579 1361 4631 sub
1412 4578 1580 4646 gratia
1633 4576 1829 4646 reperi,

1915 616 2010 656 eos
2036 602 2100 655 ad
2128 611 2339 672 tempus
2371 604 2758 660 inconveniens
2790 607 3198 677 compellamus.
3244 610 3381 678 Quid
3420 623 3531 673 est,

1914 707 2044 761 ergo
2074 694 2215 762 quod
2240 694 2340 749 sub
2372 695 2581 749 duobus
2604 695 2848 753 ﬁdelibus
2900 700 3125 756 testibus
3156 704 3387 759 accessit
3437 706 3505 760 ad

1916 799 2162 850 uxorem,
2213 796 2273 839 ut
2311 785 2513 851 dicitis,
2546 788 2735 841 suam?
2780 789 3049 846 Accessus
3078 792 3340 849 Hebraica
3377 811 3506 851 con-

1914 878 2201 934 suetudine
2226 893 2325 947 pro
2352 878 2646 933 concubitu
2677 879 2815 935 solet
2855 884 3004 950 poni,
3061 894 3119 939 ut
3164 896 3246 941 est
3287 888 3340 942 in
3373 889 3509 945 Eze-

1916 974 2089 1030 chiele
2117 994 2129 1027 :
2160 975 2242 1030 Ad
2267 977 2561 1044 mulierem,
2604 978 2809 1048 inquit,
2859 991 3236 1037 menstruatam
3269 1000 3371 1037 nou
3419 1000 3513 1037 ac-

1918 1074 2132 1125 cesseris
2157 1072 2376 1142 (Ezech.
2404 1090 2559 1140 xvm,
2603 1075 2680 1143 6).
2716 1074 2772 1128 Si
2804 1074 2971 1145 igitur
3010 1075 3206 1131 dicatis
3233 1077 3357 1146 quia
3408 1076 3513 1130 sub

1918 1163 2090 1218 oculis
2112 1165 2330 1218 testium
2356 1164 2591 1220 ﬁdelium
2622 1166 2920 1230 Zachariae,
2935 1182 2999 1221 ac
3022 1166 3166 1221 Uriae
3197 1167 3361 1223 Isaias
3386 1184 3513 1223 cum

1918 1272 2106 1321 uxore,
2138 1258 2190 1312 id
2227 1267 2308 1313 est
2338 1262 2702 1330 prophetissa,
2727 1262 2942 1326 coierit,
2974 1271 3026 1315 et
3056 1261 3145 1315 illa
3176 1265 3510 1332 conceperit,

1919 1361 1973 1407 et
2009 1353 2492 1423 imprarsentiarum
2537 1358 2636 1413 sub
2668 1358 3515 1428 momentopepcrerit,.quorum

1920 1461 2027 1502 non
2063 1462 2157 1502 ore
2195 1450 2526 1519 conspuendi
2580 1450 2741 1515 estis,
2776 1450 2972 1520 quibus
3023 1465 3128 1504 non
3177 1450 3514 1504 stercoribus

1920 1540 2215 1611 lapidandi,
2243 1544 2336 1613 qui
2366 1544 2493 1599 hinc
2523 1545 2642 1599 viro
2669 1544 3019 1599 sanctissimo
3069 1543 3304 1597 dedecus
3353 1543 3513 1612 igno-

1921 1631 2369 1688 miniosissimum
2422 1635 2696 1705 irrogatis,
2754 1643 2809 1690 et
2835 1642 3142 1704 praepotens
3174 1631 3519 1686 mendacium

1923 1725 2071 1783 illinc
2099 1729 2364 1785 astruitis.

1996 1839 2054 1895 Si
2108 1841 2292 1911 itaque
2317 1851 2463 1898 stare
2490 1860 2597 1899 non
2658 1853 2855 1914 potest,
2888 1843 3253 1900 concedamus
3300 1840 3513 1903 saltem,

1927 1937 2224 1992 secundum
2245 1952 2362 2003 vos,
2405 1947 2462 1992 ut
2510 1938 2909 1993 adolescentula
2968 1937 3301 2007 conciperet,
3349 1946 3519 2004 quare

1927 2043 2035 2083 non
2066 2029 2485 2103 cstappositum
2522 2030 2587 2085 de
2610 2028 2761 2097 cujus
2802 2031 3009 2084 semine
3041 2029 3228 2084 eadem
3278 2027 3331 2080 id
3372 2025 3519 2096 quod

1926 2121 2322 2192 conciperetur,
2353 2122 2646 2193 exciperet.
2696 2122 2847 2189 Quod
2874 2130 3051 2177 tamen
3102 2122 3149 2175 si
3187 2121 3361 2187 ﬁeret,
3393 2134 3519 2190 pro-

1925 2210 2070 2267 fecto
2093 2213 2304 2284 signum
2358 2213 2502 2283 quod
2549 2213 2939 2284 spondebatur,
2985 2214 3199 2284 signum
3246 2212 3358 2280 jam
3407 2228 3517 2265 non

1927 2310 2090 2356 esset.
2129 2302 2270 2371 Ergo
2312 2314 2405 2358 aut
2455 2312 2606 2374 pater
2632 2303 2997 2358 enuntiandus
3043 2313 3157 2366 est,
3198 2312 3292 2356 aut
3345 2303 3517 2374 virgo,

1928 2393 2041 2449 sive
2072 2395 2469 2451 adulescentula
2495 2397 2540 2451 si
2569 2397 2901 2467 conceperit,
2932 2397 3267 2467 peperitque,
3303 2395 3519 2465 signum

1927 2495 2029 2542 est.
2064 2487 2120 2542 Si
2159 2498 2339 2543 autem
2367 2490 2581 2561 signum
2609 2499 2715 2555 est,
2754 2499 2946 2545 contra
2990 2504 3149 2545 usum
3180 2498 3388 2543 naturte
3413 2496 3517 2543 est.

1928 2579 2097 2651 Igitur
2126 2582 2383 2652 quoniam
2426 2583 2497 2645 id,
2532 2583 2677 2654 quod
2705 2592 3029 2654 conceptum
3069 2592 3124 2637 et
3163 2592 3378 2653 partum
3410 2590 3517 2646 est,

1928 2676 2520 2742 voeaturEnunanucl,
2547 2677 2599 2732 id
2632 2686 2717 2733 est
2751 2678 3023 2731 nobiscum
3061 2676 3223 2743 Deus,
3281 2678 3424 2746 quod
3461 2684 3515 2733 ct

1928 2785 2025 2842 pro
2074 2771 2226 2840 signo
2257 2770 2495 2841 generali
2547 2771 2730 2825 domui
2788 2770 2977 2833 David,
3006 2770 3058 2824 id
3114 2779 3197 2824 est
3242 2770 3517 2835 Ecclesiae,

1928 2870 2149 2933 praestat
2182 2862 2354 2927 Deus,
2394 2861 2678 2933 intelligite
2711 2871 2804 2917 aut
2843 2862 3227 2917 cunvincimini
3263 2877 3516 2932 nequam,

1927 2954 2077 3024 quia,
2104 2952 2300 3019 velitis,
2339 2954 2544 3020 nolitis,
2575 2954 2785 3025 paravit
2825 2955 2925 3008 sibi
2951 2953 3095 3023 quod
3124 2952 3291 3007 voluit
3321 2952 3372 3005 in
3421 2968 3520 3005 na-

1930 3038 2072 3111 tura,
2099 3047 2264 3102 etiam
2294 3052 2493 3117 prmter
2532 3057 2808 3112 naturam,
2836 3048 2949 3117 ipse
2980 3055 3173 3101 auctor
3202 3053 3256 3099 et
3289 3044 3522 3114 disposi-

1932 3150 2015 3196 tor
2044 3151 2254 3198 natura:
2290 3145 2451 3198 Deus.
2478 3142 2546 3197 Et
2576 3144 2690 3212 ipse
2718 3142 2810 3211 qui
2834 3141 3116 3210 disposuit,
3152 3141 3265 3209 ipse
3295 3139 3385 3208 qui
3426 3155 3522 3191 na-

1932 3226 2023 3289 tus
2043 3244 2125 3289 est
2152 3236 2202 3288 in
2226 3250 2288 3290 ea
2318 3248 2371 3290 et
2398 3237 2509 3305 ipse
2536 3250 2655 3289 eam
2675 3233 2943 3298 fundavit,
2968 3248 3073 3287 non
3108 3233 3303 3304 eligere
3327 3233 3521 3301 potuit,

1933 3326 2036 3380 nisi
2091 3327 2231 3396 quod
2301 3327 2555 3381 mundius
2610 3325 2730 3380 fuit.
2797 3324 2921 3378 ideo
2974 3326 3205 3378 conslat'
3240 3324 3367 3394 quia
3414 3338 3520 3377 non

1933 3419 2354 3485 adolescentula,
2374 3436 2478 3474 non
2496 3419 2669 3490 virgo,
2699 3416 2791 3472 sed
2815 3431 2976 3486 supra
2999 3415 3212 3469 solitam
3244 3415 3521 3469 hominum

1934 3512 2227 3582 puritatem
2254 3513 2404 3583 virgo
2444 3510 2797 3583 pudicissima
2830 3508 3034 3563 fuit.Et
3064 3508 3110 3563 is
3132 3524 3288 3579 quem
3314 3510 3519 3579 genuit,

1935 3603 1990 3657 in
2047 3604 2279 3676 signum,
2349 3615 2407 3659 ut
2453 3606 2717 3675 propheta
2773 3604 3143 3676 prosequitur,
3201 3602 3521 3671 populorum

1933 3699 2082 3754 stetit
2123 3697 2260 3770 (Isa.
2291 3716 2365 3763 χι,
2401 3698 2513 3770 i0),
2548 3700 2673 3769 quia
2699 3698 2900 3764 nullus,
2934 3696 3039 3751 nisi
3070 3697 3160 3765 qui
3185 3697 3250 3751 ad
3287 3711 3409 3751 cum
3434 3710 3523 3751 re-

1935 3792 2129 3863 spexit,
2155 3793 2381 3848 salutem
2421 3794 2637 3848 meruit.

2009 3903 2182 3959 Dicite
2210 3903 2339 3958 mihi
2381 3903 2474 3975 qui
2502 3902 2770 3961 atl‘ectatis
2800 3906 3112 3977 magisteria
3144 3911 3337 3959 vestra:
3369 3901 3518 3973 legis,

1936 4011 2057 4067 quae
2090 3996 2446 4051 consonantia
2472 4005 2558 4051 est
2585 3997 2834 4063 rationis,
2872 4006 2929 4052 ut
2956 3999 3000 4052 is
3041 4013 3175 4069 puer
3204 3995 3525 4050 nutriendus

1941 4089 2199 4159 butyrum
2226 4098 2280 4143 et
2308 4089 2413 4144 mel
2463 4091 2732 4156 comedat,
2780 4099 3049 4160 quatenus
3077 4090 3368 4160 reprobare
3406 4103 3521 4142 ma-

1934 4180 2068 4244 lum,
2094 4189 2149 4234 et
2183 4180 2381 4252 eligere
2433 4183 2632 4237 bonum
2666 4183 2799 4237 sciat
2830 4182 2963 4249 (Isa.
3002 4198 3099 4248 vu,
3128 4182 3238 4251 i5).
3271 4179 3525 4249 Nunquid

1938 4281 1999 4326 ut
2031 4272 2261 4343 singulis
2286 4275 2499 4346 singula
2533 4275 2856 4340 referamus,
2884 4276 3005 4331 ideo
3042 4277 3296 4346 butyrum
3339 4289 3520 4330 come-

1938 4364 2102 4429 ditur,
2139 4375 2197 4419 ut
2230 4367 2394 4421 totius
2436 4368 2788 4437 malignitatis
2825 4367 3005 4420 odium
3048 4369 3437 4435 subsequatur;
3470 4374 3526 4420 et

1938 4459 1992 4513 in
2010 4460 2248 4513 animam
2280 4460 2451 4513 mellis
2478 4471 2603 4513 esus
2634 4461 2711 4514 sic
2748 4468 3087 4525 transeat,ut
3109 4461 3233 4515 boni
3261 4460 3525 4517 electione

1940 4567 2040 4606 nos
2094 4553 2337 4608 imbuat?
2413 4550 2629 4616 Fateor,
2660 4552 2916 4623 butyrum
2963 4555 3240 4620 hucusque
3293 4554 3522 4619 oderim,

238 4644 311 4721 uti
341 4669 555 4722 Annam
589 4668 753 4722 ﬁliam
801 4668 1093 4723 Phanuelis
1116 4668 1270 4737 (Luc.
1304 4684 1366 4735 ιι,
1418 4644 1532 4737 36),
1592 4676 1645 4722 et
1694 4644 1826 4722 ﬁlias

1936 4644 2150 4713 meique
2205 4645 2383 4699 minus
2433 4645 2774 4711 curaverim,
2828 4646 3046 4703 amodo
3076 4646 3236 4717 267
3300 4657 3527 4717 utraque

236 4761 471 4832 Philippi
529 4761 786 4831 virgines,
851 4776 970 4830 qure
1034 4760 1387 4831 prOphetissa:
1437 4760 1572 4831 (Act.
1614 4774 1726 4823 χχι,
1756 4758 1831 4827 9),

240 4871 345 4910 non
370 4855 502 4925 quia
526 4855 781 4926 conjuges
804 4854 1093 4925 pr0phetas
1134 4854 1439 4918 habuerint,
1470 4855 1563 4909 sed
1585 4853 1709 4923 quia
1743 4866 1835 4921 per

238 4961 296 5002 se
334 4946 803 5016 prophetaverint,
836 4943 1196 5014 appellantur.
1260 4942 1397 4999 Nam
1432 4943 1653 4997 Holdam
1701 4941 1836 4998 liber

240 5039 452 5110 Regum
483 5037 583 5092 sub
613 5052 739 5107 rege
786 5034 934 5091 .Iosia
966 5050 1072 5090 non
1104 5035 1523 5105 prophetissam,
1580 5033 1674 5088 sed
1703 5047 1834 5104 pro-

236 5130 461 5201 phetam
490 5137 646 5182 vocat
671 5125 778 5198 (IV
809 5125 939 5195 Reg.
972 5141 1111 5189 χχιι,
1151 5123 1256 5195 14).
1297 5123 1356 5177 1η
1386 5123 1540 5178 libris
1561 5124 1835 5179 veteribus

236 5223 281 5276 si
311 5220 453 5275 alias
477 5220 684 5290 uspiam
715 5218 938 5290 legerim
970 5219 1074 5273 hoc
1100 5217 1424 5272 vocabulum
1475 5217 1682 5271 nescio.
1718 5215 1835 5271 Sel-

240 5313 352 5368 ium
388 5321 572 5368 tamen
612 5312 795 5368 Holdze
846 5312 1105 5367 maritum
1154 5326 1262 5367 non
1298 5311 1481 5366 vocari
1513 5311 1833 5379 prophetam

239 5407 353 5463 scio
370 5405 588 5479 (Ibid.).
605 5405 893 5473 Ponamus,
915 5421 1120 5477 quaeso,
1147 5406 1345 5462 iterum
1370 5415 1424 5461 et
1440 5408 1583 5464 hanc
1608 5419 1832 5462 uxorem

242 5501 414 5559 fuisse
447 5503 745 5573 prophetae,
807 5518 928 5558 cum
988 5513 1140 5560 certo
1190 5504 1395 5561 certius
1441 5504 1638 5569 sciam,
1695 5504 1836 5559 sicut

244 5596 387 5670 apud
414 5612 513 5653 nos
548 5611 720 5668 neque
772 5597 1075 5666 abbatissa,
1118 5614 1293 5669 neque
1337 5598 1663 5665 diaconissa,
1697 5612 1836 5652 uxor

249 5690 481 5755 abbatis,
516 5699 611 5744 aut
654 5691 867 5746 diaconi
893 5701 1002 5759 est;
1062 5707 1161 5747 nec
1204 5692 1386 5762 virgo,
1435 5706 1535 5746 nec
1580 5690 1738 5745 vidua
1789 5688 1835 5744 si

250 5784 569 5837 comitatum
599 5792 843 5853 regeret,
875 5785 1166 5839 comitissae
1199 5799 1390 5839 nomen
1421 5784 1724 5847 amitteret;
1756 5782 1835 5837 sic

250 5878 597 5951 prophetissa
636 5893 703 5936 ex
750 5878 866 5935 solo
897 5894 997 5935 suo
1045 5879 1241 5946 oﬁicio,
1289 5880 1435 5950 quod
1479 5880 1560 5937 sic
1612 5887 1837 5936 vocatur

1942 4738 2100 4794 avida
2130 4739 2285 4793 fauce
2313 4739 2585 4809 diripiam,
2614 4755 2735 4795 cum
2765 4756 2828 4795 ea
2860 4741 3156 4797 docneritis
3183 4758 3301 4797 eam
3324 4742 3526 4798 habere

1942 4832 2073 4887 vim.
2115 4830 2265 4897 Scio,
2297 4831 2423 4901 quia
2453 4831 2571 4887 loco
2594 4833 2648 4886 in
2682 4834 2804 4899 hoc,
2832 4843 3014 4890 vestro
3038 4850 3190 4890 more
3220 4836 3526 4892 cornicabi-

1941 4927 2329 4995 mini.Audite,
2361 4928 2464 4985 etsi
2498 4929 2697 4995 aversi,
2728 4930 2872 4999 quod
2910 4944 3099 4987 verum
3131 4938 3234 4984 est.
3266 4927 3528 4993 Butyrum

1941 5035 2010 5076 ex
2039 5035 2203 5076 carne
2226 5030 2330 5087 est,
2358 5022 2465 5078 mel
2494 5038 2559 5078 ex
2586 5038 2707 5078 rore
2732 5023 2939 5080 cmlesti
2968 5021 3275 5079 conﬁcitur.
3304 5020 3408 5075 Per
3430 5021 3530 5073 bu-

1941 5121 2119 5185 tyrum
2176 5128 2304 5185 ergo
2352 5117 2664 5172 humanitas
2720 5115 3019 5172 Salvatoris
3048 5114 3336 5184 accipitur,
3374 5116 3529 5181 cujus

1942 5205 2165 5262 lenitate
2204 5215 2551 5277 peccatorum
2589 5216 2903 5263 nostrorum
2952 5205 3223 5275 asperitas
3258 5213 3527 5274 tempera-

1940 5308 2049 5357 tur.
2076 5300 2199 5369 Mel,
2230 5300 2486 5356 divinitas
2512 5298 3017 5372 designatur,cujus
3036 5296 3303 5370 sapientia
3328 5305 3531 5353 nostrae

1943 5395 2173 5452 rationis
2230 5396 2590 5467 intelligentia
2646 5395 2980 5450 dulcoratur.
3036 5392 3161 5449 Haec
3211 5392 3530 5473 benedictus

1940 5486 2083 5547 Puer
2112 5489 2201 5545 ille
2227 5490 2482 5556 comedit,
2510 5489 2637 5559 quia
2660 5487 2714 5542 in
2739 5502 2798 5542 se
2828 5502 2939 5543 uno
2962 5495 3250 5557 utramque
3280 5487 3531 5545 substan-

1940 5580 2075 5641 tiam
2106 5582 2200 5639 Dei
2237 5599 2301 5640 ac
2332 5583 2569 5640 hominis
2603 5582 2881 5638 adunavit‘.
2912 5580 3019 5638 Per
3058 5583 3353 5637 humanam
3401 5595 3531 5650 ergo

1940 5680 2215 5742 naturam,
2248 5690 2354 5745 qua
2381 5675 2644 5729 virtutum
2681 5672 2926 5744 exempla
2979 5673 3230 5744 praebuit,
3265 5671 3440 5733 scivit,
3477 5670 3531 5725 id

1941 5774 2044 5830 est,
2077 5782 2174 5822 nos
2208 5767 2340 5824 fecit
2376 5768 2517 5824 scire
2546 5768 2836 5824 criminum
2860 5766 3163 5832 feditatem,
3212 5775 3267 5821 et
3314 5780 3410 5834 per
3451 5764 3531 5818 diu

1940 5861 2187 5919 vinitatis
2257 5863 2513 5919 haustum
2584 5863 2813 5919 internae
2890 5859 3191 5917 dulcedinis
3264 5855 3536 5911 intimavit
