3998 6326
516 384 620 439 505

1337 379 1386 439 V.
1418 383 1743 442 GUlBERTl
1776 388 2067 445 ABBATIS
2109 387 2166 444 S.
2202 388 2440 449 MARIJE
2484 394 2568 449 DE
2597 393 2993 455 NOVIGENTO

3664 406 3759 467 5M
3778 409 3782 413 ’

517 504 855 560 ιςιιτηίιειιρηι.
886 503 990 558 Sed
1018 502 1138 558 huic
1156 515 1274 571 quae
1300 501 1431 567 dixi,
1463 504 1593 560 risui
1633 515 1811 562 vestro
1842 508 2086 577 exposita
2118 509 2164 565 A
2190 513 2724 568 secitndumauditum
2743 517 2952 570 aurium
2973 527 3154 586 arguet
3180 519 3315 591 (lsa.
3341 536 3419 589 χι,
3437 522 3658 594 5).Quis
3672 543 3760 584 un-

515 604 659 650 Bllnl.

1118 682 1346 738 CAPUT
1385 683 1472 738 IV.

582 796 785 859 Instat,
818 805 864 849 et
896 796 1229 866 prosequitur
1277 794 1439 850 [snite
1483 797 1783 850 vaticinium
1808 826 1873 835 —
1904 797 2095 866 Sequi-

511 900 598 945 tur
648 890 1066 960 idempropheta
1094 901 1213 959 post
1236 891 1464 959 plurima
1494 908 1508 944 :
1534 888 1862 960 Egredietur,
1896 888 2092 959 inquit,

509 984 653 1052 virga
682 984 745 1037 de
779 985 955 1037 radice
986 985 1172 1048 Jessc;
1211 995 1257 1038 et
1286 987 1383 1054 llos
1415 986 1479 1038 de
1509 985 1683 1038 radice
1712 986 1826 1055 ejus
1852 985 2093 1038 ascendet

507 1070 644 1143 (Isa.
699 1090 776 1140 xt,
830 1076 905 1144 1).
970 1075 1148 1140 Quare
1193 1076 1380 1144 virga?
1416 1076 1540 1144 quia
1585 1086 1751 1139 recta,
1804 1075 2094 1146 singularis

506 1175 563 1218 et
595 1167 756 1221 unica
798 1169 1049 1236 puritatis
1090 1168 1435 1231 omnimodaz,
1473 1167 1776 1222 subtilitate
1821 1176 2089 1238 porrecta.

510 1257 690 1314 Dicite
738 1262 891 1328 mihi,
944 1263 1033 1330 qui
1080 1263 1206 1317 licet
1245 1264 1296 1316 in
1331 1263 1569 1331 quinque
1606 1262 1752 1315 libris
1791 1260 1956 1332 Moysi
1982 1260 2096 1314 nui-

509 1349 593 1408 ias
639 1355 879 1424 recipere
927 1355 1211 1425 allegorias
1260 1355 1459 1419 velitis,
1520 1354 1863 1424 propheticus
1913 1363 2091 1407 tamen

509 1442 680 1500 libros
731 1447 1004 1514 mysteriis
1044 1445 1392 1513 plenissimos
1445 1460 1550 1499 non
1602 1444 1846 1512 negatis?
1898 1443 2090 1507 Dicite,

507 1535 750 1608 inquam,
796 1555 913 1607 quze
954 1539 1025 1592 sit
1079 1539 1265 1609 virga?
1296 1537 1434 1604 Quid
1477 1537 1548 1592 sit
1582 1538 1803 1607 egredi?
1833 1536 1964 1602 Quis
1996 1536 2095 1591 ﬂos

505 1645 615 1684 non
669 1631 734 1684 de
792 1646 965 1694 ramo,
1022 1631 1116 1685 sed
1164 1632 1228 1685 de
1270 1630 1454 1684 radice
1502 1627 1903 1683 conscendens?
1937 1627 2096 1683 Certe

504 1721 651 1776 haud
685 1723 906 1776 dubium
939 1723 1067 1791 quin
1095 1723 1159 1777 de
1190 1732 1375 1777 nostro
1402 1723 1608 1775 dictum
1641 1720 1833 1774 Messia
1867 1720 2090 1789 putetis.

505 1814 636 1868 Peto
663 1814 842 1883 igitur,
872 1824 928 1867 ut
953 1830 1014 1869 ea
1043 1831 1146 1883 qua
1182 1814 1438 1883 propOSni
1464 1830 1492 1866 a
1527 1814 1677 1867 vobis
1715 1812 2096 1866 distributione

506 1905 737 1961 dicatur.
790 1906 846 1959 Si
889 1904 1139 1959 Messiam
1189 1905 1369 1959 dicitis
1408 1906 1637 1975 virgam,
1678 1905 1798 1973 quis
1830 1906 1933 1958 erit
1965 1901 2094 1957 ﬂos?
2129 1875 2170 1935 Β

504 1995 799 2059 Attendite,
831 2012 897 2049 an
936 1997 1081 2065 quod
1117 1997 1306 2050 dixero
1344 1997 1428 2050 vel
1460 1997 1570 2049 veri
1599 1998 1777 2050 simile
1809 1996 2091 2050 habeatur.

506 2082 562 2140 Si
587 2087 752 2156 virga:
778 2087 1059 2157 pluraliter
1085 2088 1417 2154 dicerentur,
1464 2088 1528 2143 de
1566 2089 1761 2157 quibus
1792 2087 1886 2141 tias
1919 2091 2094 2142 orire-

505 2188 613 2246 tur,
644 2179 947 2248 coujngalcs
973 2181 1281 2252 significare
1307 2197 1570 2251 personas
1601 2182 1794 2236 merito
1830 2191 2094 2250 putaren-

505 2276 611 2326 tur.
667 2271 736 2323 At
778 2273 1033 2339 quoniam
1087 2272 1235 2340 virga
1264 2281 1369 2338 est,
1410 2271 1815 2341 simplicitatem
1870 2271 2095 2325 innuero

500 2366 742 2422 videtur.
776 2368 831 2422 Si
864 2378 1073 2439 patrem
1106 2369 1224 2423 sine
1249 2367 1531 2437 suajugali
1559 2367 1855 2435 intelligas,
1892 2365 2095 2419 scimus

502 2462 630 2530 quia
667 2460 823 2529 juxta
871 2473 1119 2517 naturam
1198 2480 1295 2534 per
1337 2480 1395 2519 se
1427 2463 1501 2517 nil
1547 2464 1656 2534 agit
1701 2463 1994 2517 masculus.
2038 2460 2095 2515 Si

503 2560 737 2606 matrem
803 2552 917 2606 sine
981 2562 1176 2622 patre,
1236 2553 1371 2607 nihil
1433 2554 1728 2609 secundum
1788 2554 2094 2623 opinionem

506 2652 695 2711 tuam;
734 2645 938 2715 aliquid
968 2662 1097 2701 vero
1130 2656 1211 2701 est
1256 2647 1550 2701 secundum
1603 2660 1798 2711 meam,
1841 2648 1949 2700 imo
1970 2659 2094 2714 pro-

501 2738 795 2808 pheticum.
828 2741 953 2795 Haec
971 2755 1191 2812 egressa
1216 2742 1460 2810 est,quia
1485 2742 1865 2810 prmemincns,
1909 2740 2097 2794 etsine

506 2833 756 2903 exemplo
811 2835 863 2889 in
919 2844 1029 2889 toto
1083 2836 1323 2889 lnnnano
1373 2850 1573 2905 genere
1620 2842 1838 2888 ostensa
1886 2841 1989 2887 est.
2034 2831 2092 2886 Si

507 2923 737 2981 dixisset
781 2943 793 2979 :
845 2926 1172 2997 Egredictur
1224 2927 1397 2997 virga,
1460 2926 1527 2981 de
1583 2926 1739 2995 cujus
1792 2940 1945 2977 ramo
1994 2921 2093 2977 ﬂos

509 3017 791 3085 ascendet,
834 3018 1063 3075 forsitan
1114 3019 1309 3089 aliquis
1355 3019 1637 3083 maritum,
1663 3028 1720 3073 et
1743 3027 1952 3072 costam
1982 3015 2099 3084 ejus

505 3107 787 3164 lateralem
824 3111 1073 3167 videlicet
1098 3127 1250 3167 suam
1279 3112 1559 3177 crederet;
1599 3121 1656 3165 at
1689 3127 1794 3165 non
1822 3111 1885 3164 de
1919 3123 2095 3174 ramo,

503 3214 615 3256 non
648 3201 713 3256 de
735 3202 877 3271 pari,
910 3203 1176 3269 ascendit,
1222 3203 1316 3258 sed
1347 3204 1411 3258 de
1442 3204 1608 3274 virgzc
1648 3201 1851 3267 radice,
1886 3201 1950 3255 de
1985 3200 2099 3255 solo

506 3303 797 3350 concretus
836 3311 934 3365 per
986 3296 1249 3367 Spiritum
1312 3305 1559 3353 sanetum
1615 3295 1857 3366 Virginis
1907 3294 2097 3350 matris

508 3388 792 3456 sanguine.
828 3386 936 3443 Sed
965 3403 1135 3458 quare
1170 3387 1304 3443 ﬂos?
1343 3397 1567 3458 propter
1595 3388 1841 3443 omnium
1870 3386 2095 3441 odorem

505 3478 795 3547 virtutum,
843 3490 898 3536 et
936 3483 1062 3552 quia
1096 3483 1376 3552 speciosus
1409 3490 1490 3535 est
1521 3497 1633 3552 prae
1659 3479 1786 3535 ﬁliis
1815 3480 2095 3534 hominum

507 3571 685 3641 (Psal.
735 3590 881 3640 thv,
918 3577 995 3646 5),
1045 3587 1099 3631 et
1134 3576 1260 3647 quia
1296 3578 1365 3631 de
1396 3575 1529 3631 ﬂore
1572 3576 1781 3631 fruetus
1830 3575 2093 3645 exsurgit.

506 3662 626 3734 Ipse
653 3666 795 3720 enim
828 3678 910 3721 est
940 3667 1141 3737 lignum
1176 3684 1334 3724 secus
1359 3670 1627 3723 decursus
1655 3684 1920 3738 aquarum
1945 3667 2099 3738 plan-

510 3764 705 3824 tatum,
756 3758 896 3826 quod
942 3757 1179 3814 fructum
1227 3776 1384 3815 suum
1418 3760 1470 3815 in
1508 3770 1750 3830 tempore
1802 3774 1901 3814 suo
1946 3759 2097 3814 dedit

507 3844 683 3918 (Paul.
711 3864 750 3913 ι,
783 3849 859 3919 3).

584 3937 764 3993 Totius
810 3941 1101 3996 divinitatis
1144 3943 1198 3996 in
1237 3942 1444 3997 Christo
1501 3942 1759 3995 inhabitat
1804 3941 2093 4012 plenitudo,

509 4032 710 4086 ca’teris
759 4049 875 4087 vero
924 4034 1224 4087 hominibus
1269 4035 1555 4087 secundum
1593 4048 1889 4086 mensuram
1930 4034 2095 4087 virtu-

507 4124 599 4177 tis.
631 4156 699 4163 —
730 4122 898 4193 Super
931 4125 1091 4189 Intnc,
1124 4126 1321 4195 inquit,
1356 4127 1537 4194 ﬂorem
1570 4127 1848 4196 requiescet
1879 4125 2095 4194 spiritus

504 4216 716 4273 Domini
760 4219 897 4290 (lsa.
959 4219 1126 4288 11,2),
1171 4228 1276 4272 etc.
1332 4217 1602 4285 Quoniam
1649 4220 1897 4274 convenit
1954 4219 2097 4273 inter

506 4324 608 4365 nos
652 4320 707 4365 et
755 4326 872 4375 vos,
905 4319 964 4364 ut
996 4312 1110 4365 haec
1141 4311 1206 4365 de
1235 4310 1454 4366 Christo
1504 4311 1646 4366 dicta
1699 4312 2091 4381 intelligantur,

505 4402 783 4458 Christum
818 4413 1000 4457 autem
1035 4412 1185 4459 certo
1215 4420 1311 4459 vos
1342 4413 1585 4475 tempore
1613 4406 1907 4472 victurum,
1940 4414 2093 4461 certo

506 4496 809 4551 desiturum
864 4497 1125 4563 credatis,
1178 4513 1337 4567 quem
1368 4507 1420 4553 et
1455 4500 1520 4553 de
1551 4499 1687 4552 mari
1721 4509 1773 4553 et
1804 4497 2003 4553 femina
2036 4505 2095 4558 ω

504 4595 732 4640 caeteros
784 4586 964 4641 dicitis
1005 4587 1365 4653 nasciturum,
1415 4589 1687 4644 mstimare
1734 4605 1842 4644 non
1872 4603 2089 4658 possum

2200 618 2360 671 quam
2386 604 2547 660 homo
2572 606 2719 677 juste
2746 607 2978 675 judicat,
3015 612 3115 666 nisi
3146 613 3212 668 de
3240 614 3325 669 his
3353 616 3484 672 solis
3509 627 3763 689 agatque:

2200 695 2346 751 visus
2368 708 2422 752 et
2471 700 2688 755 auditus
2735 703 3032 772 approbat?
3069 704 3135 760 Et
3177 707 3318 762 unde
3361 709 3412 763 in
3448 709 3565 779 lege
3596 723 3761 771 vestra

2198 796 2312 843 tres
2344 799 2438 844 aut
2468 791 2602 847 duos
2643 800 2830 859 testes,
2885 796 2983 850 sub
3036 810 3264 864 quorum
3313 801 3624 857 testimonio
3667 813 3765 860 stat

2196 900 2358 940 omne
2388 888 2635 951 verbum,
2675 903 2794 944 esse
2818 887 3081 956 jnbentur
3105 890 3285 961 (Deut.
3314 909 3447 960 xvn,
3473 894 3550 966 6),
3585 896 3682 950 nisi
3706 899 3767 955 de

2197 976 2265 1031 iis
2315 993 2436 1047 qum
2491 981 2787 1036 audiuntur
2813 990 2867 1037 et
2896 982 3165 1038 videntur.
3198 985 3293 1039 Est
3322 986 3506 1057 itaque
3546 1003 3763 1045 sensus:

2198 1068 2455 1125 Homines
2482 1070 2736 1140 judicanl
2767 1073 2833 1129 de
2865 1072 2948 1128 his
2979 1088 3100 1144 quae
3134 1075 3386 1130 sensibus
3412 1078 3766 1148 comprehen-

2198 1161 2421 1229 duntur,
2454 1164 2633 1218 minus
2661 1165 2872 1219 interna
2903 1174 3194 1231 curantes;
3228 1166 3330 1222 iste
3362 1167 3618 1233 interius,
3652 1169 3765 1226 dum

2197 1266 2251 1309 et
2272 1254 2480 1323 judieat
2506 1259 2758 1326 humiles,
2790 1258 2841 1313 id
2868 1268 2949 1314 est
2972 1259 3233 1315 discernit
3255 1259 3401 1328 juste
3438 1261 3638 1316 merita
3667 1264 3767 1318 sin-

2198 1347 2483 1417 gulorum,
2546 1366 2641 1405 sua
2690 1351 2888 1423 cuique
2940 1350 3293 1418 distribuens,
3343 1361 3400 1407 et
3456 1354 3639 1424 arguit
3685 1370 3769 1426 pro

2198 1445 2500 1500 mansuetis
2558 1456 2714 1501 terra:
2756 1446 2809 1501 in
2860 1445 3134 1516 aequitate,
3184 1447 3312 1501 dum
3362 1446 3604 1519 ﬂagellat
3648 1465 3769 1519 quos

2199 1548 2367 1603 amat,
2411 1548 2466 1594 ut
2498 1542 2819 1607 bonitatem,
2849 1549 2904 1597 et
2930 1541 3271 1611 disciplinam
3300 1541 3515 1607 doceat,
3552 1551 3769 1598 terram-

2199 1642 2304 1696 que
2332 1627 2510 1691 faciat,
2542 1646 2646 1684 non
2672 1630 2949 1702 pulverem
2982 1644 3142 1701 quem
3168 1642 3363 1688 ventus
3390 1633 3567 1700 tollat,
3601 1645 3768 1703 potum

2200 1731 2380 1788 dando
2404 1734 2455 1787 in
2486 1732 2745 1807 laerymis
2773 1735 2825 1789 in
2858 1749 3134 1790 mensura.

2277 1846 2337 1900 Et
2365 1850 2612 1917 percutiet
2627 1861 2817 1904 terram
2836 1852 2981 1922 virga
3006 1854 3111 1907 oris
3128 1854 3295 1917 sui,et
3312 1853 3501 1923 spiritu
3523 1853 3769 1909 labiorum

2203 1954 2420 1993 suorum
2480 1941 2755 2009 interﬁciet
2810 1944 3024 2013 impimn
3071 1944 3209 2014 (lsa.
3265 1946 3449 2017 χ1,4).
3510 1945 3770 2011 Christus,

2202 2045 2362 2101 quem
2391 2048 2491 2086 nos
2521 2043 2574 2087 et
2607 2048 2703 2088 vos
2734 2034 2823 2089 hic
2852 2034 3225 2107 intelligimus,
3262 2047 3464 2092 terram
3494 2039 3651 2109 virga
3675 2042 3772 2093 oris

2200 2127 2284 2179 sui
2313 2128 2581 2195 quomodo
2609 2129 2859 2198 percutit,
2895 2130 2937 2185 si
2962 2146 3128 2201 purus
3156 2132 3318 2186 homo
3355 2132 3579 2188 existit?
3635 2131 3773 2203 Virga

2201 2220 2307 2272 oris
2338 2230 2530 2273 terram
2583 2222 2811 2289 exedere,
2868 2231 2952 2277 est
3002 2234 3097 2278 aut
3144 2225 3341 2279 famem
3384 2241 3552 2297 super
3586 2235 3773 2281 terram

2200 2329 2416 2381 vocare,
2443 2325 2535 2370 aut
2558 2316 2885 2385 quibuslibet
2912 2318 3030 2373 aliis
3052 2321 3483 2377 correctionibus
3505 2322 3774 2376 hominum

2200 2417 2425 2475 peccata
2459 2409 2669 2478 punire.
2712 2406 2872 2479 Virga
2924 2410 3032 2464 oris
3085 2420 3281 2465 terram
3336 2421 3652 2482 percutere,
3701 2422 3777 2466 est

2200 2502 2283 2556 sui
2314 2502 2517 2557 virtute
2567 2504 2835 2557 sermonis
2875 2504 3309 2575 delinquentium
3335 2506 3549 2562 animos
3578 2514 3777 2576 perter-

2200 2613 2345 2653 rere.
2396 2596 2597 2667 Spiritu
2662 2598 2923 2652 labiorum
2977 2616 3191 2653 suorum
3254 2601 3503 2669 interﬁcit
3568 2600 3777 2669 impium

2202 2691 2414 2764 (Ibid),
2465 2693 2590 2747 dum
2638 2692 2972 2763 prophetica:
3016 2692 3372 2765 intelligentia
3414 2694 3723 2761 locutionis,
3752 2710 3778 2747 a

2201 2795 2346 2840 statu
2400 2786 2610 2853 peccati
2663 2786 2896 2841 destruit
2946 2787 3314 2859 temetipsum.
3366 2786 3520 2855 Quod
3563 2786 3611 2841 si
3639 2785 3778 2856 juxta

2202 2878 2328 2933 illud
2357 2877 2493 2934 Job:
2525 2879 2605 2935 Tu
2649 2894 2752 2934 non
2791 2895 2850 2935 es
2881 2880 3077 2951 impius
3106 2899 3119 2935 :
3154 2880 3276 2950 quis
3313 2896 3446 2953 ergo
3475 2881 3593 2936 est?
3628 2879 3780 2937 Labia

2201 2983 2383 3029 autem
2426 2973 2652 3041 Christi,
2700 2976 2977 3045 prophetae
3015 2985 3159 3030 sunt.
3199 2974 3438 3046 Spiritus
3461 2990 3677 3041 eorum,
3709 2974 3781 3029 in-

2202 3069 2369 3123 terior
2392 3084 2583 3125 sensus
2600 3079 2679 3125 est
2700 3085 2712 3123 :
2731 3079 2785 3125 tu
2803 3071 2947 3126 enim
2971 3087 3166 3143 corpus
3187 3073 3459 3143 sequeris,
3476 3073 3529 3128 id
3549 3072 3782 3128 estlitte-

2205 3176 2340 3215 ram.
2359 3160 2559 3231 Spiritu
2570 3164 3059 3234 quoquelabiorum
3070 3181 3285 3219 suorum
3299 3166 3547 3235 interﬁcit
3568 3166 3781 3237 impium

2206 3254 2426 3325 (Ibid.),
2458 3256 2607 3310 illum
2638 3257 2889 3312 videlicet
2917 3274 3078 3328 quem
3108 3274 3207 3329 pro
3233 3259 3781 3332 Messiaprzestolaris

2202 3347 2629 3413 Autichristum;
2674 3365 2799 3404 nam
2829 3365 2924 3420 per
2957 3351 3374 3409 illustrationem
3411 3353 3493 3409 sui
3528 3353 3779 3409 adventus

2204 3445 2447 3499 destruet
2480 3444 2627 3500 illum
2652 3446 2843 3519 (Ibid.,
2873 3448 2949 3518 5).
2979 3447 3215 3504 Haecine
3237 3450 3450 3505 videtur
3475 3450 3574 3505 tibi
3605 3450 3777 3505 huma-

2204 3536 2350 3591 nitus
2401 3539 2686 3608 quisquam
2742 3555 2903 3611 agere
2952 3543 3146 3612 posse?
3202 3542 3269 3597 Et
3313 3543 3588 3612 quomodo
3629 3542 3779 3597 etiam

2196 3628 2430 3699 justitia,
2465 3642 2519 3685 et
2556 3632 2688 3687 tides
2734 3634 3056 3689 einetorium
3099 3635 3267 3708 268
3300 3652 3493 3691 renum
3526 3634 3643 3705 ejus
3674 3634 3780 3690 fieri

2202 3724 2422 3793 poterit,
2453 3725 2594 3793 quod
2628 3725 2678 3778 in
2707 3726 3079 3782 materialibus
3108 3730 3174 3783 ad
3205 3727 3509 3784 materialia
3540 3727 3780 3782 admistio

2202 3814 2346 3869 nulla
2375 3815 2463 3869 sit.
2493 3816 2589 3870 Est
2620 3816 2800 3886 itaque
2833 3834 2894 3873 ac
2931 3819 2974 3873 si
3014 3820 3217 3876 diceret
3247 3836 3262 3875 :
3293 3819 3570 3890 Quidquid
3620 3820 3671 3874 in
3700 3818 3780 3873 illa

2204 3903 2299 3958 Dei
2330 3915 2384 3960 et
2410 3906 2646 3962 hominis
2670 3923 2903 3977 persona
2942 3909 3160 3965 carnale
3190 3919 3436 3981 putatur,
3474 3921 3645 3966 totum
3676 3909 3777 3979 spi-

2204 3999 2382 4054 rituali
2421 4002 2619 4058 virtute
2650 4004 2909 4060 ambitur.
2950 4005 3145 4061 Lumbi
3179 4016 3361 4062 autem
3396 4015 3453 4061 et
3482 4020 3640 4060 renes
3670 4017 3781 4074 qua:

2205 4092 2498 4163 voluptatis
2566 4098 2683 4153 loca
2748 4109 3068 4164 noscuntur,
3124 4110 3271 4155 recte
3321 4115 3421 4169 pro
3472 4098 3779 4154 carnalitate

2204 4198 2501 4256 ponuntur.
2538 4191 2700 4246 Rides
2731 4191 2963 4247 fortasse
3001 4208 3219 4258 meam;
3260 4201 3430 4257 tuam,
3457 4207 3660 4261 quaeso,
3692 4203 3780 4260 pro

2204 4290 2291 4330 me
2339 4280 2682 4346 sententiam,
2736 4282 2830 4335 sed
2860 4282 3164 4337 nullatenus
3215 4281 3319 4339 dici
3365 4281 3596 4351 poterit,
3648 4280 3780 4350 quod

2204 4370 2310 4425 hoc
2352 4381 2525 4425 totum
2568 4388 2701 4442 pure
2750 4375 2955 4429 homini
2994 4377 3322 4432 conveniens
3350 4377 3453 4441 sit;
3492 4376 3603 4430 haec
3642 4374 3778 4428 enim

2206 4474 2434 4522 terrena
2482 4469 2726 4538 potentia
2780 4475 2979 4526 terram
3011 4487 3105 4527 ore
3143 4471 3434 4543 percutiet,
3490 4484 3585 4525 aut
3622 4469 3781 4539 respi-

2203 4558 2397 4613 ciendo
2439 4568 2673 4615 tremere
2715 4561 2901 4627 faciet,
2933 4580 3035 4618 non
3067 4564 3290 4634 impium
3322 4563 3515 4634 spiritu
3540 4563 3777 4635 perimet,

503 4678 649 4744 quod
702 4677 860 4732 alicui
908 4694 1045 4746 puro
1094 4680 1299 4735 homini
1351 4690 1498 4736 tanta
1541 4681 1721 4736 inesse
1747 4682 1925 4735 valeat
1960 4696 2094 4750 opu-

2202 4666 2310 4705 non
2343 4652 2469 4718 (ide,
2503 4670 2609 4708 non
2643 4655 2881 4725 justitia,
2912 4655 3124 4712 lumbos
3148 4656 3351 4727 cinget.

503 4769 668 4824 lentia
698 4811 712 4835 ,
766 4779 821 4825 et
868 4772 1217 4829 continuatio
1254 4776 1570 4845 gratiarum,
1633 4777 1935 4847 prmsertim
1969 4791 2090 4830 cum

501 4879 609 4915 non
660 4861 917 4930 atfutura,
967 4866 1061 4920 sed
1108 4878 1383 4922 asseratur
1414 4870 1726 4939 requietura
1752 4884 1914 4938 super
1943 4884 2088 4923 cum.

502 4952 621 5007 Etsi
659 4970 897 5024 namque
931 4957 1153 5027 spiritus
1203 4959 1334 5015 Elia:
1377 4976 1540 5031 super
1583 4961 1835 5015 Elismum
1880 4960 2092 5029 requie-

500 5044 648 5098 visse.
698 5047 975 5113 scribitur,
1034 5050 1178 5105 aliud
1216 5062 1298 5105 est
1329 5060 1508 5105 tamen
1555 5051 1806 5121 spiritum
1853 5051 2089 5106 hominis

502 5136 555 5191 in
589 5140 863 5195 hominem
906 5142 1209 5208 devenisse,
1261 5160 1422 5213 quem
1476 5154 1528 5198 et
1571 5144 1839 5212 duplicem
1890 5144 2090 5215 legitur

501 5234 790 5301 meruisse,
824 5236 968 5293 aliud
1000 5248 1083 5294 est
1118 5239 1281 5292 totius
1308 5239 1476 5292 divini
1510 5238 1755 5292 muneris
1797 5238 2088 5307 plenitudi-

500 5340 625 5382 nem
666 5330 941 5388 habuisse.
972 5333 1048 5387 De
1078 5333 1254 5387 servis
1293 5331 1450 5402 plane
1499 5332 1735 5387 dicitur:
1770 5331 1907 5398 Quia
1944 5333 2089 5387 dedit

498 5417 606 5473 illis
636 5420 769 5475 bona
797 5440 921 5489 sua,
969 5423 1248 5493 unicuique
1277 5431 1457 5477 tamen
1496 5424 1781 5477 secundum
1818 5426 2088 5495 propriam

497 5510 736 5566 virtutem
773 5515 990 5584 (Matth.
1019 5530 1144 5579 xxv,
1172 5514 1281 5586 15).
1312 5515 1385 5568 De
1411 5514 1631 5571 Christo
1662 5526 1843 5572 autem
1882 5533 1988 5571 non
2016 5516 2085 5573 ad

495 5619 811 5660 mensuram
858 5609 953 5663 dat
994 5609 1135 5664 Deus
1174 5610 1447 5680 spiritum.
1490 5612 1558 5665 At
1606 5611 1729 5681 quia
1770 5621 2085 5668 nostrarum

497 5693 908 5765 Scripturarum
947 5702 1193 5772 exempla
1226 5720 1330 5758 non
1374 5704 1635 5775 recipitis,
1671 5705 1935 5761 intendite
1961 5722 2085 5776 quae

497 5797 819 5854 sequuntur,
868 5793 993 5861 quia
1044 5792 1328 5863 plusquam
1366 5796 1599 5849 lnnnana
1634 5797 1912 5851 videntur.
1958 5796 2083 5851 Non

496 5880 806 5948 secundum,
824 5880 1015 5956 inquit,
1036 5886 1281 5942 visionem
1304 5887 1573 5942 oculorum
1592 5887 1881 5963 judicavit,
1916 5904 2083 5961 neque

2275 4742 2538 4799 luferiora
2596 4761 2715 4813 quae
2768 4756 3067 4815 sequuntur
3108 4747 3175 4802 de
3222 4747 3616 4802 contrariarum
3661 4744 3779 4799 sub-

2202 4837 2528 4893 stantiarum
2573 4839 3071 4896 eohahitationibus
3110 4850 3430 4905 attexerem,
3464 4841 3563 4895 nisi
3590 4854 3779 4907 super-

2202 4942 2498 4983 vacaneum
2521 4931 2873 4985 :cstimarem.
2904 4930 2960 4986 Si
2991 4932 3113 5001 quis
3144 4933 3288 4986 enim
3320 4930 3449 4986 velit
3482 4931 3532 4985 in
3558 4930 3662 4995 his,
3690 4929 3779 4982 ho-

2202 5034 2431 5089 rumque
2481 5022 2749 5077 similibus
2797 5022 3074 5078 Christum
3127 5022 3550 5093 pramuntiatum
3603 5020 3776 5073 amica

2204 5113 2415 5170 ratione
2465 5115 2741 5185 colligere,
2795 5115 2953 5172 facile
3011 5119 3211 5188 poterit
3254 5118 3344 5172 illa
3399 5132 3518 5186 qum
3559 5112 3777 5185 paciﬁee

2200 5208 2452 5261 convenit
2507 5208 2719 5263 diversa
2773 5208 2978 5275 videre,
3036 5209 3179 5278 quod
3217 5218 3390 5264 totum
3432 5217 3552 5264 est:
3586 5204 3777 5259 Omnes

2197 5313 2372 5372 gentes
2399 5320 2734 5373 quascunque
2759 5304 2927 5373 fecisti
2953 5305 3177 5369 venient,
3201 5313 3247 5357 et
3277 5303 3569 5357 adorabunt
3599 5310 3775 5352 coram

2196 5404 2265 5459 te,
2298 5395 2520 5450 Domine
2552 5394 2723 5467 (l’sal.
2752 5412 2952 5463 Lxxxv,
2996 5396 3071 5467 9).
3105 5396 3209 5450 Et:
3244 5393 3476 5466 Populus
3514 5407 3651 5465 1W"!
3676 5403 3777 5443 non

2198 5491 2413 5558 cognovi
2443 5489 2649 5545 servivit
2676 5490 2806 5543 mihi
2833 5486 3008 5560 (Psal.
3038 5505 3174 5554 xvn,
3200 5488 3312 5559 45).

2828 5647 3055 5707 CAPUT
3095 5647 3159 5705 V.

2702 5784 2838 5839 Item
2866 5785 2930 5839 de
2955 5784 3274 5854 virginitate.

2274 5888 2348 5946 De
2374 5888 2683 5964 virginitate
2729 5904 2859 5963 ergo
2900 5889 3076 5947 beata:
3123 5887 3309 5946 Mariie
3341 5887 3468 5963 quit
3490 5882 3769 5959 quaeritur,
