4038 6330
261 367 370 431 505

942 349 1190 429 TBAC’I‘.
1235 365 1858 428 DEINCARNATIONE‘
1903 368 2182 427 CONTRA
2218 368 2525 428 JUDAEOS.
2567 405 2634 415 --
2671 371 2802 430 LIB.
2834 373 2918 429 ιη.

3437 371 3543 436 506

260 508 390 546 cum
441 497 627 564 aperte
665 489 891 557 sciatur,
921 491 1046 560 quia
1077 490 1168 545 ubi
1200 487 1452 544 Christus
1484 485 1626 541 ﬁlius
1651 462 1849 558 delegit
1879 496 1924 552 Α
1955 487 2220 558 plurimos-
2267 489 2571 558 elanguisse
2611 499 2668 546 et
2707 501 2998 562 aegrotasse
3055 488 3274 562 legatis.
3319 491 3542 552 Asinam

260 587 442 653 nasci,
490 586 846 641 mundissima
885 601 948 640 ac
1001 583 1491 655 supercacellenter
1535 582 1718 636 debuit
1759 596 1851 652 ap-

263 681 474 751 parari.
509 678 666 734 Certe
687 687 874 734 uterus
900 679 1040 733 idem
1069 685 1214 732 tanto
1248 677 1349 731 fuit
1369 676 1624 730 mundior
1645 685 1852 744 quanto

260 771 677 842 impassibilior.
730 771 956 825 Multum
1007 771 1165 841 digna
1207 778 1290 825 est
1335 769 1641 840 virginitas,
1682 771 1849 824 etiam

269 881 399 934 quae
431 862 816 920 tentationibus
848 873 1190 935 perurgetur,
1222 863 1316 917 sed
1344 861 1500 933 longe
1537 860 1849 931 gloriosior,

258 957 312 1010 si
365 956 562 1011 evictis
606 971 669 1010 ac
714 955 908 1027 sopitis
955 955 1220 1010 universis
1257 955 1512 1019 motibus,
1553 953 1854 1024 primorum

257 1058 556 1117 parentum
590 1049 764 1120 primo
795 1050 958 1104 statui
1003 1057 1370 1119 comparetur.
1416 1046 1651 1102 Creditis
1693 1046 1853 1116 plane

259 1138 366 1194 Dei
401 1140 651 1211 spiritum
680 1149 897 1197 sanctos
927 1141 1196 1211 quondam
1241 1139 1578 1195 inhabitasse
1606 1138 1773 1204 viros,
1798 1144 1854 1194 et

257 1243 361 1285 eos
411 1247 517 1286 non
571 1233 731 1288 modo
779 1233 846 1287 ad
897 1233 1034 1287 bene
1077 1233 1392 1297 vivendum,
1448 1245 1636 1286 verum
1688 1230 1854 1284 etiam

258 1327 333 1382 ad
359 1328 790 1398 prophetandum
821 1328 1016 1398 szepius
1049 1327 1341 1383 animasse.
1374 1326 1424 1381 Is
1453 1340 1688 1396 quoque,
1724 1325 1852 1396 quia

257 1419 414 1477 Deus
459 1430 543 1477 est
573 1463 588 1488 ,
643 1422 759 1492 lege
818 1422 1040 1477 minime
1086 1422 1484 1492 stringebatur,
1537 1420 1666 1490 quin
1719 1437 1858 1492 quos

262 1513 439 1570 vellet
482 1515 646 1570 etiam
700 1514 868 1570 malos
910 1515 1193 1578 imbueret,
1225 1523 1279 1568 et
1303 1514 1584 1584 prophetia
1613 1524 1855 1570 acueret.

262 1607 328 1662 Si
376 1609 523 1662 enim
570 1608 811 1673 Saulem,
864 1624 1023 1678 quem
1066 1608 1269 1662 dudum
1303 1609 1531 1679 spiritus
1570 1610 1858 1680 pravitatis

255 1701 580 1768 obsederat,
625 1711 681 1756 et
721 1702 1055 1772 apparitores
1099 1701 1339 1772 ejusiqui
1377 1701 1445 1755 ad
1481 1703 1858 1759 trucidandum

257 1793 440 1849 David
482 1806 764 1860 venerant,
811 1811 1001 1850 eversa
1051 1796 1220 1866 priori
1267 1797 1542 1863 vecordia,
1577 1797 1719 1856 idem
1749 1797 1860 1867 spi-

1958 597 2111 647 vero,
2138 581 2326 652 angelo
2363 582 2462 637 sibi
2508 585 2948 654 conspicabiliter
3001 595 3320 655 apparente,
3366 604 3432 642 ne
3474 591 3542 644 ad

1959 673 2233 728 modicum
2259 673 2477 744 quidem
2505 675 2842 732 claudicasse
2879 677 3161 732 noveritis.
3216 679 3296 734 An
3329 681 3546 751 dignior

1959 767 2112 822 asina
2146 783 2306 836 quam
2335 769 2650 838 propheta?
2682 769 2765 824 An
2798 770 3016 826 brutum
3059 771 3262 826 animal
3302 775 3547 832 sanctius

1959 860 2065 917 illis
2103 862 2330 929 sanctis,
2363 863 2451 931 qui
2485 861 2562 916 nil
2594 862 2698 917 tale
2739 861 2944 930 videre,
2985 865 3332 922 hominibus?
3370 861 3546 924 Taceo

1959 955 2085 1024 quia
2120 952 2298 1008 locuta
2349 963 2454 1020 est,
2503 955 2646 1025 quod
2697 965 2895 1010 natura
2925 972 3032 1012 non
3064 967 3170 1023 est,
3203 958 3330 1013 illud
3362 959 3540 1015 dicam

1959 1046 2101 1117 quod
2165 1047 2312 1101 omni
2375 1045 2676 1101 irrationali
2735 1057 3003 1102 creatura:
3062 1064 3150 1103 res
3200 1048 3542 1104 intellectua-

1959 1140 2073 1208 les,
2120 1127 2181 1197 et
2231 1141 2506 1214 angelicas
2553 1155 2849 1212 agnoscere
2897 1139 3067 1196 multo
3122 1142 3293 1211 magis
3354 1149 3545 1197 natura

1961 1254 2066 1293 ΠΟΠ
2095 1253 2199 1293 CSI.
2301 1289 2316 1296 _
3517 1294 3536 1312 ο

2036 1333 2318 1406 Desistit‘e,
2375 1332 2709 1402 pertinaces,
2762 1331 3070 1388 verbositas
3121 1337 3300 1385 vestra
3358 1337 3546 1394 vacet,

1963 1427 2091 1498 quia
2155 1427 2296 1481 ratio
2357 1435 2464 1481 tota
2521 1424 2688 1494 jacet.
2744 1426 2847 1492 Qui
2905 1423 3064 1479 furtis
3119 1431 3214 1477 aut
3269 1419 3552 1483 fenoribus

1963 1521 2126 1577 corda
2174 1521 2531 1587 convolvitis,
2587 1535 2779 1575 causas
2831 1519 2923 1574 Dei
2978 1526 3444 1574 sacramentorum
3498 1526 3554 1569 ct

1963 1625 2304 1672 sacramenta
2369 1629 2662 1670 causarum
2730 1611 3002 1684 quomodo
3065 1609 3406 1682 pervidetis?
3467 1609 3548 1661 An

1966 1707 2236 1762 tantillum
2271 1705 2400 1760 illud
2431 1705 2652 1760 humani
2685 1705 2932 1770 seminis,
2982 1704 3074 1759 Dei
3115 1701 3546 1772 omnipotentiae,

1969 1812 2062 1857 aut
2117 1801 2386 1856 voluntati
2429 1800 2844 1871 praeponderat,
2893 1807 2954 1854 ut
2998 1799 3101 1855 nisi
3149 1797 3277 1853 illud
3327 1805 3550 1866 praecat,

258 1889 410 1944 l‘illlS
467 1889 806 1954 immlll-Wil.
867 1898 925 1942 ιιι
976 1890 1215 1958 Perﬁdus
1264 1904 1358 1945 rex
1405 1906 1528 1945 cum
1579 1890 1859 1960 pl‘OpllﬂiS
1893 1899 1936 1954 Β
1965 1897 2100 1951 nihil
2153 1897 2294 1952 Deus
2337 1894 2548 1951 eﬂicere
2586 1903 2769 1964 queat,
2801 1909 2866 1948 ac
2893 1894 2936 1948 si
2964 1901 3157 1948 auctor
3191 1899 3422 1954 naturaz,
3456 1904 3551 1943 na-

259 1983 450 2038 nudus
495 1983 727 2039 interdiu
777 1991 834 2037 et
877 1992 1038 2038 nocte
1085 1983 1448 2053 przecineret;
1502 1984 1633 2054 quid
1666 1993 1858 2039 contra

262 2081 524 2128 naturam
569 2072 773 2128 factum
815 2088 981 2142 super
1015 2083 1280 2144 conceptu
1315 2073 1552 2142 Virginis
1577 2073 1860 2142 disputare

260 2165 558 2222 molimini.
589 2165 728 2232 Quid
762 2167 934 2238 magis
959 2175 1152 2222 contra
1181 2178 1452 2234 naturam,
1479 2182 1644 2237 quam
1674 2178 1864 2222 aucto-

263 2275 388 2315 rem
413 2259 583 2315 Deum
611 2259 888 2316 munditiae
913 2260 1148 2316 sordidis
1173 2260 1316 2317 illabi
1340 2263 1673 2332 pectoribus.
1699 2261 1863 2319 Certe

261 2352 471 2408 multos
514 2352 567 2407 in
608 2360 793 2407 vestra
841 2360 1114 2408 vetustate
1157 2353 1305 2408 viros
1335 2363 1554 2409 sanctos
1601 2353 1862 2410 habuisse

260 2462 367 2503 vos
398 2447 568 2514 scitis,
599 2448 799 2518 quibus
838 2446 1061 2519 angelos
1103 2463 1378 2516 nunquam
1423 2449 1736 2519 apparuisse
1782 2447 1860 2501 lc-

263 2539 449 2608 gistis,
499 2555 620 2595 cum
667 2538 940 2595 Danielem
978 2539 1126 2595 omni
1168 2541 1326 2594 modo
1357 2539 1602 2594 caelibatu
1651 2539 1863 2609 dignis-

267 2631 472 2689 simum
519 2649 586 2688 cx
629 2631 876 2699 visione,
930 2631 984 2686 ni
1034 2629 1212 2696 fallor,
1261 2629 1550 2698 Gabrielis,
1599 2647 1698 2702 per
1744 2630 1864 2685 dies

1967 1997 2104 2042 tura:
2163 1986 2506 2042 adminiculis
2550 1987 2747 2056 egeat?
2799 1984 3024 2039 Frustra
3084 1983 3134 2037 in
3196 1979 3554 2036 obstinaciam

1967 2090 2208 2134 vestram
2261 2078 2424 2143 nitor,
2478 2080 2604 2147 quia
2649 2076 2749 2131 nisi
2792 2075 2937 2130 hunc
2981 2071 3346 2134 credideritis,
3394 2085 3554 2139 quem

1970 2173 2243 2228 credimus
2268 2171 2572 2235 Christum,
2606 2178 2898 2225 tractatum
2933 2175 3119 2222 contra
3154 2180 3252 2220 nos
3279 2175 3557 2232 nunquam

1971 2266 2222 2321 omittere
2253 2264 2504 2332 poteritis
2534 2263 2718 2324 istum,
2755 2275 2854 2316 nec
2887 2261 2953 2314 de
2984 2267 3156 2312 matre
3188 2257 3325 2312 bene
3353 2253 3558 2310 sentie-

1976 2360 2068 2425 tis,
2095 2359 2186 2429 qni
2218 2357 2417 2413 Filium
2447 2356 2774 2428 exhorretis.
2814 2354 3200 2410 Verumtamen
3230 2349 3372 2422 quod
3410 2346 3559 2402 vobis

1975 2467 2086 2507 non
2125 2449 2394 2521 proderit,
2433 2447 2679 2503 ﬁdelibus
2713 2446 2881 2503 scisse
2913 2459 3018 2500 non
3045 2442 3244 2499 oberit.
3280 2437 3399 2496 Jam
3429 2449 3561 2510 ergo

1974 2547 2042 2602 ad
2076 2545 2182 2602 alia
2207 2554 2568 2601 transeamus.

273 2753 3542 2808 W—Mﬂu—I—

1464 2933 1824 3022 LIBER
1899 2925 2460 3018 TERTIUS.

789 3287 1016 3343 CAPUT
1057 3280 1352 3342 PRIMUM.

356 3375 430 3436 De
454 3381 685 3434 humana
715 3395 766 3432 ιη
790 3379 943 3433 terris
966 3377 1161 3433 Christi
1190 3386 1605 3432 conversatione.
1632 3407 1699 3417 —-
1726 3373 1868 3444 Quid

277 3474 348 3531 de
379 3474 594 3530 Domini
632 3473 758 3529 Jesu
798 3472 1003 3528 Christi
1046 3471 1255 3526 diutina
1290 3471 1432 3526 inter
1466 3470 1715 3524 homines
1743 3485 1871 3524 con-

273 3569 594 3626 Versatione
646 3566 964 3638 loquimini,
1021 3565 1111 3634 qui
1167 3564 1335 3619 Deum
1402 3563 1573 3634 ipsum
1629 3572 1866 3618 vestrum

274 3659 642 3730 quadraginta
687 3657 968 3712 vobiscum
997 3655 1156 3710 annis
1184 3655 1459 3709 habitasse
1495 3654 1776 3708 fatemini?
1811 3653 1869 3708 in

273 3751 453 3806 David
489 3750 647 3821 plane
677 3749 870 3821 legitur
893 3768 905 3802 :
927 3748 1295 3819 Quadraginta
1321 3748 1473 3802 armis
1496 3749 1766 3816 proximus
1790 3745 1871 3816 fui

274 3843 604 3915 generatioui
643 3841 723 3895 illi
759 3839 933 3913 (Psal.
961 3857 1040 3907 l.\’,
1091 3839 1201 3910 10).
1243 3839 1309 3894 Et
1343 3839 1398 3894 in
1439 3839 1578 3896 libro
1620 3840 1869 3911 Regum:

274 3933 652 4002 Amlmlabam,
701 3933 894 4003 inquit,
941 3935 994 3987 in
1031 3932 1396 3999 tabernaculo,
1449 3944 1496 3987 et
1546 3933 1600 3986 in
1649 3933 1872 3987 tentorio

275 4044 371 4096 per
415 4037 603 4082 cuncta
649 4026 800 4092 loca,
841 4044 957 4098 qua:
1006 4027 1254 4089 transivi,
1305 4043 1423 4079 cum
1465 4026 1706 4079 omnibus
1750 4025 1875 4094 ﬁliis

283 4121 462 4175 Israel
499 4119 588 4188 (II
629 4118 757 4190 Reg.
789 4135 885 4186 vn,
919 4120 993 4190 6).
1039 4117 1095 4173 ln
1147 4117 1564 4174 Deuteronomio
1615 4131 1874 4190 quoque:

283 4212 544 4280 Habebis,
577 4213 772 4283 inquit,
811 4213 982 4268 lacuna
1024 4224 1171 4268 catra
1208 4223 1384 4268 castra
1424 4214 1492 4267 ad
1532 4230 1682 4285 quem
1728 4229 1877 4284 egre-

281 4307 450 4361 diaris
472 4305 543 4360 ad
571 4308 820 4378 requisita
845 4318 1072 4382 uatum,
1104 4324 1286 4378 gerens
1314 4305 1577 4379 paxillum
1601 4307 1653 4360 in
1681 4306 1875 4376 balteo.

281 4398 520 4472 Cumque
549 4400 764 4466 sederis,
796 4401 962 4470 fodies
989 4417 1078 4471 per
1107 4403 1410 4467 circuitum,
1436 4412 1484 4456 et
1508 4412 1681 4472 egesta
1710 4403 1874 4454 Immo

277 4491 426 4562 fossa
455 4492 678 4562 operias,
700 4508 801 4562 quo
828 4491 1082 4546 relevatus
1118 4510 1193 4557 es,
1245 4493 1504 4547 Dominus
1553 4494 1692 4546 enim
1741 4491 1880 4544 Deus

1902 3244 1944 3302 C
1978 3277 2145 3351 269
2172 3275 2363 3332 subitis
2395 3275 2818 3345 circumquaque
2870 3271 3196 3328 movebatur
3225 3267 3565 3341 occursibus,

1971 3382 2065 3426 aut
2096 3371 2317 3425 minime
2347 3370 2448 3424 ista
2476 3369 2714 3434 videbat,
2735 3377 2828 3422 aut
2857 3365 3146 3438 spurcitias
3167 3365 3397 3420 marium
3423 3377 3570 3436 aegre

1973 3464 2204 3528 ferebat,
2233 3463 2482 3518 femineis
2507 3477 2569 3516 ac
2597 3459 2934 3516 infantilibus
2968 3457 3278 3514 nullatenus
3305 3457 3571 3529 gravaba-

1976 3567 2084 3614 tur.
2113 3556 2276 3624 Quid,
2302 3555 2447 3626 quod
2475 3552 2683 3625 peculia
2720 3552 2859 3632 inihi.
2877 3567 2940 3608 ac
2971 3559 3216 3606 armenta
3246 3548 3573 3605 manebant?

1975 3650 2156 3718 Quare
2191 3664 2296 3704 non
2350 3649 2619 3702 bonorum
2664 3652 2950 3714 parentum
2999 3649 3304 3696 vestrorum
3334 3638 3464 3708 vigil
3487 3653 3574 3692 so-

1976 3743 2154 3808 lertia,
2212 3749 2336 3812 post
2389 3738 2612 3809 vestigia
2663 3751 2885 3808 gregum
2926 3733 3182 3790 cadentes
3231 3747 3261 3786 a
3291 3729 3575 3802 podicibus

1979 3849 2289 3906 caprarum,
2323 3843 2376 3885 et
2403 3831 2584 3886 ovium
2634 3827 2829 3900 pilulas
2853 3823 3161 3896 colligebat,
3200 3831 3254 3876 et
3284 3819 3490 3890 spuria,
3519 3828 3577 3872 ut

1979 3927 2054 3981 ita
2107 3926 2306 3987 dicam,
2365 3921 2684 3977 vitulamina
2737 3917 2987 3988 sepulcro
3025 3912 3310 3976 condebat,
3351 3926 3417 3966 ne
3447 3910 3577 3965 dum

1980 4019 2124 4076 Deus
2152 4019 2416 4073 oberrans
2447 4016 2568 4079 iret,
2603 4013 2727 4068 limo
2759 4026 2938 4067 vaccae
2975 4009 3146 4079 pluris
3181 4006 3339 4078 pretii
3364 4005 3578 4060 calceos

1983 4108 2300 4166 macularet.
2329 4105 2579 4161 Profecto
2605 4112 2660 4159 et
2691 4103 2747 4158 in
2783 4101 3130 4172 crepitaculis
3155 4097 3579 4154 incontinentiae

1985 4201 2188 4257 scimus
2219 4198 2581 4264 infantum,et
2607 4202 2832 4261 matres,
2865 4201 2960 4248 aut
2990 4189 3248 4247 asseculae
3274 4184 3582 4258 huiusmodi

1985 4293 2246 4348 cluebaut
2297 4291 2527 4345 illuvies.
2553 4289 2685 4356 Quis
2732 4287 2916 4343 dicere
2946 4285 3146 4356 poterit
3172 4281 3387 4352 quoties
3415 4278 3578 4343 ostio,

1987 4386 2079 4442 ubi
2121 4383 2236 4441 lucc
2288 4383 2502 4449 fierent,
2535 4380 2678 4436 Deus
2710 4380 2933 4434 minime
2972 4378 3196 4432 feriatus
3239 4372 3429 4428 astitit.
3472 4369 3582 4424 Illa:

1987 4477 2150 4531 etiam
2203 4475 2341 4541 lues,
2403 4489 2523 4544 qua:
2560 4472 2614 4526 in
2659 4469 3031 4543 penetralibus
3086 4463 3458 4522 cubiculorum
3497 4461 3583 4532 agi

280 4558 403 4638 tuus
437 4558 674 4637 ambulat
702 4558 754 4638 in
779 4583 949 4637 medio
980 4595 1297 4649 castrorum,
1333 4596 1386 4639 ut
1420 4595 1568 4639 eruat
1595 4594 1664 4646 te,
1697 4592 1751 4637 ut
1777 4583 1880 4636 siut
1913 4605 1962 4669 D
1989 4570 2187 4632 5013'".
2231 4568 2473 4638 ηιιιιίιιιίά
2509 4565 2624 4620 miri
2673 4566 2806 4669 Del:
2837 4558 3580 4669 είτευηηξυηίξδ,ἀθείίίθνίξηδ

281 4688 460 4732 castra
487 4688 580 4731 tua
611 4677 831 4743 munda,
870 4688 917 4731 et
951 4678 1080 4732 nihil
1123 4680 1176 4732 in
1219 4681 1294 4734 eis
1337 4687 1588 4749 appareat
1631 4676 1882 4746 [mditatis

284 4768 468 4841 (Deut.
507 4785 668 4834 xxtn,
714 4768 932 4837 12-14).
970 4770 1072 4838 Qui
1116 4785 1248 4843 ergo
1287 4770 1472 4825 tandiu
1519 4769 1688 4824 Deum
1742 4769 1885 4822 inter

281 4874 379 4916 vos
404 4859 685 4915 habitasse
714 4859 962 4930 jactatis,
990 4869 1254 4916 ut-castra
1282 4871 1464 4917 vestra
1491 4870 1732 4931 regeret,
1761 4875 1888 4915 vos-

283 4967 392 5022 que
427 4950 498 5005 de
539 4959 684 5006 terra
735 4952 787 5006 in
831 4957 1040 5008 terram
1080 4953 1327 5019 duceret,
1379 4951 1888 5016 absurdumvobis

283 5045 435 5100 unde
486 5043 759 5100 videbitur
808 5047 978 5102 Deum
1023 5045 1116 5100 Dei
1163 5045 1397 5110 Filium,
1443 5055 1506 5100 ut
1549 5054 1736 5117 gentes
1791 5044 1887 5100 Dei

286 5138 506 5194 notitiae
547 5148 847 5209 repararet,
890 5148 947 5194 et
983 5154 1080 5192 vos
1120 5138 1187 5193 ad
1230 5137 1599 5206 spiritualiora
1643 5145 1886 5204 vocaret,

289 5227 656 5286 humanitatis
720 5240 774 5284 et
823 5229 1167 5286 contubernii
1225 5229 1531 5284 communis
1597 5228 1890 5300 pertulisse

290 5324 612 5381 fastidium?

366 5416 525 5486 Quod
581 5417 628 5472 si
679 5418 894 5473 sordem
945 5417 1369 5473 cohabitationis
1421 5416 1692 5488 objicitis,
1760 5416 1890 5487 quia

295 5513 573 5585 quondam
607 5511 760 5584 palos
793 5512 847 5568 in
882 5512 1076 5569 balteis
1112 5513 1396 5577 ferebatis,
1411 5520 1483 5568 -et
1508 5520 1697 5582 egesta
1722 5511 1892 5566 humo

295 5603 443 5661 fossa
473 5603 759 5674 tegebatis,
785 5612 846 5658 ut
868 5614 1048 5660 castra
1076 5603 1246 5660 nitida
1277 5604 1385 5660 Deo
1407 5602 1704 5660 ambulanti
1733 5617 1894 5670 para-

301 5699 455 5762 retis,
511 5705 662 5752 certe
705 5697 912 5768 parvuli
956 5699 1149 5765 vestri,
1186 5709 1240 5752 et
1279 5697 1533 5769 coniuges
1588 5711 1617 5750 a
1643 5695 1890 5766 palorum

306 5789 714 5846 circumlatione
777 5791 1074 5858 vacabant,
1123 5806 1224 5846 nec
1273 5791 1452 5846 minus
1509 5802 1692 5844 tamen
1740 5785 1892 5840 alvos

307 5881 478 5944 uriuis
521 5881 963 5956 stcrcoribusque
1021 5881 1298 5941 levabant.
1349 5883 1492 5942 Deus
1540 5881 1755 5958 itaque,
1798 5879 1892 5955 qui

1991 4661 2286 4718 Miserrimi
2319 4661 2624 4724 hominum,
2649 4658 2742 4728 qui
2767 4656 2957 4719 Deum,
2985 4655 3076 4726 qui
3111 4653 3334 4725 spiritus
3354 4659 3460 4716 est,
3485 4649 3585 4703 hos

1991 4771 2288 4826 corporum
2325 4751 2612 4808 mstimatis
2658 4751 2876 4806 haurire
2905 4747 3159 4820 putores!
3193 4744 3460 4800 hlirumne
3489 4737 3591 4792 fuit

1991 4847 2040 4902 si
2081 4845 2256 4900 Filius
2286 4845 2428 4900 Deus
2454 4853 2774 4913 corporatus
2801 4841 2901 4896 ista
2935 4837 3210 4903 sustinuit,
3237 4851 3356 4906 quae
3389 4847 3484 4886 vos
3508 4829 3590 4883 in-

1995 4953 2319 5008 corporeum
2354 4937 2522 4991 Deum
2573 4949 2919 5005 nequaquam
2978 4948 3074 5002 per
3105 4925 3461 5000 quadraginta
3495 4936 3589 4974 ana

1994 5049 2098 5090 nos
2151 5033 2292 5103 apud
2331 5047 2425 5086 vos
2482 5029 2744 5085 tolerasse
2795 5019 3223 5097 negotia?Nihil
3283 5029 3411 5071 sane
3450 5010 3593 5066 Deus

1997 5128 2163 5185 homo
2194 5126 2414 5198 gravius
2463 5116 2790 5192 tulitquam
2848 5118 2990 5173 Dens
3020 5124 3202 5169 vester
3249 5114 3427 5162 vestra
3467 5114 3594 5198 tunc

2000 5222 2440 5278 utttrmuratione
2490 5215 2771 5272 sustinuit.
2820 5213 2940 5284 Ipse
2969 5223 3159 5264 revera
3181 5218 3277 5260 vos
3307 5199 3382 5254 uti
3411 5192 3594 5268 aquila

2000 5317 2178 5389 pullos
2225 5331 2350 5371 suos
2393 5312 2630 5385 portavit
2679 5311 2731 5364 in
2785 5305 3049 5367 humeris,
3087 5314 3224 5370 quos
3278 5290 3596 5392 victualige

2003 5384 2317 5466 coelestibus
2375 5384 2562 5468 missa,
2615 5397 2984 5466 miraculoque
3033 5389 3355 5463 frequentia,
3402 5394 3456 5440 et
3499 5384 3596 5438 Dei

1999 5501 2305 5572 legationes
2381 5494 2646 5559 assidam,
2703 5497 2756 5546 et
2802 5486 3104 5543 futurorum
3159 5469 3598 5572 denuntiatio-nes

2001 5565 2270 5650 bonorum
2317 5605 2346 5644 a
2379 5586 2599 5658 querela
2628 5581 2883 5639 cohibere
2906 5593 3012 5633 non
3060 5579 3328 5647 poterant.
3359 5565 3597 5624 Facilius

2005 5687 2208 5742 scimus
2239 5685 2350 5739 Deo
2384 5690 2572 5737 nostro
2625 5693 2776 5734 suam
2808 5683 3053 5745 portasse
3095 5679 3337 5726 carnem,
3364 5660 3470 5714 imo
3502 5671 3599 5728 po-

2011 5781 2117 5836 tius
2168 5793 2408 5842 crucem,
2443 5789 2608 5847 quam
2662 5771 2734 5827 illi
2775 5777 2955 5824 vestro
2997 5771 3231 5817 vestram
3272 5748 3602 5846 inquietudi-

2009 5889 2153 5948 pem.
2187 5870 2320 5928 Cum
2347 5870 2493 5925 enim
2520 5867 2796 5926 occideret
2822 5877 2943 5926 vos,
2975 5850 3300 5930 quaerebatis
3325 5860 3445 5901 eum
3467 5860 3481 5912 ;
3506 5853 3606 5901 ore
