3998 6326
463 290 568 359 5οἺ
1283 295 1350 354 γ.
1391 292 1722 357 GUIBEBTI
1756 291 2050 361 ABBATIS
2088 290 2148 349 Β.
2188 287 2435 353 MANE
2470 287 2561 351 DE
2597 285 3001 348 NOVIGENTO
3634 270 3745 341 593

464 429 588 468 enim
638 414 945 487 diligentes,
995 412 1159 471 corde
1186 412 1422 471 mentiti.
1455 412 1575 470 iam
1601 428 1735 486 ergo
1783 412 1965 485 aliqua
1984 412 2054 471 de
2079 412 2129 470 Α
2153 407 2333 467 tollis?
2377 407 2438 464 Si
2469 415 2525 467 tu
2574 423 2629 463 es
2676 406 2938 473 Christus,
2972 404 3058 460 dic
3085 401 3231 459 nobis
3258 399 3438 475 palam
3470 396 3653 471 (Joan.
3685 405 3744 465 ι,

461 500 580 573 eius
607 504 860 575 passione
886 503 1234 576 attingamus.

1122 592 1349 652 CAPUT
1383 593 1446 650 Il.

962 687 1037 743 De
1064 684 1260 743 Christi
1285 669 1551 758 passione.

496 776 887 851 'Iugloriosus,
935 780 1012 835 ait
1048 779 1236 848 Isaias,
1288 789 1527 849 aspectus
1577 777 1692 850 ejus
1733 777 1871 833 inter
1889 777 2046 843 viros,

460 876 509 923 et
556 867 727 938 forma
775 868 889 940 ejus
933 869 1073 926 inter
1092 870 1232 940 ﬁlios
1269 870 1539 926 hominum
1599 867 1735 941 (Isa.
1778 867 1895 935 ἰιι,
1936 868 2047 938 14).

461 962 724 1033 Aspectus
772 970 828 1018 et
857 961 1053 1033 forma,
1080 979 1184 1035 qua
1237 966 1514 1035 speciosus
1550 971 1633 1019 est
1661 978 1772 1034 prae
1800 962 1927 1020 ﬁliis
1952 963 2053 1019 ho-

459 1054 690 1120 tninum,
748 1055 926 1112 adhuc
975 1058 1346 1114 contemnitur
1388 1073 1417 1112 a
1457 1056 1678 1121 Judzcis,
1705 1057 1832 1111 dum
1884 1070 2052 1129 opera

459 1143 641 1199 divina
672 1157 1014 1215 premuntur,
1069 1159 1123 1205 et
1175 1151 1356 1206 carnis
1383 1151 1713 1216 communio,
1746 1150 2052 1225 mortisque

459 1239 802 1310 proponitur.
856 1241 962 1298 lste
988 1244 1230 1316 aspergit
1275 1243 1475 1299 multas
1500 1253 1687 1315 gentes
1719 1243 1910 1318 (Ibid,
1938 1242 2048 1314 15).

462 1328 620 1386 Unde
670 1344 942 1407 asperget,
979 1335 1063 1391 vel
1119 1335 1287 1407 quid?
1331 1336 1576 1409 Hyssopo
1614 1337 1774 1408 plane
1817 1337 1931 1405 illo,
1957 1337 2050 1409 qui

462 1424 712 1480 nascitur
742 1426 796 1482 in
852 1427 1082 1497 pariete,
1115 1444 1222 1500 quo
1278 1430 1448 1486 David
1496 1432 1707 1503 aspergi
1739 1447 1798 1488 se
1826 1431 1965 1498 vult,
1996 1441 2053 1487 et

463 1517 856 1586 mundabitur,
900 1534 1008 1591 quo
1059 1520 1258 1591 leprosi
1316 1523 1744 1595 aspergebantur
1795 1523 1847 1578 in
1910 1522 2046 1595 lege.

460 1608 726 1681 Asperget
747 1626 880 1667 vero
901 1615 1218 1687 sanguinem
1238 1657 1253 1682 ,
1284 1616 1381 1672 sed
1404 1632 1562 1673 suum
1594 1615 1781 1689 (Levit.
1806 1634 1921 1686 xrv,
1944 1618 1998 1687 7)
2034 1637 2047 1673 :

460 1699 680 1769 multas,
709 1703 905 1776 inquit,
936 1715 1147 1777 gentes,
1196 1724 1303 1765 non
1332 1725 1544 1777 omnes,
1591 1711 1742 1766 novit
1769 1711 1914 1766 enim
1952 1711 2054 1766 Do-

458 1791 641 1849 minus
673 1797 764 1867 qui
787 1808 918 1854 sunt
942 1799 1078 1871 ejus.
1113 1800 1285 1874 Super
1326 1804 1497 1874 ipsum
1521 1803 1854 1858 continebunt
1878 1814 2052 1875 gentes

461 1882 583 1957 [al.,
613 1887 779 1961 reges]
828 1905 1061 1946 ossuum
1100 1892 1238 1964 (Isa.
1280 1894 1520 1966 ιιι,15).
1570 1894 1761 1949 Nullus
1819 1911 2053 1967 namque

461 1987 653 2031 eorum
670 1975 798 2033 licet
819 1980 1314 2052 sanctissimorum,
1347 1984 1533 2056 qui-ad
1560 1984 1830 2056 integrum
1862 1993 2054 2057 regunt

461 2066 691 2138 seipsos,
743 2071 1167 2141 dispensationis
1199 2075 1317 2145 ejus
1372 2079 1631 2150 mysteria
1670 2086 1938 2134 temerare
1959 2096 2055 2135 au-

461 2175 555 2215 sus
579 2171 694 2229 est;
737 2164 937 2234 quibus
968 2182 1075 2223 non
1107 2178 1191 2223 est
1236 2179 1514 2225 narratum
1560 2172 1627 2227 de
1661 2187 1749 2240 eo,
1780 2175 2051 2230 viderunt.

460 2251 571 2309 Nos
618 2270 805 2312 sumus
855 2258 948 2328 qui
1009 2261 1279 2328 videmus,
1340 2263 1467 2334 quia
1514 2265 1567 2319 in
1605 2280 1726 2321 eum
1761 2266 2052 2336 credimus,

459 2345 588 2404 licet
629 2351 917 2423 aliquoties
965 2354 1139 2424 ipsius
1179 2357 1303 2413 ﬁdei
1357 2359 1575 2430 plenam
1644 2359 2053 2429 intelligentiam

462 2455 568 2496 non
604 2443 924 2508 habeamus,
957 2444 1181 2504 Patrum
1210 2458 1393 2505 tamen
1445 2451 1602 2507 ﬁdem
1636 2451 1905 2507 tenaciter
1931 2466 2057 2523 pro-

463 2534 765 2602 sequimur,
800 2545 854 2592 et
879 2539 1035 2608 quasi
1068 2539 1187 2597 sine
1213 2541 1569 2610 przedicatore
1619 2541 2052 2612 complectimur.

466 2625 533 2679 Et
559 2626 652 2695 qui
678 2642 781 2682 non
808 2630 1110 2696 audierant,
1151 2634 1498 2705 contemplati
1540 2644 1687 2700 sunt,
1718 2644 1844 2690 ante
1870 2634 2057 2690 oculos

464 2715 609 2769 enim
658 2718 859 2773 mentis
883 2730 1091 2777 nostrae
1117 2723 1457 2780 credulitatis
1479 2740 1669 2781 amore
1702 2726 2057 2796 praescriptus

462 2811 566 2871 est,
598 2820 759 2875 quem
804 2810 904 2865 etsi
945 2826 1083 2881 pene
1109 2813 1289 2869 nullus
1328 2817 1640 2883 annuntiat,
1670 2817 1845 2886 pietas
1874 2826 2052 2871 tamen

465 2893 701 2965 allectat,
732 2899 817 2955 vel
863 2902 965 2959 hoc
997 2912 1168 2961 totum
1201 2916 1288 2963 est
1321 2926 1335 2961 :
1364 2908 1524 2963 Multi
1549 2925 1693 2980 reges
1721 2919 1769 2966 et
1788 2911 2056 2980 praplreue

464 2986 737 3045 voluerunt
767 2993 939 3049 videre
988 3012 1107 3066 qua:
1146 3015 1234 3053 vos
1278 3000 1484 3068 videtis,
1513 3010 1561 3055 et
1587 3012 1689 3056 non
1714 3001 1978 3067 viderunt,
2008 3011 2057 3056 et

2152 499 2268 571 24).
2319 499 2438 556 Non
2468 502 2846 575 reputabatur,
2868 515 2993 557 cum
3022 506 3245 555 vorator
3278 505 3333 553 et
3357 494 3584 558 bibitor,
3635 492 3746 548 da!-

2153 594 2551 667 moniacusque
2575 602 2886 661 vocaretur,
2920 601 3015 650 aut
3043 593 3101 649 in
3127 606 3291 649 cruce
3315 589 3608 645 rideretur.
3635 584 3746 640 Pu»

2152 686 2403 751 lavimus,
2451 684 2645 757 inquit,
2669 702 2787 740 cum
2811 684 2964 756 quasi
3007 682 3291 757 leprosum,
3312 688 3359 734 et
3381 691 3681 749 percussum
3709 693 3740 733 ι

2152 776 2283 845 Deo,
2313 788 2360 834 et
2381 778 2716 837 humiliatum
2742 777 2878 852 (Isa.
2937 793 3057 844 Lm,
3077 776 3159 849 4),
3196 782 3251 831 et
3276 772 3589 831 Iudteorum
3615 784 3742 825 voce

2154 884 2186 925 a
2221 868 2336 925 Deo
2366 886 2471 926 non
2510 884 2655 937 esse,
2690 879 2743 926 et
2781 879 3036 940 peccator
3086 883 3231 936 esse,
3264 864 3394 939 quia
3449 862 3743 918 Sabbatum

2155 974 2265 1015 non
2304 961 2685 1030 custodierat,
2741 961 3099 1027 clamabatur,
3156 968 3211 1016 et
3258 972 3359 1030 pro
3412 952 3742 1025 arrogantia,

2155 1055 2281 1129 quia
2310 1053 2402 1110 Dei
2431 1054 2629 1110 Filium
2656 1068 2714 1111 se
2734 1055 2967 1120 dixerat,
2998 1069 3287 1129 percussus
3313 1072 3326 1108 :
3360 1050 3486 1122 Ipse
3510 1046 3746 1103 uulnera-

2154 1156 2239 1204 tus
2264 1157 2340 1203 est
2385 1158 2597 1220 propter
2619 1150 2920 1220 iniquitates
2948 1156 3178 1216 nostras,
3208 1156 3258 1204 et
3303 1145 3521 1203 attritus
3543 1151 3747 1213 propter

2155 1239 2352 1294 scelera
2401 1250 2599 1295 nostra.
2648 1236 2776 1294 Vere
2820 1238 3098 1312 languores
3147 1250 3350 1294 nostros
3385 1236 3499 1306 ipse
3526 1233 3666 1298 tulit,
3699 1243 3744 1317 et

2157 1329 2361 1388 dolores
2392 1342 2597 1388 nostros
2624 1333 2734 1404 ipse
2766 1334 3012 1403 portavit.
3047 1331 3340 1400 Disciplina
3374 1329 3523 1402 pacis
3558 1337 3745 1385 nostra

2155 1441 2313 1497 super
2348 1443 2466 1482 eum
2518 1425 2711 1497 (Ibid,
2744 1424 2798 1491 4,
2830 1424 2906 1498 5).
2956 1425 3076 1498 Ipse
3119 1426 3263 1481 enim
3315 1424 3502 1481 docuit
3527 1431 3581 1476 et
3626 1420 3747 1479 fecit

2157 1518 2376 1573 modum
2427 1517 2891 1575 reconciliationis
2944 1517 3009 1572 ad
3075 1517 3266 1573 Deum.
3322 1514 3395 1570 Et
3445 1513 3612 1569 livore
3636 1513 3745 1583 ejus

2156 1612 2331 1666 sanati
2360 1628 2542 1668 sumus
2567 1611 2754 1683 (Ibid.,
2786 1610 2865 1684 5).

2228 1700 2369 1768 Quid
2415 1718 2736 1775 prosequor,
2791 1703 2860 1759 de
2910 1702 3106 1760 alienis
3154 1716 3274 1758 mea
3322 1700 3509 1757 verbis
3550 1699 3745 1755 interii.

2084 1773 2131 1834 Β
2160 1793 2341 1851 ciens?
2374 1795 2474 1851 Cui
2538 1773 2791 1863 ascribis,
2822 1796 3030 1862 Iudaee,
3062 1812 3184 1868 qua:
3216 1795 3455 1868 praetuli,
3500 1793 3663 1867 27o
3694 1803 3745 1852 et

2157 1901 2278 1958 qua:
2304 1888 2747 1959 subsequuntur?
2767 1889 2890 1963 quis
2917 1898 3003 1945 est
3025 1889 3133 1955 ille,
3167 1890 3221 1945 in
3270 1904 3377 1960 quo
3407 1887 3591 1959 posuit
3612 1885 3744 1943 Deus

2159 1980 2506 2053 iniquitatem
2530 1983 2771 2039 omnium
2818 1992 3088 2039 nostrum.
3123 1982 3229 2051 Qui
3259 1982 3467 2037 oblatus
3506 1991 3604 2046 est,
3628 1982 3742 2052 quia

2158 2072 2340 2140 voluit,
2366 2090 2528 2145 osque
2553 2090 2707 2129 suum
2742 2091 2844 2129 non
2871 2075 3095 2145 aperuit,
3126 2073 3279 2147 quasi
3305 2075 3419 2129 ovis
3441 2073 3513 2127 ad
3541 2073 3744 2127 occisio-

2158 2178 2275 2219 nem
2318 2165 2528 2230 duclus,
2556 2166 2645 2237 qui
2680 2174 2735 2219 ut
2782 2182 2950 2237 agnus
2999 2181 3177 2219 coram
3225 2165 3473 2221 tondente
3500 2164 3742 2219 obmutuit

2161 2255 2328 2328 (Ibid.
2368 2259 2455 2329 7),
2510 2260 2600 2330 qui
2655 2260 2719 2313 de
2763 2259 3010 2330 angustia
3057 2268 3104 2312 et
3153 2259 3217 2313 de
3255 2258 3466 2331 judicio
3514 2257 3742 2313 sub'atus

2162 2348 2326 2423 (Ibid.
2359 2352 2437 2423 8),
2469 2360 2673 2407 tantam
2713 2352 2876 2407 habet
2912 2352 3318 2423 generationem
3348 2365 3471 2425 qua?
3510 2350 3744 2408 enarrari

2161 2460 2268 2501 non
2292 2446 2482 2516 possit.
2537 2446 2656 2519 Ipse
2681 2445 2978 2502 secundum
3031 2445 3347 2517 opinionem
3390 2453 3630 2500 vestram
3658 2443 3742 2498 ab-

2160 2538 2327 2592 scisus
2356 2539 2421 2592 de
2442 2546 2587 2592 terra
2618 2539 2921 2603 viventium,
2944 2536 3091 2591 dabit
3130 2545 3309 2592 tamen
3334 2535 3524 2607 impios
3545 2550 3637 2604 pro
3672 2550 3747 2589 se-

2159 2629 2375 2698 pultura
2411 2630 2600 2701 (Ibid.,
2632 2630 2687 2696 8,
2717 2629 2798 2701 9),
2827 2638 2887 2684 ut
2917 2645 3010 2685 eos
3036 2630 3088 2684 in
3117 2629 3389 2700 baptismo
3437 2628 3541 2685 sibi
3567 2643 3744 2684 conse-

2161 2721 2410 2791 pe’ricndo
2431 2723 2497 2778 ab
2526 2722 2808 2793 impietate
2830 2721 3127 2786 distrahat;
3155 2730 3211 2776 et
3243 2722 3455 2776 divitem
3481 2718 3642 2790 (Ibid.
3670 2719 3741 2789 9),

2161 2813 2368 2869 scilicet
2420 2814 2720 2881 diabolum,
2761 2814 2939 2886 pretio
2984 2829 3097 2870 suae
3143 2815 3335 2870 mortis
3360 2813 3596 2869 occidat.
3621 2812 3743 2879 Quis

2160 2917 2265 2975 est,
2294 2922 2510 2979 precor,
2539 2918 2598 2965 ut
2620 2908 2853 2978 plurima
2891 2922 3081 2963 eorum
3112 2923 3232 2978 quae
3266 2908 3573 2979 sequuntur
3597 2906 3746 2961 omit-

2164 3009 2305 3056 tam:
2332 3001 2436 3069 Qui
2461 3018 2582 3056 cum
2605 3002 2872 3057 sceleratis
2899 3011 3169 3072 reparatus
3195 3009 3273 3056 est
3295 3001 3490 3074 (lbid.,
3526 2999 3638 3070 1‘2),
3660 3002 3743 3072 qui

465 3081 650 3137 audire
698 3102 817 3156 quae
866 3089 1084 3154 auditis,
1120 3101 1299 3147 etnon
1342 3096 1627 3150 audierunt
1651 3093 1802 3166 (Luc.
1833 3112 1887 3163 κ,
1913 3096 2005 3167 24)
2039 3115 2051 3151 :
2087 3130 2132 3194 Ο
2162 3102 2451 3162 peccatum
2497 3093 2790 3148 multorum
2818 3092 2959 3161 tulit,
2984 3093 3076 3164 qui
3107 3108 3207 3164 pro
3259 3093 3744 3165 transgressoribus

463 3184 518 3229 et
546 3185 776 3250 utraque
808 3189 987 3237 tamen
1021 3182 1348 3251 habuerunt,
1375 3188 1500 3259 quia
1535 3189 1587 3243 in
1613 3198 1899 3244 venturum
1933 3207 2055 3251 cre-

465 3266 738 3327 diderunt.
775 3272 928 3330 Unde
957 3275 1100 3331 idem
1138 3278 1404 3349 propheta
1435 3297 1450 3332 :
1487 3279 1702 3335 Utinam
1732 3282 2056 3354 dirumperes

467 3360 619 3417 corios
675 3373 725 3418 et
774 3367 974 3421 tenires
1007 3365 1143 3439 (lsa.
1196 3385 1345 3437 Lxrv,
1398 3371 1487 3443 l)!
1522 3370 1702 3428 C(elos
1747 3373 1946 3447 quippe
1976 3375 2057 3428 di-

465 3452 690 3597 runzlpit,
723 3454 816 3524 qui
849 3455 904 3510 in
939 3454 1194 3513 ell‘ectum
1223 3462 1543 3531 prophetica
1589 3463 1656 3520 de
1680 3479 1739 3519 se
1787 3466 2056 3535 promissa

465 3555 564 3597 ι)νο
605 3544 740 3597 uxit.

463 3544 740 3610 produxit.

542 3634 802 3707 Sequitur
851 3653 959 3694 vox
1007 3640 1343 3707 credentium
1398 3657 1693 3718 conquesta
1742 3649 1809 3706 dc
1859 3649 2051 3705 vobis:

469 3723 603 3790 Quis
625 3727 849 3782 credidit
877 3730 1087 3786 auditui
1111 3744 1310 3804 nostro,
1348 3746 1396 3791 et
1418 3737 1689 3796 brachium
1732 3739 1945 3795 Domini
1970 3742 2055 3795 cui

464 3815 744 3872 revelatum
765 3829 839 3876 est
878 3821 1013 3894 (Isa.
1059 3841 1177 3892 Lm,
1231 3826 1442 3900 l)?lis,
1495 3831 1769 3903 inquiunt,
1810 3847 1928 3903 qua:
1954 3847 2055 3888 au-

466 3908 721 3979 divimus,
771 3913 825 3969 id
865 3924 951 3971 est
997 3916 1381 3989 intelleximus,
1431 3923 1520 3978 vix
1577 3925 1798 3981 credere
1833 3925 2054 3996 quidam

466 4000 677 4071 volunt,
728 4015 784 4061 et
831 4007 884 4062 in
933 4008 1168 4068 hominis
1211 4013 1529 4083 inﬁrmitate
1568 4032 1908 4091 nequaquam
1956 4018 2054 4075 Dei

466 4092 730 4153 fortitudo
778 4104 1149 4172 cognoscitur.
1195 4096 1265 4160 Et
1311 4110 1553 4165 ascendet
1601 4113 1737 4166 sicut
1774 4113 2054 4185 virgultum

464 4185 661 4282 (Ibid,
683 4190 766 4265 2),
784 4195 914 4266 quia
935 4196 1156 4256 humilis
1180 4204 1448 4273 apparuit,
1464 4206 1556 4261 sed
1573 4224 1821 4264 corameo
1838 4207 2050 4282 (Ibid.),

461 4281 587 4349 quia
642 4283 758 4356 ipse
806 4296 889 4345 est
939 4291 992 4345 in
1043 4308 1152 4364 quo
1193 4295 1341 4351 Patri
1385 4298 1733 4370 complacuit.
1793 4281 2055 4359 Ascendit

461 4374 625 4431 etiam
658 4380 815 4450 quasi
857 4384 1017 4441 rudia:
1064 4388 1130 4443 de
1170 4397 1312 4446 terra
1357 4391 1555 4447 sitienti
1604 4392 1795 4467 (Ibid),
1827 4395 1956 4467 quia
1994 4412 2055 4453 se

2162 3187 2341 3241 oravit
2391 3186 2605 3260 (Ibid.),
2664 3197 2723 3242 ut
2772 3202 2880 3243 non
2929 3187 3192 3261 perirent.
3235 3185 3492 3257 Nunquid
3528 3185 3743 3242 Messias

2158 3280 2269 3347 ille,
2303 3296 2463 3350 quem
2490 3295 2586 3337 vos
2615 3279 3009 3353 praestolamini
3052 3280 3281 3337 feliciter
3302 3288 3680 3352 regnaturum,
3708 3299 3735 3337 a

2158 3371 2313 3428 vobis
2346 3371 2435 3427 hic
2483 3372 2819 3443 signiﬁcatus
2866 3372 3182 3445 potabitur?
3232 3371 3350 3428 Non
3386 3374 3491 3429 hoc
3517 3373 3567 3429 ei
3599 3374 3743 3433 attri-

2156 3462 2345 3531 buitis,
2373 3471 2433 3517 ut
2463 3464 2701 3519 credatis
2743 3479 2939 3535 purum
2970 3462 3246 3519 hominem
3280 3462 3497 3519 dolores
3522 3472 3739 3535 vestros,

2159 3566 2217 3613 et
2272 3566 2494 3629 peccata
2545 3557 2801 3623 laturum,
2855 3574 2962 3614 non
3019 3557 3198 3613 minus
3237 3557 3565 3627 voluntarie,
3589 3573 3739 3631 quam

2158 3648 2479 3720 simpliciter
2504 3650 2851 3719 moriturum,
2883 3665 3006 3706 cum
3048 3648 3333 3705 sceleratis
3360 3650 3739 3722 deputandum,

2156 3755 2257 3812 pro
2296 3742 2813 3812 transgressoribus,
2847 3757 2916 3797 ne
2942 3750 3191 3812 pereant,
3230 3750 3535 3799 oraturum.

2230 3834 2463 3904 Simplex
2486 3836 2640 3890 homo
2674 3852 2769 3907 pro
2806 3835 3033 3903 peccatis
3063 3834 3371 3905 satisfacere
3401 3835 3738 3906 nequibat.—

2158 3925 2226 3982 Et
2258 3941 2380 3982 cum
2417 3928 2716 3982 secundum
2767 3941 2864 3983 vos
2890 3942 2995 3982 non
3048 3927 3151 3983 hoc
3180 3927 3231 3983 ci
3279 3926 3568 3998 pertineat,
3601 3936 3737 3982 tanta

2158 4032 2281 4089 quae
2300 4018 2352 4073 in
2379 4033 2487 4075 uno
2508 4034 2573 4075 eo
2595 4034 2923 4085 convenere,
2940 4020 3159 4077 miseria
3183 4020 3390 4089 pariter
3405 4035 3469 4075 ac
3485 4028 3735 4090 potestas,

2159 4112 2215 4167 in
2237 4126 2399 4183 quam
2436 4112 2709 4168 videbitur
2744 4112 3084 4168 concessisse
3116 4111 3444 4181 personam?
3473 4110 3576 4178 Qui
3605 4111 3739 4169 enim

2160 4213 2340 4260 tantus
2376 4214 2458 4261 est
2507 4214 2586 4273 ut,
2619 4205 2730 4261 Deo
2774 4212 3184 4275 transponente,
3239 4202 3481 4258 omnium
3531 4211 3740 4272 peccata

2159 4306 2456 4366 supportet,
2485 4304 2544 4351 ut
2564 4305 2715 4367 puto,
2745 4311 2851 4352 non
2883 4297 3067 4361 homo,
3082 4295 3176 4351 sed
3216 4294 3360 4349 Deus
3391 4302 3495 4349 est.
3526 4294 3583 4348 Si
3608 4295 3739 4350 enim

2160 4403 2345 4444 coram
2376 4391 2485 4446 Deo
2517 4405 2621 4446 non
2647 4398 2752 4458 est,
2786 4406 2886 4446 nec
2924 4390 3103 4445 infans
3129 4388 3290 4445 unius
3318 4388 3447 4457 diei,
3476 4388 3522 4443 si
3545 4388 3615 4443 sit
3641 4388 3740 4444 vita

460 4481 652 4536 passus
685 4482 774 4581 est
830 4478 981 4534 tarde
1026 4485 1303 4553 cognosci.
1364 4484 1485 4557 Ipse
1531 4487 1695 4559 plane
1722 4490 1905 4547 vivum
1930 4507 2052 4567 gra-

2161 4480 2280 4552 ejus
2314 4497 2479 4553 super
2527 4490 2750 4551 terram,
2797 4483 3054 4551 mundus,
3103 4481 3406 4552 prmsertim
3439 4497 3563 4536 cum
3590 4481 3660 4536 sit
3685 4482 3743 4537 de

458 4571 588 4614 num
621 4563 794 4620 solum
825 4583 962 4639 pene
983 4575 1213 4642 mansit;
1244 4589 1539 4650 mortuum,
1567 4582 1795 4641 multum
1817 4563 2056 4645 fructum
2092 4563 2130 4581 τ
2167 4576 2443 4633 immundo
2464 4586 2758 4647 οοηοθριηδ
2783 4576 3012 4645 semine,
3041 4592 3165 4631 cum
3197 4576 3345 4633 diem
3374 4575 3567 4638 ῧθνίάν
3592 4590 3740 4649 quem

463 4653 644 4750 attulit
675 4655 858 4729 (Joan.
891 4678 986 4727 sit,
1019 4665 1135 4739 24).
1170 4667 1268 4727 Vel
1311 4675 1560 4731 ascendit
1589 4685 1846 4750 tanquam
1902 4679 2056 4733 radix

459 4742 705 4803 delerra
753 4752 930 4821 arida,
984 4759 1113 4829 quia
1165 4762 1278 4833 ipse
1314 4766 1417 4822 sibi
1454 4768 1608 4838 origo
1638 4742 1715 4823 in-
1743 4768 1937 4837 Maria,
1967 4773 2056 4831 cui

459 4837 602 4894 nulla
623 4854 683 4897 se
717 4841 915 4901 inludit
946 4848 1166 4907 humani
1197 4856 1421 4913 seminis
1451 4837 1616 4915 unda.

536 4932 662 4991 Non
716 4949 791 4994 est
832 4943 1027 5013 species
1057 4946 1105 5003 ei
1132 4963 1296 5019 neque
1343 4951 1517 5005 decor.
1552 4950 1792 5009 Vidimus
1839 4971 1981 5023 eum,
2004 4966 2053 5015 et

458 5044 564 5084 non
586 5041 699 5085 erat
729 5044 994 5104 aspectus,
1017 5046 1066 5093 et
1088 5038 1502 5099 desiderauimus
1540 5060 1658 5099 eum
1683 5047 1979 5118 despectum
2002 5059 2052 5107 et

456 5123 794 5179 novissimum
848 5128 1118 5197 uirorum,
1168 5131 1338 5191 uirum
1388 5133 1651 5203 dolorum,
1704 5148 1750 5192 et
1804 5140 2050 5195 scientem

456 5212 838 5284 inﬁrmitatem,
871 5229 922 5273 et
958 5221 1112 5291 quasi
1141 5220 1477 5281 absconditus
1524 5228 1696 5285 uultus
1719 5231 1853 5304 ejus,
1884 5242 1933 5287 et
1956 5234 2051 5288 de-

456 5316 680 5399 spectus,
713 5310 852 5365 unde
873 5328 966 5367 nec
1000 5313 1353 5381 reputaoimus
1383 5334 1501 5372 eum
1542 5319 1679 5392 (Isa.
1733 5338 1851 5391 LIII,
1882 5324 1939 5392 2,
1968 5326 2046 5399 5).

451 5396 511 5451 In
539 5398 605 5456 iis
630 5402 831 5470 verbis,
862 5403 953 5458 ubi
976 5417 1081 5457 non
1108 5417 1352 5475 persona:
1380 5406 1518 5479 ejus,
1546 5412 1642 5467 sed
1684 5396 2048 5475 humanarum

453 5488 509 5545 in
560 5509 794 5567 persona
851 5495 1165 5567 passionum
1219 5500 1626 5573 despicabilitas
1668 5506 1749 5563 sic
1793 5518 2044 5579 notatur;

452 5582 587 5641 illud
609 5587 897 5661 quaestioni
927 5595 1098 5661 patet,
1112 5592 1277 5662 quod,
1299 5608 1459 5664 quem
1487 5596 1621 5653 dicit
1638 5597 1898 5655 ‘desidera
1909 5609 2044 5671 tum,

454 5688 579 5753 post
603 5695 778 5753 pauca
806 5680 975 5736 refert
1003 5696 1106 5739 nec
1133 5694 1460 5756 reputatum.
1502 5690 1947 5760 Desiderabatur,
1986 5701 2048 5748 ut

452 5785 609 5853 puto,
631 5788 757 5831 cum
776 5774 829 5833 ei
856 5775 1143 5835 dicebatur
1174 5796 1188 5835 :
1221 5780 1503 5857 Quousque
1550 5785 1784 5842 animam
1809 5796 2045 5845 nostram

1484 5951 1541 5981 ,ς

2068 5886 2130 5954 ‘3

2164 4667 2307 4723 Deus
2342 4668 2624 4723 invenerat
2670 4669 2968 4724 secundum
2997 4684 3092 4724 cor
3128 4684 3285 4729 suum
3316 4686 3329 4722 :
3364 4666 3425 4723 Si
3450 4667 3741 4736 iniquitates

2163 4761 2533 4829 observaveris,
2572 4761 2689 4833 quis
2739 4763 3036 4826 sustinebit,
3069 4762 3333 4817 Domine?
3361 4760 3537 4833 (Psal.
3561 4776 3740 4827 cxxrx,

2160 4852 2242 4925 5.)
2268 4852 2336 4907 Et
2364 4850 2531 4908 Isaias
2564 4870 2578 4907 :
2616 4851 2810 4908 Omnes
2850 4853 3081 4924 justitia:
3134 4861 3328 4908 nostra:
3355 4852 3508 4923 quasi
3547 4868 3742 4921 pannus

2161 4952 2500 5000 menstruam:
2525 4945 2581 4999 in
2619 4954 2897 5017 conspectu
2943 4955 3033 5001 tuo
3060 4944 3198 5019 (Isa.
3246 4959 3390 5011 LXIV,
3418 4942 3497 5015 6).
3523 4943 3589 4998 Et
3638 4944 3741 5015 ipse

2160 5035 2394 5108 Moyses,
2428 5037 2520 5109 qui
2565 5037 2795 5094 aliorum
2845 5038 3244 5108 deprecabatur
3288 5036 3480 5104 exitia,
3508 5051 3609 5091 nec
3631 5035 3742 5089 aliis

2161 5129 2495 5202 impetravit,
2546 5138 2600 5185 et
2637 5129 2795 5200 culpa
2845 5129 3116 5200 exigente,
3165 5136 3313 5183 terra
3375 5125 3740 5197 promissionis

2157 5222 2355 5277 caruit.
2411 5222 2490 5290 Si,
2524 5221 2764 5292 inquam,
2800 5236 2992 5277 omnes
3032 5220 3271 5292 propriis
3319 5228 3447 5276 sunt
3471 5216 3737 5289 νηξρωίιὶ

2157 5317 2422 5384 rentibus,
2457 5316 2580 5386 quis
2606 5324 2690 5372 est
2735 5315 2827 5386 qui
2858 5314 3086 5371 idoneus
3112 5314 3357 5370 omnium
3397 5315 3605 5385 peccati
3627 5326 3737 5385 por-

2157 5416 2277 5463 tare
2306 5409 2376 5464 sit
2406 5406 2656 5478 pondus?
2684 5407 2744 5463 Si
2789 5408 2931 5463 enim
2971 5422 3163 5464 verum
3199 5414 3284 5462 est
3309 5405 3434 5476 quia
3459 5419 3542 5460 va:
3568 5403 3739 5458 lauda-

2155 5501 2251 5557 bili
2284 5502 2405 5556 vitae
2438 5502 2745 5573 bominum,
2771 5502 2815 5558 si
2857 5509 3065 5559 remota
3116 5501 3343 5575 pietate,
3365 5499 3667 5572 iudicetur;
3693 5495 3737 5551 in

2153 5605 2451 5668 conspectu
2506 5597 2652 5653 enim
2680 5596 2777 5652 Dei
2822 5597 3002 5653 omnis
3038 5595 3225 5651 vivens
3262 5611 3368 5651 nou
3417 5592 3739 5664 justiﬁeatur

2155 5687 2333 5761 (Psal.
2360 5704 2526 5755 exul,
2552 5690 2633 5763 Ξ),
2664 5690 2936 5761 quomodo
2984 5689 3053 5745 de
3087 5704 3406 5760 paucorum,
3432 5703 3540 5743 non
3570 5685 3735 5742 dicam

2152 5782 2538 5843 universorum
2593 5782 2752 5841 malis
2808 5796 2977 5855 penes
3011 5780 3184 5841 Deum
3224 5790 3446 5837 acturus
3504 5786 3611 5847 est,
3651 5772 3734 5849 qui
