4038 6330
824 386 1071 444 TRACT.
1114 387 1202 444 DE
1248 388 1761 447 iNCARNATlONE
1800 389 2075 449 CONTRA
2118 389 2428 448 JUDIEOS.
2459 419 2528 433 -—
2571 389 2700 447 LIB.
2727 391 2816 448 Ill.

3371 391 3476 449 510

199 505 309 565 sibi
339 505 439 562 soli
466 501 871 560 insutﬁcieudus
892 504 1007 561 est?
1050 503 1107 559 Si
1135 510 1315 561 autem
1345 506 1411 561 de
1437 513 1785 576 peccatorum
1813 509 1869 571 Α
1894 507 1996 561 nisi
2021 522 2116 562 cor
2146 507 2267 562 ﬁdei
2294 508 2601 563 admoveris
2634 507 3029 577 aequanimiter,
3060 507 3176 580 ejus
3208 509 3285 565 rei
3313 525 3475 579 quam

200 602 519 680 quantitate:
548 598 751 671 agitur,
810 599 1039 657 solerter
1068 600 1382 654 “astruimus
1426 600 1630 657 nullum
1665 616 1791 669 par-

198 708 339 747 tum
369 692 473 747 dici
522 706 681 761 posse
704 701 1014 761 peccatum,
1054 693 1198 762 quod
1244 692 1311 746 ad
1341 691 1433 745 Dei
1458 691 1792 763 dignoscitur

200 782 327 839 ﬁeri
356 791 750 853 contemptum.
778 783 891 850 Qua
920 784 1085 854 igitur
1108 782 1483 839 satisfactione
1508 782 1631 854 quis
1658 782 1788 850 luat,

198 876 310 930 nisi
348 891 477 931 eum
496 890 655 945 quem
678 876 965 932 oﬁenderit
990 878 1141 947 pium
1170 876 1313 947 apud
1349 891 1409 931 se
1443 877 1792 945 interpretem

200 967 445 1024 habeat?

279 1059 495 1116 Iustum
526 1062 710 1131 itaque
757 1068 895 1125 erat,
923 1068 983 1114 ut
1028 1062 1074 1115 is
1103 1075 1203 1131 pro
1244 1058 1556 1115 hominibus
1593 1067 1792 1129 ageret,

203 1152 325 1220 qui,
365 1158 661 1208 secundum
688 1154 831 1222 quod
862 1152 1045 1219 homo,
1101 1153 1239 1208 mori
1268 1166 1366 1221 pro
1398 1151 1617 1205 homine
1644 1159 1793 1219 pote-

206 1251 329 1307 rat;
356 1244 563 1313 peccati
593 1252 773 1297 tamen
812 1259 1022 1310 exsors,
1050 1245 1330 1299 hominum
1366 1252 1587 1312 peccata
1610 1252 1799 1312 porta-

206 1338 333 1396 ret;
362 1341 417 1386 et
457 1332 752 1385 secundum
784 1332 927 1401 quod
960 1332 1103 1388 Dens
1131 1343 1270 1397 erat,
1304 1334 1414 1388 Deo
1437 1342 1492 1387 et
1514 1334 1637 1399 sibi,
1675 1334 1800 1402 quia

205 1440 387 1478 unum
409 1434 555 1491 sunt,
594 1427 842 1480 currulem
891 1428 1293 1482 reconciliaret.
1322 1427 1457 1483 Vide
1484 1444 1613 1497 ergo
1640 1444 1803 1496 quor-

208 1532 364 1582 sum,
395 1517 577 1572 Judtee
610 1533 863 1587 nequam,
910 1522 1178 1589 propheta
1230 1529 1351 1574 tuus
1412 1521 1679 1585 intendat,
1714 1520 1803 1573 ubi

209 1624 319 1664 nec
345 1612 508 1663 etiam
540 1612 872 1681 propheticis
908 1613 1224 1684 ambagibus
1256 1624 1533 1684 evagatur,
1569 1616 1661 1669 sed
1701 1615 1805 1669 vel-

211 1703 296 1755 uti
323 1703 675 1758 historialiter
702 1714 915 1770 narrat;
949 1714 1002 1760 et
1034 1707 1078 1763 si
1110 1708 1441 1776 praeteritum
1499 1708 1804 1778 quempiam

212 1794 305 1846 cui
364 1805 625 1865 congruat
677 1797 876 1861 nescis,
907 1806 963 1851 et
985 1797 1224 1853 futurum
1286 1800 1520 1870 ignoras,
1553 1814 1677 1853 cum
1720 1803 1805 1855 cui

1892 614 2113 655 exesam
2146 600 2350 654 habeas
2379 600 2643 655 rationem
2658 600 2816 670 271
2838 601 3113 671 suscipere
3128 618 3230 654 non
3248 600 3475 671 poteris.

1969 692 2202 746 Danielis
2260 693 2324 746 de
2376 691 2583 747 Christo
2640 694 2929 762 praphetia~
2958 694 3286 764 expenditur.
3316 723 3385 732 —
3410 692 3479 748 Et

1895 786 2020 856 quia
2048 785 2382 855 propheticis
2426 794 2479 839 te
2507 784 2745 839 oraculis
2791 786 3117 856 compellare
3146 786 3257 856 jam
3310 787 3480 856 coepi-

1899 894 2039 943 mus,
2074 886 2128 933 et
2172 887 2391 932 tuorum
2438 878 2539 933 tibi
2584 877 2916 932 voluminum
2965 879 3228 933 innovare
3271 894 3483 934 memo-

1899 972 2079 1035 riam,
2136 970 2380 1040 argutius
2438 970 2584 1023 enim
2642 968 2871 1024 aliorum
2922 971 3164 1024 carmina
3212 970 3484 1024 discutere

1902 1063 2158 1127 solemus,
2189 1078 2348 1132 quant
2404 1069 2607 1124 nostra,
2647 1061 2772 1113 audi
2816 1061 3090 1115 Danielcm
3140 1062 3284 1131 ipsos
3324 1076 3488 1115 even-

1905 1164 2009 1220 tus,
2044 1164 2097 1209 et
2134 1163 2425 1209 eventuum
2455 1162 2804 1222 contempera
2846 1152 3232 1208 declarantem.
3266 1152 3489 1223 Septua-

1904 1249 2049 1318 ginta
2105 1240 2451 1302 hebdomadcs
2488 1249 2803 1303 abbreviata!
2860 1258 2981 1302 sunt
3028 1265 3186 1317 super
3239 1249 3489 1317 populum

1905 1349 2074 1403 tuum,
2105 1349 2152 1392 et
2184 1356 2339 1408 super
2376 1339 2554 1392 urbem
2598 1353 2832 1393 sanctam
2864 1348 3033 1404 tuam,
3070 1347 3122 1391 ut
3171 1322 3507 1390 consumma:

1908 1439 1994 1483 tur
2050 1431 2448 1501 pra'varicatio,
2503 1442 2548 1484 et
2598 1432 2757 1499 ﬁnem
2807 1432 3033 1501 accipiat
3093 1439 3391 1500 peccatum,
3446 1436 3494 1480 et

1908 1520 2146 1575 deleatur
2186 1522 2454 1592 iniquitas,
2489 1532 2535 1575 et
2580 1523 2878 1575 adducatur
2904 1521 3117 1591 justitia
3157 1521 3494 1590 sempiterna,

1908 1623 1957 1667 et
1994 1613 2272 1683 impleatur
2316 1616 2445 1668 visio
2485 1624 2531 1668 et
2568 1615 2871 1684 prophetia,
2917 1624 2967 1668 et
3014 1624 3241 1682 ungatur
3273 1610 3496 1665 Sanctus

1910 1718 2213 1760 sanctorum
2242 1706 2405 1774 (Dan.
2435 1724 2510 1773 rx,
2542 1708 2666 1777 24).
2710 1707 2956 1777 lntellige
2989 1707 3239 1777 angelum
3266 1706 3497 1776 prophe-

1916 1811 1983 1855 tae
2008 1801 2342 1871 loquentem,
2377 1817 2440 1856 ac
2473 1803 2516 1856 si
2541 1802 2749 1856 diceret
2776 1819 2788 1854 :
2823 1800 3088 1867 Quoniam
3117 1799 3182 1852 de
3214 1795 3396 1867 populi
3422 1794 3496 1849 tui

214 1890 505 1945 innitimur
532 1901 673 1957 tene,
706 1893 757 1946 in
788 1908 897 1963 quo
920 1895 1063 1964 quod
1085 1895 1425 1965 przelibatum
1449 1903 1531 1948 est
1552 1894 1669 1949 luce
1699 1894 1810 1947 evi-
1843 1867 1885 1921 Β
1915 1892 2241 1947 abductione
2271 1902 2323 1946 et
2353 1893 2692 1961 dispersione
2729 1890 3102 1961 conquereris,
3129 1888 3304 1958 spatia
3344 1886 3469 1941 adhi
3496 1918 3499 1919 ν

214 1984 438 2038 dentius
460 1986 784 2054 completum
810 1997 1044 2041 constat.
1080 1987 1297 2043 Discute
1327 1988 1616 2058 Evangelia
1635 2029 1647 2051 ,
1699 1987 1806 2042 dis-

222 2085 353 2130 cute
407 2078 555 2146 quod
596 2078 888 2143 credimus,
944 2081 1226 2151 propheta:
1258 2080 1412 2135 nobis
1441 2096 1657 2135 sensum
1682 2095 1810 2149 ape-

220 2169 336 2223 ruit
363 2168 522 2224 factis
550 2170 817 2225 Christus.

840 2263 1071 2319 CAPUT
1097 2265 1182 2319 Ill.

473 2354 661 2409 Utrum
693 2355 934 2411 Christus
974 2358 1107 2411 mori
1132 2359 1325 2427 potuit,
1355 2375 1423 2411 an
1454 2374 1577 2412 non.

294 2446 535 2500 Christus
562 2446 704 2500 Deus
740 2457 787 2500 et
816 2446 971 2501 homo
1027 2457 1101 2502 est
1132 2449 1242 2502 sine
1278 2449 1585 2517 confusione
1618 2448 1816 2501 utrius-

218 2556 325 2609 que
353 2549 574 2594 natura).
607 2540 783 2606 Quare
805 2542 1066 2595 hominem
1108 2542 1274 2596 Deum
1295 2560 1389 2613 pro
1415 2543 1653 2597 omnibus
1682 2543 1815 2595 mori

225 2649 433 2688 necesse
452 2644 585 2689 erat.
612 2666 677 2674 —
720 2634 872 2700 Quod
900 2636 943 2689 si
974 2636 1099 2703 quia
1126 2651 1247 2690 eum
1301 2636 1405 2689 dici
1445 2635 1612 2689 Deum
1640 2636 1814 2699 audis,

227 2726 353 2781 ideo
377 2728 444 2781 de
488 2736 663 2781 morte
691 2728 954 2792 causaris,
994 2730 1131 2783 mori
1180 2729 1322 2784 enim
1352 2728 1464 2784 Deo
1495 2744 1599 2781 non
1621 2743 1818 2782 conve-

227 2814 334 2879 nit,
370 2815 510 2869 scire
542 2816 704 2870 debes
744 2818 869 2886 quia
920 2817 1079 2883 Deus,
1112 2818 1201 2885 qui
1244 2817 1512 2871 hominem
1560 2817 1816 2885 suscepit,

227 2908 403 2960 Deum
448 2921 787 2975 nequaquam
844 2906 1166 2960 humanitati
1219 2908 1480 2973 confudit,
1524 2922 1623 2961 nec
1648 2906 1821 2960 homi-

227 3010 355 3052 nem
400 2998 515 3051 Deo
542 2997 779 3063 miscuit,
833 2998 926 3053 sed
958 2999 1011 3052 in
1043 3014 1100 3053 se
1123 2999 1389 3054 stabiliter
1434 3008 1665 3067 utraque
1694 3014 1821 3052 con-

229 3089 458 3143 sistente
490 3097 705 3153 natura,
748 3105 855 3143 una
882 3106 950 3143 ex
980 3090 1209 3154 duabus,
1277 3098 1332 3145 et
1371 3090 1422 3143 in
1453 3069 1663 3144 duabus
1695 3089 1822 3143 sub-

230 3182 447 3236 stantiis
472 3183 684 3236 exstitit
719 3183 831 3251 ipse
861 3198 1110 3252 persona.
1144 3184 1257 3250 Qua
1296 3199 1426 3253 ergo
1464 3192 1619 3252 parte
1647 3182 1823 3238 homi-

230 3290 377 3340 nem,
402 3290 464 3328 ea
518 3276 717 3331 merito
751 3292 809 3332 se
837 3276 1067 3347 praebuit
1126 3279 1238 3346 ipse
1274 3278 1582 3341 mortalem,
1610 3284 1668 3330 ut
1692 3276 1820 3346 quia

231 3383 383 3423 mors
398 3383 465 3421 ex
496 3377 723 3437 peccato
740 3369 1056 3435 obvenerat,
1082 3368 1095 3419 i
1102 3382 1196 3436 pse
1220 3367 1428 3436 peccati
1450 3381 1664 3436 expers,
1698 3356 1821 3420 clum

233 3466 427 3527 sponte
454 3471 513 3513 se
558 3459 717 3512 nwrti
749 3458 1023 3513 addiceret
1079 3464 1264 3526 (quam
1314 3467 1516 3523 tamen,
1551 3457 1676 3525 quia
1714 3470 1819 3509 non

233 3560 580 3623 peccaverat,
639 3551 876 3606 indebite
927 3549 1139 3622 lerret),
1194 3566 1385 3605 omnes
1434 3548 1699 3604 obnoxios
1746 3547 1822 3601 illi

233 3646 453 3701 miserae
491 3643 790 3700 conditioni
820 3642 1145 3699 absolveret.
1178 3642 1383 3697 Natura
1415 3656 1648 3711 namque
1679 3640 1822 3695 nulla

236 3738 341 3795 alia
372 3747 571 3808 prseter
592 3754 733 3801 eam.
762 3754 880 3808 quae
900 3746 1243 3808 peccaverat,
1263 3752 1361 3808 pro
1387 3737 1575 3792 eadem
1607 3736 1825 3790 satisfa-

235 3847 363 3887 cere
409 3841 641 3903 poterat.
685 3831 995 3901 Congruum
1044 3839 1227 3885 tamen
1259 3844 1367 3883 non
1405 3836 1568 3891 esset,
1595 3836 1653 3882 ut
1682 3826 1823 3896 quod

236 3926 550 3980 humanitas
599 3923 985 3987 commisisset,
1031 3921 1097 3977 de
1138 3920 1385 3992 angelico
1441 3920 1711 3989 quispiam
1739 3934 1826 3973 or-

239 4018 365 4073 dine
398 4017 659 4088 expiaret.
689 4014 847 4071 Iuste
881 4017 1064 4086 itaque
1089 4016 1272 4080 homo,
1304 4014 1397 4085 qui
1420 4014 1661 4068 omnium
1700 4028 1826 4067 cau-

242 4125 333 4166 sas
384 4111 525 4180 apud
570 4111 737 4166 Deum
786 4110 1109 4175 insumeret,
1148 4110 1242 4163 sed
1292 4108 1411 4162 sine
1467 4105 1638 4176 culpa
1668 4105 1827 4159 ullius

238 4202 455 4258 macula
503 4202 627 4256 fuit.
662 4202 795 4257 Nam
823 4203 949 4271 quia
980 4203 1056 4257 nil
1106 4203 1310 4266 debuit,
1340 4211 1393 4255 et
1423 4217 1452 4254 a
1491 4199 1702 4254 diabolo
1727 4199 1828 4253 im-

238 4298 444 4367 petitus
470 4306 692 4352 coactus
720 4306 803 4351 est
827 4297 1037 4352 solvere
1078 4313 1198 4367 qua:
1228 4312 1335 4351 non
1360 4296 1555 4365 rapuit,
1590 4310 1712 4349 eum
1737 4296 1829 4364 qui

236 4403 299 4443 se
334 4390 699 4458 impetiverat,
733 4390 825 4445 sed
851 4389 1070 4459 injuste,
1101 4389 1383 4460 corripuit,
1409 4396 1463 4442 et
1498 4388 1565 4442 ab
1608 4387 1827 4441 humani

240 4484 466 4554 generis
490 4485 833 4554 possessione
862 4484 1149 4539 submovit.
1179 4484 1312 4539 Cum
1354 4497 1481 4551 ergo
1503 4496 1558 4536 se
1590 4480 1828 4534 moriens

1914 1985 2073 2039 bendi
2122 1986 2347 2041 remedii
2379 1986 2549 2040 Deum
2597 1986 2797 2041 factum
2844 1983 3138 2055 propitium
3166 1981 3501 2037 contraxisse

1916 2076 2156 2140 noveris,
2201 2085 2261 2129 ut
2310 2077 2537 2146 populus
2567 2077 2782 2146 quidem
2830 2076 2897 2131 de
2926 2074 3157 2145 justitiis
3207 2072 3391 2128 carnis
3438 2070 3502 2125 ad

1917 2170 2259 2241 spiritualem
2308 2186 2427 2225 sese
2474 2171 2771 2226 transferat
2821 2170 3048 2235 cultum,
3105 2176 3162 2223 et
3216 2167 3349 2221 urbs
3388 2163 3502 2230 illa,

1912 2265 2024 2335 jam
2083 2264 2285 2319 Christi
2352 2265 2618 2334 sanguine
2683 2270 2912 2328 sancta,
2970 2260 3124 2316 novis
3184 2264 3506 2313 vetustatem

1920 2356 2153 2409 mutabit
2208 2355 2530 2419 honoribus,
2586 2363 2645 2408 ut
2686 2352 3129 2423 praevaricatoris
3167 2351 3296 2405 Adae
3345 2346 3503 2417 culpa

1921 2446 2154 2507 fatiscat,
2187 2457 2242 2500 et
2270 2447 2419 2512 illud,
2457 2446 2600 2515 quod
2631 2445 3373 2512 antonomasticepeccatum
3404 2448 3505 2504 est,

1924 2540 2228 2595 idololatria
2253 2539 2651 2608 inﬁdelitasquc
2672 2538 2906 2593 deﬁciat.
2929 2537 2996 2591 Et
3021 2534 3280 2606 quidquid
3305 2534 3509 2602 absque

1922 2636 2177 2704 aequitate
2207 2638 2279 2689 ad
2312 2635 2618 2704 proximum
2653 2634 2881 2703 geritur,
2948 2632 3211 2701 sopiatur,
3253 2639 3309 2684 et
3355 2628 3507 2696 quic-

1924 2737 2061 2791 seat,
2106 2734 2160 2781 et
2206 2727 2507 2781 adducatur
2543 2741 2648 2780 non
2683 2735 2948 2789 sanctum,
2980 2735 3036 2777 ut
3081 2723 3158 2777 ait
3192 2719 3509 2791 Apostolus,

1926 2816 2184 2873 swculare
2207 2817 2391 2889 (Hebr.
2425 2834 2501 2883 tx,
2534 2817 2612 2887 i),
2646 2817 2737 2871 sed
2754 2816 2971 2887 justilia
2995 2815 3345 2885 sempiterna;
3372 2812 3513 2864 hanc

1924 2912 2069 2966 enim
2106 2911 2419 2982 erigendam
2450 2912 2668 2965 domum
2710 2910 2866 2964 decet
2902 2908 3211 2963 sanctitudo
3237 2908 3291 2960 in
3335 2903 3511 2974 longi-

1926 3002 2169 3057 tudinem
2218 3002 2450 3065 dierum,
2512 3012 2571 3055 ut
2627 3001 2944 3065 visionum,
3002 3015 3067 3054 ac
3124 2998 3514 3069 prophetarum

1926 3096 2140 3151 effectui
2171 3082 2477 3165 mancipata
2503 3096 2772 3149 reveletur
2799 3093 3065 3164 impletin.
3100 3092 3167 3145 Et
3205 3092 3307 3146 hoc
3342 3098 3513 3143 totum

1853 3223 1893 3279 Ο
1929 3191 2019 3245 ﬁet
2045 3191 2260 3259 quando
2292 3190 2412 3244 oleo
2437 3189 2637 3243 laetitia:
2662 3204 2773 3258 pra:
2798 3187 3158 3257 participibus
3186 3187 3299 3241 suis
3328 3183 3518 3239 Sancti

1930 3291 2241 3337 sanctorum
2274 3281 2645 3336 celebrabitur
2674 3281 2879 3335 unctio.

2016 3375 2191 3440 Scito,
2250 3373 2460 3443 inquit,
2511 3384 2561 3428 et
2615 3375 2971 3427 animadverte
3020 3389 3039 3426 :
3081 3372 3157 3425 Ab
3215 3372 3357 3426 exitu
3410 3364 3553 3425 ser-5

1926 3471 2096 3523 monis
2148 3479 2203 3522 ut
2260 3468 2449 3522 iterum
2513 3467 2803 3536 wdi/icetur
2856 3464 3186 3530 Jerusalem,
3246 3480 3407 3535 usque
3449 3462 3518 3515 ad

1929 3563 2196 3616 Christum
2238 3562 2451 3627 ducem,
2514 3559 2864 3614 hebdomades
2932 3568 3150 3628 septem,
3206 3566 3254 3611 et
3321 3556 3517 3609 hebdo-

1926 3657 2104 3709 mades
2170 3656 2444 3726 sexaginta
2498 3656 2618 3709 dua:
2670 3663 2824 3708 erunt
2869 3652 3043 3725 (Dan.
3096 3668 3186 3717 ιχ,
3253 3648 3378 3720 25).
3439 3648 3520 3702 Ab

1927 3752 2077 3806 exitu
2111 3751 2381 3805 sermonis
2422 3766 2530 3819 quo
2557 3764 2587 3803 a
2624 3747 2788 3802 Dario
2813 3745 2966 3816 jussa
3003 3753 3089 3801 est
3138 3742 3353 3799 restitui
3390 3741 3523 3797 civi-

1928 3853 2036 3909 tas,
2075 3854 2127 3899 et
2160 3845 2445 3913 templum,
2475 3844 2644 3898 habes
2696 3856 2982 3896 numerum
3034 3852 3300 3894 annorum
3349 3851 3521 3904 usque

1930 3939 1998 3993 ad
2024 3937 2303 3993 Christum
2333 3937 2643 4006 specialiter
2674 3936 2887 3990 ducem.
2929 3931 3310 3988 Hebdomades
3338 3939 3521 3984 autem

1930 4045 2038 4084 non
2069 4030 2301 4094 dierum,
2337 4030 2429 4085 scd
2458 4045 2723 4085 annorum
2768 4027 3025 4097 intellige.
3063 4025 3311 4092 Qualiter
3340 4032 3523 4079 autem

1931 4134 2139 4194 septem
2190 4124 2382 4193 primm
2422 4122 2814 4188 hebdomades,
2864 4131 2918 4177 et
2972 4120 3205 4176 residum
3240 4119 3523 4189 sexaginta

1931 4216 2053 4270 dare
2081 4216 2375 4287 vigilanter
2398 4217 2532 4271 adeo
2561 4216 2940 4271 subdistinctaa
2975 4222 3104 4269 sunt
3134 4211 3520 4284 intelligentiae,

1934 4303 2106 4359 lector
2144 4305 2285 4374 apud
2318 4304 2709 4376 Hieronymum
2745 4304 2971 4377 (Expos.
3011 4302 3069 4355 in
3104 4299 3322 4353 Daniel.
3362 4299 3456 4353 lib.
3482 4314 3520 4362 l,

1934 4404 2055 4467 cap.
2084 4398 2165 4467 9),
2201 4397 2604 4466 quamplurium
2638 4395 2772 4449 inibi
2818 4403 3102 4447 auctorum
3135 4388 3525 4459 compilatione

1936 4490 2104 4556 facta,
2134 4492 2402 4560 requirat.
2438 4490 2508 4545 Ut
2536 4490 2777 4544 breviter
2808 4502 2938 4542 vero
2969 4495 3284 4556 cognoscat,
3310 4490 3524 4553 septua-

238 4577 482 4642 hominc,
514 4588 567 4632 et
597 4577 868 4634 diabolum
910 4577 1127 4633 domino
1155 4576 1244 4647 [[1,
1272 4574 1530 4647 dominio]
1564 4574 1743 4639 exuit;
1775 4583 1818 4626 et

1934 4585 2101 4655 ginta,
2138 4582 2241 4636 nisi
2267 4582 2442 4645 fallor,
2480 4580 2869 4645 hebdomades,
2891 4578 3320 4649 quadringentos
3348 4589 3520 4629 nona-

241 4671 392 4725 unde
422 4672 719 4727 secundum
744 4682 887 4726 tuam
915 4671 1223 4741 opinionem
1241 4669 1487 4723 inﬁrmus
1508 4667 1628 4733 fuit,
1644 4683 1829 4737 super-

235 4761 330 4816 bia
394 4763 565 4819 hostis
609 4780 704 4819 sua
736 4807 751 4834 ,
807 4774 866 4819 ut
906 4778 1007 4834 par
1040 4770 1194 4830 erat,
1232 4761 1539 4818 humilitate
1584 4759 1827 4826 confusa,

237 4854 405 4910 nobis
432 4855 605 4911 virtus
628 4858 883 4912 accrevit.

312 4948 461 5004 Dicis
510 4949 738 5006 forsitan
772 4967 786 5004 :
829 4950 932 5018 Qui
985 4951 1129 5005 Deus
1163 4957 1302 5015 erat,
1353 4963 1461 5002 non
1498 4945 1694 5016 potuit,
1724 4945 1830 4999 nisi

238 5049 572 5111 moreretur,
600 5042 655 5098 id
681 5042 897 5099 facere?
924 5042 1129 5111 Potuit,
1163 5042 1404 5111 inquam,
1435 5048 1489 5095 et
1511 5039 1653 5094 Deus
1684 5039 1827 5103 tntis,

239 5149 371 5189 cum
415 5134 649 5191 Abrahae
697 5136 755 5191 in
811 5135 1042 5192 convalli
1095 5135 1368 5205 apparuit,
1409 5141 1463 5188 et
1516 5132 1736 5201 jejunus
1778 5133 1830 5185 in

240 5229 447 5285 caelum
474 5232 675 5287 redire.
730 5232 787 5287 Si
816 5232 966 5287 dicas
1006 5231 1139 5285 mihi
1172 5244 1365 5286 causas
1404 5228 1635 5299 prandii,
1665 5226 1832 5281 multo

242 5324 507 5380 clariores
536 5325 797 5397 polliceor
817 5340 904 5380 me
930 5340 1126 5380 causas
1152 5324 1336 5378 dicere
1365 5336 1525 5392 posse
1555 5320 1828 5390 supplicii.

245 5416 302 5472 Si
337 5420 548 5474 diceres
572 5420 703 5474 mihi
735 5420 916 5474 :Deus
958 5425 1157 5482 vester,
1198 5415 1289 5485 qui
1327 5414 1372 5469 si
1399 5413 1577 5480 vellet,
1617 5422 1678 5466 ut
1709 5411 1835 5466 dici-

245 5518 361 5579 tur,
388 5512 543 5567 fabas
567 5527 758 5566 aurum
808 5510 1032 5577 faceret,
1079 5525 1176 5565 cur
1203 5506 1519 5577 praeceperit
1557 5513 1615 5558 ut
1674 5517 1836 5573 super

248 5621 405 5673 auro,
439 5614 494 5659 et
518 5613 764 5675 argento,
803 5620 867 5660 ac
895 5604 1133 5660 vestibus
1161 5602 1313 5656 fraus
1338 5600 1635 5655 inferretur
1656 5598 1835 5668 Egyp-

252 5700 379 5754 tiis?
407 5700 475 5754 Et
497 5715 675 5769 quare
698 5699 1099 5771 agnisanguine
1112 5695 1308 5752 vestris
1329 5694 1464 5749 illito
1484 5692 1728 5764 postibus
1743 5707 1836 5746 an-

249 5795 400 5862 gelus
418 5794 561 5849 ultor
575 5794 877 5865 pepercerit
891 5789 1288 5863 primogenitis?
1300 5803 1397 5859 ego
1410 5787 1726 5843 occasiones
1739 5783 1836 5839 tibi

260 5890 691 5947 barbatissime
737 5889 997 5944 disseram
1020 5884 1309 5958 passionis.
1337 5881 1462 5939 Scio
1506 5890 1685 5937 autem
1712 5880 1836 5951 quia

1935 4675 2080 4746 ginta
2109 4673 2600 4727 continentannos.
2633 4669 2702 4725 Et
2723 4681 2837 4742 post
2870 4669 3217 4725 hebdomades
3251 4666 3523 4737 sexaginta

1935 4768 2069 4820 duas
2106 4765 2372 4819 occidetur
2394 4763 2656 4830 Christus,
2693 4773 2738 4816 et
2773 4779 2876 4817 non
2898 4761 2997 4816 erit
3030 4761 3145 4830 ejus
3164 4758 3406 4830 populus,
3432 4755 3523 4826 qui

1934 4876 2050 4913 eum
2066 4867 2348 4928 negaturus
2362 4867 2456 4920 est,
2474 4866 2521 4910 et
2537 4857 2795 4910 civitatem
2809 4865 2853 4908 et
2870 4852 3233 4908 sanctuarium
3247 4847 3522 4925 dissipabit

1934 4952 2161 5024 populus
2199 4968 2317 5005 cum
2364 4952 2494 5005 duce
2536 4959 2771 5013 venturo,
2807 4959 2855 5003 et
2884 4949 3005 5019 ﬁnis
3036 4948 3149 5017 ejus
3193 4945 3431 5005 vastitas,
3474 4948 3523 4993 et

1934 5057 2047 5117 post
2091 5046 2248 5115 ﬁnem
2295 5043 2416 5097 belli
2461 5052 2658 5096 statuta
2706 5041 2964 5096 desolatio
2994 5038 3181 5109 (lbid.,
3228 5035 3339 5103 26).
3384 5032 3519 5096 Hae,

1936 5137 2134 5207 inquit,
2175 5145 2368 5192 exacta
2406 5149 2673 5189 annorum
2714 5134 2876 5197 serie,
2926 5132 3056 5201 ipsa:
3100 5135 3372 5182 vocaturae
3427 5121 3519 5194 ΗΖ,

1937 5228 2258 5300 vacaturae],
2307 5236 2362 5283 et
2409 5225 2776 5282 esscntialiter
2815 5223 3066 5278 Christus
3104 5216 3405 5279 occidetur,
3467 5220 3524 5266 et

1938 5322 2167 5393 p0pulus
2195 5321 2287 5391 qui
2335 5321 2584 5375 dicturus
2609 5326 2694 5372 est
2726 5332 2738 5368 :
2772 5313 2896 5369 Non
2931 5311 3180 5367 habemus
3222 5321 3392 5376 regem
3418 5303 3525 5393 nisi

1939 5391 2203 5469 Cmam-em
2226 5410 2405 5479 (.Ioau.
2443 5426 2558 5474 xix,
2596 5405 2707 5475 15),
2751 5399 3116 5459 conclamabit
3144 5397 3317 5453 Pilato
3346 5413 3361 5451 :
3396 5391 3527 5449 Noli

1940 5506 2163 5562 scribere
2189 5520 2207 5558 :
2230 5504 2339 5557 Rea:
2379 5502 2693 5556 Judworum
2723 5496 2910 5567 (lbid.,
2943 5493 3055 5562 2i).
3090 5492 3187 5547 Cui
3239 5499 3428 5546 contra
3469 5489 3521 5542 in

1940 5598 2175 5655 Psalmis
2205 5595 2342 5649 tituli
2370 5591 2785 5662 inscriptionem
2808 5602 2876 5641 ne
2900 5599 3243 5654 corrumpas.
3272 5582 3347 5636 Ex
3369 5588 3524 5650 patre

1941 5688 2155 5745 diabolo
2216 5687 2351 5750 erit,
2407 5700 2512 5740 non
2580 5683 2729 5751 ejus,
2790 5678 3162 5751 quapropter?
3228 5674 3371 5741 Quia
3414 5688 3522 5728 non

1942 5781 2198 5853 cognovit
2228 5790 2438 5849 tempus
2466 5776 2795 5833 visitationis
2825 5790 2937 5829 sua:
2962 5772 3111 5841 (Luc.
3152 5785 3265 5831 xix,
3285 5764 3396 5835 ,44)
3424 5781 3438 5829 ;
3472 5771 3526 5817 et

1944 5876 2161 5941 urbem,
2188 5880 2239 5929 et
2265 5871 2639 5929 sanctuarium
2671 5865 2956 5937 dissipabit
2990 5862 3219 5934 populus
3245 5858 3525 5915 Romanus
