4014 6324
570 334 672 392 5H

1394 332 1451 390 V.
1479 335 1804 392 GUIBERTI
1838 336 2131 393 ABBATIS
2159 334 2219 391 S.
2254 331 2496 388 MARle
2522 330 2609 386 DE
2640 329 3035 389 NOVIGENTO
3690 346 3770 403 5|!

571 468 691 508 cum
741 452 878 510 duce
921 452 1279 524 Vespasiano,
1340 450 1495 520 cujus
1544 455 1619 509 rei
1670 455 1796 510 linis
1847 470 2145 526 perennem
2175 459 2227 519 Α
2258 455 2464 525 ignoro.
2518 454 2630 509 Hoc
2684 464 2860 507 tamen
2910 452 3047 516 scio,
3088 450 3212 519 quia
3238 449 3283 505 si
3332 449 3411 504 sic
3450 452 3669 513 eminens
3691 474 3771 522 est.

570 544 703 599 inibi
736 546 1083 601 habitationis
1116 544 1355 599 Iudaica:
1394 546 1569 614 pariet
1607 547 1937 602 vastitatem.

638 635 709 690 Et
738 649 852 705 post
898 637 1015 691 belli
1055 638 1213 706 ﬁnem
1259 637 1420 707 (Dan.
1452 655 1530 704 Ix,
1570 638 1684 710 26),
1738 640 1904 693 fixum
1947 639 2154 695 faciens

569 732 712 804 quod
748 732 902 796 dixit,
939 732 1235 803 ingeminat
1270 750 1283 787 :
1322 733 1722 788 Extermiuiuni
1772 735 1911 788 idem
1950 744 2151 790 statuta

566 821 902 879 desolationc
949 823 1279 879 ﬁrmabitur.
1323 822 1671 891 Conﬁrmabit
1720 834 1895 879 autent
1942 841 2153 893 pactum

566 912 743 968 multis
769 914 1099 968 hebdomada
1125 932 1231 969 una
1279 929 1297 966 .'
1354 926 1398 968 et
1451 916 1505 968 in
1554 915 1773 969 dimidio
1815 917 2151 971 hebdomadis

565 1006 766 1075 deﬁciet
804 1007 1004 1071 (hostia
1065 1017 1112 1061 et
1176 1007 1495 1075 sacri/icium
1547 1022 1565 1058 :
1615 1019 1662 1060 ct
1718 1010 1771 1060 in
1824 1009 2013 1075 templo
2055 1011 2151 1063 erit

566 1097 891 1151 abominatio
918 1097 1277 1158 desolationis,
1307 1113 1347 1150 ei
1376 1115 1535 1168 usque
1555 1099 1623 1150 ad
1652 1098 2150 1152 consummationem

564 1197 612 1243 et
652 1188 810 1257 ﬁnem
841 1188 1460 1258 perseverabitdesolatio
1505 1187 1692 1259 (Ibid.,
1724 1189 1816 1259 27)
1872 1191 2001 1255 Quae
2069 1195 2151 1242 est

564 1280 711 1336 enim
739 1281 1059 1346 hebdomas,
1092 1298 1199 1350 qua
1228 1281 1521 1337 continuat
1557 1282 1744 1336 multis
1774 1293 2016 1351 pactum,
2045 1280 2148 1335 nisi

566 1373 711 1443 quod
744 1373 880 1428 alias
908 1374 1128 1439 dicitur,
1169 1373 1416 1442 Tempus,
1455 1384 1501 1427 et
1541 1385 1772 1443 tempora
1793 1384 1841 1428 et
1870 1374 2151 1426 dimidium

567 1466 812 1534 temporis
868 1464 1050 1535 (Apoc.
1108 1481 1205 1530 sit,
1257 1464 1366 1536 M),
1424 1474 1535 1520 tres
1588 1466 1839 1521 videlicet
1894 1469 2045 1530 anui,
2097 1473 2153 1519 ct

568 1553 827 1609 dimidius
864 1556 1263 1623 prtcdicatiouis
1297 1557 1612 1623 Dominicae,
1644 1568 1699 1613 et
1755 1569 1865 1613 tres
1895 1575 2018 1613 cum]
2064 1558 2148 1612 di-

566 1645 734 1699 midio
772 1646 1187 1715 subsaquentes,
1222 1648 1276 1701 in
1325 1647 1520 1716 quibus
1550 1650 1889 1718 potissimum
1946 1665 2150 1705 cuneus

571 1738 923 1808 apostolicus,
976 1756 1099 1795 cum
1136 1741 1282 1795 omni
1324 1742 1651 1812 discipulatu
1687 1745 1890 1811 pariter
1920 1759 1976 1798 sc
2026 1760 2146 1796 cum

2261 564 2365 602 non
2393 547 2527 600 alius
2553 562 2715 616 quam
2750 546 3005 600 Christus
3034 554 3136 600 est.
3170 543 3322 611 Quod
3364 544 3410 597 si
3455 542 3675 606 Christus
3695 566 3773 613 est.

2256 652 2308 697 et
2338 644 2382 697 is
2405 644 2617 697 occisus
2649 643 2770 697 talis
2797 643 3061 712 temporis
3090 639 3406 696 dillinitione
3438 643 3690 715 probatur,
3710 653 3775 708 cui

2256 733 2469 786 aversio
2501 732 2680 802 populi
2731 743 2894 802 atque
2933 732 3169 803 negatio,
3204 732 3445 787 civitatis
3472 735 3681 805 denique
3727 757 3776 798 ac

2255 823 2553 877 sanctuarii
2610 823 2896 893 dissipatio
2961 823 3028 877 ad
3087 823 3355 894 integrum
3406 827 3638 893 congruit
3683 845 3779 888 cum

2256 916 2391 969 duce
2423 914 2667 985 prmfato.
2723 915 2872 969 Paeti
2926 929 3163 985 quoque,
3207 915 3350 985 quod
3408 930 3512 969 non
3555 927 3627 971 est
3669 920 3780 979 aliud

2254 1023 2414 1077 quam
2454 1007 2765 1076 promissio,
2795 1008 2944 1077 regni
2974 1007 3215 1061 caelestis
3266 1006 3620 1061 confirmatio.
3645 1011 3780 1080 Agite,

2255 1103 2350 1161 ait,
2375 1100 2751 1168 paenitentiam,
2780 1099 3213 1168 apprOpiuquabit
3240 1096 3359 1169 [al.,
3377 1097 3781 1174 apprOpinquarit]

2253 1192 2390 1245 enim
2435 1208 2647 1259 regnum
2696 1190 2939 1245 caelorum
2964 1189 3280 1261 (Mattlmu,
3313 1189 3393 1258 2).
3419 1187 3487 1242 Et
3533 1189 3585 1243 in
3607 1191 3781 1248 dimidio

2250 1280 2632 1345 hebdomadis,
2709 1297 2831 1335 cum
2921 1280 3171 1335 Christus
3247 1295 3306 1335 se
3378 1279 3527 1333 Patri
3591 1282 3780 1350 obtulit,

2256 1371 2448 1426 hostia:
2501 1371 2867 1441 sacrificiique
2918 1371 3169 1434 defectio,
3205 1371 3273 1425 ad
3320 1368 3563 1423 ultimum
3608 1370 3696 1426 loci
3734 1376 3784 1430 ab

2253 1462 2652 1516 habitatoribus
2715 1462 3003 1532 tripliciter
3055 1462 3282 1531 repetita
3341 1462 3627 1516 damnatio.
3676 1465 3784 1529 Quid

2254 1555 2469 1621 dicetis,
2515 1555 2606 1624 qui
2654 1555 2924 1608 neminem
2958 1554 3043 1609 cui
3094 1553 3386 1608 conveniat
3432 1552 3536 1606 nisi
3569 1554 3692 1608 hunc
3725 1557 3785 1609 in-

2253 1644 2397 1700 ferre
2444 1646 2710 1716 potestis?
2765 1648 2871 1701 Aut
2908 1661 3037 1717 ergo
3079 1655 3292 1700 vestras
3339 1645 3475 1698 mihi
3524 1643 3785 1715 Scripturas

2255 1738 2529 1806 exponite,
2584 1747 2644 1791 ut
2690 1754 2720 1791 a
2766 1747 3067 1807 prretaxata
3110 1738 3251 1791 serie
3298 1736 3605 1806 explanatio
3643 1747 3784 1793 vestra

566 1829 770 1886 Judtcis
821 1834 1070 1887 exercuit
1122 1843 1177 1887 et
1249 1834 1444 1889 multos
1515 1836 1582 1889 ab
1654 1851 1844 1890 errore
1915 1836 2143 1889 diduxit.
2183 1819 2359 1883 Bnon
2414 1830 2709 1900 discrepet,
2755 1838 2847 1883 aut
2906 1829 3204 1883 intellectui
3251 1828 3561 1882 Christiano
3611 1830 3787 1899 acquie-

569 1922 812 1989 Quorum
847 1934 1025 1980 tamen
1058 1926 1303 1979 omnium
1356 1927 1600 1981 doctrina
1632 1926 1759 1981 Jesu
1806 1928 2014 1982 Domini
2058 1943 2143 1983 sc-

566 2015 857 2070 minarium
901 2015 1024 2072 fuit.
1062 2018 1115 2072 In
1163 2017 1317 2086 cujus
1342 2019 1567 2073 dimidio
1595 2019 1945 2074 hebdomadis
1976 2022 2147 2077 sacri-

565 2106 750 2163 ﬁcium
804 2108 999 2164 defecit
1047 2119 1102 2164 et
1152 2111 1352 2175 hostia,
1392 2112 1518 2179 quia
1571 2127 1825 2182 corpore.
1876 2116 2019 2182 quod
2065 2123 2149 2169 est

564 2196 834 2262 Christus,
892 2199 1157 2265 exhibito,
1216 2202 1502 2255 vitulorum
1591 2211 1646 2257 et
1703 2214 1985 2259 taurorum
2031 2207 2143 2276 jam

562 2287 702 2342 nihil
753 2288 957 2357 profuit
1016 2292 1232 2346 umbra.
1295 2294 1351 2346 lu
1402 2294 1603 2364 templo
1652 2294 1755 2349 fuit
1813 2295 2146 2351 abominatio

563 2380 928 2447 desolatiouis,
971 2384 1096 2453 quia
1142 2385 1230 2438 ubi
1285 2386 1425 2440 Deus
1472 2402 1580 2440 non
1627 2398 1730 2452 est,
1758 2405 1933 2459 neque
1976 2391 2143 2445 ullum

561 2473 764 2529 bonum
817 2484 901 2530 est
939 2492 1122 2541 omen,
1157 2493 1332 2547 neque
1376 2479 1609 2534 habitari
1652 2481 1755 2535 dici
1806 2492 2002 2551 potest,
2057 2483 2145 2538 ubi

562 2567 743 2623 nullus
786 2577 888 2623 est.
923 2569 1061 2637 Quia
1114 2571 1259 2625 enim
1303 2570 1551 2627 diabolus
1599 2589 1703 2629 non
1749 2590 1873 2630 vere
1913 2585 2019 2642 est,
2058 2577 2145 2631 ubi

563 2672 691 2712 vera
732 2660 971 2714 essentia
1018 2676 1124 2714 non
1174 2670 1279 2726 est,
1312 2662 1509 2715 misera
1564 2664 1800 2719 solitudo
1832 2676 1956 2720 est:
1990 2666 2143 2737 Ecce,

563 2749 760 2819 inquit,
795 2751 1114 2821 relinquetur
1139 2754 1277 2806 vobis
1302 2754 1487 2808 domus
1512 2766 1677 2810 vestra
1700 2757 1903 2811 deserta
1928 2758 2144 2829 (Matth.

563 2858 724 2908 χχιιι,
778 2843 879 2909 58;
909 2843 1038 2899 Luc.
1088 2861 1210 2911 xnt,
1244 2846 1356 2917 55).
1403 2847 1613 2901 Etenim
1655 2851 1846 2905 unibra
1878 2854 2146 2920 quomodo

562 2946 683 2988 esse
742 2944 957 3005 poterat
1004 2938 1208 3007 absqtje
1253 2941 1515 3008 corpore?
1571 2940 1714 3013 Ergo
1742 2942 1815 2996 uil
1864 2944 1993 2999 inibi
2038 2962 2147 2999 non

560 3043 953 3099 supervacuum
982 3039 1119 3087 erat.
1612 3044 1617 3049 '

631 3123 698 3177 Et
754 3134 811 3180 ut
868 3135 1019 3181 certo
1078 3127 1283 3182 certius
1341 3136 1649 3184 teneremus
1702 3131 1844 3201 quod
1899 3131 2044 3187 mille
2094 3140 2146 3187 ct

559 3216 790 3287 amplius
830 3219 1122 3289 annisjam
1166 3219 1470 3289 perstitisse
1503 3222 1770 3289 videmus,
1817 3225 1976 3280 tertio
2022 3242 2145 3280 sen-

488 3334 493 3341 -
559 3309 786 3363 tentiam
826 3311 1179 3368 desolationis
1229 3312 1485 3369 inculcat.
1524 3312 1909 3381 Perseuerabit,
1944 3319 2141 3387 inquit,

557 3399 813 3455 desolatio
873 3403 1037 3475 (Dan.
1088 3422 1166 3472 ιχ,
1214 3406 1327 3478 27),
1374 3408 1502 3462 dum
1560 3418 1615 3463 et
1653 3413 2052 3467 consummatio
2091 3422 2144 3467 et

558 3492 683 3549 ﬁnis
713 3496 963 3553 videlicet
985 3500 1305 3554 saaculorum
1329 3502 1595 3557 deveniat.
1631 3503 1825 3570 Dicite,
1856 3506 2142 3574 profanum

556 3595 613 3639 et
634 3589 882 3655 pertinax
908 3591 1119 3659 vulgus,
1144 3593 1361 3648 cuinam
1381 3594 1483 3649 ista
1501 3594 1815 3663 jndicabitis
1836 3602 2145 3666 pertinuere?

556 3677 809 3733 Forsitan
843 3682 907 3733 ad
937 3683 1254 3747 liircanum,
1287 3703 1447 3756 quem
1480 3701 1780 3743 extremum
1820 3707 1939 3745 cum
1968 3694 2146 3762 ponti-

558 3769 663 3826 ﬁco
678 3769 766 3844 [f.,
784 3772 1058 3842 pontifice,
1078 3774 1153 3828 vel
1168 3774 1468 3848 pontificio]
1497 3792 1676 3847 regem
1700 3780 2018 3835 habueritis.
2040 3782 2145 3837 Sed

557 3864 688 3934 quid
715 3864 817 3919 ista
844 3866 911 3920 ad
938 3864 1117 3919 illum?
1167 3868 1419 3937 nunquid.
1436 3868 1688 3938 populus,
1720 3871 1809 3938 qui
1844 3871 1959 3940 ejus
2003 3884 2138 3939 erat,

557 3958 809 4026 negavit?
833 3960 1076 4030 nunquid
1104 3976 1212 4015 non
1250 3962 1439 4032 parchi
1473 3963 1589 4032 ejus
1620 3964 1998 4031 desceuerant,
2034 3984 2143 4021 non

558 4051 729 4120 ferro,
764 4054 857 4108 sed
902 4054 1156 4109 dentibus
1197 4070 1378 4121 aures,
1410 4065 1470 4110 ut
1512 4057 1818 4111 sacerdotio
1859 4059 2144 4115 damnare-

562 4148 684 4200 tur?
723 4145 908 4217 Neque
966 4148 1111 4202 enim
1169 4165 1197 4202 a
1258 4149 1453 4218 popqu
1505 4159 1597 4203 aut
1646 4152 1776 4215 vita,
1840 4162 1933 4206 aut
1979 4166 2144 4223 regno

557 4238 802 4307 privatus
851 4247 952 4294 est.
1000 4238 1173 4294 Velim
1220 4241 1379 4311 plane
1408 4257 1438 4296 a
1489 4242 1641 4296 vobis
1693 4259 1872 4308 nosse,
1906 4261 2026 4313 qua:
2075 4246 2145 4299 sit

557 4339 683 4401 post
711 4332 1177 4388 abbreviationem
1209 4335 1551 4404 septuaginta
1586 4336 1978 4392 hclulomadnm
2008 4354 2141 4395 con-

556 4423 847 4477 summatio
897 4424 1365 4493 praevaricationis
1444 4434 1497 4479 et
1550 4428 1783 4496 peccati,
1825 4430 1967 4484 unde
2018 4439 2144 4487 tunc

557 4514 705 4578 linis,
738 4531 858 4585 quae
908 4518 1210 4587 iniquitatis
1239 4517 1493 4583 delectio,
1526 4520 1647 4589 quis
1681 4528 1808 4576 tunc
1853 4522 2143 4577 adduxerit

552 4612 820 4682 justitiam
880 4615 1291 4683 sempiternam.
1354 4614 1646 4680 Conferte,
1711 4620 2038 4685 mendaces,
2089 4628 2143 4673 et

552 4713 705 4783 certe
760 4718 1099 4775 nequaquam
1143 4706 1385 4774 reperire
1434 4708 1703 4777 poteritis,
1751 4710 1893 4778 quod
1940 4709 2143 4778 aliquid

555 4798 746 4851 horum
782 4798 854 4852 illi
888 4800 993 4853 ullo
1021 4800 1179 4854 modo
1212 4802 1440 4870 tempori
1469 4801 1646 4857 valeat
1682 4803 1995 4857 convenire.
2028 4803 2142 4856 lmo

555 4889 656 4943 sub
708 4892 863 4945 novis
913 4893 1129 4961 regibus
1179 4893 1443 4947 bellorum
1495 4910 1558 4948 ac
1608 4895 1834 4948 medium
1888 4894 2139 4964 plurima,

555 4985 852 5039 secundum
882 4987 1162 5052 historias,
1195 4995 1546 5040 excrementa
1577 4986 1815 5040 srcvisse.

632 5104 707 5158 De
746 5103 957 5158 visione
986 5111 1041 5157 et
1070 5102 1337 5172 propheta
1368 5100 1496 5169 quid
1529 5100 1767 5156 sentiant
1798 5102 1985 5167 miror,
2017 5102 2141 5171 quia

558 5195 691 5250 nihil
750 5196 874 5251 novi
929 5191 1226 5250 secundum
1280 5192 1423 5262 quod
1474 5192 1805 5261 opinantur,
1836 5195 1998 5265 272
2039 5195 2144 5250 illis

555 5289 744 5343 diebus
778 5286 1061 5344 acciderit.
1101 5284 1167 5338 Et
1212 5300 1335 5341 cum
1386 5300 1650 5340 annorum
1704 5287 1840 5341 adeo
1865 5288 2145 5343 evidenter

557 5382 812 5451 praelixus
838 5382 909 5437 sit
945 5379 1230 5445 terminus,
1258 5388 1318 5433 ut
1340 5388 1641 5449 temporum
1672 5380 1864 5435 notitia
1888 5381 2145 5436 vacillare

559 5485 664 5525 non
730 5470 941 5541 possit,
1012 5476 1068 5523 et
1128 5469 1228 5539 ipsi
1286 5484 1391 5524 non
1461 5468 1661 5541 aliquid
1726 5471 2139 5542 prOphetieum,

557 5563 823 5617 visionive
864 5561 1222 5627 conveniens,
1254 5576 1320 5616 eo
1348 5560 1451 5616 loci
1498 5570 1625 5616 tunc
1656 5563 1902 5617 evenisse
1939 5571 2145 5617 testen-

566 5663 847 5723 tur:quae
896 5653 1001 5710 erit
1066 5652 1249 5720 illius,
1306 5668 1529 5724 quaeso,
1583 5653 1767 5709 Sancti
1827 5663 2141 5710 sanctorum

563 5744 788 5799 unctio?
856 5745 913 5801 Si
970 5744 1207 5802 Sanctus
1269 5759 1581 5802 sanctorum
1643 5756 1767 5814 est,
1830 5759 2143 5804 sanctorum

560 5836 804 5895 omnium
843 5839 1149 5915 praecipuus
1197 5848 1307 5909 est;
1338 5855 1497 5913 quem
1548 5856 1646 5898 vos
1701 5841 1845 5897 hunc
1896 5842 2145 5901 sentiatis

2250 1921 2407 1986 scite,
2435 1937 2463 1975 a
2497 1937 2605 1992 quo
2628 1921 2942 1992 pr0phetiea
2977 1921 3208 1976 intentio
3236 1934 3341 1974 non
3361 1919 3638 1974 abhorret.

2324 2012 2380 2066 Si
2410 2012 2500 2067 tibi
2533 2014 2709 2066 minus
2739 2012 3022 2082 perspicua
3064 2012 3178 2066 luce
3206 2020 3354 2076 sunt,
3407 2011 3589 2082 accipe
3612 2012 3788 2067 eviden-

2253 2106 2357 2161 tius
2387 2107 2642 2177 quiddam
2676 2107 3065 2175 :Aspiciebam,
3110 2106 3187 2159 ait
3232 2105 3396 2170 idem,
3429 2106 3483 2158 in
3505 2106 3609 2159 visu
3636 2108 3786 2174 noctis,

2249 2211 2295 2253 et
2333 2216 2445 2253 ecce
2467 2201 2521 2253 in
2551 2201 2771 2254 nubibus
2807 2199 2917 2253 cwli
2954 2199 3105 2269 quasi
3136 2197 3280 2266 [ilius
3310 2198 3536 2251 hominis
3578 2199 3787 2266 veniebat,

2249 2304 2297 2348 et
2328 2312 2487 2365 usque
2516 2296 2584 2348 ad
2618 2296 2903 2366 Antiquam
2933 2295 3139 2347 dierum
3179 2295 3434 2361 pervenit,
3467 2302 3515 2346 et
3539 2293 3588 2345 in
3614 2310 3792 2361 conspe-

2250 2399 2336 2442 ctu
2369 2389 2482 2458 ejus
2528 2388 2827 2443 obtulerunt
2872 2403 2989 2442 eum
3014 2400 3032 2437 :
3064 2396 3111 2440 et
3144 2387 3285 2440 dedit
3329 2390 3377 2440 ei
3406 2394 3720 2455 potestatem,
3753 2396 3789 2439 et

2250 2482 2527 2545 honorem,
2576 2490 2623 2533 et
2672 2496 2913 2550 regnum,
2976 2488 3022 2532 et
3067 2494 3243 2532 omnes
3287 2477 3496 2548 populi,
3544 2477 3721 2542 tribus,
3756 2486 3793 2531 et

2251 2572 2444 2642 lingua:
2496 2574 2714 2625 servient
2765 2572 2811 2625 ei
2864 2570 3026 2642 (Dan.
3085 2586 3183 2634 vn,
3232 2570 3318 2635 15,
3382 2570 3494 2639 14).
3537 2569 3792 2639 Antiquam

2251 2666 2462 2720 dierqu
2494 2666 2635 2719 haud
2668 2664 2888 2718 dubium
2917 2663 3046 2732 quin
3076 2663 3251 2732 ipsum
3286 2662 3454 2716 Deum
3487 2662 3792 2732 intelligatis;

2251 2758 2343 2813 sed
2389 2759 2509 2827 quis
2538 2768 2621 2812 est
2653 2758 2793 2811 filius
2843 2757 3098 2821 hominis,
3141 2756 3232 2824 qui
3265 2755 3516 2825 pervenit
3547 2755 3608 2808 ad
3639 2754 3797 2808 illum?

2251 2851 2505 2921 Nunquid
2535 2850 2943 2921 comparabitur
2977 2850 3140 2905 homo
3175 2848 3392 2903 Factori
3417 2849 3550 2902 suo?
3583 2847 3797 2903 Potestas

2250 2946 2415 3011 enim,
2455 2946 2628 2999 honor
2670 2953 2725 2999 et
2772 2958 2996 3013 regnum
3043 2942 3097 2995 in
3130 2942 3440 2996 aeternitate
3478 2940 3565 2995 illa
3616 2941 3792 2995 nemini

2250 3036 2430 3101 datur,
2461 3036 2562 3089 nisi
2591 3036 2662 3101 ei,
2694 3034 2784 3103 qui
2814 3034 2955 3086 Deus
2986 3031 3266 3085 habeatur.
3303 3029 3520 3099 Populi,
3553 3029 3734 3093 tribus,
3753 3038 3796 3082 ct

2252 3130 2446 3200 lingua:
2498 3130 2569 3185 ibi
2610 3128 2739 3183 nulli
2783 3126 3049 3192 serviunt,
3097 3125 3200 3179 nisi
3243 3140 3405 3194 quem
3448 3124 3798 3178 transcendere

2254 3226 2417 3280 totius
2451 3224 2574 3293 jura
2608 3222 2961 3278 lunnanitatis
2991 3221 3188 3275 sciunt.
3244 3219 3372 3275 Ideo
3419 3220 3565 3273 hunc
3608 3219 3659 3273 in
3688 3234 3798 3272 con-

2251 3330 2436 3390 spectu
2492 3320 2585 3374 Dei
2619 3317 2876 3381 offerunt,
2908 3315 3035 3385 quia
3064 3330 3188 3368 eum
3217 3314 3420 3383 quique
3446 3312 3628 3368 fideles
3653 3312 3798 3367 solum

2252 3417 2401 3470 Patri
2467 3412 2920 3485 conspicabilem,
2978 3409 3124 3464 Patri
3202 3396 3512 3478 specialiter
3567 3409 3794 3478 placitum

2249 3511 2494 3566 credunt.
2530 3509 2696 3562 Nemo
2726 3508 2863 3559 enim
2897 3506 3037 3557 novit
3073 3501 3273 3557 Filium
3307 3503 3409 3556 nisi
3447 3502 3623 3567 Pater,
3665 3517 3800 3571 neque

2250 3601 2462 3655 Putrem
2488 3602 2603 3669 quis
2654 3599 2753 3652 nisi
2784 3595 2981 3660 Filius,
3015 3605 3060 3649 et
3100 3596 3185 3648 cui
3228 3596 3441 3648 coluerit
3486 3592 3655 3647 Filius
3690 3610 3800 3647 reve-

2248 3696 2396 3749 iure?
2433 3694 2647 3765 (Matth.
2685 3709 2763 3755 ix,
2794 3691 2909 3759 9.7.)
2939 3690 3057 3760 Ipse
3088 3690 3250 3744 etiam
3284 3688 3560 3759 subjuugit
3593 3689 3796 3742 ibidem:

2249 3786 2442 3839 Omnia
2494 3786 2619 3838 mihi
2651 3783 2848 3836 tradita
2890 3791 3009 3836 sunt
3054 3799 3083 3833 a
3111 3779 3271 3833 Patre
3313 3795 3426 3833 meo
3460 3778 3669 3850 (Ibid)
3708 3778 3797 3831 Et:

2248 3879 2387 3933 Data
2438 3888 2511 3932 est
2562 3878 2691 3929 mihi
2732 3876 2900 3929 omnis
2952 3882 3180 3943 potestas
3233 3873 3286 3926 in
3337 3872 3464 3926 caelo
3512 3873 3641 3926 etin
3687 3880 3800 3923 terra

2250 3970 2466 4041 (Matth.
2512 3984 2719 4031 xxvnt,
2774 3967 2882 4035 18).
2941 3965 3032 4019 Sic
3096 3964 3344 4034 pervenit
3404 3963 3473 4018 ad
3534 3962 3800 4030 Antiqutnu

2248 4062 2479 4127 dierum,
2512 4062 2638 4131 quia
2664 4062 2755 4130 qui
2774 4061 2824 4113 iu
2851 4059 2962 4115 sole
2983 4066 3244 4129 Posnerat
3272 4057 3699 4120 tabernaculum,
3723 4054 3797 4124 qui

2249 4160 2505 4221 tauquam
2539 4168 2772 4221 sponsus
2811 4153 2876 4207 de
2911 4150 3147 4205 thalamo
3195 4165 3293 4205 suo
3336 4165 3593 4219 egressus
3624 4151 3794 4209 fuerat,

2249 4248 2340 4316 qui
2400 4246 2684 4316 plusquam
2740 4246 2923 4306 homo,
2986 4244 3106 4298 ideo
3167 4244 3340 4313 gigas,
3394 4244 3463 4297 ad
3507 4243 3801 4297 currendum

2247 4340 2617 4394 exsultaverat
2674 4338 2840 4403 viam,
2870 4339 3023 4408 cujus
3062 4351 3316 4407 egressus
3355 4352 3385 4389 a
3437 4352 3649 4391 summo
3687 4336 3801 4390 ctnlo

2246 4434 2477 4496 exstitit,
2541 4448 2804 4487 occursus
2856 4446 3073 4501 quoque
3120 4429 3188 4483 ad
3233 4445 3507 4484 summum
3575 4430 3714 4500 ejus,
3750 4426 3800 4481 ad

2248 4529 2465 4583 Patrem
2499 4527 2746 4582 videlicet
2782 4526 2880 4580 fuit
2923 4523 3097 4597 (Psal.
3141 4540 3296 4586 xvm,
3329 4523 3408 4593 5).

2315 4623 2370 4676 Is
2394 4639 2485 4692 per
2512 4622 2675 4674 risum
2705 4621 2869 4673 noctis
2894 4616 3239 4688 quasiFilius
3260 4618 3491 4671 hominis
3518 4618 3734 4672 veniebat
3762 4616 3799 4669 in

2248 4716 2471 4770 nubibus
2507 4714 2671 4783 (Dan.
2711 4729 2803 4775 \‘ll,
2842 4711 2950 4783 l5).
2990 4711 3126 4779 Quia
3175 4711 3408 4766 obscure
3446 4712 3666 4766 omnino
3701 4725 3805 4763 vett-

2249 4822 2402 4864 turus
2468 4805 2870 4876 prtedicabatur
2934 4806 2985 4859 in
3053 4804 3389 4874 propheticis
3470 4804 3805 4860 locutiouilnts

2248 4902 2400 4971 quasi
2434 4902 2597 4955 homo
2625 4916 2829 4970 purus;
2863 4898 2947 4954 vel
2975 4899 3129 4969 quasi
3160 4898 3302 4952 filius
3334 4898 3595 4963 hominis,
3627 4900 3720 4952 hoc
3742 4902 3805 4948 est

2248 5006 2438 5047 revera
2490 4994 2631 5048 filius
2674 4993 2937 5058 hominis;
3001 4993 3144 5062 quod
3203 5006 3311 5046 non
3348 4998 3435 5046 est
3494 4990 3636 5043 aliud
3669 5000 3804 5058 quam

2250 5085 2504 5156 Virginis.
2566 5085 2635 5140 Ut
2689 5094 2773 5139 est
2829 5084 2959 5138 illud
3012 5103 3024 5137 :
3072 5084 3237 5149 Quasi
3281 5082 3551 5154 Unigeniti
3597 5100 3629 5136 a
3674 5081 3805 5134 Patre

2249 5177 2432 5247 (Joan.
2486 5194 2538 5240 ι,
2593 5179 2703 5248 14).
2769 5176 3072 5247 Sequitur:
3122 5174 3366 5229 Potestas
3424 5176 3542 5245 ejus
3603 5182 3804 5245 potestas

2247 5288 2466 5339 aeterna,
2496 5289 2611 5344 qua:
2642 5288 2744 5325 non
2777 5272 3069 5341 auferetur,
3094 5281 3139 5323 et
3164 5285 3380 5340 regnum
3403 5269 3543 5340 ejus,
3569 5268 3806 5340 quodnon

2247 5377 2612 5438 corrumpetur
2658 5366 2820 5438 (Dan.
2853 5381 2951 5432 vn,
2994 5364 3104 5436 Η).
3144 5363 3202 5420 Si
3243 5364 3389 5419 filius
3439 5363 3676 5419 hominis
3717 5368 3804 5447 est,

2247 5472 2302 5519 et
2328 5470 2575 5533 potestas
2603 5460 2719 5528 ejus
2770 5468 3017 5529 potestas
3045 5465 3271 5524 aeterna,
3302 5457 3616 5521 immobilis,
3658 5456 3809 5508 incor-

2250 5556 2635 5626 ruptibilisque
2662 5558 2779 5620 jest,
2811 5567 2943 5623 ergo
2990 5553 3133 5607 Deus
3178 5560 3232 5607 et
3271 5551 3435 5607 homo
3467 5560 3570 5605 est.
3604 5549 3714 5619 ipse
3739 5550 3807 5601 est

2253 5650 2416 5707 homo
2469 5650 2586 5705 sine
2647 5647 2920 5715 adjutorio
2975 5644 3116 5701 inter
3170 5654 3416 5701 mortuos
3468 5644 3603 5700 liber
3654 5634 3805 5713 (Psal.

2251 5760 2493 5809 Lxxxvn,
2527 5742 2603 5814 6).

2332 5836 2465 5905 Quis
2491 5844 2572 5893 est
2608 5837 2770 5892 etiam
2800 5837 2941 5909 apud
2972 5837 3115 5901 hunc
3148 5834 3322 5906 ipsum
3352 5831 3662 5907 propinatum
3690 5820 3805 5899 ιερίε
