4014 6324
570 300 677 358 515

1393 292 1456 348 Ὗ.
1483 289 1814 347 GUIBERTI
1837 285 2130 342 ABBATIS
2149 285 2211 340 S.
2251 284 2492 339 MABIJL
2538 285 2624 338 Dis
2651 283 3051 341 NUWGENTO

3026 78 3288 182 και
3591 153 3632 182 .

3382 322 3431 392 5
3715 297 3806 359 516

566 411 693 466 Haec
741 407 1038 479 confringit
1083 421 1114 459 a
1168 405 1348 474 rigore
1379 401 1720 472 nequissimo
1764 399 1930 454 duces
1979 397 2156 465 Moab,
2188 396 2606 463 Avastitatem,
2640 410 2905 453 annorum
2937 397 3051 468 jam
3099 397 3248 456 mille
3291 392 3809 480 continuitioneqpm.

566 502 847 574 gentilium
879 502 1063 568 utique
1091 496 1181 567 qui
1213 498 1329 550 sine
1366 493 1485 564 lege
1521 503 1668 558 sunt,
1700 503 2020 562 patremque
2059 490 2156 544 ha-

564 597 694 648 bent
715 591 1012 647 diabolum.
1036 587 1192 642 Moab
1223 600 1454 654 namque
1484 601 1549 638 ea:
1575 592 1724 654 patre
1741 583 1824 637 vel
1849 582 2001 635 exlex
2022 579 2158 637 dici-

566 696 672 740 tur.
702 685 800 739 Eth
847 691 1028 737 autem
1070 679 1464 749 interpretatur
1489 689 1723 747 stupens.
1754 676 1858 743 Qui
1887 683 2016 731 sunt
2043 683 2155 730 stu-

562 784 770 848 pentes,
797 773 1081 828 nisiJudzei
1107 775 1197 842 qui
1220 773 1532 827 nescierunt
1554 787 1726 840 neque
1751 769 2156 834 intellexerunt,

563 876 617 923 et
647 869 702 922 in
725 867 973 922 tenebris
1011 866 1333 921 ambulant?
1364 865 1429 920 lli
1473 875 1600 920 sunt
1645 864 1760 928 ftlii,
1795 865 1888 919 sed
1922 862 2156 928 mentiti,

562 959 656 1014 sed
683 959 927 1014 alienati.
959 959 1069 1014 llos
1104 959 1255 1029 virga
1289 965 1488 1024 vastat,
1521 957 1652 1027 quia
1684 957 1817 1028 legis
1848 956 2154 1021 scientiam,

561 1067 724 1121 quam
755 1051 895 1108 falso
938 1052 1122 1108 Iudaea
1164 1063 1415 1123 usurpat,
1459 1051 1643 1123 gentili
1681 1052 1933 1106 Christus
1961 1050 2158 1121 populo

563 1145 840 1200 veraciter
871 1148 984 1200 dat.
1009 1143 1169 1201 Calix
1199 1147 1339 1200 enim
1363 1147 1418 1198 in
1449 1161 1609 1200 manu
1639 1144 1852 1198 Domini
1885 1145 1991 1198 vini
2027 1145 2158 1198 meri

561 1239 746 1308 plenas
783 1242 962 1307 mitto,
999 1250 1050 1293 et
1101 1239 1370 1294 inclinarit
1401 1256 1466 1294 ea:
1494 1240 1589 1292 hoc
1613 1240 1672 1292 in
1702 1240 1847 1294 hunc
1873 1237 2155 1308 pepulum.

571 1331 943 1388 Verumtamen
974 1333 1082 1402 fata:
1103 1333 1224 1402 ejus
1267 1349 1370 1386 non
1401 1342 1473 1386 est
1507 1333 1804 1400 exinanita,
1829 1332 2004 1386 bibent
2041 1348 2158 1385 om-

566 1443 655 1482 nes
699 1439 1002 1499 peccatores
1049 1438 1201 1480 terra:
1247 1423 1420 1496 (Psal.
1472 1440 1658 1491 uxrv,
1701 1425 1756 1491 8,
1796 1423 1874 1493 9).
1925 1423 2157 1478 [damma

566 1518 683 1587 ejus
727 1519 1002 1590 possessio
1043 1528 1147 1584 est,
1191 1517 1319 1586 quia
1372 1525 1523 1571 tanto
1569 1517 1892 1586 castigatius
1927 1530 2160 1585 quaeque

567 1627 720 1667 utens
759 1614 832 1666 ad
877 1612 1046 1665 Deum
1099 1610 1461 1674 convertitur,
1511 1618 1714 1678 quanto
1753 1609 2025 1663 terrenior
2053 1616 2156 1663 est.

565 1704 718 1757 Sicut
765 1718 921 1758 mons
971 1703 1124 1768 Sion,
1173 1703 1248 1756 ita
1305 1711 1362 1756 et
1416 1701 1586 1754 latera
1643 1700 1915 1770 aquilonis
1965 1699 2160 1754 civitas

2259 487 2456 544 hastis.

2890 582 3118 640 CAPUT
3139 585 3232 642 Ν.

2343 675 2422 731 De
2461 673 2709 770 "Curii;
2734 682 3132 770 resuzr‘egtione.
3160 711 3227 722 --
3255 679 3529 737 Habentes
3567 683 3716 755 igitur
3737 705 3812 746 ra-

2269 739 2494 827 tiones“
3089 775 3444 853 immittitis

2269 862 2322 918 in
2384 865 2525 930 Deo,
2580 865 2646 921 de
2705 866 2986 937 passione,
3032 883 3187 924 resur
3229 870 3501 938 reetione,
3541 881 3594 926 et
3649 889 3813 933 ascea-

2265 954 2454 1022 sione,
2521 963 2674 1011 tanta
2727 957 2972 1028 profecto
3030 968 3091 1013 ut
3145 973 3335 1015 eorum
3409 961 3561 1032 copia
3613 963 3814 1036 inopiam

2265 1047 2480 1102 dicendi
2544 1049 2755 1118 pariat,
2809 1065 3038 1120 quorum
3111 1053 3600 1124 multiplicitatem,
3649 1069 3696 1114 et
3728 1062 3813 1117 nti-

2265 1150 2365 1189 nus
2423 1135 2620 1189 eruditi
2669 1136 2737 1190 ad
2797 1152 3017 1192 manum
3071 1139 3305 1207 habent,
3357 1149 3415 1196 et
3465 1143 3689 1201 Ecclesia
3732 1164 3814 1204 can

2273 1225 2415 1293 titat,
2477 1241 2539 1280 ea
2607 1228 2720 1282 sola
2771 1229 3063 1298 protulisse
3114 1233 3355 1288 collibuit
3412 1250 3533 1303 quae
3591 1235 3816 1297 Deumia

2268 1318 2487 1374 homine
2557 1320 3011 1378 demonstrarent.
3088 1323 3240 1390 Quod
3305 1327 3356 1381 si
3425 1326 3567 1382 Deus
3618 1339 3817 1388 :eternus

2271 1417 2456 1476 aperta
2507 1408 2910 1482 Scripturarum
2964 1424 3272 1471 vestrarum
3317 1417 3685 1488 astipulatione
3717 1438 3817 1492 pro-

2263 1498 2450 1570 batur,
2504 1503 2633 1572 quid
2684 1519 2937 1576 magnum
2989 1506 3138 1575 fecit,
3194 1509 3238 1564 si
3291 1525 3491 1581 corpus
3526 1527 3723 1581 passum
3749 1517 3814 1570 vi-

2266 1602 2334 1647 tte
2374 1594 2630 1663 restituit,
2675 1611 2796 1650 cum
2842 1605 2897 1650 et
2933 1597 3094 1654 Elisci
3137 1599 3370 1654 cadaver
3413 1601 3468 1655 id
3506 1603 3700 1672 egerit?
3727 1606 3818 1660 Au-

2268 1685 2352 1738 dis
2387 1685 2559 1740 David
2592 1700 2713 1740 cum
2755 1688 2820 1742 de
2853 1703 3236 1756 pressurarum
3283 1691 3565 1747 nimietate
3601 1709 3817 1762 querere-

565 1795 729 1866 Regis
759 1797 978 1866 magni;
1029 1765 1124 1850 ubi
1169 1795 1313 1851 enim
1361 1795 1601 1848 3.1",“th
1647 1765 1929 1862 ρέωδιυηι
1965 1808 2156 1863 super.
2194 1765 2238 1819 Β
2270 1785 2377 1845 tur,
2407 1794 2527 1848 qum
2574 1779 2750 1835 solent
2795 1781 2936 1852 apud
2981 1783 3230 1838 homines
3275 1800 3574 1854 provocare
3598 1788 3814 1858 vigilias:

566 1888 806 1944 abundat
850 1890 1047 1960 gratia.
1095 1889 1224 1942 Seir
1271 1887 1472 1957 pilosus
1535 1887 1772 1941 dicitur:
1825 1887 1918 1956 pili
1965 1901 2160 1956 snper-

567 1982 738 2036 fluu-nt
788 1983 1024 2053 corpori,
1063 1979 1480 2051 signiﬁcantque
1535 1979 1897 2033 substantiam
1951 1977 2159 2033 saeculi.

567 2077 697 2144 Quae
722 2085 806 2131 est
835 2075 1129 2130 haereditas
1155 2073 1298 2137 Seir,
1332 2073 1437 2127 nisi
1465 2073 1573 2136 lex,
1603 2081 1696 2126 aut
1724 2072 1899 2141 ipsum
1930 2085 2159 2140 regnum

567 2170 897 2236 Iudaeorum,
935 2184 1058 2238 quae
1087 2169 1200 2239 jam
1237 2167 1476 2238 possidet
1501 2167 1656 2236 plebs
1687 2166 2158 2228 Christianorum;

565 2265 658 2320 sed
689 2264 777 2318 hic
806 2278 1000 2318 sensus
1027 2263 1166 2333 apud
1193 2277 1290 2316 vos
1318 2260 1593 2330 quomodo
1633 2274 1693 2314 se
1737 2259 1883 2328 capit
1918 2259 1984 2311 ad
2015 2256 2164 2311 litte-

565 2357 717 2413 ram?
747 2355 822 2410 nil
850 2356 999 2410 enim
1025 2355 1084 2408 in
1125 2353 1500 2408 Peutateucho
1551 2350 1970 2421 significativum
2014 2348 2164 2403 acci-

566 2447 746 2518 pietis.
785 2447 842 2500 In
887 2445 1050 2500 terris
1087 2461 1215 2500 sane
1253 2445 1361 2499 illis
1390 2445 1769 2514 Assyriorum,
1811 2443 2159 2506 Parthorum,

565 2538 826 2603 Arabum,
849 2535 1301 2604 Francorumque
1324 2535 1642 2604 nuperrime
1663 2533 1973 2587 alternante
1997 2533 2163 2586 victo~

566 2631 674 2699 ria,
704 2631 946 2702 gentium
981 2631 1210 2686 istarum
1247 2645 1320 2684 ne
1367 2630 1485 2700 ipsa
1512 2629 1730 2698 quidem
1763 2629 1984 2682 nomina
2017 2639 2166 2681 rese-

571 2724 719 2779 dere.
756 2723 981 2778 Messias
1009 2737 1138 2793 ergo
1169 2732 1352 2777 vester
1383 2721 1515 2791 quid
1549 2720 1743 2775 faciet?
1771 2720 2050 2790 sequitur:

639 2815 813 2869 Israel
843 2832 961 2869 vero
1011 2815 1219 2883 fortiter
1268 2823 1382 2884 aget
1429 2812 1620 2883 (Num.
1651 2825 1802 2877 xxw,
1839 2809 1949 2879 l8).
1995 2809 2163 2865 Israel

569 2911 766 2968 dicitur
793 2909 958 2982 274
995 2910 1222 2962 directus
1249 2923 1365 2961 cum
1397 2905 1744 2974 Deo.thuis
1761 2921 1883 2959 cum
1901 2903 2164 2959 Deodiri-

570 3001 738 3072 gitur,
761 3001 864 3056 nisi
881 3001 971 3070 qui
998 2999 1127 3054 ﬁdei
1149 2999 1390 3068 regulam
1410 2996 1690 3066 sequitur?
1715 2995 1769 3049 is
1791 2994 2010 3050 forti-ter
2031 2994 2160 3062 agit,

569 3092 661 3162 qui
692 3091 851 3146 ﬁdem
881 3089 1246 3146 Christianam
1278 3091 1442 3143 etiam
1484 3090 1624 3143 inter
1654 3088 1860 3143 atrocia
1889 3097 2156 3142 tormenta

2268 1869 2523 1936 Dormivi,
2560 1873 2655 1940 ait,
2700 1884 2747 1928 et
2781 1887 3062 1942 separatus
3101 1893 3249 1944 sum,
3289 1888 3337 1931 et
3372 1882 3638 1933 exsurrexi
3671 1881 3816 1952 (l’sal.

2268 1978 2350 2030 ιιι,
2383 1963 2459 2034 6),
2491 1964 2667 2020 fossas
2697 1966 2822 2022 alibi
2862 1982 3054 2022 manus
3095 1977 3150 2022 et
3190 1968 3354 2039 pedes
3386 1985 3634 2025 asserens
3671 1969 3818 2042 (Psal.

2265 2069 2379 2122 xxi,
2409 2055 2529 2128 l7);
2565 2058 2706 2126 apud
2743 2057 2913 2125 Osee,
2952 2069 3182 2114 mortem
3229 2076 3288 2115 se
3327 2062 3523 2116 mortis
3554 2061 3657 2117 Deo
3691 2064 3820 2118 exhi-

2265 2147 2429 2202 beutc
2454 2148 2692 2204 futurum
2731 2129 2880 2221 (Οέε.
2913 2167 3037 2216 χιιι,
3069 2151 3186 2222 ll).
3223 2153 3545 2223 Rursusque
3569 2155 3618 2208 in
3643 2155 3820 2224 psalmo

2267 2239 2578 2295 ascendisse
2629 2243 2682 2295 in
2729 2243 3052 2312 jubilationc
3100 2243 3274 2312 Deus,
3329 2255 3384 2298 et
3433 2245 3487 2298 in
3541 2260 3667 2300 voce
3707 2248 3822 2302 tubae

2269 2331 2447 2409 (Psal.
2496 2351 2644 2401 XLVI,
2692 2335 2746 2404 6)
2775 2354 2787 2389 :
2815 2335 3098 2407 Aliasque,
3128 2338 3440 2393 ascendisse
3476 2338 3530 2392 in
3559 2339 3744 2404 altum,
3780 2350 3824 2396 et

2269 2433 2541 2502 captivam
2577 2430 2797 2484 duxisse
2834 2430 3231 2500 captivitatem,
3273 2446 3337 2486 ac
3377 2431 3677 2486 hominibus
3708 2433 3824 2487 dona

2267 2525 2485 2580 dcdissc
2531 2524 2730 2580 dicitur
2779 2523 2998 2596 (Ep/tes.
3050 2525 3249 2608 tv,.8).
3292 2523 3428 2580 Cum
3481 2536 3654 2593 certo,
3697 2525 3824 2595 juxta

2267 2617 2590 2688 Apostolum
2621 2625 2868 2682 constet,
2909 2616 3183 2670 neminem
3226 2617 3526 2672 ascendere
3561 2617 3659 2672 nisi
3691 2633 3824 2687 quem

2270 2709 2615 2766 descendisse
2658 2707 2965 2763 constiterit
2992 2707 3181 2777 (lbid.,
3215 2707 3290 2778 9).

2343 2801 2417 2854 De
2448 2801 2714 2855 vocatione
2761 2799 3012 2869 gentium.
3041 2830 3111 2839 —
3132 2798 3268 2853 Cum
3312 2800 3518 2870 ubique
3545 2797 3828 2871 Scriptura-

2269 2910 2389 2948 rum
2432 2902 2648 2946 tuarum
2687 2892 2999 2946 testimonia
3029 2891 3337 2962 bujusmodi
3379 2893 3433 2945 in
3479 2893 3690 2947 modum
3715 2893 3829 2947 sciu-

2269 2983 2798 3066 tillarumemicent,
2830 2983 2960 3038 illud
2993 2999 3338 3054 summopere
3364 2983 3535 3038 claret
3563 2987 3698 3055 quod
3723 3001 3829 3055 geu-

2271 3077 2404 3130 tium
2450 3076 2666 3131 vocatio
2718 3075 2875 3132 libris
2925 3075 3127 3146 passim
3183 3075 3458 3131 celebrata
3503 3077 3826 3147 propheticis,

569 3145 835 3239 defendit.
887 3183 964 3236 De
1005 3182 1172 3236 Jncob
1205 3183 1302 3235 erit
1335 3183 1424 3252 qui
1471 3181 1768 3234 dominetur
1795 3191 1842 3234 et
1865 3181 2048 3249 perdat
2085 3196 2165 3232 re-
2192 3145 2233 3202 δ
2270 3169 2488 3224 indubie
2528 3169 2798 3241 completa
2847 3145 3088 3224 videtur.
3139 3170 3196 3224 ln
3245 3186 3465 3226 omnem
3509 3145 3701 3227 terram
3735 3174 3828 3244 iam

569 3273 763 3344 liqnias
804 3272 1030 3326 civitatis
1059 3271 1252 3341 (Ibid.,
1298 3271 1411 3341 19).
1461 3270 1617 3337 Quod
1647 3279 1733 3324 cst
1759 3271 1942 3324 dicere
1973 3288 1984 3322 :
2014 3269 2166 3324 Licet

568 3360 713 3422 inter
738 3375 930 3436 gentes
961 3375 1265 3436 martyrum
1306 3363 1569 3419 fortitudo
1599 3363 1872 3431 laudetur,
1907 3363 1972 3417 de
1997 3361 2165 3419 Jacob

569 3469 774 3526 tamen,
811 3460 864 3514 id
893 3466 980 3514 est
1025 3458 1093 3512 de
1139 3457 1360 3524 ludatis,
1407 3457 1498 3527 qui
1535 3457 1698 3521 Esau,
1745 3456 1796 3509 id
1841 3466 1924 3510 est
1953 3465 2163 3527 gentes,

569 3567 626 3608 se
653 3568 750 3622 per
799 3551 1172 3621 acceptionem
1225 3542 1357 3620 legis
1402 3549 1778 3618 supplantasse
1834 3548 2161 3618 gaudebant,

569 3643 820 3699 Christus
859 3642 1120 3696 Dominus
1170 3641 1363 3696 oritur.
1412 3639 1567 3694 Unde
1609 3641 1860 3710 superius
1900 3640 2054 3694 stella
2097 3654 2160 3694 ex

569 3737 760 3803 Jacob,
793 3737 944 3806 virga
997 3737 1064 3790 de
1107 3735 1275 3790 Israel
1313 3742 1414 3789 est.
1445 3735 1613 3788 Maria
1645 3735 1792 3790 enim
1843 3735 1908 3788 de
1965 3733 2166 3789 Judtnis

571 3826 788 3895 quidem
823 3825 970 3880 ducit
1017 3825 1305 3895 originem,
1359 3826 1452 3879 sed
1500 3825 1739 3895 gentium
1785 3824 2012 3894 populus
2041 3841 2163 3879 cum

571 3923 791 3979 Christo
813 3922 1127 3992 specialiter
1149 3922 1414 3988 directus,
1443 3922 1651 3976 Christi
1675 3922 1957 3992 praecipue
1981 3933 2167 3977 osten-

572 4014 651 4069 t’lit
688 4013 1086 4068 fortitudinem.
1131 4013 1314 4066 Perdit
1364 4022 1545 4067 autem
1586 4013 1847 4082 reliquias
1893 4014 2164 4080 civitatis,

573 4108 700 4176 quia
738 4105 865 4161 licet
906 4107 1066 4161 homo
1101 4120 1168 4159 ex
1199 4105 1402 4159 femina
1433 4106 1719 4170 oriundus,
1749 4120 1816 4159 ex
1851 4106 2052 4160 virtute
2085 4115 2166 4160 ta-

573 4217 694 4256 men
734 4202 960 4256 Deitatis
990 4216 1127 4270 quos
1157 4217 1186 4255 a
1216 4200 1310 4256 Dei
1349 4202 1572 4256 civitate
1597 4199 1866 4269 iudicabit
1885 4208 2162 4269 extorres,

569 4293 848 4364 perpetuis
877 4292 1077 4362 poterit
1103 4292 1295 4362 punire
1325 4292 1624 4362 suppliciis.

644 4387 797 4454 Quod
841 4396 1013 4440 totum
1055 4395 1140 4442 est
1177 4387 1396 4442 dicere?
1431 4387 1545 4454 llle,
1578 4387 1672 4456 qui
1719 4386 1930 4442 Iudaici
1979 4388 2167 4444 induet

2269 3263 2435 3318 exivit
2472 3279 2638 3318 sonus
2663 3263 3110 3334 praedicatorum,
3159 3274 3215 3320 et
3253 3266 3308 3320 in
3350 3265 3488 3322 ﬁnes
3516 3269 3662 3324 orbis
3699 3277 3828 3324 terra:

2266 3357 2432 3411 verba
2462 3373 2650 3412 eorum
2687 3355 2862 3428 (Psal.
2893 3374 3050 3425 xviii,
3083 3358 3162 3429 4).
3203 3359 3264 3413 ln
3310 3375 3419 3429 quo
3447 3362 3601 3416 nobis
3625 3363 3830 3434 objicerc

2269 3465 2429 3505 nemo
2454 3460 2635 3519 potest
2664 3444 3025 3520 quarumdam
3057 3453 3298 3522 gentium
3330 3443 3688 3522 apostasiam,
3714 3457 3832 3511 sicut

2269 3560 2370 3599 nec
2408 3543 2558 3599 Isaia:
2600 3544 2692 3613 qui
2720 3542 2957 3609 Iudaeos,
3001 3553 3216 3613 gentem
3260 3548 3646 3614 peccatricem,
3672 3562 3828 3602 semen

2270 3651 2535 3706 nequam,
2589 3635 2730 3691 ﬁlios
2779 3636 3073 3691 sceleratos
3119 3645 3412 3692 vocaverat
3476 3637 3630 3710 (Isai.
3682 3655 3726 3705 ι,
3767 3639 3838 3708 4)..

2268 3729 2622 3785 Postmodum
2667 3731 2743 3784 ait
2769 3747 2782 3782 :
2815 3729 2976 3796 Audi,
3004 3727 3200 3797 Israel,
3231 3747 3373 3784 serve
3402 3747 3570 3799 meus,
3607 3743 3650 3784 et
3677 3732 3829 3784 rectis-

2271 3825 2426 3891 sime,
2483 3841 2633 3895 quem
2683 3824 2813 3896 elegi
2861 3824 2998 3895 (Isa.
3051 3840 3195 3891 κων,
3252 3825 3324 3895 l).
3373 3824 3431 3878 Si
3483 3826 3629 3880 enim
3676 3841 3830 3881 semen

2268 3934 2538 3988 nequam,
2590 3934 2829 3990 gensque
2872 3921 3172 3988 peccatrix,
3225 3921 3496 3988 quomodo
3529 3921 3832 3976 rectissimus

2273 4025 2432 4080 quem
2471 4011 2742 4082 elegerat?
2771 4010 2878 4065 Sed
2927 4021 3096 4066 totum
3153 4027 3250 4080 pro
3299 4021 3494 4082 parte,
3545 4023 3832 4082 partemque

2267 4119 2368 4172 pro
2395 4113 2506 4159 toto
2551 4106 2602 4157 in
2641 4104 2938 4172 Scripturis
2969 4105 3166 4158 vestris
3211 4120 3275 4160 ac
3305 4107 3535 4171 nostris,
3572 4106 3739 4160 solere
3759 4119 3834 4158 ac-

2269 4198 2372 4267 cipi
2403 4215 2509 4252 non
2536 4201 2758 4254 dubium
2787 4201 2941 4255 vobis
2967 4211 3070 4268 est,
3101 4209 3160 4256 ut
3195 4212 3280 4258 est
3307 4203 3438 4257 illud
3466 4223 3478 4256 :
3505 4203 3588 4257 Ad
3619 4215 3665 4258 te
3690 4203 3832 4256 ontnit

2269 4306 2394 4343 caro
2422 4293 2586 4346 veniet
2626 4290 2799 4365 (Psal.
2835 4309 2984 4362 wa,
3021 4294 3102 4365 2),
3144 4296 3287 4364 quod
3328 4311 3436 4350 non
3475 4296 3635 4352 aliter
3665 4295 3832 4353 intelli-

2270 4385 2470 4452 gimus,
2504 4399 2668 4453 quam
2713 4385 2760 4440 si
2785 4385 3032 4440 diceret:
3065 4386 3149 4440 Ad
3178 4395 3228 4441 te
3271 4386 3339 4441 de
3377 4388 3529 4442 omni
3563 4401 3720 4442 carne
3755 4399 3831 4440 ve.

571 4481 786 4553 generis
814 4480 1078 4535 vilitatem
1099 4520 1114 4548 ,
1153 4489 1357 4534 tantam
1393 4480 1611 4535 habebit
1639 4479 1886 4545 Domini,
1921 4481 2063 4550 quod
2097 4481 2164 4536 ad
2197 4502 2242 4556 ι)
2270 4478 2405 4531 niet.
2447 4476 2525 4530 llli
2559 4477 2703 4532 enim
2742 4478 2808 4532 de
2837 4488 3012 4533 morte
3035 4488 3352 4534 surrecturo
3393 4479 3594 4534 dicitur
3619 4495 3636 4530 :
3667 4477 3828 4548 Surge,

573 4573 768 4642 impios
811 4572 1066 4642 pertinet,
1127 4571 1485 4640 quantitatem
1541 4571 1862 4640 (paternit-as
1911 4570 2053 4624 cnim
2099 4571 2165 4624 ad

573 4665 712 4734 pios)
745 4674 803 4717 ut
831 4678 968 4733 quos
1013 4677 1125 4718 suae
1153 4663 1353 4718 viderit
1386 4661 1715 4716 urbanitatis
1757 4661 2042 4732 indignos,
2075 4674 2168 4714 eos

574 4756 628 4809 in
685 4755 836 4824 ignes
895 4764 1090 4826 potens
1147 4755 1220 4809 sit
1275 4755 1506 4824 perdere
1568 4755 1950 4824 sempiternos.
2007 4754 2169 4807 Pater

573 4849 709 4903 enim
756 4865 859 4902 non
902 4849 1114 4918 judicat
1167 4865 1504 4918 quemquam,
1565 4849 1656 4902 sed
1701 4849 1964 4917 judicium
2017 4863 2167 4901 omne

573 4942 712 4995 dedit
743 4939 886 4994 Filio
929 4941 1110 5012 (Joan.
1141 4956 1196 5008 v,
1231 4941 1341 5008 12).
1369 4939 1464 4993 Est
1505 4947 1684 4992 autem
1711 4936 2027 5002 Jerusalem,
2051 4953 2166 5006 qutr

574 5035 870 5104 trdi/icatur
901 5044 957 5087 ut
1001 5035 1185 5089 civitas
1223 5033 1394 5104 (Psal.
1423 5044 1572 5098 cxxt,
1599 5031 1678 5096 3).
1717 5030 1882 5084 Miror
1917 5046 2052 5100 quas
2078 5032 2166 5086 hic

573 5138 787 5184 vestras
835 5128 1200 5184 beatitudines
1242 5124 1557 5195 intelligatis
1599 5123 1664 5176 ad
1707 5123 1966 5178 litteram.
2011 5123 2166 5190 Quod

575 5221 618 5276 si
669 5221 746 5277 ita
791 5220 1066 5284 fallimini,
1107 5218 1372 5272 attendite
1401 5231 1524 5286 quae
1571 5227 1696 5286 post
1723 5232 1900 5287 pauca
1929 5231 2166 5286 sequun-

575 5324 684 5370 tur.
735 5316 1016 5384 Assumpta
1063 5313 1255 5364 iterum
1304 5309 1522 5364 Balaam
1568 5310 1818 5379 parabola
1861 5312 1976 5365 ait:
2016 5310 2164 5365 Heu!

575 5414 690 5484 quis
735 5415 972 5468 victurus
1013 5418 1111 5473 est,
1159 5407 1369 5479 quando
1415 5410 1519 5460 ista
1570 5407 1725 5474 faciet
1763 5407 1940 5462 Deus?
1969 5407 2160 5479 (Num.

575 5520 726 5570 xxrv,
751 5500 980 5574 23):ubi
1016 5500 1278 5571 praemisit
1304 5501 1426 5566 lien,
1455 5499 1744 5570 spopondit
1769 5500 1953 5569 utique
1981 5515 2038 5554 se
2070 5500 2164 5555 do-

577 5593 735 5650 lenda
792 5593 1083 5646 dicturum.
1149 5588 1392 5659 Venient,
1447 5591 1652 5661 inquit,
1704 5592 1759 5643 in
1808 5590 2050 5644 trieribus
2099 5591 2163 5644 de

577 5683 764 5750 Italia,
814 5681 1134 5751 superabunt
1181 5682 1443 5752 Assurios,
1485 5683 1864 5754 vastabunlque
1910 5683 2161 5738 Hebrmos

581 5775 771 5845 (lbid.,
801 5772 916 5842 24).
965 5773 1114 5830 lianc
1162 5791 1322 5846 quam
1375 5777 1474 5832 iste
1513 5785 1854 5846 prateonatus
1886 5783 1969 5831 est
2009 5775 2159 5830 vobis

2269 4568 2438 4635 Deus,
2470 4569 2658 4639 judica
2699 4580 2919 4636 terram,
2973 4571 3221 4640 quoniam
3267 4579 3322 4624 tu
3360 4571 3831 4634 luereditabis,non

2269 4676 2458 4716 omnes
2475 4670 2682 4730 gentes,
2697 4661 2787 4714 sed
2808 4663 2861 4714 in
2881 4663 3120 4716 omnibus
3135 4663 3373 4732 gentibus
3390 4661 3566 4733 (Ps'al.
3581 4661 3828 4730 Lxxxt,8).

2268 4751 2336 4806 Et
2357 4767 2479 4806 cum
2509 4751 2651 4805 Elius
2673 4763 2996 4822 quereretur
3025 4752 3196 4807 solum
3221 4769 3280 4808 sc
3305 4753 3553 4809 relictum
3581 4754 3698 4826 (111
3721 4752 3831 4821 Reg.

2269 4857 2387 4906 χιιι,
2431 4841 2544 4911 10),
2579 4842 2730 4896 audit
2765 4843 2833 4897 dc
2878 4851 3085 4912 septem
3117 4843 3380 4922 millibus,
3412 4847 3504 4915 qui
3534 4862 3640 4901 non
3667 4857 3835 4900 curva-

2267 4946 2462 4990 verant
2489 4951 2663 5006 genua
2692 4936 2823 4990 Baal
2851 4936 3038 5006 (Ibid.,
3087 4938 3192 5008 l8).
3223 4936 3280 4992 Si
3325 4939 3471 4993 enim
3501 4938 3727 5008 populus
3753 4934 3832 4992 Dei

2269 5031 2539 5102 quondam
2593 5031 2942 5098 dicebamini,
2993 5031 3121 5086 licet
3167 5032 3403 5086 maxima
3452 5042 3692 5088 vestrum
3729 5043 3835 5099 pars

2268 5126 2573 5190 aberraret,
2622 5141 2729 5180 non
2795 5134 2974 5180 tamen
3026 5126 3180 5180 bona:
3231 5125 3402 5196 partis
3459 5126 3655 5181 intuitu
3713 5122 3835 5194 quod

2268 5220 2618 5286 vocabimini,
2643 5219 2973 5290 perdebatis.
3011 5219 3200 5289 Itaque
3223 5221 3328 5276 etsi
3356 5221 3540 5275 mundi
3566 5219 3834 5291 plurimum

2271 5325 2415 5369 retro
2447 5314 2602 5381 abiit,
2635 5315 2686 5367 in
2721 5314 2824 5367 hoc
2853 5321 3036 5368 tamen
3065 5312 3269 5370 Christi
3309 5315 3610 5386 potentiam
3649 5329 3713 5369 ex
3750 5325 3834 5369 sua

2268 5409 2738 5480 rctrogradatione
2769 5422 2878 5462 non
2906 5407 3122 5463 minuit.

2887 5543 3114 5602 CAPUT
3155 5548 3218 5602 V.

2366 5659 2582 5714 ludazos
2649 5656 2953 5729 alloquitur.
3012 5690 3082 5698 —
3121 5657 3288 5730 Igitur
3337 5660 3597 5728 quoniam
3669 5657 3830 5727 aliqua

2269 5773 2320 5828 in
2397 5789 2490 5827 vos
2563 5774 2974 5831 auctoritatibus
3036 5783 3089 5830 et
3165 5774 3588 5831 ratiocinatione
3661 5781 3832 5830 contu-
