4038 6330
214 272 357 327 sn
924 266 1167 323 IRACT.
1202 267 1291 324 ou
1327 246 1839 328 mortesmortis
1878 270 2157 331 contrita
2187 276 2498 336 JUDIEOS.
2533 309 2603 322 —
2642 279 2768 337 ua.
2802 281 2890 338 ιιι.
3439 293 3540 351 διε

210 384 463 451 limus,
520 382 633 451 iam
695 394 791 437 vos
864 381 1110 451 pauculis
1178 383 1549 454 rogationibus
1622 386 1859 456 compel-
1889 392 2087 449 Acum
2146 392 2197 446 in
2249 396 2604 465 sequentibus
2652 396 2723 454 ob
2768 400 2924 470 plura
2964 404 3232 460 connubia
3278 407 3542 469 diluvium

211 475 397 532 labo.
1954 483 2253 542 inundasse
2294 488 2561 559 legamus,
2618 500 2673 547 et
2710 500 2888 549 tamen
2936 493 3209 564 Abraham
3262 514 3327 556 ex
3372 502 3542 562 latere

304 568 531 639 Legem
562 566 712 622 illam
764 566 904 622 adeo
943 566 1241 623 carnaliter
1285 583 1392 638 qua
1436 568 1740 665 intentione
1769 578 1849 625 υθ-
1957 575 2107 632 Sara:
2152 578 2314 648 Agar,
2372 582 2483 636 Deo
2509 583 2673 637 etiam
2705 584 2993 655 aliquoties
3022 604 3143 644 eam
3188 606 3536 665 procurante,

215 663 435 719 netis?
482 661 620 719 Scio
671 675 772 719 vos
814 662 1094 719 dicturos:
1145 665 1212 720 Et
1267 656 1541 735 quemctlo
1598 666 1770 736 legem
1820 682 1852 722 a
1955 669 2232 727 habuisse.
2263 672 2432 728 Jacob
2462 687 2783 745 quoque,et
2829 678 3069 751 Moysen,
3111 656 3416 758 multosque
3436 656 3534 745 sub

217 752 364 811 Deo
405 755 648 812 decoalis
688 755 992 826 praebitam,
1024 757 1135 812 imo
1152 757 1329 827 ipsius
1350 758 1522 829 digito
1545 769 1843 825 exaratam,
1952 762 2069 834 lege
2119 766 2550 834 probatissimos,
2600 785 2886 825 numerum
2934 772 3223 846 conjugum
3256 752 3371 833 sine
3403 780 3536 852 legis

218 858 452 905 vectam
496 849 823 914 terroribus,
865 849 1177 920 lampadem
1225 850 1526 921 fulgoribus
1556 861 1615 907 et
1649 854 1848 909 montis
1952 853 2384 909 contradictione
2405 858 2776 926 cognovimus.
2796 859 2926 915 Atla:
2950 870 3130 919 autem
3148 864 3289 920 dicta
3318 849 3536 927 indubie

220 939 699 997 exhalationibus
738 942 1160 1012 promulgatam,
1206 943 1338 997 nulli
1385 946 1532 1014 genti
1578 960 1609 999 a
1650 945 1847 1000 saeculo
1950 959 2049 1013 pro
2097 946 2193 1000 Dei
2238 947 2419 1002 verbis
2468 949 2749 1019 ponimus;
2808 968 2966 1021 quem
2990 959 3409 1025 paradisicolam
3435 965 3531 1020 Dei

221 1033 436 1088 datam
491 1043 703 1090 mutare
758 1035 1099 1105 poterimus?
1142 1036 1207 1090 Et
1266 1037 1309 1092 si
1366 1037 1510 1108 leges
1565 1037 1844 1092 hominum
1950 1034 2117 1091 fuisse
2165 1047 2294 1093 tunc
2336 1038 2587 1095 intimum
2630 1042 2854 1099 scimus.
2886 1044 3045 1103 Jcsus
3077 1051 3242 1105 etiam
3271 1052 3533 1115 Dominus

220 1135 530 1192 constant,
558 1128 681 1197 quis
708 1127 805 1183 Dei
828 1140 1101 1199 praecepta
1129 1130 1409 1185 destituet.
1947 1129 2064 1182 haec
2092 1128 2200 1184 Deo
2233 1132 2398 1186 verba
2422 1134 2670 1188 ascribit.

310 1218 623 1289 Respondet
660 1221 891 1287 ludatis,
938 1225 1228 1295 probatque
1274 1225 1441 1279 Deum
1488 1225 1650 1295 legem
1694 1226 1843 1279 abro-
2019 1222 2229 1279 Mulieri
2276 1226 2493 1282 dixerat
2527 1227 2667 1284 Deus
2692 1246 2813 1300 qua:
2837 1233 3011 1288 virum
3041 1234 3321 1291 inonedire
3348 1254 3533 1297 suase‘

224 1320 421 1379 θῆκε,
446 1312 850 1368 κηααοξοτὶεαιὲὸιιε
882 1314 1194 1385 Scriptum.
1217 1317 1387 1370 —-.Ad
1419 1318 1533 1373 haec
1568 1317 1837 1374 inferam:
1945 1326 2032 1370 rat
2062 1335 2074 1369 :
2103 1317 2214 1371 Sub
2248 1321 2346 1373 viri
2374 1331 2626 1389 potestate
2669 1326 2794 1392 eris,
2826 1336 2873 1380 et
2906 1330 3016 1397 ipse
3064 1330 3425 1385 dominabitur
3451 1337 3529 1388 tui

226 1401 525 1474 Quidquid
570 1406 834 1473 horroris,
868 1409 1128 1479 quidqui-tt
1173 1410 1590 1477 magniﬁcentia:
1631 1413 1840 1468 extrin-
1945 1406 2098 1474 (Gen.
2142 1424 2224 1474 Ill,
2260 1409 2366 1481 i6).
2406 1411 2522 1481 Ipse
2553 1413 2693 1468 idem
2740 1415 2975 1470 Abrahae
3018 1417 3305 1489 loquitur:
3336 1420 3530 1477 Omnia

225 1508 410 1553 seats
450 1499 585 1569 legis
616 1500 806 1555 danda
850 1512 1063 1557 constat
1116 1504 1450 1569 adhibitum,
1501 1520 1604 1559 non
1654 1506 1836 1576 magni
1940 1515 2263 1571 qua’cunque
2311 1503 2502 1556 dixerit
2557 1505 2650 1557 tibi
2678 1504 2834 1573 Sara,
2880 1501 3210 1563 audi’vocem
3233 1510 3346 1579 ejus
3371 1509 3526 1579 (Cen.

223 1593 541 1659 penditur;
598 1594 712 1649 hac
769 1597 912 1650 enim
960 1596 1016 1651 in
1064 1598 1366 1653 minoribus
1412 1613 1555 1670 saepe
1604 1600 1836 1669 "330mg
1942 1605 2053 1651 χχι,
2088 1590 2199 1659 12).
2233 1592 2373 1647 Ecce
2406 1603 2688 1663 quantum,
2724 1610 2997 1667 quamque
3027 1600 3378 1669 Spectabilem
3409 1617 3530 1655 mu-

228 1683 412 1756 275
456 1691 862 1756 expenduntur,
913 1688 1081 1746 mage
1111 1690 1329 1747 Samuel
1366 1709 1489 1747 cum
1516 1702 1835 1748 causai-etm-
1866 1753 1907 1759 _
1938 1681 2062 1736 lieri
2091 1684 2385 1748 addixerit,
2409 1700 2569 1754 quem
2593 1703 2689 1756 per
2717 1703 2773 1742 se
2795 1689 2995 1744 docere
3025 1701 3294 1759 potuerat.

222 1753 463 1835 Iudaeos
484 1753 693 1852 regium
733 1782 1010 1854 fastigium
1037 1784 1370 1841 allectantes.
1403 1787 1612 1852 Nonne,
1638 1789 1832 1857 inquit,
1864 1753 1911 1817 Β
2012 1772 2148 1827 Gai"
2176 1783 2233 1829 εί
2265 1773 2424 1841 δθιιιυ
2465 1775 2559 1830 ﬁl“
2608 1778 2760 1845 Αάῖὲο
2802 1780 2942 1834 υ¹¹άθ
2980 1784 3228 1853 θοηιὶυῧίίὶ
3264 1783 3363 1837 Sibi
3392 1799 3523 1839 (³οη-

226 1873 433 1925 messis
470 1875 630 1927 "me;
661 1884 737 1929 εει
763 1876 958 1930 hodie?
989 1876 1252 1931 ("vocabo
1284 1878 1570 1932 Dominum
1608 1889 1663 1932 ει
1690 1880 1835 1935 (tam
1940 1866 2392 1934 traxerintnosti,
2413 1883 2478 1924 ex
2506 1887 2601 1926 sua
2630 1873 2990 1943 germanitate
3012 1876 3275 1945 profecto.
3307 1877 3521 1934 Poterat

225 1978 393 2017 voces
421 1975 467 2018 et
494 1966 733 2035 pluvias:
772 1977 818 2021 et
858 1968 1034 2021 scietis
1060 1970 1183 2039 quia
1225 1969 1421 2039 grande
1458 1969 1655 2022 malum
1697 1970 1834 2039 fece-
1937 1971 2068 2012 Vem
2104 1958 2185 2013 eis
2210 1959 2354 2015 Deus
2401 1960 2613 2019 aliunde
2668 1980 2853 2019 "eam
2888 1982 3126 2036 uxores;
3158 1979 3215 2024 al
3249 1971 3362 2040 ipse
3393 1969 3521 2026 [θεῖε

227 2058 355 2110 ritis
390 2057 444 2125 (Ι
474 2057 602 2129 Reg.
633 2074 734 2126 xu,
764 2061 873 2126 l7).
902 2062 1066 2116 Certe
1092 2069 1147 2116 et
1164 2060 1325 2116 Osias
1352 2077 1445 2116 rex
1476 2063 1831 2118 sacerdotalis

230 2150 473 2207 aemulus
503 2152 711 2216 infulae,
742 2166 866 2207 cum
891 2162 1078 2209 sancta
1113 2153 1322 2225 ingredi
1354 2164 1688 2223 usurpasset,
1718 2169 1830 2211 mo-

233 2240 392 2295 tibus
414 2243 897 2313 terraeingentibus
919 2242 1098 2311 factis,
1116 2258 1347 2314 quorum
1369 2245 1536 2300 Amos
1561 2245 1826 2313 meminit,

234 2341 405 2387 terrae
434 2350 648 2405 quoque
678 2336 858 2392 hiatus
897 2337 1309 2407 praeruptissimi
1340 2346 1652 2407 patuerunt.
1684 2337 1829 2392 Nihil

233 2438 376 2479 sane
396 2426 485 2503 ibi
513 2429 714 2483 accidit
736 2431 880 2500 quod
908 2444 1013 2485 non
1040 2431 1252 2500 uspiam
1276 2429 1490 2485 facilius
1515 2431 1823 2487 accidisset.

234 2516 297 2571 Si
330 2516 543 2591 Moyses
571 2522 929 2595 quadraginta
974 2524 1188 2579 distulit
1231 2524 1421 2580 diebus
1462 2525 1729 2591 inediam,
1772 2535 1829 2581 et

234 2613 428 2669 itidem
474 2616 662 2675 leviori
712 2634 779 2672 ex
829 2634 993 2675 causa
1039 2619 1235 2674 fecisse
1277 2621 1480 2674 scimus
1524 2619 1718 2674 Eliam.
1766 2618 1824 2675 Si

232 2719 363 2758 cum
390 2704 618 2761 Domino
645 2707 854 2779 Moyses
890 2710 1215 2780 loquebatur
1243 2708 1383 2765 facie
1408 2710 1476 2764 ad
1524 2710 1741 2776 faciem,
1769 2719 1825 2767 et

235 2795 406 2852 Isaias
436 2800 721 2868 profitetur
761 2802 1049 2857 Dominum
1094 2801 1335 2857 Sabaoth
1372 2802 1497 2857 suis
1527 2818 1585 2857 se
1621 2803 1824 2858 vidisse

230 2889 437 2957 ﬁculis,
480 2905 639 2961 quem
689 2892 902 2947 viderat
950 2893 1145 2949 solium
1191 2892 1470 2949 excelsum
1518 2895 1821 2962 sedentem,

234 2979 472 3052 idipsum
518 2994 579 3037 et
625 2984 713 3038 alii
764 3000 833 3040 ex
880 2985 1158 3055 prophetis
1200 2986 1444 3055 quidam.
1499 2984 1637 3051 Quid
1678 2986 1823 3054 quod

234 3076 402 3129 etiam
430 3076 651 3130 Balaam
680 3076 853 3132 ariolo
879 3086 931 3131 et
956 3078 1300 3147 apparuisse,
1328 3086 1381 3133 et
1411 3076 1607 3147 saepius
1630 3092 1822 3132 occur-

238 3165 383 3221 risse
426 3166 568 3221 Deus
606 3166 839 3222 dicitur?
896 3166 1157 3223 Tonitrua
1203 3167 1621 3239 hujusmodique
1669 3169 1821 3223 clan-

242 3274 402 3329 gores
417 3276 481 3314 ex
496 3270 680 3314 aemm
702 3261 1117 3331 importunitate
1137 3263 1473 3333 contingunt.
1491 3262 1625 3317 Cum
1654 3262 1820 3317 etiam

234 3360 340 3419 per
360 3351 668 3419 provincias
702 3352 836 3406 alias
862 3353 1059 3418 hieme,
1095 3353 1232 3409 alias
1250 3360 1443 3409 aestate
1473 3354 1817 3423 proveniant.

236 3439 335 3495 Sin
363 3440 537 3509 aliter,
561 3442 876 3512 {monstrum
896 3443 1218 3499 exhibeant.

311 3534 363 3588 ld
390 3535 556 3605 igitur
588 3535 761 3591 solum
812 3537 869 3590 in
896 3549 1066 3591 causa
1106 3545 1377 3600 versetur,
1418 3535 1545 3605 quia
1578 3536 1724 3591 Deus
1751 3551 1816 3592 ea

241 3626 493 3680 mandata
531 3627 846 3697 prteb‘nerit.
897 3627 1026 3695 Quae
1057 3629 1099 3683 si
1132 3628 1255 3683 ideo
1286 3628 1645 3682 immutabilia
1673 3628 1816 3698 judi-

243 3728 447 3782 centur,
512 3719 795 3775 videamus
848 3721 915 3775 ab
969 3722 1099 3790 ipsis
1147 3720 1471 3776 saeculorum
1501 3722 1815 3791 primordiis

236 3824 358 3879 quae
389 3810 704 3874 instituerit,
735 3824 856 3880 quae
892 3825 1109 3881 quoque
1140 3812 1385 3866 instituta
1418 3811 1574 3877 locis,
1603 3822 1812 3883 tempo-

244 3902 402 3962 ribus,
470 3904 828 3973 personisque
877 3906 1189 3959 mutaverit.
1236 3905 1398 3961 Certe
1428 3909 1480 3963 in
1512 3909 1811 3979 primorum

243 3994 517 4048 hominum
545 3994 762 4049 illorum
795 3997 1090 4060 creatione,
1146 4012 1269 4051 cum
1304 3998 1556 4067 praelatos
1586 4013 1679 4053 eos
1706 4007 1813 4053 ter-

244 4088 397 4151 renis,
412 4088 843 4159 aqnatilibusquc
864 4089 1143 4159 Scriptura
1161 4090 1405 4157 dixisset,
1426 4091 1592 4147 Deum
1608 4093 1813 4161 pariter

246 4182 437 4236 dixisse
486 4182 777 4237 subnexuit
821 4200 834 4237 :
876 4182 1013 4237 Ecce
1048 4184 1173 4237 dedi
1205 4201 1409 4239 omnem
1441 4187 1652 4241 herbam
1686 4187 1813 4257 affe-

245 4284 429 4328 rentem
459 4275 689 4345 fructum
736 4292 893 4345 super
920 4285 1135 4343 terram,
1187 4286 1235 4329 et
1264 4279 1505 4332 universa
1528 4279 1672 4349 ligna
1696 4296 1812 4350 qua:

248 4368 422 4420 habent
446 4367 499 4419 in
527 4368 813 4436 semetipsis
831 4378 1109 4422 sementem
1135 4370 1336 4439 generis
1360 4372 1463 4435 sui,
1487 4372 1658 4425 utsint
1672 4372 1811 4425 vobis

1933 2058 1992 2104 ut
2038 2051 2118 2105 sic
2160 2053 2474 2108 necessario
2506 2054 2677 2110 fieret.
2714 2055 2867 2124 Quod
2890 2060 3052 2113 etiam
3077 2062 3142 2116 de
3171 2064 3372 2128 amitis,
3405 2080 3521 2119 ma-

1933 2146 2153 2201 terteris
2202 2147 2419 2217 penitus
2465 2147 2609 2203 idem
2656 2159 2757 2205 est.
2792 2151 2859 2205 Et
2886 2152 3004 2207 haec
3048 2154 3313 2222 siquidem
3341 2158 3520 2212 omnia

1931 2236 2052 2301 Dei,
2068 2238 2159 2307 qui
2174 2253 2237 2293 ea
2249 2239 2427 2308 primo
2447 2240 2526 2295 sic
2548 2240 2937 2309 feceratjussu,
2967 2253 3021 2298 et
3050 2246 3227 2300 edicto
3248 2245 3519 2318 Moysaico

1929 2329 2233 2398 asperrime
2262 2332 2608 2399 postmodum
2640 2334 2806 2387 vetita
2842 2346 2989 2389 sunt.
3017 2335 3154 2405 Quid
3185 2340 3328 2408 quod
3355 2357 3517 2397 unam

1929 2421 2077 2476 illam
2108 2438 2270 2493 quam
2298 2424 2416 2480 viro
2443 2435 2647 2481 costam
2680 2427 3015 2495 detraxerat,
3052 2430 3214 2501 inque
3238 2430 3517 2490 mulierem

1928 2515 2318 2581 aedilicaverat,
2352 2515 2407 2570 in
2432 2524 2510 2571 tot
2555 2517 2723 2572 dividi
2755 2518 2907 2574 brevi
2936 2529 3058 2589 post
3085 2521 3198 2591 ipse
3243 2525 3514 2592 permisit,

1927 2616 1989 2661 ut
2010 2607 2125 2677 jam
2148 2622 2255 2662 non
2280 2607 2385 2662 duo
2411 2610 2504 2663 sed
2526 2608 2710 2678 plures
2732 2610 3022 2665 admodum
3055 2611 3246 2667 tierent
3270 2615 3323 2668 in
3349 2630 3517 2673 carne

1924 2716 2033 2755 una
2059 2701 2081 2754 ?
2109 2702 2256 2771 Agar
2292 2701 2574 2768 ancillam,
2620 2718 2651 2757 a
2678 2704 2894 2758 domina
2924 2704 3055 2759 Sara
3088 2705 3318 2776 pulsam,
3346 2724 3513 2778 auge—

1925 2794 2009 2849 lus
2054 2796 2279 2866 reperit,
2338 2797 2518 2851 redire
2574 2812 2640 2851 ac
2692 2798 2969 2853 humiliari
3026 2800 3124 2854 sub
3158 2800 3288 2855 hera
3321 2802 3515 2859 suasit.

1926 2888 2173 2960 Denique
2226 2889 2381 2945 Isaac
2437 2889 2757 2958 jamdudum
2816 2900 2973 2955 nato,
3032 2901 3086 2946 et
3131 2894 3515 2962 grandiusculo

1925 2980 2172 3042 lsmaele,
2201 2996 2323 3036 cum
2349 2978 2486 3035 Sara
2516 2980 2668 3036 lusus
2696 2998 2885 3039 eorum
2914 2998 3059 3053 aegre
3082 2984 3316 3048 tulisset,
3342 2985 3512 3041 invito

1925 3072 2225 3138 Abraham,
2250 3073 2477 3145 jubetur.
2503 3075 2822 3130 muliercula
2853 3092 2976 3130 cum
3004 3077 3155 3146 prole
3179 3077 3382 3146 repelli.
3412 3077 3512 3133 Cui

1926 3166 2314 3221 controversiae
2344 3181 2448 3221 vox
2474 3168 2674 3234 divina,
2708 3182 2828 3237 quae
2853 3169 3099 3237 superius
3127 3184 3243 3222 eam
3278 3170 3511 3225 domina:

1925 3260 2274 3314 reconciliari
2323 3270 2678 3331 praeceperat,
2733 3259 2938 3324 intulit,
3002 3270 3058 3314 ct
3104 3263 3256 3332 quasi
3288 3263 3507 3333 pristini

1924 3351 2092 3407 oblita
2119 3352 2351 3415 consilii,
2381 3353 2681 3424 postposito
2704 3352 3003 3419 Abraham,
3032 3353 3181 3408 Sarae
3203 3357 3422 3410 mandat
3450 3355 3508 3411 in

1922 3442 2174 3497 omnibus
2204 3442 2432 3497 obediri.

1992 3536 2257 3605 Przecepit
2286 3544 2546 3606 praeterea
2572 3536 2715 3590 Deus
2736 3550 2803 3590 ne
2823 3536 3093 3606 sculptile,
3126 3553 3192 3593 ne
3213 3536 3506 3607 conﬁatile,

1920 3642 1988 3682 ne
2018 3643 2123 3696 qua
2156 3627 2473 3693 similitudo,
2526 3642 2594 3682 ne
2630 3629 2776 3698 quod
2806 3628 3021 3699 signum
3064 3630 3117 3684 in
3149 3638 3295 3685 terra
3322 3640 3507 3687 vestra

1919 3720 2242 3787 erigeretur,
2277 3732 2331 3774 et
2373 3727 2548 3774 tamen
2582 3719 2633 3773 in
2669 3718 3016 3775 tabernaculo
3050 3721 3365 3788 Cherubin),
3401 3723 3509 3779 Do-

1918 3812 2065 3866 mino
2099 3809 2347 3878 jubente,
2402 3819 2529 3866 sunt
2562 3811 2794 3883 sculpta.
2842 3812 2980 3879 Quid
3030 3815 3205 3869 dicam
3251 3816 3317 3870 de
3355 3832 3506 3873 EBHCO

1916 3914 2171 3973 serpente
2221 3902 2403 3973 ignitis
2454 3902 2666 3971 oltjecto
2707 3905 3073 3973 serpentibus,
3108 3906 3173 3960 ad
3199 3922 3358 3977 quem
3394 3916 3507 3965 toto

1916 3997 2179 4051 exercitui
2203 3997 2554 4060 eminentem,
2588 3997 2679 4068 qui
2728 4013 3017 4067 percussus
3054 4000 3370 4069 respiceret,
3398 4000 3506 4056 sal-

1916 4097 2138 4142 varetur
2158 4088 2180 4140 ?
2201 4086 2339 4141 Num
2366 4087 2601 4158 signum,
2629 4104 2756 4142 num
2786 4088 3082 4145 similitudo
3105 4090 3503 4158 fuit?Etccrte,

1915 4182 2053 4235 libro
2081 4181 2287 4252 Regum
2318 4190 2475 4249 teste,
2521 4198 2692 4253 usque
2713 4183 2779 4238 ad
2828 4183 3076 4240 Ezechiae
3110 4194 3351 4256 tempora
3378 4202 3503 4242 eum

1916 4275 2132 4330 coluere
2164 4276 2318 4329 thura
2350 4277 2641 4333 cremando
2670 4276 2840 4332 Judzei
2862 4294 2875 4343 ;
2901 4288 2955 4332 et
2985 4279 3145 4347 plane
3174 4295 3279 4334 non
3296 4281 3505 4335 nescie-

1916 4370 2009 4423 bat
2050 4369 2190 4423 Deus
2244 4369 2387 4423 illius
2438 4370 2717 4425 institutor
2758 4372 2980 4435 ostenti,
3032 4372 3173 4425 istud
3219 4388 3407 4426 eorum
3434 4374 3501 4427 ad

243 4462 297 4513 in
316 4477 482 4515 escam
532 4459 687 4533 (Gen.
716 4476 756 4526 ι,
797 4461 913 4531 29).
937 4462 1013 4518 At
1040 4462 1359 4533 cataclysmi
1380 4474 1574 4520 exacta
1606 4465 1809 4534 pluvia,
1843 4481 1888 4536 ι)
1918 4463 2060 4517 idola
2109 4462 2424 4531 proclivium
2468 4477 2666 4531 magno
2695 4461 2987 4515 valiturum
3022 4462 3216 4515 errori.
3246 4461 3378 4528 Hoc,
3418 4463 3501 4516 in-

245 4566 358 4607 cum
386 4551 496 4608 Noe
518 4562 573 4608 et
602 4552 729 4609 ﬁliis
752 4554 881 4625 ejus
922 4554 1163 4611 secundo
1208 4555 1449 4624 ejusdem
1479 4557 1809 4625 praelationis

244 4646 399 4701 verba
433 4645 682 4713 fudisset,
716 4647 926 4703 addidit
954 4662 970 4702 :
1002 4646 1196 4704 Omnes
1227 4650 1396 4719 pisces
1423 4652 1602 4704 manui
1629 4660 1808 4706 vestra:

168 4790 175 4795 .
247 4739 415 4793 traditi
438 4750 583 4807 sunt,
628 4750 681 4794 et
707 4757 859 4796 omne
883 4742 1024 4813 quod
1061 4753 1296 4798 movetur
1321 4753 1368 4798 et
1401 4745 1519 4799 vivit
1542 4745 1637 4798 erit
1669 4744 1809 4798 vobis

246 4831 296 4885 in
338 4831 522 4896 cibum,
566 4843 782 4903 etcapta
823 4834 963 4904 quod
1012 4850 1223 4889 carnem
1264 4852 1386 4890 cum
1423 4836 1678 4906 sanguine
1707 4853 1811 4890 non

250 4920 507 4975 comedetis
530 4922 691 4992 (Gen.
712 4938 791 4988 ix,
829 4923 883 4991 2,
911 4922 989 4994 ὃ).
1006 4922 1185 4979 Habes
1227 4925 1394 4980 Deum
1429 4934 1668 4980 mutasse
1689 4941 1813 4980 sen-

253 5014 479 5081 tentiam,
538 5023 601 5069 ut
653 5016 720 5069 de
760 5015 1101 5086 graminibus
1142 5017 1209 5071 ad
1236 5017 1485 5071 carnium
1507 5017 1685 5071 edulia
1711 5030 1809 5071 nos

255 5108 462 5160 laxaret.
492 5105 734 5175 Denique
758 5107 861 5163 sub
906 5106 1087 5178 Moyse
1134 5123 1257 5162 cum
1286 5108 1353 5163 de
1379 5123 1571 5163 esuum
1601 5108 1807 5163 discre—

254 5198 387 5251 tione
446 5206 728 5263 tractaret,
776 5198 933 5267 quasi
986 5197 1159 5253 oblito
1183 5200 1326 5267 quod
1366 5199 1807 5265 annneratistis,

252 5306 395 5347 omne
444 5290 655 5345 scilicet
699 5291 843 5361 quod
902 5301 1149 5346 movetur
1196 5300 1254 5345 et
1281 5291 1433 5357 vivit,
1460 5292 1512 5344 in
1556 5306 1805 5359 munera,

251 5387 439 5443 comedi
470 5385 659 5442 vetuit.

314 5479 469 5532 Adam
531 5492 749 5548 quoque
795 5492 966 5533 uxore
1011 5478 1114 5533 sibi
1166 5477 1407 5532 exhibita
1454 5495 1466 5530 :
1512 5476 1805 5548 Relinquet,

251 5572 423 5644 inquit,
460 5571 613 5625 homo
654 5574 881 5641 'patrem,
910 5581 957 5626 et
996 5582 1234 5633 matrem,
1267 5582 1313 5624 et
1345 5571 1628 5624 adha'rebit
1651 5574 1805 5626 uxori

251 5662 521 5733 sure(Gen.
555 5678 614 5727 ιι,
642 5661 758 5733 24).
812 5663 927 5718 Non
968 5664 1103 5718 dixit
1134 5678 1146 5717 :
1177 5664 1372 5727 Homo,
1422 5662 1532 5717 Deo
1578 5672 1705 5717 tunc
1754 5672 1809 5719 et

255 5758 490 5827 sapientia
528 5756 753 5829 plenus,
812 5757 1111 5814 adhaerebit
1160 5758 1442 5825 uxoribus,
1487 5756 1582 5835 sed
1621 5756 1800 5825 uxori,

1914 4569 2099 4624 (manu,
2149 4562 2337 4607 contra
2391 4567 2510 4617 sua,
2562 4551 2606 4605 si
2654 4547 2837 4605 dicere
2884 4552 3134 4618 audeam,
3179 4553 3315 4608 scita
3340 4552 3503 4623 jussit

1914 4648 2077 4702 Deus.

1986 4737 2416 4795 Tabernaculum
2446 4737 2784 4808 veroipsum,
2810 4737 2952 4809 quod
2977 4739 3042 4794 ab
3068 4738 3190 4794 imis
3218 4740 3283 4794 ad
3312 4756 3504 4810 supre-

1916 4850 2002 4889 ma
2028 4832 2247 4904 proprio
2275 4831 2416 4885 Deus
2441 4830 2651 4886 orditus
2672 4838 2755 4885 est
2785 4845 2901 4897 ore,
2928 4829 3185 4886 Salomon
3206 4847 3344 4887 nova
3370 4833 3498 4887 aedi-

1916 4921 2739 4985 ficatiouedcstituit,intantum
2770 4930 2826 4976 ut
2854 4922 3160 4993 sacrilegio,
3191 4924 3297 4977 imo
3329 4923 3498 4977 itlolo-
3555 4968 3571 4983 .

1914 5013 2086 5067 latria:
2113 5012 2429 5078 duceretur,
2486 5013 2531 5067 si
2569 5012 2689 5082 quis
2719 5023 2841 5082 post
2880 5013 3066 5083 templi
3097 5012 3493 5067 dedicationem

1914 5123 1978 5163 ea
2014 5107 2129 5163 loca
2152 5106 2299 5162 cultu
2330 5107 2511 5177 aliquo
2536 5114 2911 5175 respectasset.
2940 5105 3093 5161 Unde
3118 5114 3169 5158 et
3199 5105 3251 5158 in
3283 5104 3492 5158 calum-

1914 5200 2060 5255 niam
2089 5200 2217 5254 illud
2243 5199 2438 5254 crebro
2469 5199 2669 5254 dicitur
2693 5216 2705 5251 :
2733 5198 2917 5251 Adhuc
2935 5196 3157 5266 populus
3190 5196 3495 5250 immolabat

1912 5294 1968 5348 in
1993 5293 2208 5348 excelsis
2237 5290 2343 5363 (ιν
2376 5291 2499 5362 Reg.
2553 5307 2664 5356 x1v,
2712 5291 2789 5361 4).
2840 5289 2937 5345 Cui
2980 5299 3157 5345 tamen
3187 5288 3408 5359 templo,
3440 5299 3496 5345 et

1914 5395 2060 5451 ante,
2107 5395 2161 5440 et
2193 5393 2314 5456 post
2358 5383 2770 5440 aedificationem
2812 5382 2964 5437 favor
2985 5381 3196 5438 divinus
3226 5382 3368 5438 haud
3402 5387 3497 5439 de-

1914 5479 2033 5533 fuit.

1984 5574 2210 5634 Aurum,
2249 5581 2551 5642 argentum,
2590 5585 2742 5636 vasa,
2796 5577 2849 5624 et
2878 5577 3057 5624 vestes
3108 5566 3490 5640 {Egyption

1913 5672 2101 5718 mutuo
2136 5662 2276 5716 Deus
2308 5662 2374 5715 ab
2395 5662 2473 5716 eis
2495 5663 2739 5732 accipere
2765 5676 2859 5717 vos
2882 5663 3135 5731 jnsserat,
3174 5660 3338 5730 276
3372 5674 3491 5727 quae

1912 5756 2146 5810 humane
2174 5754 2325 5809 vobis
2353 5755 2613 5826 prmtita,
2641 5753 2953 5812 inhumane.
2984 5764 3043 5809 ut
3072 5752 3304 5817 videtur,
3334 5752 3488 5816 satis,
