4014 6324
563 293 662 352 519

1396 289 1461 344 v.
1486 285 1813 344 GUlBERTl
1851 282 2140 341 ABBATIS
2171 281 2230 338 s.
2269 253 2510 340 unus:
2538 283 2626 341 DE
2647 282 3042 344 NOVIGENTO

3723 290 3822 350 5‘10

562 413 671 469 Deo
701 419 875 466 tamen
908 407 1278 479 permittente,
1321 404 1539 470 tulistis,
1589 404 1732 458 unde
1755 402 1972 465 dicitur,
2006 401 2136 470 quia
2169 400 2213 457 Α
2241 401 2394 466 tium,
2413 413 2461 456 et
2486 401 2690 459 labores
2707 403 3021 474 populorum
3049 409 3413 474 possederunt,
3443 415 3502 460 ut
3529 407 3822 466 custodiant

561 506 707 561 dedit
763 505 911 558 vobis
959 501 1189 570 gratiam
1223 513 1406 554 coram
1433 497 1704 570 Egyptiis
1745 498 1883 552 Deus
1937 479 2166 567 (Ετιτοίι.⁸
2233 492 2669 562 justiﬁcationes,
2695 506 2740 550 et
2766 496 2929 566 legem
2959 495 3074 567 ejus
3100 496 3562 568 requirant(Psal.
3584 515 3693 567 etv,
3714 499 3818 574 ιι).

559 614 660 662 xu,
693 597 782 662 35,
829 595 939 663 56).
975 593 1322 648 Postmodum
1360 608 1483 647 cum
1534 592 1811 664 ipse‘lcgis
1838 592 1981 648 illius
2011 606 2140 648 cen-

558 706 714 748 suras
759 688 1014 753 ediceret,
1060 685 1283 754 furtum,
1314 685 1584 754 fraudem,
1616 685 2141 758 concupiscentiam-

555 796 660 854 que
687 779 980 852 prohibuit.

1169 872 1397 928 CAPUT
1439 874 1523 928 Vl.

626 963 742 1019 Etsi
771 962 1112 1019 immutabilis
1131 964 1292 1032 Deus,
1320 983 1518 1031 rerum,
1537 975 1591 1021 ut
1615 968 1954 1022 ntutaL-ilitati
1969 968 2136 1023 homi-

555 1074 678 1112 num
700 1073 755 1111 se
782 1065 946 1128 aptet,
979 1059 1265 1111 sententias
1295 1069 1498 1112 mutare
1525 1059 1745 1114 videtur.
1793 1059 1944 1126 Quod
1975 1068 2022 1114 et
2045 1075 2134 1112 ra-

551 1147 783 1202 tionibus
812 1146 1518 1226 con/irmatur.—Habetis,
1545 1157 1604 1203 ut
1623 1149 1856 1216 aestimo,
1880 1148 2136 1220 pleraque

552 1237 860 1292 divinarum
919 1238 1316 1294 sententiarum
1379 1239 1696 1294 mutationis
1751 1239 2029 1310 exempla,
2080 1241 2135 1296 in

553 1327 750 1398 quibus
795 1326 1068 1398 conjicere
1117 1329 1344 1398 potestis
1371 1330 1560 1396 Deum,
1594 1331 1693 1386 etsi
1720 1330 2131 1397 immutabilem,

553 1420 901 1476 mutabilitati
954 1421 1258 1488 hominum,
1287 1436 1386 1492 pro
1414 1422 1651 1492 ipsorum
1697 1421 2005 1477 erudiendis
2031 1437 2133 1477 no-

551 1511 830 1578 vitatibus,
889 1511 1178 1568 mutabiles
1203 1513 1419 1569 dedisse
1460 1514 1779 1569 sententias.
1813 1513 2133 1570 Sicutenim

551 1600 747 1657 videtis
794 1602 1055 1673 puerulos
1083 1603 1205 1660 aliis
1254 1605 1307 1660 in
1348 1604 1577 1661 infantia
1616 1607 1959 1674 rudimentis,
1991 1608 2128 1674 aliis,

521 1709 672 1751 cum
712 1694 1068 1764 adoleverint,
1116 1698 1454 1756 documentis
1497 1701 1696 1767 imbui;
1746 1713 1802 1757 at
1839 1711 2129 1773 postquam

2241 581 2530 639 Librorum
2557 595 2860 642 vestrorum
2889 587 3193 659 quibusque
3219 590 3576 658 peccantibus
3605 592 3822 648 commi-

2241 678 2493 734 nationes
2527 692 2542 732 :
2574 677 2699 734 Non
2729 680 3002 750 inferetur,
3053 681 3320 752 inquiunt,
3377 699 3567 749 corpus
3597 691 3746 737 tuum
3769 685 3820 742 iu

2242 771 2545 841 sepulcrum
2600 782 2810 842 patrum
2847 782 3059 828 tuorum
3108 771 3231 844 (ΙΙΙ
3264 772 3390 844 Reg.
3417 790 3544 839 xm,
3571 773 3688 845 ει).
3721 774 3816 831 Et:

2243 864 2383 930 Quia
2424 865 2734 921 humiliatus
2779 877 2858 922 est
2897 866 3075 921 Achab
3105 883 3282 921 coram
3312 882 3416 933 me,
3452 867 3821 923 noniuducaut

2241 956 2384 1012 mala
2410 958 2463 1011 in
2485 957 2668 1012 diebus
2695 959 2810 1029 ejus
2859 957 2977 1028 (III
3015 958 3140 1029 Reg.
3178 975 3291 1025 nt,
3321 957 3440 1028 29).
3473 957 3628 1014 Multi
3659 959 3820 1029 philo-

2239 1047 2533 1118 sophorum
2556 1047 2862 1120 gentilium,
2897 1064 3018 1118 quae
3054 1047 3208 1104 vobis
3235 1049 3702 1121 promittebantur
3726 1051 3815 1105 du-

2241 1156 2370 1198 xere
2393 1145 2728 1216 contemptui
2755 1163 2768 1210 ;
2799 1145 3074 1212 ethabita,
3099 1158 3159 1203 ut
3181 1147 3470 1218 Diogenes,
3487 1148 3818 1220 abjeoerunt.

2239 1235 2306 1292 Et
2341 1253 2464 1293 cum
2493 1238 2642 1294 orbis
2669 1255 2879 1295 summa
2898 1239 3171 1312 aliquibus
3193 1239 3552 1306 incumberet,
3586 1248 3648 1296 ut
3671 1240 3820 1297 Octa-

2237 1326 2432 1383 vianus
2461 1327 2666 1398 Caesar,
2699 1331 3183 1402 parvipenderuut.
3235 1329 3375 1397 Quid
3415 1331 3596 1388 dicam
3628 1331 3820 1388 vobis?

2237 1421 2320 1476 An
2343 1423 2485 1478 bona
2516 1422 2600 1478 lex
2641 1433 2748 1490 est,
2789 1422 2943 1494 cujus
2965 1425 3192 1496 praemia
3223 1425 3298 1480 nil
3334 1425 3531 1481 stabile
3557 1425 3817 1496 pollicen-

2241 1525 2328 1572 tur
2355 1518 2378 1569 ?
2402 1515 2543 1583 Quid
2594 1516 2940 1572 victimarum
2992 1517 3162 1573 millia
3219 1517 3538 1588 ponderatis
3577 1517 3817 1574 ?Audite

2239 1606 2524 1661 Dominum
2553 1607 2607 1662 in
2643 1607 2780 1663 Isaia
2814 1627 2827 1663 :
2861 1607 3086 1678 Plenus,
3109 1609 3307 1680 inquit,
3334 1627 3472 1664 sum.
3495 1608 3816 1666 Holoeauste

2238 1700 2484 1765 arietum,
2539 1709 2584 1754 et
2614 1700 2880 1755 hircorum
2926 1701 3072 1757 nolui
3113 1701 3250 1774 (Isa.
3282 1718 3318 1767 ι,
3355 1703 3469 1772 Η).
3520 1701 3816 1774 Subditque

548 1791 1009 1858 permaturuerint
1057 1793 1218 1848 modo
1273 1808 1367 1850 eos
1408 1795 1682 1850 severiore
1729 1796 1966 1866 diSponi,
2004 1812 2128 1852 cum
2162 1795 2206 1852 Β
2233 1791 2672 1850 causaszManus
2692 1803 2876 1849 uestra:
2892 1796 3328 1866 sanguineplenae
3347 1805 3469 1850 sunt
3493 1793 3684 1866 (Ibid.,
3710 1795 3811 1867 15).

548 1881 769 1937 senibus
817 1896 946 1937 vero
998 1882 1424 1954 profundissima
1471 1901 1700 1957 qumque
1760 1888 2004 1953 tractari,
2053 1887 2126 1942 ita

549 1969 834 2043 intelligitc
861 1973 1051 2039 Deum,
1075 1989 1199 2029 cum
1229 1975 1389 2046 hujus
1419 1975 1601 2032 saeculi
1631 1978 1975 2046 processibus
2000 1993 2128 2049 ope—

547 2070 745 2119 ratum.
773 2062 910 2118 Nam
939 2065 1103 2120 veluti
1133 2067 1420 2137 parvulqu
1449 2069 1680 2125 assiduis
1705 2070 2036 2142 gerulorum,
2066 2085 2130 2126 ac

545 2156 818 2211 nutricum
856 2155 1410 2225 confabulationibus,
1451 2160 1518 2215 ad
1551 2161 1861 2216 rudimenta
1899 2161 2128 2233 loquelae

544 2248 802 2304 convenit
849 2249 1155 2316 informari,
1211 2259 1266 2306 et
1311 2261 1744 2309 suecreseenteir.
1791 2255 1990 2310 acriori
2016 2253 2127 2323 jam

541 2337 786 2410 pae‘dagio
811 2355 841 2395 a
879 2339 1100 2398 licentia
1152 2342 1394 2400 infantia:
1439 2346 1704 2414 cohiberi,
1762 2362 1792 2402 a
1830 2347 2128 2420 puerilibus

542 2433 707 2487 etiam
757 2447 873 2487 ειενο
901 2434 1231 2503 pubescente
1279 2435 1501 2492 omnino
1530 2437 1807 2510 restringi,
1846 2437 2128 2508 juventam

544 2538 676 2580 vero
704 2525 770 2580 ad
800 2525 1071 2597 integrum
1097 2528 1366 2583 eruditam
1399 2545 1496 2586 sua
1519 2542 1731 2601 sponte,
1761 2533 1979 2603 propria
2008 2549 2129 2606 gra-

542 2617 732 2685 vitate,
779 2628 984 2675 remota
1030 2619 1225 2690 ferula,
1278 2637 1342 2677 ex
1395 2623 1606 2679 virtutis
1642 2639 1829 2682 amore
1845 2624 1960 2693 jam
1989 2628 2123 2699 regi.

543 2710 620 2766 lla
643 2726 834 2768 recens
867 2714 1006 2770 Deus
1043 2715 1300 2771 saeculum
1328 2717 1509 2787 primo
1555 2718 1690 2783 suis,
1723 2729 1776 2774 et
1816 2719 2125 2790 angelorum

539 2805 766 2862 vocibus
789 2807 1044 2874 assuevit,
1077 2817 1133 2865 et
1160 2809 1314 2879 quasi
1345 2825 1566 2866 suorum
1605 2811 1779 2868 forma
1809 2820 2151 2870 sermonum

541 2902 898 2959 balbutientia
920 2905 1106 2960 mundi
1139 2904 1288 2962 labra
1324 2907 1582 2962 correxit.
1631 2907 1696 2963 Ut
1738 2909 1880 2979 quod
1909 2911 2126 2981 optimis

543 2997 704 3053 modo
757 3012 864 3053 non
910 2998 999 3065 sit,
1049 3008 1176 3054 tunc
1208 2999 1374 3054 etiam
1435 3001 1874 3072 improbissimis,
1911 3013 1965 3058 et
1995 3005 2125 3076 ipsis

539 3104 754 3162 quoque
775 3091 1100 3156 animalibus
1145 3102 1523 3163 praestaretur.
1553 3093 1722 3150 Paulo
1746 3104 2014 3161 evectum,
2045 3097 2120 3152 uti

2231 1884 2373 1952 Quid
2399 1893 2580 1940 autem
2620 1885 2748 1941 velit
2773 1886 3046 1956 extemplo
3094 1887 3477 1956 prosequitur:
3511 1885 3812 1953 Lauamini;

2231 1975 2417 2030 ntuttdi
2441 1985 2603 2031 estote
2632 1992 2651 2031 :
2679 1976 2880 2045 auferte
2902 1975 3101 2032 malum
3128 1976 3504 2047 cogitationum
3530 1985 3814 2030 vestrarum

2232 2067 2297 2122 ab
2327 2069 2496 2122 oculis
2517 2069 2644 2123 meis
2675 2070 2965 2138 :quiescite
3019 2085 3173 2139 agere
3209 2084 3446 2138 peruerse
3479 2067 3673 2139 (Ibid.,
3705 2065 3812 2137 16),

2231 2168 2286 2216 et
2316 2162 2620 2232 sequentia.
2652 2159 2776 2215 Non
2799 2161 2851 2216 in
2874 2161 3175 2230 sacriﬁciis,
3203 2160 3281 2214 ait
3303 2159 3462 2226 alter,
3489 2161 3724 2231 Arguam
3745 2170 3810 2228 te,

2227 2254 2354 2322 quia
2381 2251 2689 2306 holocausta
2729 2261 2819 2306 tua
2855 2269 2968 2306 meo
3007 2252 3280 2323 subjacent
3307 2253 3550 2306 arbitrio.
3582 2251 3708 2306 Non
3729 2269 3814 2306 ac-

2232 2342 2426 2412 cipiam
2476 2342 2541 2396 de
2595 2342 2751 2396 domo
2797 2351 2888 2397 tua
2935 2341 3147 2396 vitulos.
3200 2339 3459 2413 Nunquid
3489 2342 3812 2397 manducabo

2232 2455 2415 2494 carnes
2439 2437 2872 2492 taurorum?Sed
2903 2437 3118 2492 immota
3142 2437 3252 2493 Deo
3275 2438 3598 2506 sacriﬁcium
3620 2437 3810 2506 laudis,

2241 2529 2400 2583 redde
2453 2528 2725 2584 Altissimo
2771 2536 2887 2583 uota
2933 2545 3090 2596 super
3133 2528 3412 2597 sacriﬁciis
3444 2526 3628 2598 (Psal.
3667 2545 3809 2595 xm,

2231 2618 2409 2690 8-H).
2439 2619 2584 2676 ldem
2613 2621 2797 2689 utique
2815 2620 2890 2674 ait
2919 2637 2934 2674 :
2968 2618 3308 2675 Holocaustis
3333 2637 3438 2675 non
3454 2620 3810 2676 delectaberis.

2228 2711 2564 2782 Sacrificium
2587 2722 2761 2768 autent
2779 2712 2886 2768 Deo
2916 2713 3134 2783 spiritus
3151 2713 3539 2769 contribulatus
3572 2712 3811 2786 (Psal.l.,

2227 2805 2316 2871 is,
2350 2805 2457 2878 is).

2299 2897 2476 2969 Super
2501 2897 2920 2956 circumcisione
2949 2909 3037 2955 tua
3061 2899 3226 2956 etiam
3253 2913 3391 2970 pone
3417 2915 3608 2971 nugas.
3627 2897 3815 2957 Nonne

2225 2992 2334 3057 lex,
2363 3006 2543 3048 nonne
2558 2994 2836 3062 prophetae
2860 2992 3068 3063 pariter
3097 2992 3191 3048 tibi
3223 3001 3470 3057 cantant,
3498 3003 3561 3048 ut
3595 2993 3812 3050 auferas

2225 3083 2554 3154 prmputium
2603 3083 2783 3140 cordis
2835 3083 2909 3138 tui
2941 3083 3142 3152 ?Quod
3172 3084 3218 3139 si
3247 3084 3430 3140 cordis
3465 3095 3521 3140 et
3553 3099 3811 3144 sensuum

538 3183 652 3240 Noe
699 3184 1002 3240 Abrahaeve
1056 3187 1410 3256 temporibus,
1467 3187 1652 3258 paucis
1706 3187 1832 3244 licet
1879 3189 1930 3243 in
1964 3190 2124 3246 rebus

2237 3176 2330 3231 tibi
2360 3175 2837 3232 circumcisionem
2868 3175 3231 3244 inclamitant,
3265 3177 3412 3234 illam
3445 3194 3568 3250 quae
3596 3178 3810 3252 pellium

539 3277 1191 3350 castigare,etsignissibi
1214 3281 1472 3336 denotare
1495 3281 1778 3352 inciperet.
1801 3281 1913 3337 Sub
1943 3282 2126 3355 Moyse

539 3385 672 3426 vero
704 3371 862 3442 quasi
913 3371 1318 3428 adolescentem
1371 3389 1401 3428 a
1431 3375 1677 3444 pristinis
1702 3375 2003 3432 vilitatibus
2029 3377 2126 3433 ali-

537 3465 860 3536 quantulum
884 3465 1188 3534 sublevare,
1233 3475 1287 3523 et
1309 3466 1486 3540 aliqua
1512 3470 1576 3524 de
1606 3469 1720 3525 viro
1753 3469 1955 3526 sentire
1977 3487 2125 3530 com-

535 3557 784 3628 pelleret.

612 3649 772 3704 Αῖιαδ
791 3651 1023 3721 perfecta
1047 3652 1251 3723 increpit
1275 3652 1545 3711 ciC/triste.
1573 3655 1729 3712 Vetus
1756 3657 1840 3711 lea:
1864 3670 2124 3733 tempora-

539 3743 637 3809 lia,
671 3743 870 3798 Christi
896 3761 1014 3800 vero
1036 3754 1234 3801 aeterna
1263 3747 1408 3803 docet
1434 3758 1692 3820 appetere.
1723 3780 1796 3790 —-
1824 3751 1993 3808 Porro
2022 3755 2123 3810 sub

541 3835 925 3905 Redemptoris
961 3838 1137 3909 gratia
1177 3839 1332 3908 quasi
1365 3840 1740 3910 ponderosiori
1775 3842 1886 3912 jam
1916 3844 2119 3918 animo,

539 3939 594 3984 et
626 3929 1108 4001 intelligentiarum
1147 3934 1331 4002 capaci
1367 3935 1532 3990 totius
1566 3950 1675 3989 suae.
1713 3935 2032 4004 divinitatis,
2057 3954 2122 3994 ac

540 4022 587 4078 si
613 4023 811 4077 interni
845 4023 930 4078 sui
986 4023 1198 4079 consilii
1229 4034 1501 4096 praerupta
1541 4028 1845 4099 detegeret;
1881 4029 1946 4083 iis
1976 4031 2119 4086 enim

539 4115 629 4182 qui
653 4113 770 4168 solo
796 4113 1029 4168 dominis
1055 4113 1391 4168 famulantur
1428 4131 1634 4182 amore,
1689 4133 1876 4172 eorum
1906 4118 2120 4176 facilius

539 4207 717 4262 solent
771 4207 1057 4262 enuntiare
1111 4216 1322 4263 secreta
1358 4227 1370 4261 ε
1404 4208 1526 4262 Jam
1559 4225 1660 4263 non
1691 4213 1884 4278 dicunt,
1919 4214 2116 4285 inquit,

537 4317 625 4355 vos
675 4317 882 4364 serros;
926 4303 1050 4372 quia
1086 4318 1263 4356 servus
1302 4302 1461 4356 nescit
1492 4303 1618 4372 quid
1659 4305 1823 4372 faciat
1871 4306 2117 4361 domina..-

535 4391 684 4460 ejus;
727 4409 816 4446 vos
852 4402 1027 4447 autem
1048 4383 1180 4446 ‘dia‘i
1201 4395 1418 4462 amicos,
1449 4396 1573 4466 quia
1598 4399 1773 4450 omnia
1803 4415 1919 4464 qum
1941 4401 2118 4456 audivi

534 4503 566 4540 a
599 4483 760 4540 Patre
791 4502 902 4541 meo
943 4497 1066 4540 nota
1099 4486 1196 4556 feci
1227 4487 1368 4542 vobis
1425 4487 1607 4559 (Joan.
1643 4508 1732 4553 λιι,
1765 4492 1874 4562 Μ’).
1909 4492 1963 4546 ln
2001 4493 2118 4564 lege

535 4589 716 4633 vestra
744 4595 863 4649 qua:
907 4580 1064 4634 vobis
1099 4579 1238 4634 Deus
1261 4581 1483 4651 praemia
1521 4582 1810 4652 pollicetur
1837 4585 1857 4638 ἲ
1890 4585 2116 4642 Posses-

536 4672 738 4738 siones,
766 4675 1033 4729 ventrium
1065 4675 1448 4744 plenitudines,
1487 4694 1687 4734 uxores
1726 4695 1789 4735 ac
1814 4679 1970 4742 tilias,
2003 4681 2118 4736 lon-

535 4769 833 4838 gmvitates,
854 4777 908 4822 et
932 4767 1075 4821 nulla
1107 4769 1206 4824 nisi
1241 4769 1306 4824 iis
1334 4772 1610 4826 contraria
1638 4773 2019 4826 comminatur.
2045 4775 2120 4830 De

534 4859 754 4913 aeternis
784 4858 1059 4914 silentium
1084 4859 1331 4914 εει.οωιί
1354 4861 1600 4932 praemia,
1627 4863 1814 4916 tartari
1849 4872 2118 4921 tormenta

537 4965 804 5011 tacentur.
838 4956 991 5012 Sicut
1019 4957 1134 5012 sola
1182 4959 1482 5013 intentatur
1507 4959 1970 5028 virgojuvenculo
1999 4959 2118 5014 libi-

536 5045 751 5100 dinibus
810 5045 1085 5107 aestuanti,
1114 5055 1168 5100 et
1203 5047 1252 5100 ei
1283 5047 1575 5101 dehoneste
1612 5061 1792 5101 sermo
1817 5047 1875 5102 lit
1901 5051 2117 5114 surdus,
2154 5123 2156 5125 g

537 5138 610 5191 ita
641 5137 992 5202 cruciatibus,
1048 5147 1141 5191 aut
1175 5147 1350 5192 morte
1393 5139 1838 5193 absterrebautur
1878 5156 1906 5194 a
1948 5142 2115 5208 vitiis,

539 5231 605 5284 ad
623 5233 759 5285 bona
777 5230 1194 5301 qualiacunque,
1245 5247 1351 5286 non
1388 5230 1732 5299 allectu,.non
1757 5235 1994 5302 monitis,
2025 5235 2118 5294 sed

541 5323 729 5378 talium
762 5337 1046 5376 uulnerum
1067 5323 1334 5380 lenocinio
1365 5325 1738 5381 trahebantur.

611 5417 866 5482 Mentior,
903 5416 1005 5470 nisi
1061 5418 1144 5473 lex
1179 5417 1292 5488 ipsa
1342 5426 1576 5474 testetur
1617 5420 1850 5490 idipsum
1891 5437 1903 5473 :
1937 5420 2115 5476 intro-

537 5514 714 5580 duxit,
749 5513 947 5583 inquit,
971 5530 1059 5568 uos
1088 5513 1344 5568 Dominus
1379 5515 1431 5567 in
1457 5523 1650 5568 terram
1694 5515 1936 5583 ﬂuentem
1967 5513 2048 5569 lac
2072 5524 2118 5569 et

537 5608 664 5673 mel,
713 5619 770 5661 ut
817 5608 1068 5664 mandata
1129 5608 1338 5666 scilicet
1383 5608 1496 5679 ejus
1555 5608 1852 5676 observetis,
1883 5619 2008 5664 etut
2038 5610 2121 5665 (ea:

540 5699 755 5755 Domini
805 5718 1005 5773 semper
1052 5704 1119 5760 sit
1163 5704 1219 5758 in
1265 5721 1351 5758 ore
1379 5713 1544 5760 uestro
1591 5702 1787 5775 (Exod.
1818 5720 2012 5773 xum,
2039 5704 2115 5772 5).

540 5789 787 5850 Psalmus
813 5809 1028 5867 quoque
1075 5810 1090 5850 :
1142 5793 1292 5851 Dedit
1324 5794 1449 5865 illis,
1491 5794 1689 5866 inquit,
1732 5799 1964 5870 regiones
1995 5813 2120 5868 gen-

2230 3281 2315 3329 est
2340 3271 2567 3343 ﬁguram
2597 3272 2940 3329 solummodo
2973 3273 3250 3331 interioris
3272 3282 3481 3331 notant.

2301 3365 2440 3432 Quid
2475 3365 2540 3421 de
2570 3363 2794 3434 jejuniis
2825 3365 2959 3436 agis,
2993 3365 3048 3420 in
3075 3365 3272 3437 quibus
3321 3366 3496 3438 litigia
3527 3367 3810 3440 caedesque

2227 3454 2482 3512 videntur
2509 3457 2533 3510 ?
2561 3455 2680 3524 Quo
2706 3463 2896 3512 contra
2933 3456 3199 3528 propheta
3229 3473 3242 3511 :
3278 3456 3457 3524 Solve,
3481 3458 3576 3524 ait,
3602 3456 3816 3528 colliga-

2229 3547 2396 3602 tiones
2420 3547 2702 3617 impietatis
2725 3545 3008 3617 fasciculos
3035 3545 3382 3617 deprimentes
3407 3547 3547 3620 (Isa.
3563 3563 3715 3614 LVIII,
3734 3547 3809 3619 6),

2227 3648 2282 3695 et
2311 3649 2528 3705 caetera,
2558 3653 2678 3696 uuas
2701 3638 2775 3694 ibi
2807 3639 2952 3695 Deus
2982 3639 3277 3709 appretiari
3300 3638 3600 3711 jejunando
3623 3639 3810 3711 digno-

2228 3733 2420 3788 scitur.

2299 3822 2356 3877 In
2409 3821 2705 3894 diligentiis
2756 3820 3122 3878 Sabbatorum
3167 3822 3338 3878 multa
3365 3823 3521 3878 vobis
3567 3822 3807 3879 solertia.

2229 3913 2336 3970 Sed
2371 3915 2538 3970 Deum
2569 3913 2796 3970 forsitan
2828 3914 3050 3970 creditis
3075 3923 3260 3970 vestro
3288 3915 3422 3983 otio,
3455 3915 3808 3986 spectaculis-

2226 4023 2331 4078 que
2361 4008 2614 4079 gaudere.
2632 4008 2743 4063 Nec
2764 4007 2921 4078 longe
2950 4017 3035 4064 est
3057 4024 3221 4079 super
3243 4009 3346 4064 hoc
3378 4009 3520 4064 idem
3549 4010 3808 4080 propheta

2225 4101 2355 4170 qttid
2403 4099 2602 4155 sentiat
2637 4117 2650 4156 :
2690 4098 2750 4154 Si
2775 4100 3086 4154 averterisa
3136 4097 3367 4153 Sabbato
3421 4100 3604 4169 pedem
3662 4111 3809 4154 tuum

2225 4205 2328 4243 non
2352 4188 2524 4257 facere
2553 4187 2870 4243 voluntatem
2899 4198 3044 4242 tuam
3072 4189 3130 4243 in
3157 4189 3242 4242 die
3271 4200 3455 4243 sancto
3483 4207 3617 4256 meo,
3644 4200 3690 4244 et
3719 4206 3810 4243 uo-

2223 4278 2417 4332 careris
2442 4276 2730 4332 Sabbatum
2742 4278 3046 4344 delicatum,
3068 4287 3116 4332 et
3144 4277 3540 4348 gloriﬁcaveris,
3562 4281 3682 4334 dum
3704 4297 3810 4334 non

2224 4373 2355 4442 fucis
2380 4374 2488 4427 vias
2516 4383 2634 4427 tuas
2659 4371 2845 4445 (Ihid.,
2878 4373 2987 4444 15).

2295 4486 2457 4557 277
2486 4485 2680 4541 Pedem
2711 4494 2958 4543 avertere
2987 4502 3018 4541 a
3049 4486 3289 4543 Sabbato
3313 4487 3806 4544 fortassisatstimas

2223 4579 2591 4633 continentias
2631 4579 2700 4634 ab
2728 4578 2923 4633 itinere
2947 4577 3216 4634 faciendo.
3247 4578 3390 4646 Quid
3432 4595 3598 4649 super
3623 4578 3807 4635 volun-

2223 4679 2331 4727 tate
2363 4672 2736 4742 restringenda
2769 4672 3063 4728 tractabis?
3087 4671 3238 4739 Quod
3278 4673 3324 4727 si
3371 4675 3438 4729 ad
3483 4674 3806 4729 actionarias

2223 4771 2275 4819 te
2321 4763 2657 4819 converteris
2685 4762 3010 4832 voluntates,
3065 4763 3191 4818 audi
3229 4765 3516 4834 sequentia
3551 4782 3568 4822 :
3609 4765 3671 4818 Et
3698 4779 3808 4819 uou

2221 4859 2482 4913 invenitur
2511 4856 2749 4911 voluntas
2772 4867 2884 4924 tua,
2919 4867 2975 4911 ut
3002 4857 3236 4928 loquaris
3270 4873 3565 4912 sermonem
3595 4855 3804 4928 (Ihid.).

2220 4949 2375 5005 Nulla
2424 4949 2508 5004 lex
2559 4949 2807 5004 imminet
2850 4948 3104 5004 Sabbatis
3141 4965 3171 5003 a
3207 4949 3480 5020 colloquio
3511 4949 3718 5013 feriari,
3753 4950 3808 5003 in

2222 5057 2330 5112 quo
2351 5042 2416 5097 ad
2445 5041 2495 5096 id
2520 5040 2634 5110 jam
2663 5041 2986 5097 necessitate
3010 5041 3406 5112 compellimur,
3435 5053 3494 5097 ut
3520 5042 3804 5098 delicatum

2223 5135 2278 5190 in
2304 5149 2368 5190 co
2399 5134 2514 5190 solo
2545 5134 2841 5190 Sabbatum
2869 5142 3272 5205 computemus,
3303 5135 3348 5190 si
3385 5151 3416 5189 a
3465 5135 3618 5190 malis
3642 5132 3807 5204 spiri-

2224 5226 2441 5282 tualiter
2465 5226 2739 5294 subtilius,
2766 5242 2888 5298 qua:
2909 5226 3025 5298 lege
3047 5241 3156 5282 non
3189 5235 3318 5282 sunt
3339 5227 3531 5295 vetita,
3569 5228 3806 5298 linguam

2222 5336 2285 5378 ac
2325 5322 2564 5376 animant
2595 5321 2981 5393 dispescamus.

2295 5415 2575 5485 Perpende
2625 5415 2787 5487 igitur
2831 5413 3166 5470 clarissimos
3198 5421 3302 5468 tua:
3344 5412 3481 5485 legis
3532 5420 3802 5476 auctores,

2224 5520 2486 5580 quantum
2521 5524 2550 5562 a
2598 5517 2690 5564 tuo
2717 5509 3027 5578 discrepent
3062 5505 3358 5573 intellectu,
3401 5507 3496 5577 qui
3527 5505 3652 5562 nihil
3673 5520 3806 5561 cor-

2221 5620 2415 5676 porcas
2443 5603 2860 5659 exercitationes
2885 5601 3148 5656 habentes
3172 5599 3344 5656 solum
3374 5599 3620 5656 medullis
3640 5598 3808 5668 spiri-

2227 5699 2456 5755 tualibus
2503 5696 2867 5752 intenderunt.
2903 5694 3029 5752 Sola
3062 5707 3293 5766 namque
3341 5694 3395 5749 in
3442 5693 3510 5750 iis
3543 5694 3806 5749 observa-

2225 5793 2459 5848 tionibus
2511 5789 2692 5847 carnis
2740 5789 2958 5848 vexatio
3003 5798 3115 5858 est;
3169 5789 3254 5846 his
3293 5799 3512 5850 tamen.
3551 5787 3636 5847 aui
3682 5800 3806 5842 non
