4038 6330
185 419 297 474 591

879 405 1125 471 TBACT.
1169 404 1256 471 DE
1291 397 1802 471 lNCARNATlONE
1830 394 2105 455 CONTRA
2128 402 2415 466 mersos
2476 439 2547 453 -
2572 405 2698 466 LIB.
2723 407 2807 467 ttt.

3354 410 3465 471 522

189 528 404 602 aliquid
433 530 500 585 de
529 527 909 599 spiritualitate
938 538 1246 583 senserunt.
1275 528 1390 584 Etsi
1412 527 1557 582 enim
1580 526 1633 581 in
1662 525 1783 597 lege
1808 525 1862 585 A
1887 536 2005 585 ηαδ,
2040 520 2383 590 inclamauit.
2421 524 2511 581 hic
2558 539 2687 581 νθτο
2715 525 2875 579 Pam
2915 535 3089 581 κοδίεν
3116 526 3465 598 appellandi”

191 631 293 676 tua
324 619 524 675 dicitur
553 634 566 671 :
595 617 701 681 Qui
729 618 840 671 Iure
870 616 1050 684 fecerit
1077 617 1162 671 vel
1208 619 1297 671 illa
1336 618 1620 681 mandata,
1651 619 1785 672 vivet

190 714 254 768 in
283 715 361 767 eis
387 711 571 781 (Leuit.
598 725 748 772 xvtn,
779 707 856 780 5),
900 726 1178 779 nunquam
1202 718 1378 765 tamen
1400 719 1505 776 est,
1527 720 1783 780 quantum

194 807 269 862 ad
303 805 568 869 animam,
605 804 889 872 quisquam
936 803 1138 857 vixisse
1185 803 1515 868 credendus,
1547 803 1641 873 qui
1676 818 1783 858 non

196 911 393 953 amore
415 904 472 949 et
500 894 604 949 ﬁde
626 891 969 947 caeremoniis
998 892 1103 947 illis
1130 892 1428 948 inhaeserit.
1466 891 1620 948 Unde
1644 892 1787 962 apud

193 984 541 1042 Ezechielem
592 982 787 1054 legitur
832 998 847 1037 :
892 997 1013 1037 cum
1071 982 1216 1037 enim
1265 983 1657 1055 improperaret
1705 984 1785 1041 eis

192 1077 675 1149 praevaricationes
706 1077 773 1132 ab
801 1077 881 1132 eis
908 1077 960 1131 in
996 1076 1209 1132 deserto
1240 1075 1425 1141 factas,
1453 1074 1784 1130 idololatria-

196 1185 324 1224 rum
374 1169 638 1234 incursus,
671 1167 1143 1238 Sabbatorumque
1181 1168 1452 1232 incurias,
1482 1166 1550 1221 ad
1598 1175 1782 1221 extre-

195 1275 355 1314 mum
402 1259 579 1313 intulit
628 1257 977 1328 DeuszErgo
1016 1268 1064 1312 et
1112 1275 1205 1328 ego
1250 1258 1370 1311 dedi
1404 1257 1478 1311 eis
1527 1265 1785 1325 praecepta

198 1367 310 1404 non
344 1350 477 1404 bona
497 1392 511 1416 ,
543 1361 590 1404 et
628 1350 833 1419 judicia
861 1351 915 1403 in
958 1350 1143 1419 quibus
1171 1366 1273 1404 non
1303 1351 1503 1415 vivent,
1534 1359 1582 1402 et
1622 1346 1788 1418 pollui

198 1443 258 1496 in
288 1443 772 1508 muneribus‘suis,
819 1458 935 1494 cum
964 1442 1210 1509 o/ferrent
1248 1456 1398 1494 omne
1435 1440 1573 1509 quod
1623 1436 1787 1507 aperit

196 1531 417 1584 uuluam
466 1541 673 1599 propter
717 1531 907 1583 delicta
955 1546 1056 1583 sua
1100 1528 1315 1599 (Ezech.
1371 1542 1476 1594 xx,
1522 1527 1623 1592 25,
1670 1526 1803 1596 26)..

198 1619 387 1686 Quare
426 1634 531 1673 non
565 1619 736 1684 bona,
779 1634 937 1683 cum,
980 1617 1132 1687 juxta
1175 1619 1477 1687 apostolum
1508 1629 1784 1682 nostrum,

199 1708 294 1761 lex
344 1708 415 1762 sit
460 1718 669 1771 sancta,
701 1719 757 1762 et
784 1709 1093 1762 mandatum
1125 1722 1176 1763 et
1206 1706 1411 1773 justum
1450 1718 1505 1761 et
1546 1705 1788 1761 bonum?

204 1798 391 1867 (Rom.
422 1814 532 1860 vn,
582 1800 703 1870 12.)
746 1799 1014 1855 Corticem
1058 1810 1113 1854 et
1148 1815 1269 1855 ossa
1314 1800 1632 1854 rodentibus
1679 1814 1787 1854 non

1885 610 2448 682 pmdicaturﬂlatth.
2477 628 2549 677 vr,
2585 613 2660 684 9).
2689 612 2788 669 Hic
2826 614 3061 685 Spiritus
3098 625 3334 680 sanctus,
3368 617 3466 687 qui

1886 717 2039 757 amor
2065 710 2168 767 est,
2206 718 2305 771 pro
2330 705 2590 773 magistro
2612 705 2914 760 adhibetur.
2948 704 3048 761 Hic
3074 723 3180 762 non
3206 708 3258 761 in
3285 707 3464 778 lapide

1886 793 2001 860 lex,
2042 795 2136 849 sed
2176 795 2465 861 cordibus,
2497 796 2900 867 visceribusque
2926 798 3269 866 inscribitur;
3314 804 3461 869 quia,

1887 895 1948 940 ut
1980 886 2123 941 idem
2150 885 2285 952 alias
2324 886 2585 956 propheta
2620 894 2873 954 testatur,
2895 904 2989 943 cor
3027 889 3138 958 jam
3184 905 3462 957 carneum,

1887 976 2101 1031 sublato
2155 976 2398 1047 lapideo,
2450 976 2643 1045 spiritu
2705 992 2846 1032 novo
2910 979 3173 1033 imbuitur
3236 980 3462 1050 (Ezeclt.

1887 1079 2077 1119 xxxvx.
2104 1064 2218 1118 26).
2245 1064 2416 1118 Tanta
2447 1078 2578 1117 vero
2606 1078 2704 1133 per
2740 1064 2833 1118 Dei
2861 1066 3091 1133 gratiam
3119 1066 3239 1121 ﬁdei
3267 1078 3467 1123 nostrze

1880 1152 1993 1222 jam
2023 1163 2109 1209 est
2134 1155 2436 1220 evidentia,
2467 1162 2526 1209 ut
2552 1170 2656 1209 non
2691 1155 2760 1210 sit
2791 1156 3141 1212 instruendus
3177 1158 3292 1228 jam
3321 1161 3469 1227 quis‘

1886 1245 2034 1316 piam
2066 1246 2131 1301 de
2160 1246 2427 1301 incarnati
2455 1246 2550 1302 Dei
2578 1247 2700 1301 Filii
2732 1248 2942 1302 notitia.
2974 1246 3111 1319 (lam
3141 1249 3284 1303 enim
3308 1251 3470 1303 rudes

1888 1353 2039 1407 aeque
2066 1348 2125 1393 ut
2154 1340 2296 1395 docti
2324 1347 2523 1393 norunt
2549 1355 2675 1408 quia
2708 1340 2822 1410 ipse
2872 1350 2957 1395 est
3004 1342 3093 1409 qui
3124 1342 3192 1396 ad
3221 1342 3466 1395 omnium

1889 1431 2035 1485 venit
2063 1430 2330 1487 abluenda
2372 1431 2647 1501 crimina.)
2680 1431 2785 1487 Sed
2821 1430 2932 1500 jam
2962 1433 3163 1501 passim
3196 1434 3260 1488 de
3290 1434 3467 1488 corri-

1889 1522 2080 1592 gendis
2108 1522 2360 1592 Operibus
2390 1532 2444 1578 et
2470 1523 2713 1577 moribus
2740 1523 2811 1577 sit
2840 1522 3105 1578 doctrina.

2486 1629 2713 1685 CAPUT
2755 1629 2860 1685 νει.

1958 1717 2043 1773 Ea:
2088 1716 2269 1775 Vetere
2294 1720 2415 1775 item
2443 1719 2770 1776 Testamento
2800 1722 3019 1776 ostendit
3052 1720 3247 1777 Christi
3272 1726 3465 1778 adven.

1889 1819 2020 1864 tum.
2044 1839 2114 1850 --
2142 1812 2428 1866 Translato
2466 1812 2651 1883 igitur,
2679 1827 2785 1867 non
2812 1814 3025 1878 obruto,
3056 1815 3160 1870 tuis
3188 1816 3316 1869 olim
3342 1816 3469 1871 dato

202 1886 381 1947 bona;
413 1886 669 1941 interiora
694 1889 1038 1958 carpentibus
1060 1889 1231 1953 utilis,
1257 1888 1643 1957 utentibusque
1675 1904 1787 1943 Ine-

1896 1905 2132 1974 patribus
2164 1917 2518 1971 testamento,
2548 1908 2617 1961 ad
2645 1908 2879 1963 sanioris
2908 1909 3267 1963 observantia:
3304 1907 3466 1963 intel-

206 1974 380 2030 dulla.
411 1975 475 2030 Hi
524 1984 651 2031 sunt
700 1977 902 2031 inimici
952 1978 1005 2031 in
1055 1978 1297 2046 psalmo,
1328 1983 1422 2047 qui
1452 1987 1647 2031 terram
1687 1978 1791 2030 lin-

204 2074 346 2134 gunt
377 2063 548 2135 (Psal.
580 2082 725 2130 Lxxt,
755 2067 833 2136 9).
857 2067 1028 2121 Pollui
1060 2082 1153 2122 eos
1184 2068 1235 2120 in
1270 2067 1600 2132 muneribus,
1625 2068 1789 2121 etiam

206 2168 339 2208 cum
385 2154 575 2223 legalia
624 2156 737 2224 ipsa
784 2165 1050 2225 prmeepta
1108 2154 1467 2223 complerent,
1516 2153 1790 2210 oflerendo

206 2243 467 2298 videlicet
514 2260 673 2298 omne
713 2244 858 2313 quod
912 2243 1085 2312 aperit
1128 2243 1378 2309 vulvam,
1406 2259 1527 2297 cum
1577 2245 1629 2298 in
1661 2243 1791 2311 ipsis

209 2345 309 2386 eos
342 2334 551 2387 ostendi
584 2334 815 2403 pollutos
855 2333 1206 2399 muneribus,
1247 2334 1372 2388 dum
1405 2332 1536 2386 nihil
1562 2331 1793 2386 oll‘erunt

208 2438 313 2493 pro
343 2423 589 2479 internis.
622 2424 715 2478 sed
741 2439 839 2493 pro
862 2424 1240 2478 exterioribus.
1270 2423 1421 2479 Unde
1446 2432 1528 2477 est
1561 2440 1573 2476 :
1608 2422 1789 2477 Oratio

210 2514 328 2583 ejus
360 2515 453 2582 ﬁat
483 2531 537 2568 in
564 2525 832 2584 peccatum
865 2512 1036 2583 (Psal.
1066 2530 1216 2578 cvm,
1245 2515 1323 2585 8).
1348 2514 1582 2567 Lucrum
1608 2516 1793 2581 utique

210 2613 364 2674 petat
410 2621 438 2658 a
478 2606 587 2660 Deo
626 2605 952 2675 temporale,
986 2621 1090 2659 non
1137 2606 1327 2659 Deum.
1374 2605 1430 2659 in
1475 2606 1605 2675 ipsis
1634 2608 1793 2674 plane

211 2694 488 2749 mandatis
516 2695 622 2749 vita
673 2703 843 2753 esset.
892 2696 937 2749 si
988 2697 1155 2749 Deum
1205 2695 1326 2764 quis
1379 2710 1444 2748 ex
1481 2704 1592 2748 toto
1630 2697 1794 2750 corde

213 2787 500 2853 diligeret:
530 2787 607 2842 uti
656 2788 701 2843 si
746 2789 1051 2858 proximum
1097 2796 1342 2850 curaret,
1396 2788 1439 2842 si
1490 2788 1691 2841 furtum
1741 2798 1796 2843 et

214 2880 556 2934 mendacium
588 2889 890 2945 caveretur,
925 2878 1180 2949 lrausque
1213 2895 1316 2933 non
1340 2880 1512 2934 ﬁeret.
1543 2880 1613 2933 At
1648 2895 1792 2945 cum,

216 2971 284 3025 iis
330 2971 678 3039 posthabitis,
708 2971 948 3026 inanium
986 2971 1198 3025 illorum
1243 2972 1440 3025 rituum
1482 2971 1796 3040 superstitio

217 3062 545 3127 celebratur,
574 3062 690 3117 sine
719 3062 897 3117 fructu
937 3062 1196 3115 mentium
1228 3077 1354 3116 caro
1382 3072 1631 3117 vexatur.

1889 1992 2081 2058 lectus,
2113 1995 2241 2063 quid
2278 1997 2411 2050 mihi
2440 2011 2688 2065 pomum,
2719 1996 2955 2068 leporem
2981 2008 3035 2054 et
3063 2007 3323 2065 ostream,
3354 1999 3469 2067 qui-

1887 2085 1991 2140 bus
2034 2087 2324 2151 vescimur,
2354 2102 2585 2167 nequam
2628 2089 2810 2145 Iudaee
2834 2131 2848 2156 ,
2880 2092 3104 2161 objicis?
3134 2093 3341 2161 Templi
3386 2092 3469 2147 tui

1888 2178 2117 2245 vestigia
2166 2177 2309 2232 nulla
2359 2188 2683 2247 supersunt,
2729 2181 3006 2248 pontiﬁcia
3053 2182 3378 2248 subsedere,
3409 2190 3471 2237 ut

1890 2270 2033 2326 idem
2057 2270 2169 2326 fere
2190 2287 2358 2339 genus
2388 2280 2601 2327 constet
2629 2273 2887 2327 abolitum
2912 2274 3089 2344 gentis
3118 2284 3242 2339 tuae,
3270 2274 3471 2343 ubique

1893 2369 2165 2415 terrarum
2197 2362 2562 2431 dispersiones
2592 2364 2870 2419 oberrant.
2912 2364 3235 2419 Sanctuario
3264 2367 3469 2434 itaque,

1893 2453 2216 2517 sacerdotio,
2263 2470 2464 2525 regno,
2506 2457 2730 2526 ipsaque
2770 2470 2906 2525 pene
2943 2466 3102 2527 gente
3132 2459 3470 2522 vacantibus,

1894 2543 2003 2598 imo
2027 2545 2337 2609 destructis,
2367 2548 2489 2615 quis
2534 2556 2702 2601 restat
2741 2548 2877 2616 legis
2915 2550 3097 2603 tenor!
3143 2548 3277 2602 Tota
3325 2548 3473 2604 enim

1892 2632 2062 2687 ferme
2092 2634 2174 2689 lex
2203 2635 2257 2688 in
2289 2635 2561 2705 diligentia
2608 2636 2789 2706 templi
2832 2653 2897 2693 ac
2935 2637 3225 2693 sacerdotii
3252 2639 3472 2702 pendet.

1894 2719 2187 2790 Postquam
2221 2724 2362 2776 hanc
2393 2724 2658 2778 universa:
2700 2724 2833 2795 legis
2863 2741 3154 2792 summam,
3182 2742 3288 2781 non
3335 2726 3476 2782 alter

1895 2825 2057 2879 quam
2090 2811 2225 2866 Deus
2256 2812 2371 2881 ipse
2396 2813 2625 2876 subruit,
2651 2814 2778 2880 quid
2807 2814 2873 2868 de
2906 2824 3225 2869 cazterorum
3271 2830 3477 2885 praece-

1897 2911 2112 2971 ptorutn
2153 2903 2396 2958 minutiis
2442 2903 2626 2958 dices?
2654 2902 2820 2959 Audis
2866 2906 2992 2960 novi
3036 2906 3228 2961 sideris
3252 2907 3341 2978 [f.,
3374 2907 3476 2964 ite-

1898 2993 2066 3065 deris]
2100 2996 2429 3064 pactionem,
2455 2994 2607 3063 cujus
2634 3006 2962 3063 superventu
3000 3012 3161 3052 nemo
3188 2999 3478 3054 adnibilari

1900 3084 2109 3137 dubitat
2155 3092 2503 3137 vetustatem.
2553 3083 2725 3138 Cuine
2774 3084 3005 3154 imputas
3049 3087 3201 3155 quod
3231 3087 3477 3141 dicitur:

288 3176 554 3243 Quoniam
584 3190 712 3243 ergo
735 3176 1202 3246 prosequebamini
1230 3191 1417 3231 omnes
1436 3175 1796 3244 conspicabile
1824 3191 1868 3253 ς
1900 3171 2065 3239 278
2097 3168 2173 3224 Tu
2202 3188 2254 3224 es
2287 3173 2529 3226 sacerdos
2562 3173 2621 3224 in
2657 3181 2907 3227 wternum
2932 3177 3215 3228 secundum
3244 3178 3480 3229 ordinem

218 3280 415 3333 corpus
458 3273 512 3319 et
555 3265 707 3318 nihili
757 3266 1072 3335 pendebatis
1118 3266 1379 3329 animam,
1411 3282 1529 3334 qua:
1575 3265 1796 3330 latebat,

218 3354 392 3408 voluit
425 3355 637 3408 tandem
686 3354 825 3409 Deus
857 3356 1031 3420 nobis,
1067 3356 1174 3409 imo
1205 3356 1249 3410 si
1285 3356 1593 3409 voluissetis
1622 3355 1796 3416 vobis,

218 3457 328 3498 non
353 3440 466 3511 jam
495 3443 825 3511 exemplaria
863 3459 1137 3509 verorum,
1172 3446 1264 3498 sed
1304 3448 1420 3514 ipsa
1450 3460 1595 3510 vera,
1629 3455 1682 3499 et
1712 3460 1800 3498 sa-

220 3530 316 3586 luti
342 3532 601 3585 viciniora
628 3532 961 3600 producere;
1007 3534 1120 3603 ipse
1166 3534 1310 3588 enim
1354 3549 1450 3603 per
1481 3534 1796 3602 praedictum

219 3624 537 3694 prophetam
582 3621 991 3690 prrestillaverat
1035 3623 1205 3677 vobis.
1256 3621 1418 3687 Ecce,
1448 3622 1658 3691 inquit,
1688 3623 1798 3676 dies

220 3713 451 3775 ueniunt,
499 3712 623 3765 dicit
662 3711 937 3779 Dominus,
982 3723 1028 3767 et
1074 3713 1261 3783 feriam
1296 3714 1477 3767 domui
1519 3712 1710 3780 Israel,
1749 3724 1797 3767 et

220 3801 402 3855 domui
446 3803 589 3856 Juda
632 3802 799 3872 {tedas
849 3820 1059 3868 novum,
1108 3820 1208 3856 non
1262 3804 1547 3856 secundum
1590 3784 1798 3874 pacium

218 3894 359 3963 quod
398 3895 568 3964 pepigi
597 3911 713 3948 cum
758 3895 994 3964 patribus
1038 3910 1246 3958 eorum,
1272 3895 1324 3946 in
1355 3895 1438 3946 die
1472 3910 1575 3963 qua
1617 3911 1801 3964 appre-

221 3983 377 4036 hendi
424 4000 640 4036 manuni
697 4001 917 4048 eorum,
967 3994 1022 4037 ut
1070 3986 1337 4037 educerem
1395 4001 1479 4037 eos
1540 3986 1601 4038 de
1661 3996 1799 4039 terra

221 4073 466 4144 :Egypti,
493 4086 701 4145 pactum
727 4080 864 4146 quod
910 4077 1116 4129 irritum
1148 4077 1412 4145 fecerunt;
1458 4077 1546 4129 sed
1577 4077 1672 4130 hoc
1698 4078 1795 4130 erit

221 4178 434 4236 pactum
476 4168 615 4235 quod
662 4167 849 4235 feriant
896 4184 1012 4219 cum
1058 4170 1210 4221 domo
1250 4166 1419 4220 Israel
1462 4181 1480 4218 :
1525 4166 1652 4221 Post
1690 4169 1801 4223 dies

221 4254 341 4308 illos
385 4255 518 4307 dabo
566 4255 726 4324 legem
774 4271 939 4309 meam
983 4257 1035 4309 in
1076 4256 1353 4309 visceribus
1399 4272 1609 4321 eorum,
1651 4266 1699 4310 et
1745 4258 1801 4312 in

117 4352 133 4361 ‘
224 4346 380 4398 εοτάε
407 4360 586 4398 eorum
621 4344 847 4398 scribant
882 4361 1017 4410 eam,
1046 4355 1093 4398 et
1138 4362 1240 4398 non
1269 4345 1524 4399 docebunt
1557 4344 1697 4399 ultra
1726 4347 1802 4399 vir

214 4434 519 4503 proximum
566 4449 739 4499 suum,
784 4444 831 4488 et
873 4435 949 4487 vir
998 4434 1211 4503 fratrem
1259 4451 1412 4488 suum
1448 4436 1623 4489 dicens
1650 4454 1669 4492 :
1702 4434 1803 4489 Co-

1901 3261 2318 3315 Melchisedech?
2359 3260 2529 3332 (Psal.
2562 3277 2679 3326 cut,
2721 3264 2800 3332 4.)
2826 3261 2991 3330 Cujus
3025 3266 3088 3316 azl
3123 3264 3288 3319 Deum
3332 3266 3482 3335 loqui

1900 3352 1953 3406 in
1985 3352 2192 3421 psalmo
2234 3367 2521 3421 personam
2566 3355 2757 3421 putas?
2806 3353 3180 3421 Sacriﬁcium,
3206 3356 3401 3424 inquit,
3430 3365 3480 3412 et

1900 3442 2213 3496 oblationem
2265 3442 2518 3509 noluisti,
2569 3459 2724 3497 aures
2781 3454 2959 3497 autem
3012 3445 3273 3513 perfecistt
3326 3449 3481 3502 nti/ti.

1902 3531 2282 3585 Holocaustum
2312 3543 2359 3586 et
2386 3550 2480 3603 pro
2505 3543 2714 3603 peccato
2745 3550 2848 3587 non
2875 3535 3170 3603 postulasti,
3199 3546 3321 3592 tunc
3344 3538 3481 3606 dixi,

1901 3623 2037 3678 Ecce
2062 3626 2247 3679 venio?
2286 3623 2459 3697 (Psal.
2492 3642 2679 3689 xxxix,
2703 3625 2756 3690 7,
2788 3626 2868 3696 8.)
2901 3625 2960 3680 Si
2999 3627 3065 3681 ad
3096 3627 3267 3682 David
3315 3630 3481 3684 verba

1901 3716 2017 3770 haec
2067 3717 2304 3780 releras,
2349 3715 2435 3769 cui
2469 3716 2611 3770 Deus
2653 3714 2776 3771 ideo
2817 3730 2978 3770 aures
3020 3714 3284 3784 olfecerit,
3318 3718 3371 3773 id
3397 3725 3486 3777 est

1901 3804 2260 3858 obedientiam
2325 3805 2572 3868 dederit,
2632 3806 2761 3875 quia
2810 3807 3083 3861 sacriﬁcia
3141 3809 3481 3879 neglexerit,

1900 3895 2251 3963 aequipollcns
2298 3894 2372 3948 illi
2406 3895 2692 3950 sententia:
2735 3895 2839 3950 erit
2881 3896 3118 3950 :Melior
3150 3908 3225 3951 est
3277 3898 3485 3954 scilicet

1902 3987 2192 4040 obedientia
2216 4002 2372 4055 quam
2402 3987 2620 4040 victima:
2650 3986 2703 4058 (Ι
2737 3986 2867 4058 Reg.
2896 4002 2984 4054 xv,
3016 3988 3128 4059 22).
3156 3988 3212 4043 Si
3246 3989 3315 4043 ad
3342 3989 3483 4045 Mes-

1902 4076 2056 4139 siam,
2087 4090 2245 4144 (ptem
2292 4076 2525 4128 inaniter
2567 4076 2897 4145 praestolaris
2936 4086 3117 4144 tuum,
3152 4078 3345 4133 falsum
3375 4087 3478 4145 est,

1904 4164 2026 4231 quia
2055 4179 2177 4219 eum
2209 4165 2443 4219 aestimas
2470 4163 2870 4232 subjectissime
2897 4167 2964 4222 iis
2992 4167 3333 4222 caeremoniis
3361 4182 3480 4222 ser-

1903 4254 2156 4307 viturum.

1974 4343 2145 4398 Porro
2179 4343 2224 4398 si
2250 4345 2316 4398 ad
2343 4344 2653 4411 Christum,
2686 4344 2800 4415 ipse
2833 4345 3177 4413 singulariter
3212 4345 3371 4414 plane
3416 4358 3482 4400 ea:

1904 4434 1968 4488 iis
2002 4451 2121 4505 quae
2171 4452 2355 4503 passus
2390 4446 2464 4488 est
2513 4436 2693 4488 didicit
2726 4436 3071 4489 obedientiam
3108 4435 3295 4506 (Hebr.
3321 4451 3375 4500 γ,
3399 4436 3477 4507 8),

224 4538 410 4591 gnosce
440 4522 759 4587 Dominum;
787 4539 962 4576 omnes
989 4524 1124 4576 enim
1166 4534 1467 4593 cognoscent
1500 4541 1580 4578 me
1625 4542 1657 4577 a
1700 4527 1799 4579 mi-
1833 4534 1877 4588 1)
1904 4528 2028 4596 quia
2062 4526 2421 4590 holocaustis,
2453 4538 2505 4581 et
2534 4542 2633 4594 pro
2668 4534 2892 4595 peccato
2944 4526 3246 4581 nullatenus
3275 4525 3479 4597 placari

216 4613 364 4664 'nimo
396 4627 556 4682 usque
582 4612 651 4664 ad
682 4614 991 4677 maximum,
1031 4613 1150 4680 quia
1192 4613 1512 4681 propitiabor
1548 4616 1796 4684 iniquita-

225 4700 362 4753 tibus
393 4716 593 4763 eorum,
624 4712 668 4752 et
696 4703 892 4769 peccati
918 4719 1094 4755 eorum
1128 4718 1229 4756 non
1250 4718 1337 4755 ero
1358 4719 1554 4757 memor
1575 4704 1799 4772 amplius

206 4789 370 4857 '(Jer.
404 4805 565 4854 xxxi,
599 4788 819 4861 51-55).
852 4792 954 4847 Ubi
991 4808 1188 4847 novum
1234 4792 1411 4848 foedus
1458 4812 1487 4847 a
1522 4795 1629 4849 Deo
1676 4811 1798 4849 cum

226 4879 386 4932 domo
430 4878 593 4933 lsrael
634 4882 841 4950 percuti
888 4882 1112 4948 dicitur,
1146 4883 1197 4937 in
1228 4884 1396 4936 veteri
1432 4884 1543 4953 jam
1591 4899 1621 4937 a
1648 4869 1799 4939 vobis

225 4966 431 5022 {uadere
460 4978 588 5023 noto
611 4971 839 5036 vivitur;
868 4980 926 5025 ut
957 4974 1101 5026 enim
1133 4973 1301 5027 nostri
1347 4973 1592 5043 Apostoli
1622 4976 1801 5028 verbis

216 5066 372 5120 'utar,
403 5058 491 5111 ubi
522 5059 656 5112 dixit
687 5076 701 5112 :
734 5058 939 5113 Novum
971 5062 1206 5115 veteravit
1245 5063 1420 5130 prius,
1451 5063 1589 5132 quod
1631 5073 1801 5115 autent

225 5158 534 5218 ontzquatur
558 5160 605 5203 et
635 5161 852 5205 senescit
889 5167 1045 5220 prope
1069 5152 1331 5205 interitum
1364 5162 1438 5206 est
1466 5152 1649 5222 (Hebr.
1682 5168 1799 5215 vm,

228 5237 339 5307 l5).
377 5237 483 5293 Sed
513 5254 681 5308 quare
721 5251 875 5295 vetus
913 5240 1131 5305 dicitur,
1179 5242 1281 5296 nisi
1334 5243 1458 5311 quia
1506 5242 1706 5296 caduca
1748 5250 1805 5296 et

228 5336 444 5381 mature
472 5328 731 5396 peritura,
763 5326 997 5381 visibilia
1027 5327 1296 5393 videlicet,
1324 5328 1687 5403 repromittit?

220 5434 221 5437 η
300 5415 433 5469 illud
465 5425 645 5469 autem
677 5414 799 5483 jure
836 5431 1055 5480 novum,
1092 5416 1217 5482 quia
1260 5416 1719 5485 incorruptibilia,
1750 5425 1805 5471 et

228 5506 361 5562 solis
399 5506 795 5562 immortalibus
840 5509 1012 5561 oculis
1051 5510 1362 5578 conspicua,
1414 5508 1575 5563 nullis
1619 5509 1804 5563 usibus

230 5602 532 5663 atterenda,
561 5600 845 5670 promittit.
881 5599 989 5655 Nec
1029 5602 1324 5655 secundum
1354 5600 1484 5656 illud
1511 5608 1623 5667 est,
1661 5601 1805 5669 quod

231 5703 357 5742 cum
381 5689 575 5744 vestris
602 5691 654 5743 in
684 5703 868 5744 eremo
914 5700 1130 5760 pactum
1160 5702 1242 5746 est
1280 5692 1541 5760 patribus,
1567 5692 1691 5762 quia
1734 5691 1805 5744 ibi

233 5777 397 5832 minis
423 5787 477 5832 et
505 5780 802 5834 terroribus
830 5779 894 5832 ad
924 5779 1133 5848 singula
1160 5790 1443 5851 praecepta,
1478 5778 1589 5850 Ego
1626 5780 1805 5833 Domi-

676 5875 944 5934 Ρηιωι..
989 5872 1085 5933 CL
1100 5874 1197 5936 Vl.

1902 4614 2167 4669 didicerat
2214 4614 2450 4668 Patrem.
2499 4613 2631 4668 Cum
2684 4614 2834 4667 multi
2886 4612 3087 4666 fuerint
3135 4618 3476 4683 sacerdotes,

1901 4706 2021 4775 quis
2052 4720 2239 4759 eorum
2270 4705 2481 4759 exstitit
2508 4704 2561 4758 in
2590 4704 2892 4758 aeternum?
2913 4702 3043 4769 Quis
3066 4717 3195 4759 vero
3220 4712 3475 4774 aeternus,

1902 4796 2005 4850 nisi
2037 4795 2209 4849 Deus?
2249 4795 2417 4849 Deum
2447 4802 2626 4847 autem
2672 4793 3004 4847 sacerdotem
3048 4792 3154 4847 dici
3190 4809 3477 4864 nusquam,

1902 4894 1960 4936 ut
1988 4898 2127 4936 reor.
2163 4882 2424 4942 invenies,
2466 4880 2569 4935 nisi
2596 4879 2873 4933 Christum
2901 4879 3193 4947 intelligas.
3228 4881 3477 4937 Christus

1903 4988 2030 5041 ergo
2073 4974 2125 5026 in
2171 4973 2272 5026 hoc
2325 4973 2439 5025 solo
2482 4970 2732 5024 sacerdos
2782 4970 2873 5037 qui
2926 4970 3061 5023 dixit
3110 4968 3293 5023 :Ecce
3333 4972 3475 5024 venio

1904 5061 2077 5131 (Psal.
2107 5077 2295 5126 χχχιχ,
2324 5061 2401 5132 8),
2436 5061 2563 5130 quia
2590 5074 2648 5115 se
2674 5059 2946 5114 victimam
2973 5058 3119 5113 Patri
3164 5059 3352 5113 detulit
3380 5075 3478 5130 pro

1904 5161 2148 5217 peccato.
2178 5148 2340 5214 Quia,
2378 5147 2582 5216 inquit,
2630 5146 2696 5199 de
2733 5144 2871 5198 futili
2916 5144 3158 5198 causaris
3187 5144 3475 5211 sacriﬁcio,

1900 5236 2012 5305 jam
2045 5237 2159 5300 tibi,
2198 5234 2378 5302 Pater,
2414 5236 2773 5289 melitaturus
2798 5234 2974 5287 venio.
3010 5234 3120 5303 Ego
3150 5234 3293 5286 enim
3335 5249 3477 5300 sum,
3544 5299 3561 5307 _

1907 5326 1972 5381 de
2002 5340 2108 5393 quo
2137 5325 2191 5377 in
2222 5326 2390 5393 capite
2445 5324 2563 5376 libri
2597 5324 2848 5390 scriptum
2893 5331 2988 5383 est,
3035 5328 3090 5371 ut
3132 5320 3357 5388 facerem
3391 5340 3479 5377 vo-

1907 5416 2159 5469 luntatem
2190 5427 2332 5468 tuam
2369 5415 2545 5484 (ibid.,
2571 5408 2798 5483 9).'Jam
2830 5426 2859 5464 a
2897 5426 3123 5480 persona
3173 5411 3337 5466 David
3377 5414 3479 5469 iste

1908 5521 2100 5562 sensus
2126 5507 2418 5561 exorbitat.
2447 5504 2586 5570 Quid
2613 5511 2697 5555 est
2730 5510 2890 5570 caput
2916 5499 3036 5565 ljbri
3068 5500 3261 5569 hujus?
3280 5502 3475 5559 Beatus

1906 5599 1986 5650 vir
2013 5596 2101 5665 qui
2129 5611 2228 5648 non
2252 5595 2401 5657 abiit,
2429 5600 2485 5646 et
2510 5591 2809 5659 sequentia,
2842 5604 3008 5659 usque
3044 5591 3109 5644 ad
3137 5593 3309 5646 omnia
3337 5610 3481 5663 qua:—

1909 5698 2109 5753 cunque
2136 5681 2289 5750 faciet
2329 5679 2777 5749 prosperabuntur
2800 5678 2970 5745 (Psal.
2997 5694 3046 5743 t,
3083 5679 3217 5747 1-4).
3244 5679 3374 5746 Quis
3398 5689 3480 5737 est

1910 5776 1994 5830 cui
2022 5774 2271 5829 concinat
2299 5786 2537 5843 praesens
2560 5785 2766 5839 versus,
2795 5779 2852 5825 ut
2874 5773 3165 5826 secundum
3192 5774 3271 5824 sui
3300 5781 3477 5840 typum
