4038 6330
677 358 782 415 59.3

1541 352 1598 407 ν.
1624 351 1948 410 GUIBERTI
1981 348 2272 405 ADDATIS
2301 349 2359 405 S.
2403 350 2643 407 ΜΑΡιῐίΕ
2680 352 2767 408 DE
2801 351 3196 414 NOVIGENTO

3787 369 3856 428 εξι

603 513 612 518 -
675 491 785 530 non
823 471 1047 535 abierit,
1098 485 1200 524 non
1252 468 1498 531 steterit,
1546 483 1651 521 non
1705 468 1944 521 sederit?
2004 466 2155 532 Quod
2212 465 2253 520 si
2285 467 2617 539 Apraecepit
2667 487 2771 524 non
2802 471 2906 536 edi,
2941 471 3056 540 ipse
3083 471 3223 527 idem
3277 470 3416 526 Deus
3443 474 3689 532 mandavit
3715 491 3758 534 et
3777 484 3857 538 lini-

674 567 836 619 tertio
863 565 965 618 hoc
990 562 1254 632 quispiam
1279 575 1447 630 purus
1476 559 1636 612 homo
1675 557 1905 611 fortasse
1935 570 2124 610 carere
2160 571 2252 624 po-

673 657 822 722 terit,
855 657 1014 710 duum
1040 653 1440 723 praemissorum
1479 650 1740 704 alterutro
1771 651 2055 716 quisquam
2091 648 2248 701 homo

671 747 860 801 vivens
887 747 1140 800 immunis
1167 759 1289 802 esse
1321 759 1428 798 non
1461 743 1648 796 valuit.
1682 740 1814 806 Quis
1837 749 1921 794 est
1955 740 2043 807 qui
2077 739 2162 794 die.
2188 753 2251 792 ac

667 847 848 898 nocte,
879 836 928 889 id
953 846 1034 891 est
1059 837 1448 899 indesinenter,
1487 835 1538 888 in
1571 833 1665 887 Dei
1689 833 1803 904 lege
1830 833 2120 886 meditatus
2149 831 2250 886 sit?

671 941 851 980 nonne
884 926 1111 980 idithum
1142 935 1352 988 cantat,
1384 923 1524 990 Quia
1572 923 1812 976 universa
1849 933 2050 976 vanitas
2083 921 2248 976 omnis

667 1018 871 1080 uirens;
902 1025 990 1082 et,
1019 1016 1084 1070 In
1128 1017 1352 1085 imagine
1378 1015 1759 1084 pertransiens,
1795 1013 1994 1082 frustra
2036 1022 2250 1078 contur-

669 1110 860 1162 batur?
887 1107 1059 1178 (Psal.
1090 1124 1322 1171 xxxvm,
1351 1106 1404 1173 6,
1429 1107 1506 1177 7.)
2045 1103 2050 1106 ’

745 1198 1258 1265 Ipsum'Christum,
1305 1197 1440 1252 velis
1489 1195 1655 1261 nolis,
1688 1194 1959 1263 accipies;
1990 1192 2248 1263 quidquid

671 1290 796 1345 istic
845 1303 1007 1357 supra
1052 1287 1324 1342 hominem
1363 1287 1549 1340 habes.
1599 1286 1716 1355 Ipse
1758 1303 1860 1339 non
1916 1286 1966 1337 in
2019 1287 2248 1337 decursu

671 1396 959 1449 aquarum,
988 1382 1081 1436 sed
1127 1395 1284 1434 secus
1329 1380 1601 1443 nascitur;
1653 1380 1773 1448 quia
1808 1395 1912 1431 non
1963 1379 2013 1430 in
2057 1387 2247 1430 natura

668 1487 768 1541 per
794 1481 1070 1542 peccatum
1110 1471 1271 1525 ﬂuida
1320 1481 1670 1542 propagatur,
1704 1473 1796 1525 sed
1831 1472 1881 1524 in
1928 1471 2037 1524 sola
2071 1470 2248 1524 carnis

670 1561 876 1630 peccati
920 1560 1274 1615 similitudine
1317 1559 1670 1626 conspicitur.
1712 1559 1778 1612 Et
1823 1568 1966 1612 recte
1998 1575 2101 1612 non
2134 1570 2246 1611 sta-

669 1669 850 1722 gmun,
882 1653 976 1706 sed
1012 1651 1276 1706 decursus
1301 1651 1452 1718 virgo
1481 1657 1753 1719 gene'rans
1793 1658 1970 1718 potest
1999 1648 2246 1716 intelligi,

665 1744 757 1796 ubi
805 1742 1055 1796 videlicet
1087 1741 1231 1795 nulla
1277 1741 1523 1795 subsistit
1563 1741 1807 1802 illuvies,
1838 1743 1981 1810 quod
2027 1739 2245 1794 benedi-

665 1835 866 1887 ctionis
896 1833 1223 1901 plantarium
1255 1831 1401 1885 dedit
1429 1830 1684 1898 fructum,
1711 1833 1801 1886 sed
1827 1848 2004 1895 suum,
2037 1833 2088 1885 in
2121 1841 2243 1886 tem-

665 1938 823 1992 pore,
853 1923 946 1977 sed
971 1937 1090 1978 suo.
1123 1921 1366 1991 Quisque
1393 1923 1564 1978 bonus
1607 1924 1698 1977 dat
1731 1922 1986 1986 fructum,
2018 1923 2111 1977 sed
2143 1939 2246 1976 non

663 2027 853 2077 suum,
885 2012 1004 2066 sine
1029 2011 1141 2067 Deo
1174 2013 1318 2068 enim
1344 2012 1418 2066 nil
1442 2020 1627 2082 potest
1656 2014 1942 2082 quisquam
1973 2013 2169 2067 facere.
2202 2014 2247 2067 Is

667 2119 798 2158 vero
826 2103 1057 2171 praebuit
1084 2103 1302 2173 proprie
1331 2088 1508 2168 suum,
1538 2103 1662 2172 quia
1693 2103 1832 2172 quod
1881 2104 2038 2167 fecit,
2069 2102 2248 2156 facere

667 2210 775 2249 non
801 2204 1012 2265 poterat
1049 2195 1152 2248 nisi
1201 2196 1372 2258 Deus;
1405 2203 1458 2249 et
1487 2209 1553 2247 ex
1601 2210 1658 2248 se
1686 2196 1873 2250 habuit
1914 2196 2055 2264 quod
2097 2195 2244 2249 fecit.

667 2288 903 2356 Tempus
935 2301 1144 2355 quoque
1173 2301 1328 2340 suum
1361 2286 1480 2349 fuit,
1515 2286 1638 2355 quia
1681 2286 1772 2356 qui
1819 2287 2038 2354 quando
2083 2285 2250 2340 voluit

664 2389 830 2434 natus
857 2387 964 2442 est,
994 2378 1211 2448 quando
1241 2377 1411 2432 voluit
1450 2392 1666 2448 quoque
1696 2379 1968 2432 occubuit.
2016 2377 2248 2446 Tempus

667 2483 826 2520 suum
852 2466 982 2529 =fuit,
1029 2481 1151 2522 cum
1193 2467 1542 2536 plenitudinis
1591 2467 1822 2520 adventu
1870 2483 2013 2521 caeco
2052 2467 2249 2518 munzlo

668 2572 779 2611 suae.
808 2557 1014 2610 notitia:
1036 2557 1219 2610 lumen
1263 2557 1472 2610 tribuit.
1501 2555 1708 2610 Folium
1738 2556 1855 2622 ejus
1893 2573 2000 2609 non
2029 2555 2246 2619 del'luet,

613 2709 616 2711 _
666 2646 796 2715 quia
829 2645 956 2700 licet
982 2645 1180 2700 cinlum
1209 2655 1264 2699 et
1301 2655 1444 2698 terra
1485 2655 1780 2708 transeant,
1816 2647 2040 2699 verbum
2073 2655 2246 2698 tamen

666 2737 786 2804 ejus
830 2751 936 2792 non
984 2737 1238 2792 transibit
1284 2736 1503 2808 (Matth.
1557 2753 1717 2801 xxiv,
1760 2737 1872 2808 55).
1921 2737 2103 2801 Facta,
2133 2752 2249 2804 ejus

663 2827 1135 2898 prosperabuntur
1160 2827 1363 2889 omnia,
1397 2827 1630 2883 deducet
1669 2828 1814 2883 enim
1859 2843 1982 2882 eum
2033 2827 2250 2881 mirabi-

667 2919 793 2972 liter
832 2919 1054 2974 dextera
1085 2934 1203 2974 sua.
1235 2918 1330 2974 His
1360 2919 1668 2974 excurrisse
1694 2934 1791 2988 per
1817 2934 2097 2974 excessum
2136 2917 2249 2972 suf-

667 3013 831 3066 Iiciat.

1255 3099 1480 3157 CAPUT
1531 3101 1662 3156 VIII.

736 3192 878 3246 Ecce
917 3193 1114 3256 habes,
1152 3192 1552 3264 impurissime,
1602 3194 1892 3264 prophetas
1942 3203 2092 3258 tuos,
2141 3193 2250 3248 imo

665 3298 762 3355 per
791 3285 957 3338 Deum
984 3283 1089 3339 tuis
1117 3285 1484 3340 observantiis
1521 3287 1804 3340 obviantes
1831 3286 1887 3338 in
1917 3295 2157 3348 tantum,
2193 3294 2252 3338 ut

662 3377 998 3438 sacriﬁcans.
1024 3387 1078 3431 et
1109 3380 1298 3432 canem
1335 3377 1696 3432 excerebrans
1730 3378 1934 3447 pariter
1959 3376 2248 3431 conferan-

661 3479 773 3523 tur.
807 3467 946 3534 Quid
986 3467 1116 3522 mihi
1159 3483 1284 3523 sues
1313 3469 1574 3539 grnnnire
1619 3477 1761 3532 tuas,
1792 3475 1847 3522 et
1883 3467 2096 3537 lepores
2127 3468 2251 3520 stri-

664 3561 794 3614 dere
826 3558 990 3614 facis?
1019 3558 1158 3626 Quid
1203 3574 1299 3614 ora
1331 3559 1664 3614 rmninantia
1685 3601 1699 3624 ,
1739 3567 1795 3614 et
1837 3559 2134 3614 divisiones
2163 3572 2248 3612 re-

660 3651 837 3721 plicas
864 3652 1209 3722 ungularum,
1257 3652 1348 3721 qui
1383 3652 1734 3720 pontiﬁcium
1779 3659 1834 3705 et
1872 3651 2150 3720 tempImn,
2185 3649 2249 3705 de

664 3743 866 3811 quibus
893 3749 1020 3796 tota;
1055 3751 1159 3794 tuac
1187 3741 1321 3811 legis
1353 3739 1492 3797 vires
1536 3752 1850 3812 emergunt,
1885 3752 1940 3796 et
1969 3742 2022 3796 in
2055 3741 2250 3811 quibus

668 3833 786 3901 ejus
828 3842 1078 3886 versatur
1125 3833 1387 3898 intentio,
1437 3833 1571 3888 adeo
1618 3833 2020 3888 evidentissime
2068 3835 2250 3888 videas

669 3922 979 3978 adnullari?
1007 3921 1180 3989 Quam
1225 3925 1330 3977 Vim
1374 3931 1554 3994 putas,
1582 3923 1972 3988 infclicissime,
1999 3925 2248 3978 habitura

668 4025 798 4070 sunt
861 4014 1042 4068 inﬁma
1100 4014 1383 4080 membra,
1440 4015 1528 4068 ubi
1577 4021 1737 4082 caput
1787 4015 2073 4083 prmcisum
2134 4015 2251 4069 est?

666 4105 901 4167 Exaudi,
934 4104 977 4159 si
1017 4105 1192 4157 minus
1231 4106 1406 4158 adhuc
1437 4104 1636 4158 habeas
1679 4105 1806 4158 hinc
1837 4104 2076 4170 testium,
2108 4105 2249 4172 quod

665 4197 917 4266 superius
957 4195 1116 4266 paulo
1165 4194 1363 4250 libasse
1404 4195 1668 4249 videmur.
1706 4194 1972 4264 Loquitur
2018 4193 2160 4248 Deus
2195 4195 2247 4248 in

668 4285 807 4340 Isztia
876 4299 999 4338 cum
1062 4281 1351 4349 t‘ejeelione
1410 4282 1708 4346 carnalium
1756 4282 2056 4352 spiritualia
2107 4265 2245 4337 bona

666 4365 1018 4431 consciscens
1049 4389 1062 4426 :
1096 4373 1178 4426 Ad
1224 4389 1396 4444 quem,
1443 4372 1652 4440 inquit,
1705 4372 2013 4440 respiciam,
2047 4373 2145 4425 nisi
2180 4373 2248 4424 ad

2277 1817 2319 1875 Β

2276 3149 2323 3212 C

2359 560 2507 616 brias
2542 562 2672 617 ferri
2706 563 2894 634 (Nam.
2929 580 3016 630 xv,
3061 564 3170 634 58).
3203 565 3386 635 Longe
3433 567 3531 620 alia
3577 571 3753 627 ratione
3772 591 3856 645 por-

2356 664 2477 703 cum
2509 652 2862 716 comedimus,
2888 668 3049 723 quam
3085 668 3176 707 vos
3205 652 3448 708 ﬁmbrias
3476 655 3750 726 abrupistis.

2430 741 2884 797 Prtcvaricatores
2933 758 3063 813 ergo
3109 744 3272 809 estis,
3321 746 3412 815 qui
3461 747 3605 802 vobis
3653 751 3858 806 evidenter

2349 830 2502 901 jussa
2555 834 2844 904 negligitis.
2874 833 2983 890 Nos
3014 835 3087 888 nil
3123 837 3489 904 praeterimus,
3517 839 3602 908 qui
3631 841 3748 895 nulla
3775 845 3854 899 inde

2353 926 2609 980 man‘data
2637 923 2992 995 suscepimus.
3038 925 3224 982 Furtis
3262 926 3565 994 iatenditis,
3589 929 3761 985 femora
3790 949 3853 987 cu-

2347 1021 2620 1101 mulantes
2688 1023 2992 1078 cervicibus
3059 1036 3378 1094 egenorum.
3448 1025 3606 1080 Deum
3650 1042 3705 1082 ex
3744 1033 3853 1084 corde

2359 1111 2598 1180 diligere,
2630 1120 2684 1167 et
2723 1113 3028 1180 proximum
3073 1122 3133 1168 ut
3176 1115 3443 1183 seipsum,
3482 1125 3534 1170 et
3566 1126 3734 1171 caetera
3755 1120 3852 1172 utilia

2351 1213 2693 1270 seponentes,
2721 1205 2863 1260 circa
2883 1198 3052 1275 nugas
3075 1207 3357 1260 rotamini.
3377 1206 3614 1277 Nunquid
3638 1208 3742 1262 illud
3757 1213 3851 1279 quod

2352 1291 2550 1345 dicitur
2575 1307 2589 1343 :
2624 1290 2682 1345 Si
2710 1294 2985 1347 ambulans
3012 1311 3105 1363 per
3130 1296 3290 1360 viam,
3318 1295 3373 1348 in
3397 1302 3593 1358 arbore,
3621 1296 3685 1349 rel
3702 1299 3744 1349 in
3761 1307 3852 1349 terra

2353 1384 2532 1436 nidum
2561 1386 2668 1438 avis
2710 1386 2987 1451 inveneris,
3015 1397 3061 1440 et
3090 1398 3311 1440 matrem
3343 1386 3501 1454 pullis
3540 1385 3612 1440 vel
3640 1387 3730 1441 oris
3754 1387 3852 1439 inru-

2353 1471 2582 1538 bantem,
2608 1489 2708 1526 non
2746 1474 2936 1526 tenebis
2959 1491 3073 1527 eam
3118 1491 3234 1526 cum
3265 1474 3412 1542 ﬁliis,
3434 1477 3521 1528 sed
3542 1476 3672 1550 abire
3687 1477 3850 1542 patieris,

2352 1569 2530 1633 captos
2551 1574 2728 1618 tenens
2751 1565 2912 1633 ﬁlios,
2939 1575 2994 1618 ut
3021 1566 3144 1619 bene
3168 1566 3236 1619 sit
3260 1563 3378 1630 tibi,
3404 1576 3451 1619 et
3475 1565 3618 1635 longo
3638 1566 3748 1619 rivus
3767 1575 3849 1617 tem-

2348 1669 2471 1723 pm'e
2501 1654 2992 1725 (Deut.xxn,6-7);
3023 1670 3090 1710 eo
3112 1669 3221 1725 quo
3247 1655 3489 1709 exterius
3509 1669 3682 1709 sonare
3702 1654 3846 1708 videtur

2350 1743 2510 1796 modo
2540 1745 2816 1813 accipitis?
2843 1743 3091 1814 Nunquid
3119 1745 3261 1799 Deus
3286 1744 3432 1798 illius
3457 1743 3522 1797 ad
3552 1741 3652 1796 Noe
3677 1741 3847 1796 mandati

2349 1835 2545 1890 oblitus
2572 1847 2653 1891 est
2686 1857 2697 1890 :
2733 1837 2897 1907 279
2934 1839 3101 1891 Omne
3133 1837 3275 1908 quod
3307 1846 3556 1902 moretur,
3587 1845 3629 1889 et
3653 1835 3845 1902 eirit,rrit

2349 1929 2488 1983 vobis
2512 1931 2564 1982 in
2595 1930 2785 1996 cibum,
2815 1931 2966 2000 quasi
2985 1929 3126 1983 olera
3145 1929 3368 1984 virentia
3390 1927 3579 1980 tradidi
3593 1926 3845 1980 vobisomnie

2351 2023 2511 2093 (Gen.
2539 2039 2614 2088 ιιι,
2647 2023 2722 2094 5).
2757 2023 2826 2079 Ut
2859 2025 3017 2078 modo
3051 2024 3190 2078 bene
3219 2022 3380 2078 nobis
3419 2003 3472 2077 et
3510 2021 3699 2091 longam
3729 2020 3841 2071 vitam

2353 2113 2638 2182 spondeat,
2669 2113 2714 2166 si
2748 2129 2939 2168 manus
2971 2122 3158 2167 nostra
3193 2113 3466 2183 pullorum
3495 2111 3727 2166 matribus
3756 2123 3839 2176 pat-

2349 2203 2472 2258 eat?
2519 2203 2658 2269 Quid
2711 2203 2938 2257 rationis
2984 2201 3151 2257 habet
3219 2202 3366 2272 quod
3419 2201 3594 2271 palum
3641 2199 3686 2254 in
3725 2197 3843 2251 balteo

2351 2303 2565 2362 gestare
2586 2292 2850 2359 jubentini
2883 2292 3066 2364 (Deut.
3097 2307 3259 2359 χχιιι,
3288 2291 3403 2363 15),
3427 2293 3564 2362 quod
3591 2299 3841 2362 egestacono

2353 2396 2561 2454 tegere,-
2584 2400 2650 2439 ne
2694 2384 2828 2454 quid
2871 2383 3113 2440 sordium
3147 2383 3243 2439 Dei
3279 2383 3461 2438 valeat
3503 2380 3658 2437 oculis
3688 2391 3843 2448 appare-

2351 2476 2452 2530 re?
2487 2475 2543 2529 Si
2570 2489 2669 2544 ego
2697 2474 2974 2528 hominum
2999 2475 3260 2529 minimus
3287 2475 3342 2528 in
3367 2472 3574 2544 publico
3599 2469 3689 2524 tale
3705 2465 3842 2535 aliquid

2350 2565 2677 2636 proferrem,
2712 2563 2989 2618 auditores
3026 2563 3255 2618 forsitan
3274 2563 3380 2618 mei
3413 2577 3516 2616 non
3543 2557 3681 2614 facile
3709 2553 3840 2610 crede

2353 2665 2494 2718 rent,
2541 2653 2684 2725 quod
2734 2653 2990 2718 inaniter,
3035 2662 3130 2707 aut
3170 2653 3294 2708 sine
3345 2649 3676 2720 intelligentia
3717 2640 3841 2698 latenti

2351 2747 2453 2800 ista
2484 2754 2848 2799 contexet-em.
2881 2743 2992 2796 Etsi
3021 2757 3122 2814 ego
3152 2743 3359 2797 nullius
3396 2750 3487 2795 aut
3525 2734 3760 2809 gravitatis
3780 2737 3839 2783 aut

2351 2837 2610 2892 momenti
2660 2837 2728 2890 ab
2776 2835 3050 2905 aliquibus
3085 2837 3222 2890 tanti
3263 2835 3569 2905 pendor,ut
3599 2830 3732 2884 verba
3761 2836 3838 2877 mea

2352 2927 2594 2998 expertia
2623 2925 2880 2995 ponderis
2922 2941 3028 2981 non
3058 2939 3179 2980 esse
3217 2932 3498 2996 putentur,
3531 2921 3672 2975 Deum
3700 2911 3838 2984 poteri-

2355 3020 2423 3074 tis
2450 3017 2723 3072 atstimare
2759 3016 3100 3082 choraulam,
3139 3025 3204 3070 ut
3233 3015 3377 3070 dicta
3429 3012 3564 3067 illius
3603 3003 3838 3077 garrulitate

2354 3115 2670 3161 vanescant.
2724 3105 2940 3172 Quanto
2995 3103 3160 3176 igitur
3209 3105 3464 3158 humanae
3513 3099 3668 3153 minus
3705 3087 3836 3145 rationi

2354 3196 2569 3265 eloquia
2612 3194 2793 3248 divina
2839 3195 3200 3260 concordant,
3241 3201 3392 3248 tanto
3422 3188 3583 3260 magis
3623 3180 3836 3240 subtilitate

2352 3284 2843 3341 intellectualitatis
2871 3285 3196 3339 exuberant.
3603 3269 3606 3272 ’

2423 3374 2770 3442 Resipiscite,
2798 3373 2925 3427 victi
2963 3383 3114 3428 tanto
3153 3370 3576 3428 testimoniorum
3608 3378 3661 3418 ac
3683 3357 3831 3415 testiun

2352 3479 2546 3536 aggere
2579 3464 2829 3527 tandem;
2859 3473 2915 3518 et
2950 3478 3116 3518 carne
3137 3464 3386 3520 discussa
3419 3468 3607 3516 sancta:
3631 3445 3831 3508 interiori-

2355 3557 2480 3611 tatis
2527 3565 2704 3610 estote
2738 3569 2988 3624 capaces.
3042 3552 3217 3608 Venite
3247 3571 3370 3611 cum
3395 3550 3526 3607 Osee
3554 3543 3827 3618 prepbeta,“

2352 3639 2678 3703 revertamur
2713 3648 2780 3703 ad
2828 3659 2976 3715 cum,
3009 3656 3294 3717 quem'vos
3325 3645 3472 3718 sequi
3498 3647 3709 3715 putantes
3725 3628 3828 3727 diffa-

2352 3740 2480 3811 gitjs
2506 3739 2811 3804 Dominum,
2833 3733 2956 3809 quia
2981 3741 3089 3809 ipse
3117 3755 3146 3794 a
3178 3739 3364 3796 saaculi
3395 3735 3607 3807 origine,
3627 3724 3826 3800 pralesti-

2352 3829 2590 3892 natione,
2613 3837 2668 3881 et
2695 3829 3146 3896 promissionibus
3174 3831 3308 3900 cepit
3333 3837 3386 3883 et
3412 3828 3461 3882 in
3491 3825 3585 3878 ﬁne
3610 3820 3823 3908 tempore")

2351 3920 2618 3990 passionis
2648 3893 2759 3973 sua:
2801 3917 3090 3974 efﬁcientia
3139 3893 3243 3976 nos
3282 3916 3522 3981 salvabit,
3548 3907 3759 3982 percutiet,
3791 3893 3824 3949 id

2351 4021 2434 4065 est
2460 4011 2761 4065 animarum
2799 4021 3112 4066 nostrarum
3149 4012 3413 4068 doctrinis
3437 4007 3579 4064 nobis
3605 3995 3824 4073 potantibus

2351 4102 2576 4157 vulnera
2602 4103 3140 4178 pandet._Percussos
3166 4104 3400 4174 denique
3429 4112 3623 4158 cruore.
3653 4100 3694 4144 ει
3717 4085 3822 4178 βείω

2351 4210 2544 4250 curare
2579 4200 2684 4247 non
2717 4193 2949 4249 diﬁer'et.
2989 4194 3284 4263 I’iriﬁcavit
3317 4212 3408 4249 nos
3450 4199 3552 4262 post
3593 4185 3697 4238 duo:
3729 4177 3821 4228 diu:

2351 4286 2403 4339 in
2433 4285 2516 4338 die
2543 4287 2696 4338 tertia
2742 4285 3012 4338 suscitabit
3060 4300 3195 4338 nos:
3228 4297 3276 4340 et
3323 4287 3534 4340 vivemus
3563 4279 3608 4331 in
3628 4272 3818 4360 ιοηξρίτίξί

2349 4375 2462 4444 ejus
2488 4389 2506 4425 :
2557 4377 2800 4442 sciemus,
2828 4393 3202 4448 sequemurque
3236 4389 3290 4430 ut
3332 4385 3662 4446 cognoscamus
3700 4359 3819 4448 00'?"

665 4467 916 4522 humilem
936 4477 981 4519 et
1016 4466 1300 4519 contritum
1333 4464 1608 4534 spiritum,
1638 4472 1686 4516 et
1724 4472 2024 4516 trementem
2052 4479 2248 4515 sermo-
2279 4485 2327 4542 ι)
2355 4484 2498 4520 num.
2549 4466 2712 4532 Quasi
2741 4445 3031 4534 diluculum
3077 4445 3406 4538 prteparatus
3445 4474 3514 4520 est
3537 4467 3722 4532 egressu
3745 4445 3816 4513 ‘1'"

662 4575 757 4615 nes
785 4559 967 4613 meos?
995 4557 1098 4622 Qui
1139 4555 1373 4610 immolat
1408 4557 1614 4620 bovem,
1647 4553 1801 4624 quasi
1843 4556 1931 4625 qui
1970 4555 2250 4623 interﬁciat

663 4650 868 4712 uirum;
895 4649 985 4718 qui
1007 4656 1198 4702 mactat
1223 4663 1399 4716 pecus,
1429 4631 1579 4716 quasi
1607 4646 1694 4714 qui
1719 4645 2007 4699 cxcerebret
2031 4638 2248 4709 canem‘;

666 4739 757 4808 qui
805 4738 955 4806 offert
1001 4737 1336 4802 oblationem,
1366 4737 1516 4806 quasi
1562 4739 1650 4805 qui
1681 4736 1987 4806 sanguinem
2034 4735 2246 4788 suillum

669 4827 889 4896 offerat;
940 4827 1027 4894 qui
1080 4826 1386 4879 recordatur
1424 4826 1612 4888 thuris,
1655 4826 1806 4894 quasi
1852 4826 1940 4894 qui
1978 4826 2247 4878 benedicat

664 4917 808 4971 idolo
832 4915 988 4986 (lsai.
1016 4913 1164 4978 Litvt,
1195 4914 1251 4979 2,
1274 4914 1350 4984 5).
1382 4912 1486 4968 Sed
1510 4913 1645 4968 dicis
1677 4932 1688 4964 :
1723 4913 1882 4968 Certe
1920 4913 2106 4984 negari
2141 4928 2244 4967 non

660 5015 846 5076 potest
888 5003 1018 5074 quin
1073 5003 1214 5058 Deus
1257 5011 1490 5072 porcum‘
1527 4996 1711 5056 'ma'ndi
1760 5003 2016 5062 vetuerit;
2069 5001 2244 5070 plane,

661 5097 912 5166 inquam,
951 5101 1057 5149 non
1105 5093 1284 5148 minus
1325 5099 1538 5147 constat
1571 5093 1696 5161 quia
1731 5101 1912 5146 tauros
1954 5102 2008 5146 et
2050 5091 2248 5146 arietes

663 5195 721 5240 et
746 5194 971 5241 ceteros
1005 5181 1302 5239 sacriﬁcari
1351 5182 1688 5250 praeceperit,
1737 5181 1957 5250 haecque
2006 5191 2247 5251 postmo»

663 5275 793 5328 dum
823 5290 919 5330 ore
949 5274 1186 5344 proprio,
1223 5279 1280 5327 ut
1311 5287 1376 5325 ex
1425 5271 1703 5341 prophetis
1730 5273 1916 5336 audis,
1962 5271 2117 5325 irrita
2149 5272 2246 5325 du-

663 5361 825 5416 xerit.
880 5362 986 5417 Sed
1032 5363 1260 5418 forsitan
1314 5360 1582 5416 sacriﬁcio
1636 5360 1939 5430 temploque
1984 5359 2241 5430 repulsis,

617 5439 622 5444 ’
664 5466 956 5523 porcorum
987 5455 1240 5508 carnibus
1267 5453 1541 5508 abstinere
1565 5454 1960 5521 praeponderat.
1987 5450 2042 5506 Si
2070 5452 2244 5521 porci-

663 5557 858 5597 narunt
899 5545 1143 5597 carnium
1169 5543 1529 5608 esom'nobis,
1563 5543 1759 5612 quibus
1795 5543 1866 5596 nil
1897 5544 2103 5612 jussum
2139 5551 2241 5609 cst,

663 5633 1000 5704 improbatis,
1035 5637 1271 5690 ﬁmbrias
1299 5635 1676 5704 hyacintltinas
1704 5637 1754 5688 in
1797 5647 2030 5704 quatuor
2055 5636 2240 5707 pallio-

659 5740 781 5784 rum
820 5721 1118 5782 vestrorum
1156 5728 1366 5796 angulis
1394 5744 1561 5803 quare
1592 5745 1696 5784 non
1730 5727 1882 5785 fertis
1903 5731 1921 5750 '
1957 5732 2057 5797 Qui
2091 5747 2240 5786 suem

2356 4554 2502 4624 (Ose.
2535 4571 2610 4622 vt,
2647 4557 2798 4626 1-5),
2821 4565 2927 4612 etc.
2961 4557 3068 4613 Sed
3091 4559 3174 4614 his
3190 4559 3528 4620 sufﬁcienter,
3558 4546 3815 4616 utputantttst

2353 4645 2563 4714 edictis,
2596 4646 2697 4700 alia
2721 4661 3138 4716 prosequamur.

2957 4736 3186 4793 CAPUT
3225 4739 3315 4794 tx.
3749 4805 3758 4814 ,

2422 4825 2777 4895 Confutanfur
2807 4825 2987 4881 Judtci
3042 4829 3398 4884 insimulantes
3444 4817 3711 4879 Christianos
3743 4803 3812 4854 ἰάθ-

2351 4916 2684 4971 lolatrite.---
2723 4917 2986 4986 Impetitis
3012 4935 3109 4974 nos
3149 4922 3312 4975 etiam
3365 4915 3496 4988 quod
3532 4895 3808 4988 cruciﬁxi-DO-

2351 5005 2482 5060 mini
2511 5003 2637 5060 Je'su
2671 5005 2958 5076 imagines,
2987 5008 3072 5062 vel
3103 5011 3270 5078 ipsius
3298 5005 3468 5064 crucis
3489 5001 3658 5068 lignum
3686 4984 3810 5078 διβοῩ

2350 5114 2494 5162 mus,
2547 5106 2602 5149 ut
2655 5097 2820 5151 veluti
2867 5099 3146 5168 cujusdam
3203 5096 3504 5155 idololatria:
3559 5073 3804 5168 insimul-015i

2349 5190 2500 5258 quasi
2538 5189 2678 5256 quod
2735 5204 2763 5242 a
2809 5158 2989 5244 vestra
3030 5201 3243 5246 constet
3273 5192 3383 5258 lege
3429 5158 3806 5258 prohibitum-N05

2351 5289 2575 5334 econtra
2610 5280 2682 5333 nil
2728 5281 2828 5335 nisi
2869 5281 3042 5350 ipsam
3071 5282 3162 5336 Dei
3194 5248 3533 5337 substantiam
3567 5248 3800 5350 adoraﬂtlf“:ll

2352 5369 2603 5424 ducimus
2650 5388 2662 5424 :
2704 5372 2803 5426 etsi
2846 5347 3025 5440 aliqua
3060 5372 3361 5427 extrinseca
3389 5347 3803 5440 venerari

2353 5475 2494 5524 mur,
2535 5475 2640 5514 non
2669 5459 2719 5514 id
2750 5462 2890 5528 quod
2915 5463 3125 5516 videtur
3161 5462 3403 5520 colimus.
3431 5450 3513 5508 Sed
3535 5430 3799 5534 quae“???

2351 5551 2675 5620 colligimus.
2726 5525 2887 5608 certe
2945 5553 3157 5608 Nathan
3211 5552 3454 5621 propheta
3505 5525 3796 5621 93"“

2353 5657 2450 5711 pro
2511 5639 2798 5696 Salomone
2851 5653 3038 5712 petens
3097 5645 3238 5714 apud
3296 5656 3380 5694 v0s
3416 5607 3796 5721 θδῗπδδξθ

2355 5701 2470 5801 (ll!
2501 5732 2625 5803 Reg.
2661 5749 2698 5798 ι,
2730 5701 2935 5805 ‘25),'iu
2973 5750 3078 5804 quo
3109 5701 3310 5805 aliquid
3330 5742 3442 5782 eum
3465 5701 3796 5776 divinitatis”?
