4038 6330
210 343 337 402 525

964 334 1212 405 mer.
1256 351 1341 406 ou
1379 348 1894 408 lNCARNATIONE
1930 348 2207 407 CONTRA
2242 348 2548 411 100.4203.
2574 382 2645 394 -
2682 351 2807 409 LIB.
2833 351 2916 409 ιιι.

3387 351 3489 410 326

209 460 367 514 sisse
394 448 616 514 credere
644 457 796 514 nefas
835 462 1095 517 creditur.
1136 464 1303 521 Josue
1325 481 1353 519 a
1400 466 1809 522 civitatensibus
1837 470 1887 528 Α
1914 465 2079 539 280
2106 466 2149 520 si
2181 466 2379 534 justus,
2426 468 2545 538 pius
2574 476 2628 523 et
2657 469 2870 538 sapiens
2912 466 3033 538 quis
3056 466 3127 521 sit
3152 484 3165 521 :
3196 465 3341 524 aliud
3370 468 3488 524 lure

213 550 327 606 Hai
398 550 650 606 lsraeletu
702 554 1043 622 conspiciens
1103 556 1419 628 fugientem,
1474 570 1530 615 et
1586 578 1803 628 caesum,

202 658 415 698 coram
444 658 569 698 arca
597 643 802 698 Domini
827 661 1030 714 pronus
1059 652 1430 708 decumbendo
1453 653 1587 724 (los.
1606 670 1701 719 vn,
1727 656 1805 725 6),

211 726 374 788 diem
415 733 611 788 dicitur
659 734 710 788 iu
741 734 879 791 libro
928 736 1176 795 Judicum
1217 743 1562 799 continuasse
1589 746 1804 815 vigiliis.

207 820 487 892 Nunquid
530 839 656 878 arca
711 825 819 880 Dea
877 836 1017 892 erat,
1060 840 1153 884 aut
1203 831 1365 897 Deus,
1410 833 1525 889 sive
1561 834 1653 889 Dei
1683 850 1808 904 pars

212 913 484 984 quaelibet
529 912 584 969 in
620 931 682 970 ea
720 916 1046 972 delituerat?
1099 921 1304 987 Daniel,
1339 923 1615 979 celebrato
1664 926 1806 995 regis

210 1003 406 1058 edicto
437 1017 503 1058 ne
525 1006 647 1074 quis
677 1005 899 1061 deorum
928 1017 1203 1077 peteretur
1229 1028 1259 1066 a
1306 1028 1580 1082 quoquam
1603 1056 1617 1079 ,
1654 1014 1807 1070 fene-

210 1094 355 1148 stris
414 1092 469 1148 in
528 1096 808 1151 caenaculo
863 1112 961 1153 suo
1014 1102 1343 1169 patentibus,
1386 1104 1556 1159 tribus
1618 1114 1806 1160 contra

210 1181 617 1255 Jerosolymam
650 1188 998 1258 temporibus,
1050 1207 1223 1261 genua
1254 1192 1506 1248 ﬂectebat
1549 1195 1803 1261 interdiu,

211 1279 271 1327 et
305 1274 590 1338 adorabat,
624 1285 679 1330 et
708 1276 1068 1333 confitebatur
1112 1279 1223 1336 Deo
1250 1297 1347 1337 suo
1376 1283 1542 1353 (Dan.
1584 1300 1659 1349 vr,
1694 1286 1800 1356 ll).

209 1361 478 1434 Nunquid
508 1365 809 1422 Jerusalem
840 1376 930 1423 aut
962 1371 1240 1441 templum,
1264 1374 1417 1443 cujus
1445 1375 1665 1429 obtentu
1716 1376 1805 1432 illa

208 1457 390 1512 fiebat
441 1459 683 1533 inﬂexio,
720 1462 860 1516 Deus
890 1462 1089 1529 fuerat,
1132 1466 1257 1533 quia
1314 1466 1553 1521 illorsum
1596 1468 1673 1522 sic
1713 1469 1805 1522 ad-

146 1557 161 1575 ‘
207 1563 383 1603 orare
403 1532 750 1607 decrevetat?
771 1552 1022 1623 Nunquid
1049 1557 1251 1623 omnia,
1276 1574 1394 1627 qua:
1416 1559 1636 1614 adorata
1666 1561 1804 1628 apud

208 1655 318 1694 vos
370 1640 703 1699 referuntur.
759 1644 956 1700 divinis
1007 1646 1242 1703 cultibus
1290 1648 1507 1720 dignata
1572 1651 1802 1705 credun-

208 1730 361 1786 tur?

293 1822 416 1888 Qua
446 1824 648 1879 ratione
687 1825 941 1897 imagines
987 1828 1211 1884 adorant
1253 1829 1559 1886 Christiani.
1593 1863 1662 1872 —-
1692 1833 1805 1888 Ad-
1832 1801 1879 1861 Β

208 1929 444 1969 oramus
469 1917 649 1988 itaque
666 1918 716 1972 in
734 1920 1038 1975 visibilibus
1059 1921 1250 1992 signis,
1266 1939 1384 1992 qua:
1402 1925 1799 1995 significantur,

211 2002 541 2073 invisibilia,
599 2009 710 2066 imo
758 2011 1134 2080 vagabuudum
1193 2016 1431 2069 animum
1471 2016 1805 2085 picturarum

212 2096 505 2163 repentino
536 2098 801 2164 contuitu,
832 2102 986 2169 quasi
1033 2103 1266 2171 quodam
1299 2107 1710 2161 commomtorio
1739 2108 1806 2163 ad

214 2185 437 2242 interna
488 2189 825 2269 cohibemus.
856 2191 1035 2258 Quare
1089 2192 1243 2249 vobis
1270 2210 1451 2249 aeneus
1499 2196 1587 2250 ille
1617 2197 1806 2268 anguis

213 2277 531 2345 propositus
578 2287 683 2344 est,
714 2295 875 2349 quem
930 2291 1118 2351 postea
1163 2284 1429 2350 coluistis,
1466 2286 1564 2341 nisi
1592 2296 1650 2340 ut
1678 2288 1806 2357 quid

215 2366 325 2421 sibi
382 2367 542 2422 Vellet
596 2366 860 2435 ejusmodi
917 2372 1220 2442 prodigium
1289 2375 1640 2443 quaereretis?
1696 2373 1806 2432 Nec

213 2456 514 2514 Cberubim
546 2462 717 2515 otiosa
769 2462 821 2516 in
856 2463 1075 2533 templo,
1100 2473 1156 2518 et
1188 2465 1239 2517 in
1284 2465 1635 2521 tabernaculo
1669 2463 1833 2521 emi—'

216 2550 410 2605 tientia
444 2551 776 2607 claruerunt.
810 2552 981 2607 Boves
1011 2571 1225 2623 quoque
1262 2564 1315 2610 et
1342 2556 1525 2611 leones
1550 2572 1654 2611 non
1688 2558 1806 2612 sine

215 2656 281 2696 re
313 2642 445 2696 inibi
476 2643 823 2713 singulariter
839 2647 1076 2715 exsculpi
1108 2649 1559 2713 meruerunt;sed
1585 2648 1805 2703 idoneas

218 2733 639 2802 inquisitionum
678 2737 833 2790 vobis
876 2739 1193 2792 occasiones
1242 2736 1527 2793 dederunt.
1590 2739 1801 2803 Ridete,

218 2823 264 2877 si
305 2823 502 2892 placet,
537 2840 633 2879 nos
662 2826 980 2880 dissolutum
1013 2837 1066 2882 et
1102 2841 1428 2900 exsanguem
1452 2831 1603 2898 quasi
1629 2831 1802 2883 homi-

218 2926 346 2965 nem
376 2910 560 2966 Jesum
617 2914 669 2967 in
718 2915 973 2983 patibulis
999 2918 1249 2982 adorare,
1288 2918 1538 2973 videlicet
1576 2920 1805 2989 quisque

217 3004 313 3072 qui
355 3005 514 3073 sapit,
576 3021 736 3075 quam
792 3009 963 3077 magis
1006 3009 1109 3064 fide
1165 3011 1373 3065 ridiculi
1430 3014 1598 3067 vestri
1656 3014 1805 3070 fuere

1910 565 2062 621 sunt,
2091 556 2234 609 aliud
2286 557 2476 621 homo;
2510 567 2565 613 et
2606 558 2723 613 siue
2771 559 2836 614 iis
2863 558 3006 612 enim
3031 564 3114 612 est
3141 558 3303 611 homo
3328 572 3341 585 ο
3373 558 3488 611 lucc

1909 661 2038 701 vero
2080 662 2203 701 cum
2235 647 2289 700 in
2325 648 2435 701 Deo
2457 662 2581 703 esse
2626 649 2900 715 dicuntur,
2950 664 3055 703 non
3100 649 3481 715 accidentaria,

1909 738 2002 793 sed
2034 738 2460 793 substantialiter
2491 740 2632 793 Deus
2668 741 3031 810 accipiuntur.

1992 827 2241 882 Voluntas
2282 828 2459 881 Patris
2488 827 2685 895 Filius,
2711 831 2870 883 virtus
2918 831 3146 900 Spiritus
3173 839 3487 885 sanctus.—-

1911 919 1967 974 Si
1990 934 2120 988 ergo
2158 918 2352 972 Filium
2395 920 2659 990 accipitis,
2692 936 2797 974 non
2838 924 2989 992 quasi
3016 938 3172 991 quem
3204 932 3356 976 extra
3396 937 3487 991 ge-

1909 1014 2090 1069 nuerit
2132 1014 2436 1084 intelligite,
2466 1015 2560 1069 sed
2590 1015 2733 1082 quod
2772 1015 3009 1084 gignitur
3049 1016 3103 1068 in
3134 1015 3248 1083 ipso
3272 1014 3487 1084 conSpi-

1908 1105 2032 1160 cite.
2064 1105 2303 1175 Accipite
2335 1105 2500 1176 igitur
2523 1104 2720 1159 Filium
2747 1121 2811 1159 ac
2841 1106 2885 1160 si
2917 1106 3244 1160 voluntatem
3273 1105 3482 1169 Patris;

1908 1209 2027 1264 quae
2074 1194 2321 1249 voluntas
2371 1195 2523 1264 quasi
2572 1195 2638 1248 ad
2670 1193 2895 1250 effectus
2940 1196 3265 1249 evidentiam
3318 1196 3485 1260 venit,

1907 1300 2029 1340 cum
2062 1285 2209 1340 carni
2241 1284 2329 1339 ille
2373 1300 2432 1339 se
2477 1286 2688 1339 indidit.
2721 1285 2826 1340 Sed
2878 1287 2993 1340 haec
3021 1286 3290 1342 voluntas.
3314 1303 3434 1355 quae
3456 1304 3486 1340 a

1910 1375 2018 1431 Deo
2042 1377 2107 1431 ad
2140 1392 2238 1431 nos
2269 1376 2589 1442 intenditur,
2615 1378 2871 1432 virtutem
2894 1393 3116 1433 necesse
3150 1388 3232 1433 est
3261 1380 3485 1444 habeat,

1907 1480 2002 1535 per
2040 1481 2203 1536 quam
2232 1481 2351 1535 qua:
2394 1467 2524 1520 velit
2546 1476 2727 1535 queat,
2762 1476 2818 1520 et
2862 1468 2976 1523 haec
3009 1469 3080 1523 sit
3104 1469 3336 1538 Spiritus
3364 1485 3488 1524 san-

1908 1567 2047 1621 ctus,
2094 1557 2185 1626 qui
2230 1557 2405 1612 eidem
2435 1572 2630 1626 corpus
2666 1558 2718 1611 in
2766 1558 2983 1628 Virgine
3026 1568 3193 1615 creat.
3230 1561 3488 1615 Voluntas

1907 1647 2051 1701 enim
2081 1648 2356 1703 hominum
2392 1649 2564 1704 otiosa
2592 1658 2701 1715 est,
2752 1649 2856 1705 nisi
2893 1666 3050 1720 posse
3083 1653 3358 1707 succedat.
3392 1654 3494 1707 Vo-

1907 1736 2173 1793 luntatem
2200 1754 2329 1809 ergo
2353 1740 2531 1794 Patris
2555 1741 2889 1810 possibilitas
2916 1744 3225 1798 comitatur.
3257 1742 3313 1797 ln
3338 1742 3488 1797 Scri-

1910 1826 2081 1895 pturis
2114 1842 2307 1898 nempe
2349 1829 2491 1883 sicut
2521 1845 2696 1896 amor,
2734 1831 2812 1886 ita
2851 1841 2906 1888 et
2934 1833 3107 1888 virtus
3140 1833 3279 1887 idem
3318 1833 3494 1902 Spiri-

1912 1910 1997 1973 tus
2023 1920 2343 1990 appellatur,
2390 1930 2449 1975 ut
2479 1930 2601 1977 est:
2643 1920 2823 1978 Virtus
2859 1923 3117 1979 Altissimi
3163 1924 3488 1979 obumbrabit

1909 2008 2001 2060 tibi
2029 2006 2188 2077 (Luc.
2217 2024 2259 2073 ι,
2286 2008 2398 2078 ⁸52).
2432 2009 2499 2062 Et
2524 2027 2536 2061 :
2562 2007 2761 2065 Virtus
2797 2011 2894 2065 Dei
2930 2021 3178 2081 operatur
3201 2013 3343 2066 omni
3370 2028 3487 2066 cre-

1908 2100 2051 2154 denti
2074 2098 2129 2152 iii
2151 2098 2372 2154 salutem
2404 2099 2583 2170 (Rom.
2613 2117 2650 2164 ι,
2681 2102 2791 2172 16).
2821 2102 2999 2157 Patris
3033 2104 3198 2173 igitur
3238 2104 3489 2159 voluntas

1908 2202 2003 2257 per
2026 2186 2280 2241 virtutem
2306 2188 2411 2242 hoc
2440 2189 2600 2244 modo
2648 2190 2988 2259 mancipatur
3015 2191 3251 2256 etlectui,
3278 2201 3331 2247 et
3368 2192 3490 2248 inde

1909 2274 1997 2343 qui
2037 2273 2260 2328 effectus
2290 2284 2391 2340 est,
2420 2284 2619 2332 nostrae
2647 2278 2877 2334 traditus
2900 2288 2985 2335 est
3007 2281 3322 2352 cognitioni.

1980 2363 2056 2417 De
2088 2364 2198 2418 Deo
2249 2364 2499 2433 cuiquam
2532 2366 2810 2437 diSputare
2840 2365 2922 2424 fas
2954 2385 3060 2425 non
3086 2379 3190 2426 est.
3221 2371 3326 2426 Sed
3363 2388 3487 2427 cum

1909 2454 1975 2507 de
2001 2452 2086 2508 his
2133 2468 2252 2521 quae
2280 2454 2423 2508 circa
2479 2471 2577 2509 nos
2608 2465 2734 2510 sunt
2760 2459 3006 2528 exempla
3057 2461 3385 2530 priebentur,
3422 2461 3488 2515 ad

1907 2547 2010 2601 hoc
2046 2546 2103 2600 fit
2128 2555 2189 2600 ut
2235 2547 2333 2599 tria
2371 2546 2547 2616 aliqua
2580 2547 3042 2618 indisparabiliter
3076 2552 3353 2607 cohaerere
3383 2551 3489 2606 sibi

1906 2652 2064 2706 posse
2095 2645 2486 2690 monstrentur.
2518 2637 2672 2704 Quod
2693 2654 2816 2694 cum
2847 2640 2921 2705 fit,
2963 2660 2981 2692 α
3003 2642 3161 2709 fides,
3195 2644 3487 2713 utlegitur,

1903 2728 2015 2799 jam
2044 2742 2145 2781 non
2162 2727 2324 2781 habet
2349 2728 2620 2793 meritum,
2644 2730 2727 2783 cui
2754 2731 2986 2786 humana
3010 2734 3146 2789 ratio
3162 2736 3363 2804 praebet
3390 2752 3489 2791 εχ-

1908 2820 2264 2888 perimentum
2290 2817 2377 2889 (S.
2418 2817 2657 2876 Guscou.
2693 2823 2839 2877 hom.
2870 2823 2983 2894 26).
3019 2844 3037 2876 ι
3069 2824 3193 2882 Hrcc
3222 2828 3488 2896 siquidem

1910 2914 2148 2990 Trinitas
2170 2917 2413 2971 vocative
2442 2917 2621 2986 potius
2652 2931 2811 2985 quam
2852 2917 3285 2974 substantialiter
3312 2920 3363 2972 in
3387 2919 3491 2975 hoc

1907 3021 1936 3059 a
1972 3006 2127 3061 nobis
2154 3007 2349 3062 saeculo
2400 3008 2697 3073 dictitatur,
2732 3007 2784 3062 in
2816 3023 2923 3077 quo
2959 3012 3265 3065 necessario
3296 3012 3362 3066 ad
3398 3028 3492 3067 no-

220 3105 501 3166 paremes,
526 3098 615 3167 qui
648 3098 999 3170 Bcclphegor,
1024 3101 1225 3155 idolum
1260 3104 1469 3158 scilicet
1499 3106 1800 3175 remiginis,
1832 3140 1872 3196 Ο
1908 3107 2074 3151 stram
2123 3097 2533 3167 intelligentiam
2568 3098 2632 3153 de
2681 3099 2928 3196 personis
2973 3099 3346 3155 instruendam
3396 3118 3492 3171 per

216 3190 364 3256 quod
386 3196 468 3242 est
503 3189 744 3257 Priapus,
775 3191 1089 3246 adoravere.
1124 3192 1380 3257 Ridendi,
1414 3194 1525 3248 imo
1560 3193 1719 3249 fletuli
1748 3206 1803 3250 et

222 3293 322 3333 vos
382 3280 526 3349 quod
576 3280 821 3351 plerique
868 3291 1109 3337 vestrum
1171 3282 1443 3355 dogmatis
1510 3286 1802 3341 Christiani

220 3373 508 3429 veritatem
562 3374 718 3442 plene
770 3375 1099 3445 intelligunt,
1141 3391 1241 3431 nec
1291 3386 1471 3432 tamen
1504 3378 1570 3432 ab
1622 3394 1807 3434 errore

224 3464 515 3520 desistunt.
572 3464 771 3522 Sciatis
823 3476 1003 3523 tamen
1044 3469 1168 3537 quia
1229 3468 1407 3533 nobis,
1432 3467 1627 3536 quibus
1667 3470 1806 3524 Deus

222 3555 634 3626 Scripturarum
690 3558 940 3615 notitiam
983 3561 1197 3625 indidit,
1250 3569 1327 3626 et,
1382 3570 1591 3623 remota
1639 3561 1805 3615 etiam

225 3650 636 3719 imaginatione,
676 3650 798 3707 fidei
825 3661 880 3708 et
900 3653 1373 3723 contemplationis
1396 3653 1622 3709 contulit
1642 3653 1805 3719 alam,

222 3741 437 3809 Species
489 3742 888 3811 scalpturarum
948 3744 1257 3799 necessaria
1304 3759 1409 3799 non
1451 3744 1538 3807 sit,
1591 3746 1684 3798 sed
1724 3744 1808 3799 his

224 3832 357 3887 solis
386 3833 477 3901 qui
504 3833 681 3888 idiota:
707 3843 763 3888 ct
796 3835 1038 3898 hebetes,
1082 3836 1222 3903 quod
1262 3835 1459 3891 litteris
1503 3850 1610 3890 non
1639 3836 1805 3889 attin-

225 3930 376 3989 gunt,
414 3921 746 3990 juvamentis
792 3923 1097 3992 hujusmodi
1136 3923 1423 3981 addiscunt
1452 3926 1595 3995 quod
1633 3925 1808 3980 scien-

230 4011 354 4065 dum
384 4012 475 4065 sit.

851 4096 1074 4160 CAPUT
1115 4103 1180 4158 X.

299 4186 495 4244 Auctor
538 4199 638 4243 tres
687 4190 821 4246 Deos
854 4210 886 4247 a
914 4193 1225 4249 Christianis
1254 4199 1476 4250 ostendit
1517 4197 1658 4251 haud
1687 4213 1806 4251 con.

233 4275 429 4331 Probat
456 4278 511 4331 in
532 4278 642 4332 Deo
680 4281 987 4335 trinitatem.
1029 4311 1095 4322 -—
1125 4282 1316 4338 Restat
1341 4284 1529 4338 ultima
1562 4286 1808 4354 quaestio,

232 4383 350 4437 qua:
387 4384 415 4422 a
444 4370 599 4425 vobis
637 4372 961 4440 proponitur
1004 4376 1333 4429 ventilanda.
1368 4375 1503 4429 Tres
1533 4376 1661 4429 deos
1712 4392 1809 4431 nos

1909 3196 2181 3242 momenta
2242 3197 2298 3242 et
2334 3188 2590 3259 syllabas,
2631 3189 2757 3258 quia
2819 3189 2977 3245 aliter
3020 3206 3127 3244 non
3180 3206 3489 3261 possumus,

1906 3291 2091 3332 earum
2130 3279 2387 3333 vocabula
2427 3278 2800 3348 conjugamus.
2829 3279 2900 3333 At
2937 3296 3061 3334 cum
3110 3281 3234 3334 vitae
3284 3281 3487 3337 fontem

1910 3371 2270 3434 hauserimus,
2302 3379 2357 3425 et
2385 3371 2435 3423 in
2466 3370 2667 3424 lumine
2697 3370 2896 3436 lumen,
2924 3370 3165 3426 Deumiu
3198 3374 3308 3428 Deo
3346 3374 3494 3430 vide-

1906 3454 2107 3526 bimus,
2139 3462 2282 3514 nulla
2322 3463 2374 3515 in
2423 3463 2506 3516 his
2548 3462 2892 3517 nominandis
2917 3464 3236 3533 gradatione
3286 3479 3494 3522 sermo-

1910 3552 1995 3605 nis
2018 3553 2313 3622 egebimus.
2346 3552 2401 3607 Si
2434 3569 2495 3607 os
2524 3561 2799 3618 nostrum,
2834 3554 3038 3625 lingua,
3070 3565 3125 3609 et
3168 3556 3390 3626 spiritus
3438 3559 3490 3612 iu

1910 3658 2067 3697 usum
2108 3642 2392 3699 locutionis
2441 3645 2649 3713 pariter
2696 3645 2842 3701 nullo
2889 3648 3077 3701 horum
3112 3658 3357 3713 vacante,
3402 3660 3497 3704 aut

1909 3740 2220 3802 praestante,
2253 3744 2558 3801 moventur,
2590 3736 2843 3791 maxima:
2885 3737 3108 3793 insaniae
3146 3747 3232 3793 est
3277 3738 3525 3795 diffiteri‘

1910 3816 2125 3877 Patrem
2163 3834 2218 3878 et
2267 3825 2459 3880 Filium
2515 3836 2571 3881 et
2623 3827 2887 3898 Spiritum
2938 3839 3187 3885 sanctum
3240 3846 3381 3896 esse,
3438 3842 3497 3887 et

1910 3929 2087 3985 posse,
2122 3930 2186 3969 ac
2216 3916 2616 3974 indivisihiliter
2663 3922 2897 3989 operari.
2934 3920 2990 3976 Si
3024 3923 3168 3977 enim
3202 3930 3311 3979 tres
3354 3924 3493 3979 Deos

1910 4005 2234 4073 diceremus,
2285 4022 2470 4062 eorum
2525 4010 2683 4078 plane
2733 4013 2928 4081 cuique
2979 4024 3185 4082 partem
3237 4016 3491 4070 mundani

1912 4096 2189 4166 regiminis
2219 4100 2575 4165 traderemus,
2618 4118 2717 4157 nec
2756 4118 2998 4158 summus
3039 4106 3269 4175 quisque
3299 4123 3489 4163 eorum

1911 4200 2030 4241 esse
2055 4194 2259 4261 posset,
2291 4190 2379 4256 qui
2409 4204 2567 4258 pares
2591 4201 2716 4245 actu
2749 4208 2813 4247 ac
2848 4196 3063 4247 nomine
3091 4211 3306 4265 quoquo
3336 4207 3491 4266 pacto

1911 4278 2155 4335 haberet.
2190 4279 2257 4334 Et
2311 4281 2437 4335 dum
2481 4285 2639 4337 modo
2689 4283 2833 4350 huic,
2859 4300 3002 4339 nunc
3028 4286 3101 4339 illi
3132 4302 3228 4355 pro
3259 4291 3491 4357 partium

1915 4367 2364 4424 alternationibus
2410 4369 2738 4437 faveremus,
2776 4373 3072 4442 quemlibet
3092 4374 3317 4430 forsitan
3339 4379 3492 4447 cujus

233 4459 409 4514 colere
455 4460 657 4526 dicitis,
697 4463 822 4531 quia
852 4462 1088 4528 Patrem,
1127 4474 1182 4520 et
1216 4465 1436 4530 Filium,
1464 4475 1518 4521 et
1545 4466 1805 4534 Spiritum

1913 4473 2134 4527 regnum
2172 4461 2350 4515 minus
2377 4469 2660 4531 putaretur
2694 4467 3125 4528 accommodum,
3175 4476 3269 4520 aut
3313 4467 3492 4523 minus

234 4558 500 4614 sanctum,
528 4552 629 4605 sub
677 4553 1024 4609 distinctione
1062 4572 1159 4610 nos
1208 4557 1425 4626 triplici,
1461 4559 1813 4626 pronuntiare

235 4644 577 4710 cognoscitis.
633 4645 709 4698 Ex
760 4648 1025 4715 superiori
1079 4651 1511 4705 testimoniorum
1563 4651 1813 4721 congerie

236 4732 367 4783 satis
388 4733 669 4798 probatmn
704 4743 786 4788 est
809 4737 951 4803 quod
995 4737 1136 4791 Deus
1188 4739 1384 4791 Filium
1419 4740 1635 4803 habeat,
1672 4742 1813 4797 hunc

236 4819 585 4874 humanatum
614 4832 842 4875 constet.
882 4823 1139 4894 Spiritum
1181 4835 1587 4884 'vero’sanctum
1618 4831 1816 4899 ubique

188 4922 195 4933 ο
237 4908 551 4975 paginarum
611 4919 913 4965 vestrarum
968 4914 1071 4970 dici
1114 4917 1166 4969 in
1198 4929 1472 4989 promptu
1524 4929 1628 4974 est.
1674 4920 1816 4989 Ergo

239 4997 392 5050 sicuti
426 5013 523 5052 nos
575 5006 683 5053 tres
714 5015 973 5068 personas
1021 5004 1368 5072 proferimus,
1415 5010 1485 5062 ita
1507 5010 1573 5064 de
1602 5011 1815 5064 cultura

241 5084 397 5137 trium
440 5085 663 5139 deorum
709 5103 738 5142 a
770 5089 921 5143 vobis
950 5101 1196 5159 patenter
1227 5095 1525 5163 arguimur.
1578 5098 1816 5152 Deumne

241 5174 763 5244 incircumscriptum
810 5178 1516 5253 incomprehensibilemque
1553 5186 1815 5241 creditis?

241 5262 387 5326 Quod
419 5262 461 5316 si
493 5261 739 5329 forsitan,
778 5267 905 5333 quid
938 5268 1097 5322 trium
1126 5270 1410 5325 cathedras
1440 5287 1812 5341 personarum,

243 5350 364 5418 quid
414 5352 656 5404 membra
708 5354 1050 5424 imaginando
1101 5359 1481 5428 compingitis?
1537 5360 1592 5415 Si
1648 5361 1814 5417 Deum

242 5440 484 5507 spiritum
521 5440 829 5509 pensitatis,
882 5456 936 5499 et
964 5445 1163 5511 Filius,
1198 5462 1253 5502 ut
1301 5450 1592 5515 credimus,
1627 5453 1673 5507 ei
1711 5464 1811 5519 est,

244 5529 379 5582 filius
408 5544 526 5583 esse
549 5546 654 5584 non
686 5542 880 5602 potest,
932 5538 1028 5592 nisi
1062 5541 1200 5607 quod
1238 5549 1389 5609 pater
1425 5548 1533 5604 est;
1578 5540 1812 5609 alioquin

244 5617 379 5672 Deus
409 5634 512 5674 non
545 5630 644 5675 est.
678 5621 863 5679 Potest
898 5626 948 5680 in
989 5628 1205 5684 homine
1252 5644 1370 5685 esse
1411 5632 1554 5699 quod
1587 5646 1691 5684 non
1729 5641 1814 5687 est

245 5707 420 5772 homo,
456 5709 507 5763 in
541 5710 650 5765 Deo
692 5729 818 5769 vero
865 5716 993 5769 nihil
1050 5720 1188 5786 quod
1233 5735 1336 5776 non
1369 5722 1434 5776 sit
1484 5721 1639 5775 Deus.
1677 5721 1810 5777 Nam

1916 4550 2362 4615 appretiaremur,
2415 4561 2508 4605 aut
2555 4552 2759 4620 apertis
2791 4553 3236 4624 derogationibus
3273 4572 3494 4626 urgere-

1917 4653 2055 4690 mus.
2097 4639 2180 4692 Nil
2212 4649 2388 4696 tamen
2439 4644 2580 4712 apud
2612 4652 2797 4699 nostra
2851 4651 3101 4716 dogmata
3138 4651 3371 4718 experiri
3400 4666 3494 4706 vos

1918 4727 2157 4797 contigit,
2190 4744 2287 4783 nec
2335 4731 2422 4784 diu
2456 4733 2735 4787 vobiscum
2766 4750 2929 4804 super
2960 4736 3063 4791 isto
3108 4729 3491 4806 tractabimus,

1918 4818 2042 4886 quia
2089 4819 2211 4872 dum
2252 4821 2315 4874 de
2364 4822 2427 4875 iis
2485 4823 2711 4892 agimus,
2768 4826 3051 4882 obduratis
3092 4832 3290 4885 animis
3350 4836 3495 4887 risus

1918 4908 2196 4965 efﬁcimus.
2226 4912 2656 4970 Delilierantibus
2683 4918 2828 4973 enim
2852 4919 3073 4977 credere
3104 4933 3352 4980 auctores
3386 4942 3491 4980 non

1919 5000 2141 5053 deerunt
2162 5004 2251 5070 qui
2282 5014 2570 5071 potuerunt
2597 5010 2835 5065 erudire.

1999 5089 2126 5144 Vere
2154 5097 2431 5147 resurrexit
2466 5097 2739 5154 Dominus.
2768 5132 2838 5142 —-
2868 5104 3023 5167 Illud,
3054 5106 3255 5174 velitis,
3287 5109 3487 5176 nolitis,

1922 5181 2120 5246 audite,
2173 5186 2299 5252 quia
2357 5187 2684 5261 Redemptor
2739 5204 2946 5262 noster,
2990 5212 3151 5265 quem
3216 5201 3491 5268 putruisse

1919 5275 2240 5353 mentimini,
2273 5278 2423 5344 vivit,
2460 5289 2514 5334 et
2564 5281 2614 5335 iu
2644 5286 2939 5342 novissimo
2981 5289 3090 5353 die,
3136 5293 3277 5359 quod
3318 5304 3371 5348 et
3394 5310 3489 5351 vos

1917 5365 2161 5429 creditis,
2199 5368 2265 5422 de
2297 5376 2437 5423 terra
2467 5377 2762 5430 surrecturi
2790 5392 2991 5433 sumus.
3048 5380 3102 5435 ln
3156 5398 3320 5439 carne
3355 5401 3489 5455 quo-

1918 5471 2021 5523 que
2046 5466 2226 5528 nostra
2257 5459 2420 5514 Deum
2459 5464 2777 5532 videbimus,
2802 5467 2982 5524 Jesum
3027 5473 3297 5542 videlicet,
3326 5493 3485 5546 quem

1921 5545 2348 5615 iutcrpretamini
2378 5551 2731 5609 Salvatorem.
2780 5560 2860 5612 Au
2894 5561 2945 5614 in
2974 5577 3136 5619 carne
3162 5545 3489 5625 constitutus

1916 5637 2037 5704 quis
2078 5638 2242 5692 Deum
2290 5642 2472 5696 videre
2520 5646 2740 5712 poterit,
2774 5649 2895 5705 licet
2923 5653 3036 5722 jam
3082 5660 3486 5727 corruptionem

1916 5731 2234 5796 excesserit,
2262 5734 2402 5803 quod
2434 5736 2519 5790 vix
2552 5739 2810 5810 angelicis
2836 5746 3115 5821 εμὶιὲιὶῦυε
3140 5749 3486 5811 scintillando
