4014 6324
586 389 684 442 5⁸2⁸1

583 592 920 648 llcsi-derium
966 596 1142 640 autem
1190 584 1535 639 efﬁcientiam
1575 587 1787 654 qurerit.
1836 584 1953 649 Quo
2001 582 2162 637 modo

570 668 711 751 ergo
739 677 983 734 videbit?
1016 674 1071 728 lu
1119 689 1286 728 carne
1312 674 1497 741 utique
1526 675 1788 738 existens,
1829 674 2028 742 poterit
2074 673 2158 727 in-

582 772 717 825 tueri
751 767 1045 830 carnalem,
1076 764 1170 819 Dei
1215 767 1412 834 quippe
1440 763 1660 829 Filium,
1693 766 1742 818 in
1789 780 1853 818 eo
1878 763 1987 832 jam
2019 763 2162 833 quod

582 857 1067 927 incorruptibiliter
1124 856 1511 921 resurrexerit,
1558 858 1939 913 immortalem.
2002 857 2163 911 Utra-

580 964 684 1018 que
705 948 927 1011 etenim,
956 956 1007 1000 et
1033 947 1193 1000 homo
1216 963 1310 1015 per
1336 962 1391 1001 sc
1415 958 1468 1000 et
1498 947 1658 1013 Deus,
1694 947 1785 1001 Dei
1811 957 1937 1002 sunt
1966 947 2157 1000 Filius.

577 1039 713 1094 Cum
770 1038 874 1094 hoc
923 1048 1108 1093 careat
1171 1040 1408 1102 nomine,
1452 1054 1548 1092 nec
1598 1048 1843 1093 mortuus
1925 1054 2023 1092 nec
2073 1053 2161 1093 se-

579 1127 780 1197 pullus.

649 1219 935 1277 Perlueide
967 1221 1133 1275 etiam
1156 1221 1300 1276 valet
1339 1220 1561 1290 intelligi
1595 1221 1736 1290 quod
1765 1222 1815 1274 in
1848 1236 2013 1274 carne
2043 1235 2160 1287 sua,

580 1311 685 1365 hoc
734 1320 816 1365 est
861 1310 914 1365 in
960 1312 1171 1377 eadem,
1227 1326 1331 1380 qua
1372 1321 1453 1365 est
1489 1312 1602 1379 ipse
1653 1313 1887 1364 humana
1947 1322 2160 1379 natura,

583 1402 937 1455 constitutum
966 1400 1068 1455 Job
1090 1416 1247 1455 suum
1282 1400 1615 1455 Salvatorem
1642 1416 1698 1455 se
1731 1418 1968 1455 vrsurum
2003 1419 2165 1470 spon-

584 1492 732 1545 deat.
768 1489 1013 1545 Mortalis
1062 1506 1277 1560 quoque
1322 1506 1386 1545 ac
1429 1492 1709 1545 rationalis
1738 1504 1942 1546 natura:
1974 1492 2166 1546 indivi-

584 1584 746 1635 duum
786 1582 1028 1650 signans,
1068 1583 1210 1651 quod
1257 1581 1394 1635 dixit
1446 1581 1718 1636 inculcat:
1752 1581 1917 1646 Quem
1958 1584 2165 1635 visurus

582 1688 718 1733 sum,
783 1671 977 1739 inquit,
1015 1687 1107 1741 ego
1156 1671 1284 1740 ipse,
1315 1682 1362 1725 et
1413 1688 1516 1725 non
1558 1671 1696 1725 alius
1729 1671 1871 1741 (Job.
1898 1689 2019 1738 xm,
2048 1674 2162 1740 27).

583 1762 685 1828 Qui
712 1762 851 1817 alius
888 1765 1075 1833 procul
1107 1764 1269 1819 dubio
1310 1765 1545 1835 quodam
1586 1766 1745 1820 modo
1774 1774 1939 1828 esset,
1991 1766 2034 1817 si
2069 1764 2164 1817 ho-

582 1851 783 1907 minem
819 1868 1043 1916 exuens,
1078 1854 1303 1923 Spiritus
1337 1864 1661 1909 remaneret.
1704 1855 1887 1908 Tertio
1932 1855 2165 1923 denique

584 1943 639 1997 id
688 1944 950 2013 replicat:
1005 1944 1073 1998 Et
1121 1945 1261 1999 oculi
1287 1947 1387 2001 mei
1433 1946 1759 2014 conspecturi
1805 1944 2007 2015 (ibid).
2067 1945 2164 1999 Ubi

586 2035 772 2090 oculos
798 2036 931 2090 adeo
963 2036 1256 2107 vigilanter
1307 2038 1597 2108 expressit,
1629 2053 1827 2107 corpus
1872 2037 2030 2105 plane
2075 2037 2167 2091 Det

585 2126 848 2191 futurum,
902 2127 1042 2195 quod
1084 2128 1300 2182 visurus
1348 2138 1513 2194 esset,
1547 2129 1803 2183 innotuit.
1850 2128 1892 2181 A
1936 2142 2167 2195 corpore

587 2228 763 2273 autem
792 2219 1127 2274 divinitatem
1164 2220 1333 2274 videri
1359 2220 1439 2274 fas
1466 2236 1569 2274 non
1603 2230 1708 2275 est.

656 2311 794 2365 Ecce
829 2318 1015 2365 contra
1064 2311 1156 2365 Dei
1197 2311 1402 2374 hostes,
1434 2320 1621 2365 contra
1673 2311 1949 2365 inimicum
1995 2319 2051 2363 et
2078 2310 2170 2363 de-

587 2400 854 2453 fensorem
880 2415 1030 2454 arma
1060 2401 1535 2470 praesumpsimus;
1567 2400 1766 2469 quibus
1786 2399 1995 2468 egimus
2026 2398 2171 2468 quod

586 2491 881 2558 potuimus,
914 2505 1020 2544 non
1048 2493 1190 2560 quod
1215 2492 1518 2547 debuimus.
1553 2491 1716 2545 Multa
1747 2490 2168 2559 suppressimus,

588 2582 713 2648 quia
747 2582 994 2655 ambigua
1040 2584 1104 2636 de
1150 2598 1334 2637 eorum
1364 2582 1733 2636 voluminibus
1772 2596 1975 2647 ponere
2018 2580 2172 2635 testi-

588 2675 770 2727 monia
794 2676 1219 2745 supersedimus.
1250 2674 1334 2728 Nil
1355 2676 1500 2729 enim
1532 2677 1639 2741 agit
1668 2677 1999 2744 exemplum.
2030 2673 2172 2744 quod

588 2763 739 2819 litem
770 2764 867 2819 lite
894 2763 1134 2820 resolvit.
1182 2763 1240 2820 Si
1264 2763 1488 2835 perfidis
1516 2778 1581 2818 ac
1602 2764 1936 2819 derisoribus
1958 2763 2173 2817 videtur

590 2856 752 2911 inane
780 2856 921 2925 quod
976 2856 1223 2920 fecerim,
1280 2855 1549 2919 fidelibus,
1598 2855 1690 2924 qui
1731 2854 1855 2908 talia
1902 2854 2164 2908 ventilare

591 2963 697 3001 non
739 2948 959 3011 audent,
1009 2956 1102 3000 aut
1146 2948 1415 3011 nesciunt,
1465 2961 1570 2999 non
1610 2945 1882 2999 immerito
1928 2943 2174 2999 fortassis

590 3038 908 3107 placuerint,
950 3038 1074 3107 quia
1116 3039 1158 3091 si
1203 3053 1307 3091 non
1349 3036 1503 3090 valde
1542 3036 1771 3102 utiliter,
1802 3036 1955 3089 valde
1994 3044 2171 3089 tamen

592 3129 828 3183 ﬁdeliter
871 3143 990 3197 quae
1036 3127 1272 3196 injuncta
1316 3128 1469 3182 fuere
1513 3128 1917 3198 compleverim.
1958 3126 2015 3181 Si
2047 3126 2173 3195 quid

592 3221 829 3276 infamiae
852 3237 947 3290 pro
977 3221 1079 3276 hoc
1114 3224 1250 3290 ipso,
1283 3221 1397 3275 sive
1420 3220 1593 3274 laudis
1621 3220 1939 3290 athttit'imr,
1984 3220 2176 3273 merito

594 3311 713 3376 tibi,
762 3310 941 3375 Pater,
984 3311 1075 3380 qui
1130 3311 1186 3365 id
1236 3311 1534 3379 imperasti,
1580 3310 1895 3363 ascribitur.
1932 3310 1989 3363 Si
2030 3310 2177 3363 enim

592 3404 754 3468 bene,
788 3402 909 3456 fidei
939 3412 992 3457 ct
1022 3417 1239 3471 precum
1271 3396 1486 3455 tuarum
1513 3401 1722 3455 fruetus
1751 3411 1866 3465 est;
1902 3400 1984 3454 sin
2018 3401 2179 3465 male,

594 3495 1032 3551 inconsideratus
1070 3494 1360 3564 utrobique
1409 3508 1574 3547 ausus
1620 3503 1722 3547 est.
1761 3492 1928 3545 Nemo
1978 3507 2062 3545 me
2096 3506 2184 3543 ar-

598 3600 750 3661 guat,
801 3602 1019 3643 errores
1076 3588 1529 3657 improbissimas,
1574 3604 1697 3642 cum
1752 3589 1853 3641 sim
1906 3588 2083 3639 tenuis
2128 3596 2185 3639 et

597 3679 849 3744 stolidus,
892 3678 1287 3747 ohjurgantem.
1330 3677 1637 3731 Meniinerit
1666 3680 1873 3731 asinam
1907 3677 2183 3745 propheta:

599 3768 970 3837 insipientiam
1020 3768 1399 3838 castigantetn.
1455 3768 1645 3822 Melior
1689 3769 1834 3822 enim
1882 3784 2023 3828 sum,
2060 3768 2184 3820 licet

602 3861 777 3915 maius
806 3861 989 3926 homo,
1021 3873 1180 3929 quam
1206 3861 1341 3915 bona
1369 3861 1544 3914 asina.

1477 377 1538 431 Υ.
1579 372 1902 433 (ιυιιςειιτι
1942 368 2230 429 ABBATIS
2251 369 2572 428 S.MARUE
2611 370 2695 426 DE
2732 368 3124 426 NOVIGENI'O

584 501 801 555 licebit?
833 516 886 553 .n
915 511 1034 553 cum
1063 494 1205 549 enim
1256 491 1562 547 desiderant
1595 492 1770 563 angeli
1816 491 2152 560 prospicere.
2186 491 2234 546 Α

3716 378 3802 441 5‘28

2857 528 3085 585 CAPUT
3127 528 3214 582 XI.

2292 701 2305 716 .
2336 664 2442 719 Sed
2480 673 2601 733 post
2639 663 2776 719 hanc
2805 663 3238 733 qualemcunque
3266 664 3696 735 disputationem,
3727 689 3805 728 eu-

2259 755 2477 826 jusdam
2521 756 2655 811 mihi
2699 756 2870 812 Judmi
2916 757 3107 811 relatio
3157 771 3265 811 non
3314 760 3534 813 tacenda
3587 762 3802 829 videtur,

2265 867 2385 922 qum
2412 850 2559 904 omni
2604 848 3004 906 conflictatione
3039 849 3198 919 281
3242 850 3530 903 verborum
3569 857 3806 920 potentior

2264 943 2581 997 aestimetur.
2607 941 2756 1006 Erat,
2783 949 2840 996 ut
2868 949 3114 1004 testatur,
3147 941 3412 1005 Lauduni,
3449 951 3499 996 et
3527 944 3579 997 in
3607 947 3805 1013 quadam

2265 1035 2463 1099 domo,
2524 1035 2813 1105 quemdam
2880 1048 3006 1089 cum
3071 1033 3256 1088 Judazo
3320 1033 3500 1103 aliquo
3585 1036 3806 1092 clericum

2267 1130 2658 1198 disceptantem
2690 1127 2862 1182 adhuc
2888 1126 3144 1197 puerulus
3174 1126 3449 1181 audiebat.
3478 1125 3707 1197 Cumque
3724 1131 3808 1185 cle-

2266 1222 2409 1275 ricus
2437 1219 2624 1290 perfidi
2656 1219 2797 1274 illius
2828 1219 3081 1274 resistere
3127 1219 3433 1273 ventositati
3467 1235 3574 1273 non
3613 1231 3805 1290 posset:

2272 1329 2289 1361 ι
2326 1312 2381 1365 ln
2440 1312 2679 1375 nomine,
2727 1310 2922 1379 inquit,
2974 1309 3102 1364 Jesu
3144 1308 3355 1364 Domini
3394 1310 3635 1365 tutionem
3680 1311 3804 1365 ﬂam-

2266 1409 2503 1456 mantem
2555 1415 2616 1454 ca
2679 1410 2832 1470 parte
2880 1414 2984 1469 qua
3048 1399 3199 1453 ardet
3251 1399 3647 1468 apprchendam
3688 1402 3808 1455 nuda

2268 1510 2447 1556 manu,
2500 1502 2555 1547 et
2611 1502 2765 1546 extra
2817 1502 3017 1546 ostmm
3061 1491 3253 1546 domus
3308 1492 3595 1544 efferam.»
3647 1490 3809 1559 (Forus

2269 1596 2447 1639 autem
2482 1596 2702 1654 propter
2730 1583 2817 1654 [I.,
2860 1582 3050 1654 prope]
3091 1586 3262 1651 erat.)
3303 1580 3411 1635 Nec
3453 1580 3658 1635 Judzeus
3684 1582 3809 1634 obui-

2271 1677 2419 1740 titur,
2446 1677 2498 1729 in
2526 1676 2629 1731 fide
2648 1675 2774 1731 Jesu
2818 1677 2901 1731 sui
2929 1685 3109 1730 utrum
3157 1684 3411 1729 ureretur
3436 1673 3725 1742 opperiens.
3753 1675 3810 1726 At

2271 1766 2500 1821 clericus
2543 1767 2776 1821 mirabili
2823 1765 3144 1821 crudelitate
3194 1765 3499 1820 fervescens
3530 1765 3809 1819 candentem

2199 1836 2239 1887 Β
2270 1858 2466 1926 accipit
2492 1858 2683 1913 dextra
2712 1868 2977 1923 reustum,
3018 1856 3337 1929 etrlongius,
3397 1869 3503 1923 qua
3537 1852 3695 1909 voluit
3720 1870 3811 1906 mo-

2267 1947 2518 2012 rositate,
2549 1948 2816 2016 deportat,
2866 1956 2920 2001 et
2961 1945 3201 2017 projeeto
3225 1945 3445 1999 illzesain
3481 1952 3732 1998 monstrat
3755 1944 3810 2019 ab

2269 2041 2390 2111 igne
2442 2055 2685 2094 manuni.
2746 2038 2975 2092 Miratur
3023 2038 3112 2092 ille
3163 2051 3421 2106 nequam,
3452 2036 3545 2089 sed
3594 2034 3654 2088 ad
3682 2034 3810 2088 fidem

2269 2130 2529 2186 miraculo
2578 2146 2681 2185 non
2734 2130 3001 2201 pulsatur.
3049 2129 3103 2183 Id
3134 2129 3305 2197 ipsum
3337 2128 3500 2181 etiam
3550 2126 3613 2180 ab
3649 2140 3709 2179 eo
3738 2126 3811 2195 qui

2271 2221 2401 2275 mihi
2427 2220 2609 2275 retulit
2648 2236 2753 2275 non
2782 2219 2884 2275 uisi
2910 2220 3200 2290 praestigiis
3220 2227 3593 2288 comparatur.

2342 2332 2531 2397 Dicite,
2564 2333 2877 2397 miserrimi,
2914 2348 3090 2387 nonne
3124 2348 3316 2387 nomen
3368 2331 3582 2385 deitatis
3610 2339 3702 2395 est,
3732 2332 3801 2384 cui

2271 2410 2535 2479 elementa
2558 2423 2967 2492 obtemperant?
2989 2421 3095 2477 Sed
3125 2438 3220 2476 vos
3252 2421 3436 2476 dicitis
3467 2422 3590 2490 quia
3618 2421 3666 2474 in
3694 2431 3812 2475 terra

2274 2518 2483 2587 positus
2527 2532 2585 2571 se
2631 2532 2907 2586 nunquam
2940 2516 3137 2571 dixerit
3185 2516 3375 2571 Deum.
3421 2515 3553 2570 Cum
3605 2516 3733 2569 enim
3759 2532 3812 2568 au

2276 2612 2415 2664 Deus
2443 2618 2587 2664 esset
2603 2608 3120 2672 sciscitanti,intulit
3148 2626 3159 2660 :
3189 2606 3264 2659 'Iu
3292 2609 3423 2659 dicis
3452 2606 3659 2676 (Matth.
3678 2621 3815 2671 xxvii,

2275 2704 2363 2767 ll)
2391 2741 2405 2765 ,
2436 2701 2531 2755 Est
2560 2710 2619 2754 ut
2648 2700 2848 2764 dicitis,
2881 2714 2943 2754 ac
2967 2699 3011 2753 si
3043 2700 3249 2753 diceret
3278 2716 3292 2752 :
3332 2699 3413 2753 Tu
3443 2698 3655 2768 quidem
3687 2698 3816 2762 dicis,

2273 2795 2365 2849 sed
2396 2809 2494 2864 ego
2526 2809 2632 2847 non
2667 2794 2806 2848 dico.
2844 2792 2888 2847 Ο
2936 2792 3222 2847 vecordes!
3272 2793 3539 2846 attendite
3592 2791 3719 2860 quod
3750 2808 3820 2845 se-

2275 2885 2460 2953 quitur
2491 2901 2503 2936 :
2534 2884 2736 2935 Amodo
2794 2882 3031 2935 videbitis
3078 2880 3275 2935 Filium
3325 2882 3552 2934 hominis
3597 2882 3821 2933 sedentem

2275 2995 2306 3030 ιι
2354 2976 2551 3030 dextris
2603 2975 2699 3028 Dei
2743 2984 2789 3028 et
2838 2975 3118 3028 venientem
3149 2975 3204 3027 in
3241 2975 3464 3027 nubibus
3493 2972 3604 3025 mli
3638 2971 3822 3025 (Matth.

2277 3085 2425 3131 xxvr,
2470 3067 2583 3137 64).
2638 3066 2841 3136 Nempe
2886 3076 2940 3120 et
2995 3067 3255 3136 proditori
3318 3065 3672 3135 significando
3711 3064 3823 3117 idem

2278 3160 2413 3213 dixit
2444 3172 2459 3211 :
2490 3157 2699 3212 Dicenti
2758 3171 3020 3225 namque,
3076 3158 3309 3226 nunquid
3357 3173 3448 3225 ego
3478 3154 3690 3209 ?ait1'u
3721 3155 3826 3206 dicis

2282 3248 2498 3319 (Matth.
2533 3263 2684 3313 XXVI,
2716 3247 2830 3317 25).
2872 3248 3142 3302 Subaudis
3171 3263 3282 3301 rem
3315 3264 3434 3317 quae
3463 3255 3566 3301 est.
3594 3246 3755 3301 Taceo
3778 3246 3829 3297 de

2283 3338 2517 3403 caeteris,
2556 3339 2647 3406 qui
2673 3337 3032 3406 corporaliter
3069 3338 3234 3407 gestis
3262 3336 3569 3390 intendunt.
3597 3334 3827 3389 Joannem

2284 3429 2465 3498 legite,
2501 3430 2554 3483 in
2608 3445 2715 3498 quo
2746 3429 2874 3486 nihil
2905 3444 3040 3499 pene
3083 3429 3229 3483 aliud
3273 3445 3436 3497 quam
3482 3428 3548 3482 de
3597 3442 3685 3482 sua
3731 3442 3827 3479 cum

2288 3519 2450 3574 Patre
2503 3520 3072 3575 consubstantialitate
3110 3519 3469 3588 proloquitnr.
3510 3518 3740 3580 Creditis,
3768 3516 3832 3567 in-

2288 3612 2425 3680 quit,
2457 3612 2509 3663 in
2542 3610 2729 3674 Deum,
2762 3620 2809 3664 et
2852 3612 2905 3664 in
2940 3626 3021 3663 me
3049 3610 3242 3663 credite
3280 3610 3460 3679 (Jonu.
3492 3623 3601 3669 ιιιν.
3632 3608 3696 3675 1).
3745 3604 3831 3674 Ego

2290 3704 2342 3755 in
2371 3700 2549 3763 Patre,
2586 3713 2631 3755 et
2663 3698 2825 3755 Pater
2854 3703 2908 3755 in
2949 3718 3028 3755 me
3057 3712 3150 3755 est.
3185 3702 3285 3766 Qui
3316 3700 3479 3754 credit
3509 3699 3562 3752 in
3598 3715 3689 3759 nte,
3724 3697 3831 3749 videt

2289 3806 2333 3846 et
2397 3790 2611 3846 Putrem
2651 3793 2829 3846 ’Joan.
2872 3794 3089 3863 “,10),
3125 3802 3180 3848 et
3225 3792 3389 3845 millia
3419 3793 3608 3845 horum
3641 3786 3832 3843 similia.

2140 4017 2293 4054 FlNlS.

1991 4168 2603 4183 *__

2608 4153 3830 4182 Μία

1105 4296 1547 4408 νΕιιι.
1622 4293 2522 4409 GUIBERTI
2602 4287 3425 4405 ABBATIS

1900 4546 2588 4663 EPISTOLA

2210 4764 2318 4826 DE

670 4960 1169 5065 BUCCELLA
1224 4958 1503 5058 ΗΠ)Ᾰῦ
1561 4955 1825 5052 DATA
1884 4952 2009 5047 ET
2070 4950 2197 5045 DE
2254 4949 2750 5048 VERlTATE
2816 4948 3260 5049 DOMINICI
3327 4946 3808 5048 CORPORIS.

679 5326 845 5396 282
861 5313 2206 5384 l’atrietdominoSanctiNicolaiprioriStcermno
2235 5294 2283 5352 D
2312 5309 2491 5363 Primo
2517 5309 2681 5362 etiam
2729 5306 2942 5361 horrori
2995 5307 3127 5359 mihi
3155 5315 3262 5370 est,
3313 5304 3357 5358 si
3406 5301 3586 5370 aliqua
3610 5299 3781 5353 dicam,
3806 5292 3845 5396 in

630 5416 753 5487 [ul.,
772 5410 1041 5469 Vincentii
1064 5406 1243 5463 abbati
1269 5407 1580 5467 SIGEFRIDO,
1600 5405 1787 5467 frater,
1820 5402 1951 5475 etc.]
1972 5404 2205 5458 (iuuen-

630 5520 730 5560 ειυς
758 5503 851 5556 Dei
881 5497 1115 5558 familiai,
1152 5513 1269 5566 quae
1290 5508 1371 5551 est
1391 5496 1529 5565 apud
1545 5494 1899 5564 Novigentum
1933 5494 2201 5560 minister,

632 5614 748 5666 qua:
767 5591 865 5649 Dei
892 5601 1019 5646 sunt
1044 5589 1360 5660 simpliciter
1388 5604 1629 5657 quarrere
1646 5604 1708 5640 ac
1740 5584 2009 5654 amplecti.

701 5682 1061 5749 Quaestionem
1106 5696 1265 5749 quam
1319 5678 1449 5733 mihi
1502 5687 1591 5732 tua
1663 5675 1887 5745 ingessit
1945 5674 2205 5729 sanctitas

629 5787 813 5830 utrum
843 5771 1085 5830 videam.
1138 5772 1334 5825 nedum
1369 5767 1656 5824 enucleare
1710 5765 1939 5821 valeam.
2000 5764 2201 5819 nescio.

2311 5399 2505 5467 quibus
2546 5398 2731 5452 videar
2784 5396 3005 5450 Patrum
3053 5394 3338 5450 sententia:
3392 5393 3672 5463 refragari.
3722 5384 3844 5442 Unde

2313 5500 2459 5559 p-to,
2485 5500 2539 5541 ut
2567 5489 2609 5543 si
2641 5504 2760 5557 quae
2791 5503 2895 5541 non
2932 5495 3107 5541 tamen
3149 5496 3345 5555 printer
3393 5485 3631 5554 regulam
3669 5479 3846 5534 dixero,

2314 5596 2373 5635 ea
2405 5581 2589 5633 audias
2635 5579 2934 5633 intentione
2969 5593 3074 5647 qua
3114 5576 3312 5632 dicam.
3365 5576 3553 5631 Dicam
3582 5572 3714 5628 enim
3754 5565 3848 5619 sine

2313 5669 2626 5741 preejudicio
2662 5669 2900 5724 melioris
2948 5671 3228 5726 sententia:
3262 5669 3531 5740 palpantis
3561 5664 3729 5737 potius
3756 5653 3847 5712 sui.

2315 5776 2402 5816 mo
2433 5775 2593 5829 quam
2630 5760 2869 5816 nitentis.
