4038 6330
176 366 317 422 529

734 480 961 537 CAPUT
995 480 1283 537 PRIMUM.

849 588 1094 634 QUA-ISTIO
1134 589 1171 626 ι.

270 660 525 728 Quaestio
564 670 647 716 est
681 673 969 733 magistros
990 664 1244 719 Ecclesiae
1273 663 1587 729 elariores,,
1615 664 1795 736 Aligil-

184 754 418 806 siinnm
468 752 717 807 videlicet
740 753 938 823 (enarr.
966 756 1020 807 in
1050 757 1184 824 psal.
1219 773 1273 818 ι,
1310 765 1441 810 tom.
1496 756 1626 820 VIII,
1656 766 1712 810 et
1741 758 1797 810 in

182 842 375 896 Joan.
408 850 566 897 tract.
594 843 683 908 26,
735 854 863 899 tom.
900 845 1015 916 IX),
1045 862 1108 901 ac
1147 847 1382 901 Leonem
1432 848 1618 916 (serui.
1660 848 1694 902 5
1733 850 1797 902 de

185 950 324 1000 pas.
366 933 551 1003 Dom.)
577 937 908 1001 consentire,
940 939 1082 1008 quod
1105 937 1273 993 Jutlas
1287 954 1407 993 cum
1435 940 1646 994 ueteris
1668 955 1797 1008 apo-

186 1025 369 1081 stolis
416 1028 802 1081 eucharistiam
847 1029 913 1085 de
972 1030 1184 1085 Domini
1245 1046 1402 1084 manu
1474 1032 1793 1101 susceperit.

192 1115 479 1171 Hilarium
527 1117 917 1176 Pictaviensem
954 1122 1111 1192 (com.
1156 1122 1210 1174 in
1260 1121 1475 1185 Matth.,
1526 1138 1646 1176 can.
1678 1123 1794 1192 50),

188 1206 641 1280 Capuanumque
682 1212 953 1267 Victorem
983 1214 1051 1269 ab
1101 1215 1199 1269 hac
1252 1214 1605 1285 intelligentia
1652 1215 1795 1284 quod

191 1302 491 1370 acceperit
520 1304 827 1360 dissentire.
860 1306 1018 1370 Illud,
1050 1306 1150 1361 nisi
1176 1306 1354 1370 fallor,
1378 1308 1642 1362 dictorum
1666 1322 1795 1361 suo-

192 1407 331 1446 rum
367 1404 687 1471 argumento
721 1398 1001 1462 habentes,
1032 1402 1175 1467 quod
1214 1398 1425 1453 czeteris
1454 1408 1796 1453 sacramento

190 1483 689 1554 participantibus,
723 1490 961 1544 buccella
1025 1490 1247 1558 praebita
1304 1491 1537 1559 simplici
1586 1492 1795 1547 scilicet

193 1589 378 1641 parte,
409 1592 564 1632 suum
593 1578 855 1636 Dominus
885 1582 1193 1651 insiguierit
1222 1582 1580 1653 proditorem.

843 1688 1087 1737 QUIES'I‘IO
1116 1689 1178 1728 II.
1571 1684 1581 1694 ⁸

279 1756 421 1813 Illud
447 1774 686 1830 quoque,
716 1762 783 1816 ad
813 1764 984 1818 nostri
1014 1764 1478 1818 adumbrationem
1535 1766 1790 1819 sacrificii

197 1864 233 1901 θ
269 1850 597 1918 quibusdam
644 1853 904 1922 objectari
957 1856 1158 1923 solere,
1215 1858 1357 1926 quod
1394 1870 1792 1914 sacramentum

201 1945 350 2010 hoc,
398 1944 609 2016 signum
667 1949 835 2017 magis
876 1964 1036 2019 quam
1085 1950 1287 2005 veritas
1328 1950 1509 2013 fuerit,
1562 1959 1618 2008 et
1673 1952 1796 2007 ideo

195 2034 389 2101 ludas,
419 2051 582 2105 quem
608 2049 732 2091 ante
764 2040 1038 2095 diabolum
1064 2042 1359 2104 vocaverit,
1407 2042 1640 2111 idipsmu
1684 2042 1793 2096 Do-

204 2127 398 2180 minus
422 2128 893 2185 irrctractahiliter
919 2131 1146 2186 dederit.
1200 2131 1313 2187 lloc
1342 2131 1395 2186 in
1427 2132 1623 2187 litteris
1667 2147 1696 2185 a
1745 2140 1795 2186 te

198 2218 356 2272 dalis
392 2219 464 2273 ita
494 2222 834 2289 proponitur.

282 2306 493 2372 Quibus
552 2300 650 2379 ego
706 2311 1013 2377 subinfero,
1084 2312 1209 2382 quia
1251 2312 1365 2367 sive
1406 2321 1637 2379 veteres,
1682 2311 1795 2366 sive

202 2396 361 2461 novi,
392 2396 704 2466 quicunque
729 2415 893 2470 super
914 2401 1017 2456 hac
1047 2417 1107 2457 re
1130 2402 1466 2457 altercantur
1516 2417 1579 2458 ac
1605 2401 1792 2471 dispu—

206 2494 335 2539 tant
364 2486 828 2543 circumstantiam
865 2490 1155 2546 lectionum
1208 2492 1387 2545 minus
1431 2491 1587 2561 plene
1616 2490 1796 2546 consi-

202 2578 428 2630 derant.
491 2577 625 2632 Nam
697 2581 954 2650 apostolis
1002 2592 1159 2637 vetus
1224 2582 1428 2652 pascha
1494 2580 1793 2636 secundum

207 2665 449 2721 Matthxi
483 2668 626 2722 dicta
668 2671 1038 2735 comantibus,
1088 2671 1233 2726 nullo
1289 2680 1516 2741 excepto
1545 2670 1744 2725 dicitur
1776 2689 1789 2724 :

210 2758 463 2837 Accipite,
493 2769 545 2813 et
585 2762 832 2817 comedite
879 2763 1094 2834 (Matth.
1154 2780 1302 2826 xxvi,
1330 2763 1428 2830 26;
1470 2763 1640 2825 Marc.
1678 2780 1793 2831 xw,

208 2849 315 2912 ‘23;
350 2847 478 2903 Luc.
508 2867 641 2910 xxii,
677 2852 778 2918 14).
829 2854 895 2908 Ει
948 2863 1198 2923 porrecto
1244 2854 1414 2909 calice
1453 2854 1794 2923 postmodum

114 2988 125 2995 .
214 2940 456 3008 apertius
485 2957 498 2994 :
536 2942 702 2996 Bibite
726 2960 789 2997 ea:
824 2945 920 2997 hoc
958 2961 1134 2998 omnes
1181 2945 1355 3013 (ibid.,
1382 2945 1493 3014 27).
1527 2945 1581 2999 In
1612 2944 1793 3001 Marco

211 3044 455 3099 quoque,
483 3030 865 3101 Biberunt,ait,
898 3033 1073 3089 exilio
1108 3052 1285 3089 omnes
1314 3034 1506 3107 (Marc.
1536 3050 1649 3101 xw,
1676 3035 1791 3104 25).

216 3120 389 3177 Porro
418 3121 592 3178 Lucas
623 3124 852 3194 primum
880 3141 1002 3180 eum
1042 3126 1110 3180 ad
1153 3141 1306 3180 esum
1353 3127 1568 3197 paschm
1612 3126 1793 3180 discu~

217 3214 396 3269 buisse
421 3229 689 3279 asserens,
708 3226 759 3271 et
782 3218 1063 3272 duodecim
1092 3217 1365 3287 apostolos
1387 3233 1510 3272 cum
1540 3233 1605 3271 eo
1629 3216 1784 3288 (Luc.
1820 3191 1861 3250 (ἶ

222 3320 357 3366 nu,
392 3305 501 3373 14),
533 3306 677 3375 quod
710 3316 764 3359 et
794 3307 1077 3362 Matthaaus
1098 3317 1152 3361 et
1186 3307 1398 3361 Marcus
1439 3307 1642 3368 dicunt,
1672 3319 1793 3376 post

218 3396 486 3450 dationem
514 3396 699 3451 calicis
720 3397 885 3451 infert
908 3415 921 3451 :
963 3397 1212 3466 Accipite,
1237 3406 1284 3449 et
1309 3396 1522 3450 dividite
1542 3397 1679 3450 inter
1707 3413 1794 3451 vos

220 3489 398 3557 (ibid.,
435 3488 542 3557 l8).
573 3488 679 3543 Sed
711 3496 766 3542 et
790 3503 980 3557 panem
1007 3490 1213 3560 gratias
1242 3502 1431 3560 agens,
1461 3495 1516 3542 et
1545 3487 1791 3556 fregisse,

221 3588 275 3632 et
304 3578 385 3633 eis
413 3578 625 3633 dedisse
646 3579 1030 3634 subscribitur.

290 3666 348 3721 Si
378 3681 509 3738 ergo
530 3669 597 3723 de
626 3668 792 3724 calice
814 3670 881 3724 ab
900 3670 1151 3726 omnibus
1176 3666 1313 3726 facta
1341 3670 1483 3725 inter
1510 3683 1607 3724 eos
1653 3668 1793 3722 divi-

221 3754 370 3809 sione
394 3756 741 3820 combibitur,
776 3756 945 3813 Iudas
987 3759 1294 3813 nullatenus
1319 3759 1618 3827 excipitur;
1649 3758 1794 3826 quia

223 3846 415 3915 pedum
460 3846 728 3903 lavatione
772 3850 913 3919 apud
955 3849 1216 3904 Joannem
1270 3866 1633 3920 nequaquam,
1673 3866 1793 3904 cum

219 3936 327 4004 jam
350 3938 601 3993 conscius
628 3948 773 3993 esset
796 3941 1137 4009 proditionis,
1169 3942 1490 3995 excluditur.
1517 3941 1625 3995 Etsi
1650 3941 1795 3996 enim

225 4028 363 4082 nulla
421 4030 760 4085 adniteretur
808 4034 1138 4097 auctoritas,
1198 4034 1364 4088 multa
1423 4044 1600 4088 tamen
1658 4034 1797 4088 ratio

224 4127 555 4188 suppeteret,
596 4135 695 4190 pro
740 4121 853 4177 sola
909 4124 1261 4192 conceptione
1307 4125 1576 4189 criminis,
1635 4139 1795 4193 quem

227 4216 403 4275 aperta
422 4223 589 4278 opera
620 4226 725 4263 non
756 4213 1067 4281 probarent,
1096 4214 1369 4267 hominem
1415 4230 1444 4267 a
1477 4216 1588 4268 suis
1619 4215 1797 4285 gradi-

226 4303 340 4364 bus,
385 4308 443 4356 et
481 4304 908 4357 commilitonum
944 4305 1213 4359 communi
1266 4306 1438 4373 gratia
1490 4306 1796 4361 nullatenus

226 4392 531 4447 arcendum.
567 4396 683 4462 Ipse
709 4398 852 4449 enim
882 4396 1110 4461 dixerat,
1159 4406 1214 4450 et
1259 4397 1469 4451 dilliteri
1503 4412 1606 4451 non
1639 4406 1794 4466 pote-

229 4492 308 4537 rat
335 4498 351 4538 :
383 4483 564 4539 Nolite
584 4486 830 4555 judicare
853 4486 1067 4553 (Matth.
1095 4502 1189 4549 vn,
1223 4488 1296 4557 l).
1324 4488 1474 4553 Quod
1508 4488 1558 4541 in
1581 4489 1794 4543 arcanis

229 4582 502 4641 peccatum
532 4575 709 4629 adhuc
737 4576 930 4635 latens,
960 4577 1050 4646 qui
1080 4591 1270 4631 omnes
1306 4578 1369 4629 ad
1393 4578 1617 4631 salutem
1645 4594 1793 4631 com-

229 4663 423 4731 pellare
450 4673 692 4729 venerat,
721 4680 1063 4735 nequaquam
1094 4674 1223 4720 tunc
1249 4668 1505 4734 temporis
1538 4658 1795 4722 damnare

228 4755 503 4808 debuerat.
527 4756 679 4820 Quod
710 4768 888 4811 autem
922 4759 988 4812 de
1014 4758 1182 4813 calice
1217 4758 1433 4820 dicitur,
1482 4773 1579 4826 par
1603 4767 1684 4812 est
1733 4774 1796 4813 ac

227 4847 270 4898 si
296 4847 482 4902 eadem
511 4849 781 4902 evidentia
813 4850 978 4903 etiam
1001 4850 1067 4905 de
1093 4866 1232 4920 pane
1270 4850 1562 4915 diceretur,
1594 4865 1715 4903 cum
1738 4850 1791 4904 in

230 4948 452 5006 utroque
475 4938 709 5008 dignitas
739 4953 857 5007 par,
884 4940 992 4994 imo
1015 4940 1289 5001 identitas,
1330 4941 1614 4995 habeatur.

294 5032 389 5097 Qui
415 5034 558 5086 enim
584 5034 630 5086 ei
655 5041 711 5086 et
732 5033 1059 5101 baptizandi,
1084 5035 1344 5089 dteiuonia
1372 5035 1620 5101 cjiciendi
1653 5051 1793 5089 mor-

230 5124 425 5191 bosque
455 5125 678 5177 curandi
723 5140 845 5177 cum
880 5125 1093 5179 cteteris
1111 5124 1201 5192 jus
1244 5127 1483 5192 dederat,
1509 5128 1552 5180 si
1576 5129 1639 5179 ad
1671 5128 1791 5179 ulti-

230 5231 367 5271 mum
416 5216 464 5269 ei
516 5216 748 5289 maligna
798 5218 1051 5272 tractanti
1102 5217 1353 5272 collatam
1402 5219 1522 5272 aliis
1562 5219 1791 5287 gratiam

231 5306 564 5399 detraxisset,
591 5322 784 5362 causas
806 5308 856 5361 ei
898 5305 1123 5362 forsitan
1170 5307 1486 5377 peragendae
1532 5307 1791 5377 proditio-

231 5402 310 5455 nis
334 5403 590 5459 auxisset.
616 5402 752 5470 Quid
781 5402 925 5457 enim
958 5403 1151 5469 virtus,
1181 5418 1302 5471 quae
1330 5410 1608 5470 Operatur,
1636 5400 1789 5468 juxta

227 5492 554 5561 Apostolum,
569 5493 622 5546 in
646 5493 872 5547 salutem
885 5490 1031 5547 om'ni
1060 5493 1299 5547 credenti
1314 5491 1491 5561 (Rom.
1507 5509 1544 5557 ι,
1563 5492 1674 5557 lli),
1691 5493 1788 5545 nisi

230 5581 453 5651 Spiritus
483 5593 699 5635 sanctus
728 5591 833 5645 est,
862 5596 926 5635 ex
950 5598 1057 5650 quo
1079 5592 1314 5651 potestas
1337 5597 1497 5651 super
1524 5582 1788 5635 daemonia

230 5676 613 5743 Ianguoresque
641 5674 908 5726 curandas
935 5674 1198 5742 tnnergit?
1242 5674 1418 5740 Dedit,
1475 5674 1669 5743 inquit,
1714 5676 1788 5727 eis

229 5768 454 5821 virtutem
514 5773 559 5817 et
593 5773 893 5833 potestatem
930 5780 1080 5817 ςιιυεν
1109 5765 1282 5817 omnia
1329 5763 1586 5817 dwmouia
1634 5762 1782 5823 (Luc.

1195 366 1406 422 EPIST.
1451 368 1538 424 DE
1570 366 1912 425 VERITA'I‘E
1954 371 2254 430 DOMINICI
2289 374 2651 435 CORPORIS.

3368 374 3475 434 556

1817 490 1865 549 Α
1895 504 1972 555 lx,
2007 492 2082 557 l),
2128 506 2234 547 etc.
2274 493 2388 560 (Qui
2438 494 2540 548 etsi
2592 509 2712 548 cum
2768 492 2835 548 sit
2880 491 3104 562 spiritus
3153 490 3472 563 disciplinae,

1897 592 2156 654 quantum
2183 585 2249 639 ad
2280 600 2431 639 suam
2486 586 2722 654 ipsorum
2770 584 2998 639 salutem
3034 583 3188 638 fictos
3215 582 3470 652 effugiat;

1898 676 2019 730 fidei
2089 685 2275 729 tamen
2342 678 2570 731 aliorum
2632 679 2939 746 atljumeuta
3019 677 3310 731 ministrat.
3374 676 3472 731 Cui

1897 784 2027 839 ergo
2052 770 2298 838 spiritum
2334 785 2493 837 quem
2522 769 2683 823 Petro
2712 770 2937 823 dederat
2965 770 3032 823 ad
3060 768 3321 822 miracula
3366 784 3471 823 non

1899 861 2145 931 negavit,
2184 862 2379 916 merito
2414 875 2513 915 nec
2552 862 2806 931 mysteria
2851 861 2973 916 aliis
3009 861 3319 917 communia
3377 860 3473 915 de-

1898 954 2169 1008 trectavit.
3030 963 3043 974 ο

1966 1043 2098 1097 At'si
2133 1044 2198 1097 de
2240 1041 2478 1099 buccella
2529 1042 2727 1113 agitur,
2759 1055 2879 1110 qum
2908 1040 2957 1094 ei
2990 1036 3215 1095 intineta
3243 1039 3475 1109 porrigi-

1897 1145 2007 1203 tur,
2035 1137 2243 1205 signum
2277 1135 2396 1200 fuit,
2428 1145 2479 1190 et
2514 1152 2619 1189 non
2649 1135 2859 1204 signum
2887 1153 2899 1187 :
2934 1135 3143 1203 signum
3169 1135 3322 1201 plane
3353 1151 3474 1204 pro-

1897 1228 2107 1290 ditoris,
2138 1226 2231 1280 sed
2265 1241 2369 1281 non
2395 1225 2609 1293 signum
2628 1224 2985 1287 sacramenti;
3018 1238 3135 1289 qua:
3162 1224 3324 1276 etiam
3349 1233 3476 1277 ante

1897 1318 2239 1373 traditionem
2270 1317 2392 1371 novi
2422 1316 2567 1371 illius
2594 1315 2873 1378 sacrificii,
2905 1313 3143 1368 Mattheo
3192 1321 3249 1367 et
3289 1312 3472 1367 Marco

1899 1410 2144 1472 testibus,
2184 1410 2309 1463 dum
2336 1409 2497 1479 283
2520 1410 2642 1478 quis
2671 1417 2814 1464 esset
2838 1407 3083 1477 proditor
3113 1413 3471 1476 quaereretur,

1896 1502 2020 1557 data
2051 1511 2133 1557 est
2164 1501 2382 1571 (Matth.
2414 1518 2563 1564 xxvi,
2592 1501 2697 1563 εἰς
2732 1499 3041 1565 Marc-xtv,
3067 1500 3178 1567 l9),
3202 1513 3321 1568 quae
3340 1513 3475 1566 quo-
3562 1506 3565 1509 ‘

1895 1609 2000 1664 que
2029 1592 2073 1647 si
2104 1592 2231 1661 quid
2262 1591 2435 1647 sancti
2465 1592 2515 1646 in
2561 1606 2620 1646 se
2662 1591 2873 1655 habuit,
2916 1605 3021 1643 non
3064 1604 3127 1643 ex
3179 1587 3475 1642 mutatione

1896 1684 1978 1736 sui
2007 1682 2210 1751 aliqua,
2242 1682 2337 1736 sed
2364 1697 2429 1737 ex
2454 1690 2599 1736 tactu
2643 1681 2870 1736 forsitan
2901 1679 3202 1734 Salvatoris
3244 1678 3472 1746 accepit.

1899 1774 1960 1827 Et
1990 1772 2189 1826 diaboli
2221 1772 2309 1827 ille
2334 1773 2616 1827 introitum
2646 1788 2751 1827 non
2786 1781 2890 1825 tam
2916 1785 3013 1841 pro
3053 1770 3266 1839 indigna
3293 1782 3475 1823 susce-

1899 1863 2078 1934 ptione
2122 1862 2293 1932 ipsius
2330 1862 2505 1917 offula:
2531 1877 2694 1931 quam
2748 1876 2844 1930 pro
2875 1876 2970 1914 sua
3018 1875 3147 1929 erga
3178 1859 3475 1927 corripiem-

1899 1962 2003 2008 tem
2035 1954 2317 2007 Dominum
2361 1953 2692 2023 impudentia
2722 1961 2777 2008 et
2818 1950 3286 2021 incorrigibilitate
3328 1962 3474 2003 eom-

1898 2045 2116 2099 meruit.

2514 2133 2740 2189 CAPUT
2782 2133 2842 2186 II.

1973 2224 2140 2277 Porro
2172 2225 2236 2278 de
2269 2224 2701 2277 inconvenientia
2728 2223 3139 2292 Evangeliorom
3181 2235 3343 2289 super
3381 2236 3473 2275 ca-

1895 2316 2066 2386 pilqu
2092 2316 2181 2370 illo
2206 2334 2219 2370 :
2264 2315 2629 2370 Verumtamen
2651 2332 2839 2369 manus
2869 2314 3122 2368 tradentis
3144 2330 3243 2376 me,
3276 2328 3475 2365 nierum

1895 2417 1970 2463 est
2006 2409 2059 2460 in
2108 2424 2286 2461 mensa
2325 2407 2477 2477 (Luc.
2526 2423 2657 2469 χχιι,
2687 2407 2803 2476 21),
2845 2406 2989 2474 quod
3027 2404 3307 2458 Matthzeus
3339 2402 3476 2456 Mar-

1896 2513 2099 2566 cusque
2156 2498 2512 2568 praescribunt
2560 2497 2778 2567 (Matth.
2818 2512 2975 2560 xxvr,
3003 2496 3101 2560 23;
3156 2495 3324 2549 Marc.
3365 2510 3476 2558 xiv,

1897 2586 2018 2658 I9);
2049 2587 2221 2641 Lucas
2262 2602 2395 2642 vero
2442 2588 2685 2656 corporis
2719 2585 2982 2641 Dominici
3036 2583 3309 2639 traditioni
3350 2582 3477 2637 sub-

1897 2679 2105 2736 scribit.
2150 2678 2207 2734 Si
2235 2679 2330 2733 tibi
2357 2678 2732 2748 respondeam,
2760 2678 2908 2733 circa
2931 2677 3094 2732 vilem
3144 2684 3200 2731 et
3236 2673 3477 2743 patulum

1896 2770 2150 2827 morabor
2196 2770 2416 2835 orbem,
2464 2784 2587 2823 cum
2629 2783 2767 2838 pene
2816 2768 3073 2824 ridendus
3118 2765 3210 2831 sit,
3256 2766 3345 2833 qui
3372 2765 3477 2819 hoc.

1896 2862 2108 2932 quaesiit
2136 2858 2290 2930 quasi
2312 2860 2405 2929 qui
2427 2859 2483 2916 in
2509 2859 2692 2929 scirpo
2719 2858 2916 2913 nodum
2941 2857 3224 2926 repererit.
3253 2854 3309 2909 Si
3334 2856 3476 2909 enim

1897 2949 2141 3005 ordinem
2170 2948 2532 3020 capitulorum
2558 2949 2745 3004 eadem
2776 2947 3091 3012 dicentium,
3123 2946 3213 3000 vel
3240 2946 3380 3000 inter
3419 2959 3479 2999 se

1896 3040 2312 3115 dissonantium,
2361 3039 2412 3093 in
2449 3038 2755 3108 Evangeliis
2801 3052 3014 3107 quaeras
3038 3046 3144 3089 tam
3182 3043 3476 3105 praeposte-

1898 3140 2036 3196 rata,
2074 3131 2207 3186 adeo
2234 3130 2512 3184 immutata
2539 3129 2802 3193 invenies,
2831 3136 2890 3183 ut
2917 3128 2982 3183 de
3019 3125 3229 3180 tantillo
3256 3126 3358 3179 hoc
3383 3124 3477 3178 tibi

1896 3220 2144 3276 videatur
2170 3219 2455 3290 magistros
2500 3219 2872 3289 interpellasse
2902 3216 3140 3270 fatuitas.
3174 3215 3300 3269 Sive
3330 3214 3474 3267 enim

1895 3309 2192 3379 praecedat,
2225 3308 2338 3364 sive
2360 3316 2618 3379 sequatur
2646 3309 2750 3362 hoc
2774 3306 3021 3371 verbum,
3050 3304 3125 3358 nil
3163 3303 3347 3358 ofﬁcit.
3373 3301 3479 3356 Sed

1896 3399 1949 3455 in
1966 3399 2156 3452 harum
2181 3398 2415 3467 partium
2428 3398 2493 3452 de
2513 3396 2710 3466 quibus
2726 3395 2957 3465 agimus,
2972 3392 3342 3449 controversia
3357 3406 3479 3461 qum

1895 3491 2110 3544 videtur
2165 3488 2396 3562 plurima
2448 3502 2556 3541 non
2593 3486 2832 3557 epistola:
2881 3484 2972 3539 sed
3005 3484 3125 3538 libri
3178 3483 3476 3538 necessarii

1902 3589 2051 3634 sunt.
2077 3580 2143 3635 Et
2166 3587 2313 3634 certe
2345 3579 2400 3634 in
2429 3579 2544 3650 ipso
2568 3578 2779 3646 pascha:
2828 3577 3026 3631 veteris
3057 3575 3235 3644 epulo,
3264 3585 3321 3630 et
3360 3585 3481 3642 post

1897 3671 2023 3726 novi
2069 3670 2414 3726 traditionem
2465 3669 2731 3740 mysterii,
2777 3668 3084 3737 aliquantus
3126 3668 3192 3721 ad
3232 3682 3472 3720 mensam

1899 3762 2041 3816 illam
2064 3762 2326 3832 proditori
2353 3774 2639 3817 consessus
2672 3759 2798 3825 fuit,
2833 3768 2887 3814 et
2924 3759 3237 3814 temerarias
3262 3759 3479 3827 utrique

1901 3855 2079 3910 edulio
2110 3868 2300 3909 manus
2327 3852 2596 3922 apposuit.
2620 3850 2728 3905 Aut
2777 3852 2906 3919 quid
2955 3850 3151 3904 mirum
3183 3850 3225 3904 si
3272 3858 3481 3917 tempus

1898 3962 1997 4016 pro
2021 3957 2265 4014 tempore
2296 3944 2363 3997 ab
2386 3942 2714 4014 evangelista
2742 3942 2973 4009 positqu
2996 3949 3097 4001 est,
3123 3948 3179 3991 ut
3205 3937 3480 3992 diceretur

1898 4048 1997 4101 est,
2026 4052 2123 4106 pro
2148 4035 2291 4104 fuit?
2319 4034 2474 4089 Scias
2498 4034 2624 4103 quia
2658 4033 2781 4087 istic
2825 4031 3173 4086 dicendormn
3207 4031 3358 4100 copia
3397 4046 3480 4082 me

1899 4128 2115 4196 inopem
2137 4123 2285 4180 facit.

2515 4213 2742 4269 CAPUT
2781 4212 2863 4266 IlI.

1971 4306 2088 4377 Agit
2116 4312 2300 4360 contra
2327 4303 2774 4370 Berenqariunam
2817 4302 3076 4355 lucresim.
3110 4330 3179 4339 —-
3213 4300 3319 4354 Sed
3351 4316 3482 4360 quo-

1897 4398 2042 4453 niam
2071 4399 2136 4453 de
2162 4395 2374 4451 Domini
2402 4410 2629 4464 corpore
2658 4391 3079 4460 objectiunculas
3113 4392 3227 4446 ﬁeri
3275 4392 3479 4458 episto-

1899 4490 1963 4545 lze
1991 4498 2179 4544 auctor
2200 4487 2351 4552 dicit,
2379 4490 2520 4556 quod
2553 4486 2787 4555 signum,
2816 4493 2870 4538 et
2907 4499 3009 4537 non
3059 4482 3259 4536 veritas
3284 4490 3480 4543 exstet,

1896 4596 2066 4651 pauca
2095 4580 2195 4635 etsi
2228 4578 2411 4642 exilia,
2443 4594 2603 4646 super
2634 4591 2698 4630 eo
2727 4575 3171 4644 contemplemur.
3206 4575 3260 4627 Si
3292 4574 3480 4627 umbra

1900 4682 2002 4735 est,
2035 4681 2090 4726 et
2118 4686 2220 4725 non
2249 4686 2467 4739 corpus,
2501 4670 2553 4722 iu
2589 4669 2834 4722 umbram
2856 4667 2923 4720 de
2948 4668 3134 4720 umbra
3160 4666 3479 4729 decidimus,

1897 4763 2004 4817 imo
2028 4762 2079 4815 in
2105 4760 2371 4817 deteriora
2394 4759 2551 4814 valde
2575 4758 2905 4813 devenimus.
2946 4757 3002 4812 Si
3037 4759 3223 4821 boves,
3252 4759 3473 4817 arietes,

1897 4869 2095 4923 caprtc,
2128 4862 2387 4919 turtures,
2418 4850 2700 4916 columbae,
2730 4861 2785 4905 et
2822 4865 3087 4919 passeres,
3129 4850 3253 4903 olim
3292 4865 3481 4920 pecca-

1896 4957 2007 4999 tum
2045 4945 2277 5010 fueraut,
2301 4945 2475 4999 hostia
2504 4944 2749 4999 videlicet
2778 4958 2875 5012 pro
2905 4951 3144 5011 peccato,
3177 4943 3246 4994 ita
3287 4949 3342 4991 ut
3364 4955 3481 4994 car.

1895 5038 1978 5091 nis
2000 5036 2223 5105 justitite
2254 5042 2607 5097 vocarentur,
2665 5044 2720 5087 et
2757 5034 3051 5088 secundum
3090 5030 3477 5086 conscientiam

1895 5128 2099 5183 salvum
2126 5144 2230 5181 non
2281 5136 2500 5198 possent
2530 5127 2711 5181 facere
2747 5125 3094 5186 servientem,
3140 5130 3346 5192 quanto
3375 5120 3476 5173 mi-

1894 5234 1994 5273 nus
2020 5220 2062 5273 si
2089 5220 2293 5289 species
2320 5218 2653 5285 creditur,et
2676 5232 2781 5271 non
2812 5230 2920 5279 res,
2961 5216 3044 5268 illa
3080 5213 3269 5267 tantilli
3324 5211 3478 5280 panis

1894 5311 2027 5365 adeo
2057 5310 2380 5366 miserabilis
2405 5310 2699 5380 quantitas,
2724 5308 2869 5360 omni
2895 5307 3198 5360 animarum
3244 5304 3478 5358 remedio

1895 5401 2109 5471 indigna
2134 5404 2256 5465 erit,
2290 5386 2355 5455 de
2392 5418 2500 5471 quo
2546 5402 2590 5455 si
2620 5397 3147 5459 manducaverimus,
3179 5411 3280 5450 non
3308 5396 3477 5450 abun-

1894 5492 2159 5557 dabimus,
2192 5493 2235 5546 si
2262 5508 2365 5546 non
2396 5490 2922 5552 manducaverimus,
2964 5504 3069 5542 non
3117 5491 3300 5557 utique
3346 5486 3477 5539 deli-

1893 5582 2117 5635 ciemus.

1963 5671 2018 5725 Si
2040 5687 2171 5743 ergo
2202 5681 2485 5741 utrumque
2535 5672 2765 5742 Species,
2800 5680 2852 5724 et
2901 5672 2953 5725 in
3008 5680 3199 5724 neutro
3247 5678 3472 5725 veritas,

1892 5780 2086 5819 novum
2119 5764 2425 5835 haptismati
2456 5764 2676 5820 Joannis
2705 5765 3030 5833 :cquabitur,
3063 5763 3115 5817 in
3171 5761 3336 5815 veteri
3371 5774 3473 5811 non
