  <div class='ocr_page' id='page_1' title='image "/cluster/home/n/w/nwhite01/storage/ocr_20150623/156/hvd.32044010683712/271.png"; bbox 0 0 4014 6324; ppageno 0'>
   <div class='ocr_carea' id='block_1_1' title="bbox 568 362 665 439">
    <p class='ocr_par' dir='ltr' id='par_1_1' title="bbox 568 362 665 439">
     <span class='ocr_line' id='line_1_1' title="bbox 568 362 665 439; baseline -0.021 0"><span class='ocrx_word' id='word_1_1' title='bbox 568 362 665 439; x_wconf 71' lang='lat' dir='ltr'><strong>ssi</strong></span> 
     </span>
    </p>
   </div>
   <div class='ocr_carea' id='block_1_2' title="bbox 1416 384 3066 444">
    <p class='ocr_par' dir='ltr' id='par_1_2' title="bbox 1416 384 3066 444">
     <span class='ocr_line' id='line_1_2' title="bbox 1416 384 3066 444; baseline -0.001 -3"><span class='ocrx_word' id='word_1_2' title='bbox 1416 390 1478 441; x_wconf 79' lang='grc' dir='ltr'><strong>ν.</strong></span> <span class='ocrx_word' id='word_1_3' title='bbox 1512 387 1836 444; x_wconf 80' lang='lat' dir='ltr'><strong>GUIBERTI</strong></span> <span class='ocrx_word' id='word_1_4' title='bbox 1867 386 2155 442; x_wconf 81' lang='lat' dir='ltr'><strong>ABBATIS</strong></span> <span class='ocrx_word' id='word_1_5' title='bbox 2186 387 2241 442; x_wconf 91' lang='lat' dir='ltr'><strong>S.</strong></span> <span class='ocrx_word' id='word_1_6' title='bbox 2284 386 2523 443; x_wconf 66' lang='lat' dir='ltr'><strong>MANE</strong></span> <span class='ocrx_word' id='word_1_7' title='bbox 2567 386 2655 442; x_wconf 89' lang='lat' dir='ltr'><strong>DE</strong></span> <span class='ocrx_word' id='word_1_8' title='bbox 2673 384 3066 444; x_wconf 79' lang='lat' dir='ltr'><strong>NOVIGENTO</strong></span> 
     </span>
    </p>
   </div>
   <div class='ocr_carea' id='block_1_3' title="bbox 3686 389 3773 450">
    <p class='ocr_par' dir='ltr' id='par_1_3' title="bbox 3686 389 3773 450">
     <span class='ocr_line' id='line_1_3' title="bbox 3686 389 3773 450; baseline 0.034 -3"><span class='ocrx_word' id='word_1_9' title='bbox 3686 389 3773 450; x_wconf 75' lang='lat'><strong>532</strong></span> 
     </span>
    </p>
   </div>
   <div class='ocr_carea' id='block_1_4' title="bbox 570 498 3773 574">
    <p class='ocr_par' dir='ltr' id='par_1_4' title="bbox 570 498 3773 574">
     <span class='ocr_line' id='line_1_4' title="bbox 570 498 3773 574; baseline 0.002 -24"><span class='ocrx_word' id='word_1_10' title='bbox 570 498 815 564; x_wconf 83' lang='lat' dir='ltr'><strong>proderit</strong></span> <span class='ocrx_word' id='word_1_11' title='bbox 852 499 1065 554; x_wconf 84' lang='lat' dir='ltr'><strong>interna</strong></span> <span class='ocrx_word' id='word_1_12' title='bbox 1096 500 1317 567; x_wconf 87' lang='lat' dir='ltr'><strong>utilitas,</strong></span> <span class='ocrx_word' id='word_1_13' title='bbox 1344 503 1434 556; x_wconf 89' lang='lat' dir='ltr'><strong>sed</strong></span> <span class='ocrx_word' id='word_1_14' title='bbox 1460 503 1704 559; x_wconf 68' lang='lat' dir='ltr'><strong>materi‘ei</strong></span> <span class='ocrx_word' id='word_1_15' title='bbox 1727 505 1959 573; x_wconf 77' lang='lat' dir='ltr'><strong>pretium</strong></span> <span class='ocrx_word' id='word_1_16' title='bbox 1999 520 2133 574; x_wconf 86' lang='lat' dir='ltr'><strong>prae-</strong></span> <span class='ocrx_word' id='word_1_17' title='bbox 2165 509 2211 564; x_wconf 83' lang='lat' dir='ltr'><strong>A</strong></span> <span class='ocrx_word' id='word_1_18' title='bbox 2238 506 2356 558; x_wconf 81' lang='lat' dir='ltr'><strong>vivit</strong></span> <span class='ocrx_word' id='word_1_19' title='bbox 2386 514 2594 574; x_wconf 76' lang='lat' dir='ltr'><strong>propter</strong></span> <span class='ocrx_word' id='word_1_20' title='bbox 2617 520 2697 557; x_wconf 88' lang='lat' dir='ltr'><strong>me</strong></span> <span class='ocrx_word' id='word_1_21' title='bbox 2740 502 2919 574; x_wconf 81' lang='lat' dir='ltr'><strong>(Joan.</strong></span> <span class='ocrx_word' id='word_1_22' title='bbox 2951 518 3025 568; x_wconf 79' lang='lat' dir='ltr'><strong>vi,</strong></span> <span class='ocrx_word' id='word_1_23' title='bbox 3055 499 3167 569; x_wconf 82' lang='lat'><strong>58.)</strong></span> <span class='ocrx_word' id='word_1_24' title='bbox 3187 540 3199 562; x_wconf 85' lang='lat'><strong>,</strong></span> <span class='ocrx_word' id='word_1_25' title='bbox 3243 507 3418 555; x_wconf 89' lang='lat' dir='ltr'><strong>cesset</strong></span> <span class='ocrx_word' id='word_1_26' title='bbox 3445 516 3646 571; x_wconf 89' lang='lat' dir='ltr'><strong>umora,</strong></span> <span class='ocrx_word' id='word_1_27' title='bbox 3676 523 3773 565; x_wconf 72' lang='grc' dir='ltr'>σεε.</span> 
     </span>
    </p>
   </div>
   <div class='ocr_carea' id='block_1_5' title="bbox 563 588 2134 666">
    <p class='ocr_par' dir='ltr' id='par_1_5' title="bbox 563 588 2134 666">
     <span class='ocr_line' id='line_1_5' title="bbox 563 588 2134 666; baseline 0.006 -25"><span class='ocrx_word' id='word_1_28' title='bbox 563 588 839 655; x_wconf 79' lang='lat' dir='ltr'><strong>eminebit,</strong></span> <span class='ocrx_word' id='word_1_29' title='bbox 872 599 1133 659; x_wconf 91' lang='lat' dir='ltr'><strong>quantum</strong></span> <span class='ocrx_word' id='word_1_30' title='bbox 1164 592 1413 647; x_wconf 84' lang='lat' dir='ltr'><strong>animalia</strong></span> <span class='ocrx_word' id='word_1_31' title='bbox 1443 596 1519 649; x_wconf 88' lang='lat' dir='ltr'><strong>rei</strong></span> <span class='ocrx_word' id='word_1_32' title='bbox 1548 596 1827 657; x_wconf 68' lang='lat' dir='ltr'><strong>exanimae,</strong></span> <span class='ocrx_word' id='word_1_33' title='bbox 1876 605 2134 666; x_wconf 90' lang='lat' dir='ltr'><strong>quantum</strong></span> 
     </span>
    </p>
   </div>
   <div class='ocr_carea' id='block_1_6' title="bbox 562 686 2134 755">
    <p class='ocr_par' dir='ltr' id='par_1_6' title="bbox 562 686 2134 755">
     <span class='ocr_line' id='line_1_6' title="bbox 562 686 2134 755; baseline 0.006 -23"><span class='ocrx_word' id='word_1_34' title='bbox 562 692 625 732; x_wconf 90' lang='lat' dir='ltr'><strong>ea</strong></span> <span class='ocrx_word' id='word_1_35' title='bbox 661 693 782 747; x_wconf 75' lang='lat' dir='ltr'><strong>quae</strong></span> <span class='ocrx_word' id='word_1_36' title='bbox 832 696 960 737; x_wconf 89' lang='lat' dir='ltr'><strong>caro</strong></span> <span class='ocrx_word' id='word_1_37' title='bbox 1022 693 1293 751; x_wconf 91' lang='lat' dir='ltr'><strong>emuntur,</strong></span> <span class='ocrx_word' id='word_1_38' title='bbox 1344 686 1595 755; x_wconf 87' lang='lat' dir='ltr'><strong>panibus,</strong></span> <span class='ocrx_word' id='word_1_39' title='bbox 1651 688 1808 741; x_wconf 85' lang='lat' dir='ltr'><strong>obolo</strong></span> <span class='ocrx_word' id='word_1_40' title='bbox 1848 688 2134 755; x_wconf 85' lang='lat' dir='ltr'><strong>similibus,</strong></span> 
     </span>
    </p>
   </div>
   <div class='ocr_carea' id='block_1_7' title="bbox 559 773 2136 850">
    <p class='ocr_par' dir='ltr' id='par_1_7' title="bbox 559 773 2136 850">
     <span class='ocr_line' id='line_1_7' title="bbox 559 773 2136 850; baseline 0.007 -27"><span class='ocrx_word' id='word_1_41' title='bbox 559 780 841 838; x_wconf 75' lang='lat' dir='ltr'><strong>praestant.</strong></span> <span class='ocrx_word' id='word_1_42' title='bbox 880 773 947 826; x_wconf 91' lang='lat' dir='ltr'><strong>Et</strong></span> <span class='ocrx_word' id='word_1_43' title='bbox 975 784 1123 829; x_wconf 92' lang='lat' dir='ltr'><strong>certe</strong></span> <span class='ocrx_word' id='word_1_44' title='bbox 1149 785 1301 831; x_wconf 91' lang='lat' dir='ltr'><strong>vetus</strong></span> <span class='ocrx_word' id='word_1_45' title='bbox 1340 778 1447 833; x_wconf 91' lang='lat' dir='ltr'><strong>alio</strong></span> <span class='ocrx_word' id='word_1_46' title='bbox 1494 794 1709 848; x_wconf 88' lang='lat' dir='ltr'><strong>quoque</strong></span> <span class='ocrx_word' id='word_1_47' title='bbox 1749 782 1905 835; x_wconf 89' lang='lat' dir='ltr'><strong>modo</strong></span> <span class='ocrx_word' id='word_1_48' title='bbox 1933 796 2136 850; x_wconf 66' lang='lat' dir='ltr'><strong>praeva-</strong></span> 
     </span>
    </p>
   </div>
   <div class='ocr_carea' id='block_1_8' title="bbox 559 858 2136 939">
    <p class='ocr_par' dir='ltr' id='par_1_8' title="bbox 559 858 2136 939">
     <span class='ocr_line' id='line_1_8' title="bbox 559 858 2136 939; baseline 0.01 -27"><span class='ocrx_word' id='word_1_49' title='bbox 559 858 672 914; x_wconf 86' lang='lat' dir='ltr'><strong>lere</strong></span> <span class='ocrx_word' id='word_1_50' title='bbox 706 862 1042 931; x_wconf 84' lang='lat' dir='ltr'><strong>probabitur.</strong></span> <span class='ocrx_word' id='word_1_51' title='bbox 1077 865 1134 921; x_wconf 90' lang='lat' dir='ltr'><strong>Si</strong></span> <span class='ocrx_word' id='word_1_52' title='bbox 1180 883 1368 923; x_wconf 89' lang='lat' dir='ltr'><strong>verum</strong></span> <span class='ocrx_word' id='word_1_53' title='bbox 1424 880 1506 925; x_wconf 89' lang='lat' dir='ltr'><strong>est</strong></span> <span class='ocrx_word' id='word_1_54' title='bbox 1554 871 1693 939; x_wconf 91' lang='lat' dir='ltr'><strong>quod</strong></span> <span class='ocrx_word' id='word_1_55' title='bbox 1737 870 1804 925; x_wconf 89' lang='lat' dir='ltr'><strong>ab</strong></span> <span class='ocrx_word' id='word_1_56' title='bbox 1826 873 2136 928; x_wconf 84' lang='lat' dir='ltr'><strong>auctoribus</strong></span> 
     </span>
    </p>
   </div>
   <div class='ocr_carea' id='block_1_9' title="bbox 557 952 2135 1043">
    <p class='ocr_par' dir='ltr' id='par_1_9' title="bbox 557 952 2135 1043">
     <span class='ocr_line' id='line_1_9' title="bbox 557 952 2135 1043; baseline 0.009 -40"><span class='ocrx_word' id='word_1_57' title='bbox 557 952 813 1043; x_wconf 83' lang='lat' dir='ltr'><strong>traditur,</strong></span> <span class='ocrx_word' id='word_1_58' title='bbox 856 971 963 1025; x_wconf 89' lang='lat' dir='ltr'><strong>quo</strong></span> <span class='ocrx_word' id='word_1_59' title='bbox 996 958 1210 1026; x_wconf 91' lang='lat' dir='ltr'><strong>quidem</strong></span> <span class='ocrx_word' id='word_1_60' title='bbox 1241 959 1315 1014; x_wconf 90' lang='lat' dir='ltr'><strong>nil</strong></span> <span class='ocrx_word' id='word_1_61' title='bbox 1346 962 1547 1025; x_wconf 88' lang='lat' dir='ltr'><strong>verius,</strong></span> <span class='ocrx_word' id='word_1_62' title='bbox 1587 970 1711 1017; x_wconf 85' lang='lat' dir='ltr'><strong>ante</strong></span> <span class='ocrx_word' id='word_1_63' title='bbox 1768 963 2135 1017; x_wconf 89' lang='lat' dir='ltr'><strong>circumcisio—</strong></span> 
     </span>
    </p>
   </div>
   <div class='ocr_carea' id='block_1_10' title="bbox 559 1046 2138 1118">
    <p class='ocr_par' dir='ltr' id='par_1_10' title="bbox 559 1046 2138 1118">
     <span class='ocr_line' id='line_1_10' title="bbox 559 1046 2138 1118; baseline 0.009 -23"><span class='ocrx_word' id='word_1_64' title='bbox 559 1056 685 1096; x_wconf 89' lang='lat' dir='ltr'><strong>nem</strong></span> <span class='ocrx_word' id='word_1_65' title='bbox 712 1046 972 1114; x_wconf 85' lang='lat' dir='ltr'><strong>originale</strong></span> <span class='ocrx_word' id='word_1_66' title='bbox 1005 1058 1287 1118; x_wconf 88' lang='lat' dir='ltr'><strong>peccatum</strong></span> <span class='ocrx_word' id='word_1_67' title='bbox 1319 1052 1601 1107; x_wconf 88' lang='lat' dir='ltr'><strong>sacriﬁciis</strong></span> <span class='ocrx_word' id='word_1_68' title='bbox 1627 1052 1954 1107; x_wconf 84' lang='lat' dir='ltr'><strong>solvebatur.</strong></span> <span class='ocrx_word' id='word_1_69' title='bbox 2013 1054 2138 1110; x_wconf 85' lang='lat' dir='ltr'><strong>llaec</strong></span> 
     </span>
    </p>
   </div>
   <div class='ocr_carea' id='block_1_11' title="bbox 559 1137 2137 1209">
    <p class='ocr_par' dir='ltr' id='par_1_11' title="bbox 559 1137 2137 1209">
     <span class='ocr_line' id='line_1_11' title="bbox 559 1137 2137 1209; baseline 0.007 -23"><span class='ocrx_word' id='word_1_70' title='bbox 559 1143 742 1188; x_wconf 87' lang='lat' dir='ltr'><strong>autem</strong></span> <span class='ocrx_word' id='word_1_71' title='bbox 791 1137 965 1192; x_wconf 91' lang='lat' dir='ltr'><strong>hostia</strong></span> <span class='ocrx_word' id='word_1_72' title='bbox 1008 1148 1195 1193; x_wconf 87' lang='lat' dir='ltr'><strong>nostra</strong></span> <span class='ocrx_word' id='word_1_73' title='bbox 1234 1155 1394 1209; x_wconf 86' lang='lat' dir='ltr'><strong>passo</strong></span> <span class='ocrx_word' id='word_1_74' title='bbox 1447 1142 1613 1198; x_wconf 90' lang='lat' dir='ltr'><strong>semel</strong></span> <span class='ocrx_word' id='word_1_75' title='bbox 1661 1143 1909 1207; x_wconf 90' lang='lat' dir='ltr'><strong>Domino,</strong></span> <span class='ocrx_word' id='word_1_76' title='bbox 1944 1144 1988 1197; x_wconf 91' lang='lat' dir='ltr'><strong>si</strong></span> <span class='ocrx_word' id='word_1_77' title='bbox 2024 1143 2137 1198; x_wconf 89' lang='lat' dir='ltr'><strong>sola</strong></span> 
     </span>
    </p>
   </div>
   <div class='ocr_carea' id='block_1_12' title="bbox 557 1226 2137 1302">
    <p class='ocr_par' dir='ltr' id='par_1_12' title="bbox 557 1226 2137 1302">
     <span class='ocr_line' id='line_1_12' title="bbox 557 1226 2137 1302; baseline 0.006 -24"><span class='ocrx_word' id='word_1_78' title='bbox 557 1239 704 1294; x_wconf 76' lang='lat' dir='ltr'><strong>passr</strong></span> <span class='ocrx_word' id='word_1_79' title='bbox 737 1226 931 1296; x_wconf 90' lang='lat' dir='ltr'><strong>ﬁgura,</strong></span> <span class='ocrx_word' id='word_1_80' title='bbox 956 1236 1014 1283; x_wconf 90' lang='lat' dir='ltr'><strong>ut</strong></span> <span class='ocrx_word' id='word_1_81' title='bbox 1040 1230 1255 1298; x_wconf 90' lang='lat' dir='ltr'><strong>dicitur,</strong></span> <span class='ocrx_word' id='word_1_82' title='bbox 1284 1232 1376 1297; x_wconf 89' lang='lat' dir='ltr'><strong>sit,</strong></span> <span class='ocrx_word' id='word_1_83' title='bbox 1413 1233 1458 1287; x_wconf 92' lang='lat' dir='ltr'><strong>si</strong></span> <span class='ocrx_word' id='word_1_84' title='bbox 1503 1234 1629 1302; x_wconf 90' lang='lat' dir='ltr'><strong>quid</strong></span> <span class='ocrx_word' id='word_1_85' title='bbox 1658 1234 1768 1288; x_wconf 87' lang='lat' dir='ltr'><strong>veri</strong></span> <span class='ocrx_word' id='word_1_86' title='bbox 1796 1232 2007 1299; x_wconf 79' lang='lat' dir='ltr'><strong>eiiiciat,</strong></span> <span class='ocrx_word' id='word_1_87' title='bbox 2040 1247 2137 1287; x_wconf 79' lang='lat' dir='ltr'><strong>nc—</strong></span> 
     </span>
    </p>
   </div>
   <div class='ocr_carea' id='block_1_13' title="bbox 558 1316 2138 1393">
    <p class='ocr_par' dir='ltr' id='par_1_13' title="bbox 558 1316 2138 1393">
     <span class='ocr_line' id='line_1_13' title="bbox 558 1316 2138 1393; baseline 0.006 -24"><span class='ocrx_word' id='word_1_88' title='bbox 558 1316 695 1370; x_wconf 83' lang='lat' dir='ltr'><strong>scio.</strong></span> <span class='ocrx_word' id='word_1_89' title='bbox 732 1318 883 1385; x_wconf 84' lang='lat' dir='ltr'><strong>Quod</strong></span> <span class='ocrx_word' id='word_1_90' title='bbox 910 1322 955 1374; x_wconf 90' lang='lat' dir='ltr'><strong>si</strong></span> <span class='ocrx_word' id='word_1_91' title='bbox 996 1321 1110 1375; x_wconf 89' lang='lat' dir='ltr'><strong>sola</strong></span> <span class='ocrx_word' id='word_1_92' title='bbox 1148 1322 1338 1376; x_wconf 91' lang='lat' dir='ltr'><strong>mortis</strong></span> <span class='ocrx_word' id='word_1_93' title='bbox 1388 1323 1529 1378; x_wconf 91' lang='lat' dir='ltr'><strong>illius</strong></span> <span class='ocrx_word' id='word_1_94' title='bbox 1558 1325 1812 1378; x_wconf 88' lang='lat' dir='ltr'><strong>memoria</strong></span> <span class='ocrx_word' id='word_1_95' title='bbox 1845 1334 1949 1391; x_wconf 88' lang='lat' dir='ltr'><strong>est,</strong></span> <span class='ocrx_word' id='word_1_96' title='bbox 1983 1325 2138 1393; x_wconf 89' lang='lat' dir='ltr'><strong>quasi</strong></span> 
     </span>
    </p>
   </div>
   <div class='ocr_carea' id='block_1_14' title="bbox 560 1403 2139 1482">
    <p class='ocr_par' dir='ltr' id='par_1_14' title="bbox 560 1403 2139 1482">
     <span class='ocr_line' id='line_1_14' title="bbox 560 1403 2139 1482; baseline 0.006 -24"><span class='ocrx_word' id='word_1_97' title='bbox 560 1403 741 1474; x_wconf 90' lang='lat' dir='ltr'><strong>aliqua</strong></span> <span class='ocrx_word' id='word_1_98' title='bbox 767 1416 862 1461; x_wconf 91' lang='lat' dir='ltr'><strong>aut</strong></span> <span class='ocrx_word' id='word_1_99' title='bbox 889 1408 1008 1475; x_wconf 90' lang='lat' dir='ltr'><strong>Dei,</strong></span> <span class='ocrx_word' id='word_1_100' title='bbox 1043 1421 1137 1465; x_wconf 89' lang='lat' dir='ltr'><strong>aut</strong></span> <span class='ocrx_word' id='word_1_101' title='bbox 1162 1412 1334 1466; x_wconf 91' lang='lat' dir='ltr'><strong>sancti</strong></span> <span class='ocrx_word' id='word_1_102' title='bbox 1366 1412 1684 1482; x_wconf 89' lang='lat' dir='ltr'><strong>cujuspiam,</strong></span> <span class='ocrx_word' id='word_1_103' title='bbox 1711 1429 1829 1482; x_wconf 66' lang='lat' dir='ltr'><strong>qute</strong></span> <span class='ocrx_word' id='word_1_104' title='bbox 1876 1416 1930 1469; x_wconf 92' lang='lat' dir='ltr'><strong>in</strong></span> <span class='ocrx_word' id='word_1_105' title='bbox 1959 1415 2139 1470; x_wconf 85' lang='lat' dir='ltr'><strong>Eccle-</strong></span> 
     </span>
    </p>
   </div>
   <div class='ocr_carea' id='block_1_15' title="bbox 559 1493 2140 1576">
    <p class='ocr_par' dir='ltr' id='par_1_15' title="bbox 559 1493 2140 1576">
     <span class='ocr_line' id='line_1_15' title="bbox 559 1493 2140 1576; baseline 0.008 -28"><span class='ocrx_word' id='word_1_106' title='bbox 559 1493 640 1548; x_wconf 89' lang='lat' dir='ltr'><strong>sia</strong></span> <span class='ocrx_word' id='word_1_107' title='bbox 669 1495 817 1566; x_wconf 87' lang='lat' dir='ltr'><strong>pingi</strong></span> <span class='ocrx_word' id='word_1_108' title='bbox 868 1497 1008 1553; x_wconf 87' lang='lat' dir='ltr'><strong>solet</strong></span> <span class='ocrx_word' id='word_1_109' title='bbox 1045 1502 1245 1570; x_wconf 82' lang='lat' dir='ltr'><strong>imago,</strong></span> <span class='ocrx_word' id='word_1_110' title='bbox 1287 1502 1650 1570; x_wconf 82' lang='lat' dir='ltr'><strong>perfunctoria</strong></span> <span class='ocrx_word' id='word_1_111' title='bbox 1681 1513 1780 1559; x_wconf 91' lang='lat' dir='ltr'><strong>cst.</strong></span> <span class='ocrx_word' id='word_1_112' title='bbox 1821 1504 1972 1570; x_wconf 87' lang='lat' dir='ltr'><strong>Quod</strong></span> <span class='ocrx_word' id='word_1_113' title='bbox 2011 1521 2140 1576; x_wconf 87' lang='lat' dir='ltr'><strong>ergo</strong></span> 
     </span>
    </p>
   </div>
   <div class='ocr_carea' id='block_1_16' title="bbox 561 1583 2138 1665">
    <p class='ocr_par' dir='ltr' id='par_1_16' title="bbox 561 1583 2138 1665">
     <span class='ocr_line' id='line_1_16' title="bbox 561 1583 2138 1665; baseline 0.008 -28"><span class='ocrx_word' id='word_1_114' title='bbox 561 1583 733 1637; x_wconf 88' lang='lat' dir='ltr'><strong>solum</strong></span> <span class='ocrx_word' id='word_1_115' title='bbox 758 1587 977 1655; x_wconf 69' lang='lat' dir='ltr'><strong>praefert</strong></span> <span class='ocrx_word' id='word_1_116' title='bbox 1008 1591 1219 1644; x_wconf 87' lang='lat' dir='ltr'><strong>rudium</strong></span> <span class='ocrx_word' id='word_1_117' title='bbox 1249 1592 1423 1646; x_wconf 85' lang='lat' dir='ltr'><strong>oculis</strong></span> <span class='ocrx_word' id='word_1_118' title='bbox 1453 1594 1863 1661; x_wconf 89' lang='lat' dir='ltr'><strong>monimentum,</strong></span> <span class='ocrx_word' id='word_1_119' title='bbox 1889 1612 2138 1665; x_wconf 90' lang='lat' dir='ltr'><strong>parvum,</strong></span> 
     </span>
    </p>
   </div>
   <div class='ocr_carea' id='block_1_17' title="bbox 559 1675 1926 1751">
    <p class='ocr_par' dir='ltr' id='par_1_17' title="bbox 559 1675 1926 1751">
     <span class='ocr_line' id='line_1_17' title="bbox 559 1675 1926 1751; baseline 0.009 -26"><span class='ocrx_word' id='word_1_120' title='bbox 559 1681 652 1727; x_wconf 89' lang='lat' dir='ltr'><strong>aut</strong></span> <span class='ocrx_word' id='word_1_121' title='bbox 689 1675 892 1729; x_wconf 92' lang='lat' dir='ltr'><strong>nullum</strong></span> <span class='ocrx_word' id='word_1_122' title='bbox 920 1688 1141 1746; x_wconf 84' lang='lat' dir='ltr'><strong>praestat</strong></span> <span class='ocrx_word' id='word_1_123' title='bbox 1168 1681 1503 1750; x_wconf 82' lang='lat' dir='ltr'><strong>sapientibus</strong></span> <span class='ocrx_word' id='word_1_124' title='bbox 1531 1682 1926 1751; x_wconf 72' lang='lat' dir='ltr'><strong>adiumentum.</strong></span> 
     </span>
    </p>
   </div>
   <div class='ocr_carea' id='block_1_18' title="bbox 632 1763 2141 1846">
    <p class='ocr_par' dir='ltr' id='par_1_18' title="bbox 632 1763 2141 1846">
     <span class='ocr_line' id='line_1_18' title="bbox 632 1763 2141 1846; baseline 0.009 -28"><span class='ocrx_word' id='word_1_125' title='bbox 632 1763 739 1820; x_wconf 87' lang='lat' dir='ltr'><strong>Sed</strong></span> <span class='ocrx_word' id='word_1_126' title='bbox 778 1768 919 1823; x_wconf 90' lang='lat' dir='ltr'><strong>scire</strong></span> <span class='ocrx_word' id='word_1_127' title='bbox 977 1770 1134 1825; x_wconf 86' lang='lat' dir='ltr'><strong>velim</strong></span> <span class='ocrx_word' id='word_1_128' title='bbox 1179 1787 1346 1841; x_wconf 91' lang='lat' dir='ltr'><strong>quare</strong></span> <span class='ocrx_word' id='word_1_129' title='bbox 1395 1774 1533 1829; x_wconf 80' lang='lat' dir='ltr'><strong>calix</strong></span> <span class='ocrx_word' id='word_1_130' title='bbox 1582 1776 1860 1846; x_wconf 79' lang='lat' dir='ltr'><strong>sanguinis</strong></span> <span class='ocrx_word' id='word_1_131' title='bbox 1913 1777 2036 1831; x_wconf 93' lang='lat' dir='ltr'><strong>novi</strong></span> <span class='ocrx_word' id='word_1_132' title='bbox 2086 1785 2141 1831; x_wconf 92' lang='lat' dir='ltr'><strong>et</strong></span> 
     </span>
    </p>
   </div>
   <div class='ocr_carea' id='block_1_19' title="bbox 561 1846 2216 1934">
    <p class='ocr_par' dir='ltr' id='par_1_19' title="bbox 561 1846 2216 1934">
     <span class='ocr_line' id='line_1_19' title="bbox 561 1846 2216 1934; baseline 0.01 -27"><span class='ocrx_word' id='word_1_133' title='bbox 561 1855 747 1909; x_wconf 73' lang='lat' dir='ltr'><strong>aeterni</strong></span> <span class='ocrx_word' id='word_1_134' title='bbox 782 1862 1097 1915; x_wconf 49' lang='lat' dir='ltr'><strong>testamenti.</strong></span> <span class='ocrx_word' id='word_1_135' title='bbox 1120 1862 1317 1917; x_wconf 88' lang='lat' dir='ltr'><strong>dicitur</strong></span> <span class='ocrx_word' id='word_1_136' title='bbox 1357 1864 1572 1934; x_wconf 74' lang='lat' dir='ltr'><strong>(Matth.</strong></span> <span class='ocrx_word' id='word_1_137' title='bbox 1612 1882 1756 1933; x_wconf 78' lang='lat' dir='ltr'><strong>xxvr,</strong></span> <span class='ocrx_word' id='word_1_138' title='bbox 1802 1866 1905 1932; x_wconf 78' lang='lat' dir='ltr'><strong>as;</strong></span> <span class='ocrx_word' id='word_1_139' title='bbox 1964 1867 2134 1923; x_wconf 81' lang='lat' dir='ltr'><strong>Marc.</strong></span> <span class='ocrx_word' id='word_1_140' title='bbox 2172 1846 2216 1905; x_wconf 82' lang='grc' dir='ltr'><strong>Β</strong></span> 
     </span>
    </p>
   </div>
   <div class='ocr_carea' id='block_1_20' title="bbox 561 1946 2135 2027">
    <p class='ocr_par' dir='ltr' id='par_1_20' title="bbox 561 1946 2135 2027">
     <span class='ocr_line' id='line_1_20' title="bbox 561 1946 2135 2027; baseline 0.01 -30"><span class='ocrx_word' id='word_1_141' title='bbox 561 1959 671 2010; x_wconf 79' lang='lat' dir='ltr'><strong>xw,</strong></span> <span class='ocrx_word' id='word_1_142' title='bbox 701 1946 802 2013; x_wconf 68' lang='lat'><strong>24;</strong></span> <span class='ocrx_word' id='word_1_143' title='bbox 840 1947 970 2004; x_wconf 88' lang='lat' dir='ltr'><strong>Luc.</strong></span> <span class='ocrx_word' id='word_1_144' title='bbox 1016 1967 1152 2021; x_wconf 82' lang='lat' dir='ltr'><strong>xxu,</strong></span> <span class='ocrx_word' id='word_1_145' title='bbox 1195 1953 1306 2025; x_wconf 78' lang='grc'><strong>20),</strong></span> <span class='ocrx_word' id='word_1_146' title='bbox 1342 1955 1433 2011; x_wconf 90' lang='lat' dir='ltr'><strong>ubi</strong></span> <span class='ocrx_word' id='word_1_147' title='bbox 1478 1957 1607 2027; x_wconf 91' lang='lat' dir='ltr'><strong>quid</strong></span> <span class='ocrx_word' id='word_1_148' title='bbox 1632 1958 1940 2026; x_wconf 88' lang='lat' dir='ltr'><strong>innovatur,</strong></span> <span class='ocrx_word' id='word_1_149' title='bbox 1980 1970 2135 2014; x_wconf 89' lang='lat' dir='ltr'><strong>vctu-</strong></span> 
     </span>
    </p>
   </div>
   <div class='ocr_carea' id='block_1_21' title="bbox 561 2039 2138 2119">
    <p class='ocr_par' dir='ltr' id='par_1_21' title="bbox 561 2039 2138 2119">
     <span class='ocr_line' id='line_1_21' title="bbox 561 2039 2138 2119; baseline 0.009 -29"><span class='ocrx_word' id='word_1_150' title='bbox 561 2045 675 2092; x_wconf 82' lang='lat' dir='ltr'><strong>stas</strong></span> <span class='ocrx_word' id='word_1_151' title='bbox 720 2039 1033 2110; x_wconf 84' lang='lat' dir='ltr'><strong>abrogatur.</strong></span> <span class='ocrx_word' id='word_1_152' title='bbox 1096 2044 1251 2109; x_wconf 83' lang='lat' dir='ltr'><strong>Quod</strong></span> <span class='ocrx_word' id='word_1_153' title='bbox 1306 2047 1449 2101; x_wconf 90' lang='lat' dir='ltr'><strong>enim</strong></span> <span class='ocrx_word' id='word_1_154' title='bbox 1489 2050 1795 2119; x_wconf 84' lang='lat' dir='ltr'><strong>antiquatur</strong></span> <span class='ocrx_word' id='word_1_155' title='bbox 1823 2059 1872 2104; x_wconf 84' lang='lat' dir='ltr'><strong>et</strong></span> <span class='ocrx_word' id='word_1_156' title='bbox 1920 2052 2138 2104; x_wconf 80' lang='lat' dir='ltr'><strong>senescit</strong></span> 
     </span>
    </p>
   </div>
   <div class='ocr_carea' id='block_1_22' title="bbox 560 2131 2140 2212">
    <p class='ocr_par' dir='ltr' id='par_1_22' title="bbox 560 2131 2140 2212">
     <span class='ocr_line' id='line_1_22' title="bbox 560 2131 2140 2212; baseline 0.011 -33"><span class='ocrx_word' id='word_1_157' title='bbox 560 2144 719 2197; x_wconf 84' lang='lat' dir='ltr'><strong>prope</strong></span> <span class='ocrx_word' id='word_1_158' title='bbox 738 2131 1008 2186; x_wconf 82' lang='lat' dir='ltr'><strong>interitum</strong></span> <span class='ocrx_word' id='word_1_159' title='bbox 1033 2145 1107 2188; x_wconf 79' lang='lat' dir='ltr'><strong>est</strong></span> <span class='ocrx_word' id='word_1_160' title='bbox 1133 2135 1318 2206; x_wconf 82' lang='lat' dir='ltr'><strong>(Hebr.</strong></span> <span class='ocrx_word' id='word_1_161' title='bbox 1358 2154 1477 2205; x_wconf 80' lang='lat' dir='ltr'><strong>vni,</strong></span> <span class='ocrx_word' id='word_1_162' title='bbox 1511 2140 1619 2212; x_wconf 80' lang='grc'><strong>15).</strong></span> <span class='ocrx_word' id='word_1_163' title='bbox 1656 2141 1909 2195; x_wconf 84' lang='lat' dir='ltr'><strong>Vetustas</strong></span> <span class='ocrx_word' id='word_1_164' title='bbox 1938 2141 1990 2194; x_wconf 91' lang='lat' dir='ltr'><strong>in</strong></span> <span class='ocrx_word' id='word_1_165' title='bbox 2016 2156 2140 2212; x_wconf 89' lang='lat' dir='ltr'><strong>pec—</strong></span> 
     </span>
    </p>
   </div>
   <div class='ocr_carea' id='block_1_23' title="bbox 560 2221 2140 2303">
    <p class='ocr_par' dir='ltr' id='par_1_23' title="bbox 560 2221 2140 2303">
     <span class='ocr_line' id='line_1_23' title="bbox 560 2221 2140 2303; baseline 0.008 -30"><span class='ocrx_word' id='word_1_166' title='bbox 560 2228 684 2275; x_wconf 83' lang='lat' dir='ltr'><strong>cato</strong></span> <span class='ocrx_word' id='word_1_167' title='bbox 729 2221 777 2278; x_wconf 88' lang='lat' dir='ltr'><strong>si</strong></span> <span class='ocrx_word' id='word_1_168' title='bbox 830 2231 934 2291; x_wconf 88' lang='lat' dir='ltr'><strong>est,</strong></span> <span class='ocrx_word' id='word_1_169' title='bbox 983 2234 1039 2280; x_wconf 83' lang='lat' dir='ltr'><strong>et</strong></span> <span class='ocrx_word' id='word_1_170' title='bbox 1066 2228 1277 2284; x_wconf 89' lang='lat' dir='ltr'><strong>novitas</strong></span> <span class='ocrx_word' id='word_1_171' title='bbox 1323 2230 1377 2284; x_wconf 90' lang='lat' dir='ltr'><strong>in</strong></span> <span class='ocrx_word' id='word_1_172' title='bbox 1406 2231 1608 2300; x_wconf 87' lang='lat' dir='ltr'><strong>gratia;</strong></span> <span class='ocrx_word' id='word_1_173' title='bbox 1644 2232 1819 2303; x_wconf 87' lang='lat' dir='ltr'><strong>gratia</strong></span> <span class='ocrx_word' id='word_1_174' title='bbox 1851 2232 1965 2302; x_wconf 91' lang='lat' dir='ltr'><strong>ipsa</strong></span> <span class='ocrx_word' id='word_1_175' title='bbox 1995 2231 2140 2285; x_wconf 91' lang='lat' dir='ltr'><strong>nulla</strong></span> 
     </span>
    </p>
   </div>
   <div class='ocr_carea' id='block_1_24' title="bbox 560 2316 2142 2394">
    <p class='ocr_par' dir='ltr' id='par_1_24' title="bbox 560 2316 2142 2394">
     <span class='ocr_line' id='line_1_24' title="bbox 560 2316 2142 2394; baseline 0.006 -27"><span class='ocrx_word' id='word_1_176' title='bbox 560 2323 676 2379; x_wconf 83' lang='lat' dir='ltr'><strong>est,</strong></span> <span class='ocrx_word' id='word_1_177' title='bbox 728 2316 832 2371; x_wconf 89' lang='lat' dir='ltr'><strong>nisi</strong></span> <span class='ocrx_word' id='word_1_178' title='bbox 880 2319 947 2372; x_wconf 87' lang='lat' dir='ltr'><strong>ad</strong></span> <span class='ocrx_word' id='word_1_179' title='bbox 996 2322 1353 2377; x_wconf 76' lang='lat' dir='ltr'><strong>aeternitatem</strong></span> <span class='ocrx_word' id='word_1_180' title='bbox 1406 2324 1596 2394; x_wconf 85' lang='lat' dir='ltr'><strong>possit.</strong></span> <span class='ocrx_word' id='word_1_181' title='bbox 1646 2323 1934 2379; x_wconf 62' lang='lat' dir='ltr'><strong>IEternum</strong></span> <span class='ocrx_word' id='word_1_182' title='bbox 1961 2332 2142 2379; x_wconf 90' lang='lat' dir='ltr'><strong>autem</strong></span> 
     </span>
    </p>
   </div>
   <div class='ocr_carea' id='block_1_25' title="bbox 559 2404 2142 2486">
    <p class='ocr_par' dir='ltr' id='par_1_25' title="bbox 559 2404 2142 2486">
     <span class='ocr_line' id='line_1_25' title="bbox 559 2404 2142 2486; baseline 0.008 -28"><span class='ocrx_word' id='word_1_183' title='bbox 559 2404 816 2474; x_wconf 82' lang='lat' dir='ltr'><strong>quiddam</strong></span> <span class='ocrx_word' id='word_1_184' title='bbox 851 2417 1098 2475; x_wconf 87' lang='lat' dir='ltr'><strong>testatur,</strong></span> <span class='ocrx_word' id='word_1_185' title='bbox 1117 2421 1173 2467; x_wconf 90' lang='lat' dir='ltr'><strong>et</strong></span> <span class='ocrx_word' id='word_1_186' title='bbox 1199 2414 1444 2482; x_wconf 85' lang='lat' dir='ltr'><strong>spondet.</strong></span> <span class='ocrx_word' id='word_1_187' title='bbox 1471 2414 1647 2485; x_wconf 87' lang='lat' dir='ltr'><strong>Magni</strong></span> <span class='ocrx_word' id='word_1_188' title='bbox 1677 2416 1840 2486; x_wconf 88' lang='lat' dir='ltr'><strong>igitur</strong></span> <span class='ocrx_word' id='word_1_189' title='bbox 1861 2416 2142 2485; x_wconf 86' lang='lat' dir='ltr'><strong>cujusdam</strong></span> 
     </span>
    </p>
   </div>
   <div class='ocr_carea' id='block_1_26' title="bbox 559 2494 2139 2572">
    <p class='ocr_par' dir='ltr' id='par_1_26' title="bbox 559 2494 2139 2572">
     <span class='ocr_line' id='line_1_26' title="bbox 559 2494 2139 2572; baseline 0.007 -21"><span class='ocrx_word' id='word_1_190' title='bbox 559 2494 691 2551; x_wconf 83' lang='lat' dir='ltr'><strong>boni</strong></span> <span class='ocrx_word' id='word_1_191' title='bbox 733 2496 1011 2567; x_wconf 73' lang='lat' dir='ltr'><strong>eﬁ&#39;ectiva,</strong></span> <span class='ocrx_word' id='word_1_192' title='bbox 1069 2510 1125 2556; x_wconf 91' lang='lat' dir='ltr'><strong>et</strong></span> <span class='ocrx_word' id='word_1_193' title='bbox 1166 2505 1523 2572; x_wconf 70' lang='lat' dir='ltr'><strong>non~inanis,</strong></span> <span class='ocrx_word' id='word_1_194' title='bbox 1575 2516 1670 2561; x_wconf 91' lang='lat' dir='ltr'><strong>aut</strong></span> <span class='ocrx_word' id='word_1_195' title='bbox 1700 2508 1999 2563; x_wconf 87' lang='lat' dir='ltr'><strong>umbratica</strong></span> <span class='ocrx_word' id='word_1_196' title='bbox 2035 2517 2139 2563; x_wconf 91' lang='lat' dir='ltr'><strong>est.</strong></span> 
     </span>
    </p>
   </div>
   <div class='ocr_carea' id='block_1_27' title="bbox 564 2585 2140 2667">
    <p class='ocr_par' dir='ltr' id='par_1_27' title="bbox 564 2585 2140 2667">
     <span class='ocr_line' id='line_1_27' title="bbox 564 2585 2140 2667; baseline 0.008 -27"><span class='ocrx_word' id='word_1_197' title='bbox 564 2585 721 2642; x_wconf 85' lang='lat' dir='ltr'><strong>Unde</strong></span> <span class='ocrx_word' id='word_1_198' title='bbox 746 2597 802 2643; x_wconf 86' lang='lat' dir='ltr'><strong>et</strong></span> <span class='ocrx_word' id='word_1_199' title='bbox 827 2589 883 2644; x_wconf 91' lang='lat' dir='ltr'><strong>in</strong></span> <span class='ocrx_word' id='word_1_200' title='bbox 906 2594 1279 2650; x_wconf 86' lang='lat' dir='ltr'><strong>consecrativo</strong></span> <span class='ocrx_word' id='word_1_201' title='bbox 1316 2609 1523 2651; x_wconf 89' lang='lat' dir='ltr'><strong>canone</strong></span> <span class='ocrx_word' id='word_1_202' title='bbox 1561 2598 1699 2652; x_wconf 82' lang='lat' dir='ltr'><strong>calix</strong></span> <span class='ocrx_word' id='word_1_203' title='bbox 1725 2597 1896 2652; x_wconf 90' lang='lat' dir='ltr'><strong>isdem</strong></span> <span class='ocrx_word' id='word_1_204' title='bbox 1947 2606 2140 2667; x_wconf 84' lang='lat' dir='ltr'><strong>myste-</strong></span> 
     </span>
    </p>
   </div>
   <div class='ocr_carea' id='block_1_28' title="bbox 563 2680 2144 2758">
    <p class='ocr_par' dir='ltr' id='par_1_28' title="bbox 563 2680 2144 2758">
     <span class='ocr_line' id='line_1_28' title="bbox 563 2680 2144 2758; baseline 0.009 -26"><span class='ocrx_word' id='word_1_205' title='bbox 563 2680 705 2733; x_wconf 80' lang='lat' dir='ltr'><strong>rium</strong></span> <span class='ocrx_word' id='word_1_206' title='bbox 734 2681 860 2750; x_wconf 81' lang='lat' dir='ltr'><strong>ﬁdei</strong></span> <span class='ocrx_word' id='word_1_207' title='bbox 883 2684 1221 2754; x_wconf 85' lang='lat' dir='ltr'><strong>appellatur;</strong></span> <span class='ocrx_word' id='word_1_208' title='bbox 1279 2689 1600 2758; x_wconf 84' lang='lat' dir='ltr'><strong>mysterium</strong></span> <span class='ocrx_word' id='word_1_209' title='bbox 1642 2690 1787 2744; x_wconf 89' lang='lat' dir='ltr'><strong>enim</strong></span> <span class='ocrx_word' id='word_1_210' title='bbox 1826 2705 1933 2745; x_wconf 92' lang='lat' dir='ltr'><strong>non</strong></span> <span class='ocrx_word' id='word_1_211' title='bbox 1984 2695 2144 2746; x_wconf 91' lang='lat' dir='ltr'><strong>modo</strong></span> 
     </span>
    </p>
   </div>
   <div class='ocr_carea' id='block_1_29' title="bbox 565 2772 2141 2851">
    <p class='ocr_par' dir='ltr' id='par_1_29' title="bbox 565 2772 2141 2851">
     <span class='ocr_line' id='line_1_29' title="bbox 565 2772 2141 2851; baseline 0.007 -26"><span class='ocrx_word' id='word_1_212' title='bbox 565 2772 621 2825; x_wconf 87' lang='lat' dir='ltr'><strong>in</strong></span> <span class='ocrx_word' id='word_1_213' title='bbox 659 2772 820 2840; x_wconf 89' lang='lat' dir='ltr'><strong>bono,</strong></span> <span class='ocrx_word' id='word_1_214' title='bbox 868 2788 1057 2830; x_wconf 89' lang='lat' dir='ltr'><strong>verum</strong></span> <span class='ocrx_word' id='word_1_215' title='bbox 1097 2785 1151 2832; x_wconf 92' lang='lat' dir='ltr'><strong>et</strong></span> <span class='ocrx_word' id='word_1_216' title='bbox 1178 2778 1233 2833; x_wconf 91' lang='lat' dir='ltr'><strong>in</strong></span> <span class='ocrx_word' id='word_1_217' title='bbox 1262 2779 1423 2846; x_wconf 90' lang='lat' dir='ltr'><strong>malo,</strong></span> <span class='ocrx_word' id='word_1_218' title='bbox 1465 2788 1520 2835; x_wconf 88' lang='lat' dir='ltr'><strong>et</strong></span> <span class='ocrx_word' id='word_1_219' title='bbox 1567 2779 1623 2835; x_wconf 91' lang='lat' dir='ltr'><strong>in</strong></span> <span class='ocrx_word' id='word_1_220' title='bbox 1666 2780 1822 2851; x_wconf 85' lang='lat' dir='ltr'><strong>nugis</strong></span> <span class='ocrx_word' id='word_1_221' title='bbox 1860 2780 2141 2851; x_wconf 88' lang='lat' dir='ltr'><strong>accipitur.</strong></span> 
     </span>
    </p>
   </div>
   <div class='ocr_carea' id='block_1_30' title="bbox 565 2862 2147 2945">
    <p class='ocr_par' dir='ltr' id='par_1_30' title="bbox 565 2862 2147 2945">
     <span class='ocr_line' id='line_1_30' title="bbox 565 2862 2147 2945; baseline 0.008 -28"><span class='ocrx_word' id='word_1_222' title='bbox 565 2862 705 2918; x_wconf 86' lang='lat' dir='ltr'><strong>Nam</strong></span> <span class='ocrx_word' id='word_1_223' title='bbox 734 2874 789 2920; x_wconf 87' lang='lat' dir='ltr'><strong>et</strong></span> <span class='ocrx_word' id='word_1_224' title='bbox 813 2868 1125 2937; x_wconf 89' lang='lat' dir='ltr'><strong>mysterium</strong></span> <span class='ocrx_word' id='word_1_225' title='bbox 1151 2869 1454 2939; x_wconf 87' lang='lat' dir='ltr'><strong>iniquitatis</strong></span> <span class='ocrx_word' id='word_1_226' title='bbox 1485 2871 1716 2939; x_wconf 89' lang='lat' dir='ltr'><strong>dicitur;</strong></span> <span class='ocrx_word' id='word_1_227' title='bbox 1744 2882 1798 2927; x_wconf 90' lang='lat' dir='ltr'><strong>et</strong></span> <span class='ocrx_word' id='word_1_228' title='bbox 1817 2874 1957 2927; x_wconf 88' lang='lat' dir='ltr'><strong>inter</strong></span> <span class='ocrx_word' id='word_1_229' title='bbox 1983 2888 2147 2945; x_wconf 86' lang='lat' dir='ltr'><strong>agen-</strong></span> 
     </span>
    </p>
   </div>
   <div class='ocr_carea' id='block_1_31' title="bbox 568 2953 2147 3031">
    <p class='ocr_par' dir='ltr' id='par_1_31' title="bbox 568 2953 2147 3031">
     <span class='ocr_line' id='line_1_31' title="bbox 568 2953 2147 3031; baseline 0.008 -24"><span class='ocrx_word' id='word_1_230' title='bbox 568 2953 697 3008; x_wconf 91' lang='lat' dir='ltr'><strong>dum</strong></span> <span class='ocrx_word' id='word_1_231' title='bbox 722 2956 1068 3026; x_wconf 83' lang='lat' dir='ltr'><strong>comoediam,</strong></span> <span class='ocrx_word' id='word_1_232' title='bbox 1102 2959 1149 3013; x_wconf 91' lang='lat' dir='ltr'><strong>si</strong></span> <span class='ocrx_word' id='word_1_233' title='bbox 1174 2959 1376 3028; x_wconf 87' lang='lat' dir='ltr'><strong>videas,</strong></span> <span class='ocrx_word' id='word_1_234' title='bbox 1411 2961 1538 3031; x_wconf 91' lang='lat' dir='ltr'><strong>quid</strong></span> <span class='ocrx_word' id='word_1_235' title='bbox 1578 2962 1845 3031; x_wconf 86' lang='lat' dir='ltr'><strong>signiﬁcet</strong></span> <span class='ocrx_word' id='word_1_236' title='bbox 1878 2972 2030 3019; x_wconf 90' lang='lat' dir='ltr'><strong>actus</strong></span> <span class='ocrx_word' id='word_1_237' title='bbox 2057 2964 2147 3019; x_wconf 91' lang='lat' dir='ltr'><strong>ille</strong></span> 
     </span>
    </p>
   </div>
   <div class='ocr_carea' id='block_1_32' title="bbox 568 3043 2147 3122">
    <p class='ocr_par' dir='ltr' id='par_1_32' title="bbox 568 3043 2147 3122">
     <span class='ocr_line' id='line_1_32' title="bbox 568 3043 2147 3122; baseline 0.004 -23"><span class='ocrx_word' id='word_1_238' title='bbox 568 3043 893 3115; x_wconf 80' lang='lat' dir='ltr'><strong>interrogas.</strong></span> <span class='ocrx_word' id='word_1_239' title='bbox 925 3046 1022 3101; x_wconf 84' lang='lat' dir='ltr'><strong>Est</strong></span> <span class='ocrx_word' id='word_1_240' title='bbox 1044 3063 1173 3118; x_wconf 82' lang='lat' dir='ltr'><strong>ergo</strong></span> <span class='ocrx_word' id='word_1_241' title='bbox 1208 3059 1500 3121; x_wconf 88' lang='lat' dir='ltr'><strong>utrumque</strong></span> <span class='ocrx_word' id='word_1_242' title='bbox 1527 3052 1868 3122; x_wconf 82' lang='lat' dir='ltr'><strong>mysterium,</strong></span> <span class='ocrx_word' id='word_1_243' title='bbox 1896 3054 1991 3108; x_wconf 88' lang='lat' dir='ltr'><strong>sed</strong></span> <span class='ocrx_word' id='word_1_244' title='bbox 2030 3055 2147 3107; x_wconf 90' lang='lat' dir='ltr'><strong>nul-</strong></span> 
     </span>
    </p>
   </div>
   <div class='ocr_carea' id='block_1_33' title="bbox 569 3134 2216 3235">
    <p class='ocr_par' dir='ltr' id='par_1_33' title="bbox 569 3134 2216 3235">
     <span class='ocr_line' id='line_1_33' title="bbox 569 3134 2216 3235; baseline 0.007 -47"><span class='ocrx_word' id='word_1_245' title='bbox 569 3134 682 3235; x_wconf 67' lang='lat' dir='ltr'><strong>lam</strong></span> <span class='ocrx_word' id='word_1_246' title='bbox 707 3136 929 3235; x_wconf 76' lang='lat' dir='ltr'><strong>utilitati</strong></span> <span class='ocrx_word' id='word_1_247' title='bbox 954 3141 1306 3209; x_wconf 84' lang='lat' dir='ltr'><strong>quaerentium</strong></span> <span class='ocrx_word' id='word_1_248' title='bbox 1338 3142 1559 3212; x_wconf 78' lang='lat' dir='ltr'><strong>exigens</strong></span> <span class='ocrx_word' id='word_1_249' title='bbox 1586 3143 1767 3208; x_wconf 89' lang='lat' dir='ltr'><strong>ﬁdem,</strong></span> <span class='ocrx_word' id='word_1_250' title='bbox 1805 3150 1933 3213; x_wconf 76' lang='lat' dir='ltr'><strong>quid</strong></span> <span class='ocrx_word' id='word_1_251' title='bbox 1962 3144 2147 3213; x_wconf 84' lang='lat' dir='ltr'><strong>itaque</strong></span> <span class='ocrx_word' id='word_1_252' title='bbox 2174 3178 2216 3235; x_wconf 63' lang='grc' dir='ltr'>ο</span> 
     </span>
    </p>
   </div>
   <div class='ocr_carea' id='block_1_34' title="bbox 569 3227 2146 3303">
    <p class='ocr_par' dir='ltr' id='par_1_34' title="bbox 569 3227 2146 3303">
     <span class='ocr_line' id='line_1_34' title="bbox 569 3227 2146 3303; baseline 0.004 -22"><span class='ocrx_word' id='word_1_253' title='bbox 569 3227 676 3283; x_wconf 88' lang='lat' dir='ltr'><strong>sibi</strong></span> <span class='ocrx_word' id='word_1_254' title='bbox 704 3228 820 3284; x_wconf 86' lang='lat' dir='ltr'><strong>vult</strong></span> <span class='ocrx_word' id='word_1_255' title='bbox 844 3228 1191 3299; x_wconf 87' lang='lat' dir='ltr'><strong>adjectivum,</strong></span> <span class='ocrx_word' id='word_1_256' title='bbox 1223 3233 1349 3301; x_wconf 82' lang='lat' dir='ltr'><strong>ﬁdei</strong></span> <span class='ocrx_word' id='word_1_257' title='bbox 1362 3234 1387 3286; x_wconf 70' lang='lat'><strong>.9</strong></span> <span class='ocrx_word' id='word_1_258' title='bbox 1412 3234 1508 3289; x_wconf 90' lang='lat' dir='ltr'><strong>Est</strong></span> <span class='ocrx_word' id='word_1_259' title='bbox 1542 3234 1700 3303; x_wconf 89' lang='lat' dir='ltr'><strong>plane</strong></span> <span class='ocrx_word' id='word_1_260' title='bbox 1724 3250 1787 3290; x_wconf 89' lang='lat' dir='ltr'><strong>ac</strong></span> <span class='ocrx_word' id='word_1_261' title='bbox 1830 3235 1873 3290; x_wconf 89' lang='lat' dir='ltr'><strong>si</strong></span> <span class='ocrx_word' id='word_1_262' title='bbox 1905 3235 2146 3291; x_wconf 87' lang='lat' dir='ltr'><strong>diceret:</strong></span> 
     </span>
    </p>
   </div>
   <div class='ocr_carea' id='block_1_35' title="bbox 568 3322 2159 3395">
    <p class='ocr_par' dir='ltr' id='par_1_35' title="bbox 568 3322 2159 3395">
     <span class='ocr_line' id='line_1_35' title="bbox 568 3322 2159 3395; baseline 0.005 -21"><span class='ocrx_word' id='word_1_263' title='bbox 568 3328 845 3376; x_wconf 78' lang='lat' dir='ltr'><strong>Arcanum</strong></span> <span class='ocrx_word' id='word_1_264' title='bbox 890 3323 1055 3379; x_wconf 85' lang='lat' dir='ltr'><strong>totius</strong></span> <span class='ocrx_word' id='word_1_265' title='bbox 1099 3322 1244 3389; x_wconf 81' lang='lat' dir='ltr'><strong>ﬁdei,</strong></span> <span class='ocrx_word' id='word_1_266' title='bbox 1278 3325 1333 3379; x_wconf 93' lang='lat' dir='ltr'><strong>in</strong></span> <span class='ocrx_word' id='word_1_267' title='bbox 1368 3340 1476 3395; x_wconf 92' lang='lat' dir='ltr'><strong>quo</strong></span> <span class='ocrx_word' id='word_1_268' title='bbox 1510 3326 1717 3381; x_wconf 88' lang='lat' dir='ltr'><strong>scilicet</strong></span> <span class='ocrx_word' id='word_1_269' title='bbox 1760 3328 2159 3382; x_wconf 17' lang='lat' dir='ltr'><strong>universae‘noi</strong></span> 
     </span>
    </p>
   </div>
   <div class='ocr_carea' id='block_1_36' title="bbox 572 3398 2149 3489">
    <p class='ocr_par' dir='ltr' id='par_1_36' title="bbox 572 3398 2149 3489">
     <span class='ocr_line' id='line_1_36' title="bbox 572 3398 2149 3489; baseline 0.005 -23"><span class='ocrx_word' id='word_1_270' title='bbox 572 3421 703 3467; x_wconf 66' lang='lat' dir='ltr'><strong>atra:</strong></span> <span class='ocrx_word' id='word_1_271' title='bbox 727 3413 1064 3470; x_wconf 90' lang='lat' dir='ltr'><strong>credulitatis</strong></span> <span class='ocrx_word' id='word_1_272' title='bbox 1088 3399 1342 3483; x_wconf 74' lang='lat' dir='ltr'><strong>maiestas</strong></span> <span class='ocrx_word' id='word_1_273' title='bbox 1379 3417 1539 3484; x_wconf 82' lang='lat' dir='ltr'><strong>latet;</strong></span> <span class='ocrx_word' id='word_1_274' title='bbox 1595 3418 1738 3473; x_wconf 91' lang='lat' dir='ltr'><strong>unde</strong></span> <span class='ocrx_word' id='word_1_275' title='bbox 1787 3398 2149 3489; x_wconf 87' lang='lat' dir='ltr'><strong>utsequentia</strong></span> 
     </span>
    </p>
   </div>
   <div class='ocr_carea' id='block_1_37' title="bbox 572 3502 2153 3581">
    <p class='ocr_par' dir='ltr' id='par_1_37' title="bbox 572 3502 2153 3581">
     <span class='ocr_line' id='line_1_37' title="bbox 572 3502 2153 3581; baseline 0.005 -25"><span class='ocrx_word' id='word_1_276' title='bbox 572 3502 796 3571; x_wconf 88' lang='lat' dir='ltr'><strong>dicunt;</strong></span> <span class='ocrx_word' id='word_1_277' title='bbox 842 3505 957 3575; x_wconf 90' lang='lat' dir='ltr'><strong>ipse</strong></span> <span class='ocrx_word' id='word_1_278' title='bbox 986 3507 1126 3562; x_wconf 80' lang='lat' dir='ltr'><strong>calix</strong></span> <span class='ocrx_word' id='word_1_279' title='bbox 1156 3509 1434 3580; x_wconf 85' lang='lat' dir='ltr'><strong>sanguinis</strong></span> <span class='ocrx_word' id='word_1_280' title='bbox 1480 3509 1713 3565; x_wconf 81' lang='lat' dir='ltr'><strong>fructum</strong></span> <span class='ocrx_word' id='word_1_281' title='bbox 1761 3511 1818 3565; x_wconf 88' lang='lat' dir='ltr'><strong>in</strong></span> <span class='ocrx_word' id='word_1_282' title='bbox 1869 3525 1927 3565; x_wconf 92' lang='lat' dir='ltr'><strong>se</strong></span> <span class='ocrx_word' id='word_1_283' title='bbox 1974 3518 2153 3581; x_wconf 85' lang='lat' dir='ltr'><strong>portat</strong></span> 
     </span>
    </p>
   </div>
   <div class='ocr_carea' id='block_1_38' title="bbox 573 3596 2116 3671">
    <p class='ocr_par' dir='ltr' id='par_1_38' title="bbox 573 3596 2116 3671">
     <span class='ocr_line' id='line_1_38' title="bbox 573 3596 2116 3671; baseline 0.002 -20"><span class='ocrx_word' id='word_1_284' title='bbox 573 3596 793 3658; x_wconf 85' lang='lat' dir='ltr'><strong>nonnisi</strong></span> <span class='ocrx_word' id='word_1_285' title='bbox 821 3596 1083 3666; x_wconf 83' lang='lat' dir='ltr'><strong>divinum,</strong></span> <span class='ocrx_word' id='word_1_286' title='bbox 1113 3600 1449 3656; x_wconf 88' lang='lat' dir='ltr'><strong>remissionis</strong></span> <span class='ocrx_word' id='word_1_287' title='bbox 1475 3602 1723 3657; x_wconf 88' lang='lat' dir='ltr'><strong>videlicet</strong></span> <span class='ocrx_word' id='word_1_288' title='bbox 1753 3613 2116 3671; x_wconf 89' lang='lat' dir='ltr'><strong>peccatorum.</strong></span> 
     </span>
    </p>
   </div>
   <div class='ocr_carea' id='block_1_39' title="bbox 648 3687 2157 3763">
    <p class='ocr_par' dir='ltr' id='par_1_39' title="bbox 648 3687 2157 3763">
     <span class='ocr_line' id='line_1_39' title="bbox 648 3687 2157 3763; baseline 0.003 -21"><span class='ocrx_word' id='word_1_289' title='bbox 648 3687 845 3745; x_wconf 86' lang='lat' dir='ltr'><strong>Dicant</strong></span> <span class='ocrx_word' id='word_1_290' title='bbox 874 3705 1003 3763; x_wconf 84' lang='lat' dir='ltr'><strong>ergo</strong></span> <span class='ocrx_word' id='word_1_291' title='bbox 1036 3706 1283 3761; x_wconf 87' lang='lat' dir='ltr'><strong>quaenam</strong></span> <span class='ocrx_word' id='word_1_292' title='bbox 1314 3693 1504 3747; x_wconf 91' lang='lat' dir='ltr'><strong>umbra</strong></span> <span class='ocrx_word' id='word_1_293' title='bbox 1527 3701 1632 3755; x_wconf 91' lang='lat' dir='ltr'><strong>est,</strong></span> <span class='ocrx_word' id='word_1_294' title='bbox 1661 3707 1780 3760; x_wconf 88' lang='lat' dir='ltr'><strong>quae</strong></span> <span class='ocrx_word' id='word_1_295' title='bbox 1809 3700 2013 3749; x_wconf 84' lang='lat' dir='ltr'><strong>tantam</strong></span> <span class='ocrx_word' id='word_1_296' title='bbox 2037 3708 2157 3761; x_wconf 86' lang='lat' dir='ltr'><strong>par-</strong></span> 
     </span>
    </p>
   </div>
   <div class='ocr_carea' id='block_1_40' title="bbox 578 3779 2159 3854">
    <p class='ocr_par' dir='ltr' id='par_1_40' title="bbox 578 3779 2159 3854">
     <span class='ocr_line' id='line_1_40' title="bbox 578 3779 2159 3854; baseline 0.001 -20"><span class='ocrx_word' id='word_1_297' title='bbox 578 3779 716 3835; x_wconf 79' lang='lat' dir='ltr'><strong>turit</strong></span> <span class='ocrx_word' id='word_1_298' title='bbox 743 3781 1055 3837; x_wconf 79' lang='lat' dir='ltr'><strong>veritatem.</strong></span> <span class='ocrx_word' id='word_1_299' title='bbox 1088 3783 1253 3839; x_wconf 86' lang='lat' dir='ltr'><strong>Miror</strong></span> <span class='ocrx_word' id='word_1_300' title='bbox 1298 3799 1514 3854; x_wconf 79' lang='lat' dir='ltr'><strong>quoque</strong></span> <span class='ocrx_word' id='word_1_301' title='bbox 1554 3782 1751 3851; x_wconf 81' lang='lat' dir='ltr'><strong>quibus</strong></span> <span class='ocrx_word' id='word_1_302' title='bbox 1803 3782 2020 3836; x_wconf 89' lang='lat' dir='ltr'><strong>auribus</strong></span> <span class='ocrx_word' id='word_1_303' title='bbox 2065 3799 2159 3835; x_wconf 85' lang='lat' dir='ltr'><strong>att-</strong></span> 
     </span>
    </p>
   </div>
   <div class='ocr_carea' id='block_1_41' title="bbox 579 3871 2133 3944">
    <p class='ocr_par' dir='ltr' id='par_1_41' title="bbox 579 3871 2133 3944">
     <span class='ocr_line' id='line_1_41' title="bbox 579 3871 2133 3944; baseline 0 -19"><span class='ocrx_word' id='word_1_304' title='bbox 579 3872 733 3927; x_wconf 91' lang='lat' dir='ltr'><strong>diant</strong></span> <span class='ocrx_word' id='word_1_305' title='bbox 766 3872 935 3944; x_wconf 89' lang='lat' dir='ltr'><strong>ipsius</strong></span> <span class='ocrx_word' id='word_1_306' title='bbox 966 3875 1128 3929; x_wconf 89' lang='lat' dir='ltr'><strong>verba</strong></span> <span class='ocrx_word' id='word_1_307' title='bbox 1156 3875 1424 3935; x_wconf 84' lang='lat' dir='ltr'><strong>veritatis,</strong></span> <span class='ocrx_word' id='word_1_308' title='bbox 1454 3871 1591 3926; x_wconf 85' lang='lat' dir='ltr'><strong>Caro</strong></span> <span class='ocrx_word' id='word_1_309' title='bbox 1617 3887 1732 3925; x_wconf 88' lang='lat' dir='ltr'><strong>mea</strong></span> <span class='ocrx_word' id='word_1_310' title='bbox 1758 3887 1871 3926; x_wconf 84' lang='lat' dir='ltr'><strong>vere</strong></span> <span class='ocrx_word' id='word_1_311' title='bbox 1901 3883 1972 3926; x_wconf 80' lang='lat' dir='ltr'><strong>est</strong></span> <span class='ocrx_word' id='word_1_312' title='bbox 1990 3872 2133 3925; x_wconf 78' lang='lat' dir='ltr'><strong>cibus</strong></span> 
     </span>
    </p>
   </div>
   <div class='ocr_carea' id='block_1_42' title="bbox 578 3963 2159 4035">
    <p class='ocr_par' dir='ltr' id='par_1_42' title="bbox 578 3963 2159 4035">
     <span class='ocr_line' id='line_1_42' title="bbox 578 3963 2159 4035; baseline 0.001 -18"><span class='ocrx_word' id='word_1_313' title='bbox 578 3965 793 4034; x_wconf 74' lang='lat' dir='ltr'><strong>sanguis</strong></span> <span class='ocrx_word' id='word_1_314' title='bbox 814 3981 958 4019; x_wconf 80' lang='lat' dir='ltr'><strong>meus</strong></span> <span class='ocrx_word' id='word_1_315' title='bbox 984 3982 1100 4020; x_wconf 85' lang='lat' dir='ltr'><strong>vere</strong></span> <span class='ocrx_word' id='word_1_316' title='bbox 1126 3974 1201 4020; x_wconf 75' lang='lat' dir='ltr'><strong>est</strong></span> <span class='ocrx_word' id='word_1_317' title='bbox 1226 3976 1378 4035; x_wconf 78' lang='lat' dir='ltr'><strong>potus</strong></span> <span class='ocrx_word' id='word_1_318' title='bbox 1409 3966 1589 4035; x_wconf 80' lang='lat' dir='ltr'><strong>(Joan.</strong></span> <span class='ocrx_word' id='word_1_319' title='bbox 1623 3980 1697 4030; x_wconf 77' lang='lat' dir='ltr'><strong>vi,</strong></span> <span class='ocrx_word' id='word_1_320' title='bbox 1745 3963 1859 4032; x_wconf 85' lang='lat'><strong>56),</strong></span> <span class='ocrx_word' id='word_1_321' title='bbox 1890 3964 1979 4018; x_wconf 89' lang='lat' dir='ltr'><strong>ubi</strong></span> <span class='ocrx_word' id='word_1_322' title='bbox 2034 3980 2159 4019; x_wconf 86' lang='lat' dir='ltr'><strong>vere</strong></span> 
     </span>
    </p>
   </div>
   <div class='ocr_carea' id='block_1_43' title="bbox 580 4055 2160 4126">
    <p class='ocr_par' dir='ltr' id='par_1_43' title="bbox 580 4055 2160 4126">
     <span class='ocr_line' id='line_1_43' title="bbox 580 4055 2160 4126; baseline 0.001 -17"><span class='ocrx_word' id='word_1_323' title='bbox 580 4056 856 4126; x_wconf 84' lang='lat' dir='ltr'><strong>quidpiam</strong></span> <span class='ocrx_word' id='word_1_324' title='bbox 887 4065 1002 4123; x_wconf 90' lang='lat' dir='ltr'><strong>est;</strong></span> <span class='ocrx_word' id='word_1_325' title='bbox 1037 4057 1150 4111; x_wconf 90' lang='lat' dir='ltr'><strong>sola</strong></span> <span class='ocrx_word' id='word_1_326' title='bbox 1182 4058 1391 4126; x_wconf 90' lang='lat' dir='ltr'><strong>species</strong></span> <span class='ocrx_word' id='word_1_327' title='bbox 1422 4064 1513 4108; x_wconf 91' lang='lat' dir='ltr'><strong>aut</strong></span> <span class='ocrx_word' id='word_1_328' title='bbox 1540 4055 1652 4109; x_wconf 92' lang='lat' dir='ltr'><strong>sola</strong></span> <span class='ocrx_word' id='word_1_329' title='bbox 1680 4056 1865 4109; x_wconf 90' lang='lat' dir='ltr'><strong>umbra</strong></span> <span class='ocrx_word' id='word_1_330' title='bbox 1893 4057 2160 4124; x_wconf 89' lang='lat' dir='ltr'><strong>quomodo</strong></span> 
     </span>
    </p>
   </div>
   <div class='ocr_carea' id='block_1_44' title="bbox 580 4146 2159 4217">
    <p class='ocr_par' dir='ltr' id='par_1_44' title="bbox 580 4146 2159 4217">
     <span class='ocr_line' id='line_1_44' title="bbox 580 4146 2159 4217; baseline 0.001 -18"><span class='ocrx_word' id='word_1_331' title='bbox 580 4146 699 4201; x_wconf 78' lang='lat' dir='ltr'><strong>est?</strong></span> <span class='ocrx_word' id='word_1_332' title='bbox 737 4147 805 4201; x_wconf 87' lang='lat' dir='ltr'><strong>Et</strong></span> <span class='ocrx_word' id='word_1_333' title='bbox 851 4156 999 4202; x_wconf 89' lang='lat' dir='ltr'><strong>certe</strong></span> <span class='ocrx_word' id='word_1_334' title='bbox 1049 4147 1094 4201; x_wconf 91' lang='lat' dir='ltr'><strong>si</strong></span> <span class='ocrx_word' id='word_1_335' title='bbox 1127 4156 1247 4217; x_wconf 90' lang='lat' dir='ltr'><strong>post</strong></span> <span class='ocrx_word' id='word_1_336' title='bbox 1275 4147 1574 4209; x_wconf 86' lang='lat' dir='ltr'><strong>orationem</strong></span> <span class='ocrx_word' id='word_1_337' title='bbox 1607 4146 1903 4201; x_wconf 82' lang='lat' dir='ltr'><strong>sacerdotis</strong></span> <span class='ocrx_word' id='word_1_338' title='bbox 1953 4148 2159 4216; x_wconf 89' lang='lat' dir='ltr'><strong>species</strong></span> 
     </span>
    </p>
   </div>
   <div class='ocr_carea' id='block_1_45' title="bbox 580 4237 2159 4305">
    <p class='ocr_par' dir='ltr' id='par_1_45' title="bbox 580 4237 2159 4305">
     <span class='ocr_line' id='line_1_45' title="bbox 580 4237 2159 4305; baseline 0 -15"><span class='ocrx_word' id='word_1_339' title='bbox 580 4237 740 4305; x_wconf 89' lang='lat' dir='ltr'><strong>panis</strong></span> <span class='ocrx_word' id='word_1_340' title='bbox 767 4237 1139 4291; x_wconf 89' lang='lat' dir='ltr'><strong>demutaretur</strong></span> <span class='ocrx_word' id='word_1_341' title='bbox 1188 4238 1242 4300; x_wconf 80' lang='lat' dir='ltr'><strong>in</strong></span> <span class='ocrx_word' id='word_1_342' title='bbox 1291 4252 1532 4302; x_wconf 89' lang='lat' dir='ltr'><strong>carnem,</strong></span> <span class='ocrx_word' id='word_1_343' title='bbox 1566 4237 1840 4304; x_wconf 86' lang='lat' dir='ltr'><strong>contentio</strong></span> <span class='ocrx_word' id='word_1_344' title='bbox 1868 4238 2159 4305; x_wconf 88' lang='lat' dir='ltr'><strong>sopiretur.</strong></span> 
     </span>
    </p>
   </div>
   <div class='ocr_carea' id='block_1_46' title="bbox 579 4327 2158 4400">
    <p class='ocr_par' dir='ltr' id='par_1_46' title="bbox 579 4327 2158 4400">
     <span class='ocr_line' id='line_1_46' title="bbox 579 4327 2158 4400; baseline -0.002 -17"><span class='ocrx_word' id='word_1_345' title='bbox 579 4328 708 4384; x_wconf 86' lang='lat' dir='ltr'><strong>Ideo</strong></span> <span class='ocrx_word' id='word_1_346' title='bbox 753 4329 923 4400; x_wconf 82' lang='lat' dir='ltr'><strong>igitur</strong></span> <span class='ocrx_word' id='word_1_347' title='bbox 980 4327 1282 4395; x_wconf 81' lang='lat' dir='ltr'><strong>objectores</strong></span> <span class='ocrx_word' id='word_1_348' title='bbox 1333 4329 1474 4383; x_wconf 90' lang='lat' dir='ltr'><strong>circa</strong></span> <span class='ocrx_word' id='word_1_349' title='bbox 1531 4328 1762 4397; x_wconf 89' lang='lat' dir='ltr'><strong>speciem</strong></span> <span class='ocrx_word' id='word_1_350' title='bbox 1814 4335 2158 4382; x_wconf 79' lang='lat' dir='ltr'><strong>exercentur.</strong></span> 
     </span>
    </p>
   </div>
   <div class='ocr_carea' id='block_1_47' title="bbox 584 4417 2159 4488">
    <p class='ocr_par' dir='ltr' id='par_1_47' title="bbox 584 4417 2159 4488">
     <span class='ocr_line' id='line_1_47' title="bbox 584 4417 2159 4488; baseline -0.001 -16"><span class='ocrx_word' id='word_1_351' title='bbox 584 4418 739 4487; x_wconf 85' lang='lat' dir='ltr'><strong>Quod</strong></span> <span class='ocrx_word' id='word_1_352' title='bbox 761 4419 809 4472; x_wconf 90' lang='lat' dir='ltr'><strong>si</strong></span> <span class='ocrx_word' id='word_1_353' title='bbox 832 4417 1038 4488; x_wconf 88' lang='lat' dir='ltr'><strong>species</strong></span> <span class='ocrx_word' id='word_1_354' title='bbox 1060 4427 1163 4483; x_wconf 90' lang='lat' dir='ltr'><strong>est,</strong></span> <span class='ocrx_word' id='word_1_355' title='bbox 1194 4426 1247 4472; x_wconf 90' lang='lat' dir='ltr'><strong>et</strong></span> <span class='ocrx_word' id='word_1_356' title='bbox 1270 4417 1344 4472; x_wconf 90' lang='lat' dir='ltr'><strong>nil</strong></span> <span class='ocrx_word' id='word_1_357' title='bbox 1376 4417 1780 4487; x_wconf 88' lang='lat' dir='ltr'><strong>habetamplius</strong></span> <span class='ocrx_word' id='word_1_358' title='bbox 1801 4433 1963 4486; x_wconf 87' lang='lat' dir='ltr'><strong>quam</strong></span> <span class='ocrx_word' id='word_1_359' title='bbox 1986 4425 2159 4487; x_wconf 89' lang='lat' dir='ltr'><strong>petra,</strong></span> 
     </span>
    </p>
   </div>
   <div class='ocr_carea' id='block_1_48' title="bbox 2240 590 3774 663">
    <p class='ocr_par' dir='ltr' id='par_1_48' title="bbox 2240 590 3774 663">
     <span class='ocr_line' id='line_1_48' title="bbox 2240 590 3774 663; baseline -0.001 -13"><span class='ocrx_word' id='word_1_360' title='bbox 2240 604 2321 650; x_wconf 89' lang='lat' dir='ltr'><strong>set</strong></span> <span class='ocrx_word' id='word_1_361' title='bbox 2347 594 2572 663; x_wconf 90' lang='lat' dir='ltr'><strong>species,</strong></span> <span class='ocrx_word' id='word_1_362' title='bbox 2599 594 2723 648; x_wconf 73' lang='lat' dir='ltr'><strong>vita:</strong></span> <span class='ocrx_word' id='word_1_363' title='bbox 2754 608 2817 647; x_wconf 90' lang='lat' dir='ltr'><strong>ac</strong></span> <span class='ocrx_word' id='word_1_364' title='bbox 2846 592 3035 646; x_wconf 89' lang='lat' dir='ltr'><strong>salutis</strong></span> <span class='ocrx_word' id='word_1_365' title='bbox 3059 590 3300 645; x_wconf 68' lang='lat' dir='ltr'><strong>elfectiva</strong></span> <span class='ocrx_word' id='word_1_366' title='bbox 3330 593 3568 659; x_wconf 86' lang='lat' dir='ltr'><strong>quaedam</strong></span> <span class='ocrx_word' id='word_1_367' title='bbox 3624 596 3670 649; x_wconf 91' lang='lat' dir='ltr'><strong>in</strong></span> <span class='ocrx_word' id='word_1_368' title='bbox 3704 599 3774 655; x_wconf 76' lang='lat' dir='ltr'><strong>his</strong></span> 
     </span>
    </p>
   </div>
   <div class='ocr_carea' id='block_1_49' title="bbox 2239 681 3777 755">
    <p class='ocr_par' dir='ltr' id='par_1_49' title="bbox 2239 681 3777 755">
     <span class='ocr_line' id='line_1_49' title="bbox 2239 681 3777 755; baseline 0.003 -16"><span class='ocrx_word' id='word_1_369' title='bbox 2239 684 2513 755; x_wconf 87' lang='lat' dir='ltr'><strong>mysteriis</strong></span> <span class='ocrx_word' id='word_1_370' title='bbox 2534 684 2710 737; x_wconf 88' lang='lat' dir='ltr'><strong>anima</strong></span> <span class='ocrx_word' id='word_1_371' title='bbox 2743 685 3027 737; x_wconf 89' lang='lat' dir='ltr'><strong>sentiatur.</strong></span> <span class='ocrx_word' id='word_1_372' title='bbox 3058 681 3145 744; x_wconf 84' lang='lat' dir='ltr'><strong>Et,</strong></span> <span class='ocrx_word' id='word_1_373' title='bbox 3172 696 3203 735; x_wconf 92' lang='grc' dir='ltr'>ο</span> <span class='ocrx_word' id='word_1_374' title='bbox 3231 681 3503 743; x_wconf 81' lang='lat' dir='ltr'><strong>vecordia,</strong></span> <span class='ocrx_word' id='word_1_375' title='bbox 3538 683 3777 745; x_wconf 89' lang='lat' dir='ltr'><strong>elemento</strong></span> 
     </span>
    </p>
   </div>
   <div class='ocr_carea' id='block_1_50' title="bbox 2236 762 3775 843">
    <p class='ocr_par' dir='ltr' id='par_1_50' title="bbox 2236 762 3775 843">
     <span class='ocr_line' id='line_1_50' title="bbox 2236 762 3775 843; baseline -0.005 -15"><span class='ocrx_word' id='word_1_376' title='bbox 2236 774 2580 843; x_wconf 86' lang='lat' dir='ltr'><strong>baptismatis</strong></span> <span class='ocrx_word' id='word_1_377' title='bbox 2610 787 2708 843; x_wconf 89' lang='lat' dir='ltr'><strong>per</strong></span> <span class='ocrx_word' id='word_1_378' title='bbox 2738 771 3020 826; x_wconf 91' lang='lat' dir='ltr'><strong>Trinitatis</strong></span> <span class='ocrx_word' id='word_1_379' title='bbox 3048 770 3437 825; x_wconf 89' lang='lat' dir='ltr'><strong>invocationem</strong></span> <span class='ocrx_word' id='word_1_380' title='bbox 3468 762 3663 826; x_wconf 80' lang='lat' dir='ltr'><strong>tantum</strong></span> <span class='ocrx_word' id='word_1_381' title='bbox 3696 779 3775 832; x_wconf 74' lang='lat' dir='ltr'><strong>de-</strong></span> 
     </span>
    </p>
   </div>
   <div class='ocr_carea' id='block_1_51' title="bbox 2239 860 3776 932">
    <p class='ocr_par' dir='ltr' id='par_1_51' title="bbox 2239 860 3776 932">
     <span class='ocr_line' id='line_1_51' title="bbox 2239 860 3776 932; baseline 0.001 -13"><span class='ocrx_word' id='word_1_382' title='bbox 2239 866 2429 927; x_wconf 83' lang='lat' dir='ltr'><strong>fertur,</strong></span> <span class='ocrx_word' id='word_1_383' title='bbox 2462 873 2520 918; x_wconf 90' lang='lat' dir='ltr'><strong>ut</strong></span> <span class='ocrx_word' id='word_1_384' title='bbox 2546 863 2821 932; x_wconf 89' lang='lat' dir='ltr'><strong>simplices</strong></span> <span class='ocrx_word' id='word_1_385' title='bbox 2843 877 2996 932; x_wconf 81' lang='lat' dir='ltr'><strong>aquae</strong></span> <span class='ocrx_word' id='word_1_386' title='bbox 3019 862 3086 916; x_wconf 92' lang='lat' dir='ltr'><strong>ad</strong></span> <span class='ocrx_word' id='word_1_387' title='bbox 3108 869 3329 931; x_wconf 89' lang='lat' dir='ltr'><strong>peccata</strong></span> <span class='ocrx_word' id='word_1_388' title='bbox 3368 860 3591 915; x_wconf 88' lang='lat' dir='ltr'><strong>eluenda</strong></span> <span class='ocrx_word' id='word_1_389' title='bbox 3615 862 3776 920; x_wconf 78' lang='lat' dir='ltr'><strong>fecun-</strong></span> 
     </span>
    </p>
   </div>
   <div class='ocr_carea' id='block_1_52' title="bbox 2240 939 3794 1037">
    <p class='ocr_par' dir='ltr' id='par_1_52' title="bbox 2240 939 3794 1037">
     <span class='ocr_line' id='line_1_52' title="bbox 2240 939 3794 1037; baseline -0.003 -24"><span class='ocrx_word' id='word_1_390' title='bbox 2240 960 2455 1023; x_wconf 90' lang='lat' dir='ltr'><strong>dentur,</strong></span> <span class='ocrx_word' id='word_1_391' title='bbox 2512 939 2601 1012; x_wconf 38' lang='lat' dir='ltr'><strong>ac.</strong></span> <span class='ocrx_word' id='word_1_392' title='bbox 2632 955 2990 1035; x_wconf 87' lang='lat' dir='ltr'><strong>viviﬁcentur,</strong></span> <span class='ocrx_word' id='word_1_393' title='bbox 3031 964 3087 1009; x_wconf 91' lang='lat' dir='ltr'><strong>et</strong></span> <span class='ocrx_word' id='word_1_394' title='bbox 3126 954 3252 1008; x_wconf 92' lang='lat' dir='ltr'><strong>huic</strong></span> <span class='ocrx_word' id='word_1_395' title='bbox 3294 962 3628 1008; x_wconf 90' lang='lat' dir='ltr'><strong>sacramento</strong></span> <span class='ocrx_word' id='word_1_396' title='bbox 3659 958 3794 1037; x_wconf 39' lang='lat' dir='ltr'><strong>quod!</strong></span> 
     </span>
    </p>
   </div>
   <div class='ocr_carea' id='block_1_53' title="bbox 2238 1040 3780 1117">
    <p class='ocr_par' dir='ltr' id='par_1_53' title="bbox 2238 1040 3780 1117">
     <span class='ocr_line' id='line_1_53' title="bbox 2238 1040 3780 1117; baseline -0.002 -17"><span class='ocrx_word' id='word_1_397' title='bbox 2238 1047 2455 1117; x_wconf 88' lang='lat' dir='ltr'><strong>proprio</strong></span> <span class='ocrx_word' id='word_1_398' title='bbox 2478 1046 2572 1100; x_wconf 87' lang='lat' dir='ltr'><strong>Dei</strong></span> <span class='ocrx_word' id='word_1_399' title='bbox 2600 1045 2765 1099; x_wconf 90' lang='lat' dir='ltr'><strong>verbo</strong></span> <span class='ocrx_word' id='word_1_400' title='bbox 2801 1043 3107 1109; x_wconf 89' lang='lat' dir='ltr'><strong>conﬁcitur,</strong></span> <span class='ocrx_word' id='word_1_401' title='bbox 3138 1041 3251 1096; x_wconf 90' lang='lat' dir='ltr'><strong>sola</strong></span> <span class='ocrx_word' id='word_1_402' title='bbox 3295 1040 3489 1095; x_wconf 90' lang='lat' dir='ltr'><strong>stolida</strong></span> <span class='ocrx_word' id='word_1_403' title='bbox 3521 1040 3677 1109; x_wconf 85' lang='lat' dir='ltr'><strong>ﬁgura</strong></span> <span class='ocrx_word' id='word_1_404' title='bbox 3703 1044 3780 1097; x_wconf 87' lang='lat' dir='ltr'><strong>tri-</strong></span> 
     </span>
    </p>
   </div>
   <div class='ocr_carea' id='block_1_54' title="bbox 2239 1131 3779 1205">
    <p class='ocr_par' dir='ltr' id='par_1_54' title="bbox 2239 1131 3779 1205">
     <span class='ocr_line' id='line_1_54' title="bbox 2239 1131 3779 1205; baseline -0.003 -13"><span class='ocrx_word' id='word_1_405' title='bbox 2239 1137 2452 1192; x_wconf 89' lang='lat' dir='ltr'><strong>buitur!</strong></span> <span class='ocrx_word' id='word_1_406' title='bbox 2476 1136 2667 1190; x_wconf 91' lang='lat' dir='ltr'><strong>Dicant</strong></span> <span class='ocrx_word' id='word_1_407' title='bbox 2691 1136 2780 1205; x_wconf 91' lang='lat' dir='ltr'><strong>qui</strong></span> <span class='ocrx_word' id='word_1_408' title='bbox 2805 1135 2905 1190; x_wconf 91' lang='lat' dir='ltr'><strong>hoc</strong></span> <span class='ocrx_word' id='word_1_409' title='bbox 2926 1134 3137 1202; x_wconf 88' lang='lat' dir='ltr'><strong>signum</strong></span> <span class='ocrx_word' id='word_1_410' title='bbox 3160 1133 3275 1187; x_wconf 92' lang='lat' dir='ltr'><strong>sine</strong></span> <span class='ocrx_word' id='word_1_411' title='bbox 3297 1131 3527 1186; x_wconf 89' lang='lat' dir='ltr'><strong>veritate</strong></span> <span class='ocrx_word' id='word_1_412' title='bbox 3541 1144 3779 1201; x_wconf 86' lang='lat' dir='ltr'><strong>asserunt,</strong></span> 
     </span>
    </p>
   </div>
   <div class='ocr_carea' id='block_1_55' title="bbox 2240 1224 3781 1299">
    <p class='ocr_par' dir='ltr' id='par_1_55' title="bbox 2240 1224 3781 1299">
     <span class='ocr_line' id='line_1_55' title="bbox 2240 1224 3781 1299; baseline -0.003 -16"><span class='ocrx_word' id='word_1_413' title='bbox 2240 1230 2416 1299; x_wconf 88' lang='lat' dir='ltr'><strong>ipsum</strong></span> <span class='ocrx_word' id='word_1_414' title='bbox 2446 1243 2643 1298; x_wconf 92' lang='lat' dir='ltr'><strong>corpus</strong></span> <span class='ocrx_word' id='word_1_415' title='bbox 2695 1227 3030 1282; x_wconf 85' lang='lat' dir='ltr'><strong>Dominicum</strong></span> <span class='ocrx_word' id='word_1_416' title='bbox 3082 1226 3135 1279; x_wconf 92' lang='lat' dir='ltr'><strong>in</strong></span> <span class='ocrx_word' id='word_1_417' title='bbox 3178 1233 3318 1279; x_wconf 88' lang='lat' dir='ltr'><strong>terra</strong></span> <span class='ocrx_word' id='word_1_418' title='bbox 3359 1224 3561 1294; x_wconf 86' lang='lat' dir='ltr'><strong>degens</strong></span> <span class='ocrx_word' id='word_1_419' title='bbox 3598 1224 3781 1292; x_wconf 87' lang='lat' dir='ltr'><strong>signum</strong></span> 
     </span>
    </p>
   </div>
   <div class='ocr_carea' id='block_1_56' title="bbox 2240 1314 3783 1387">
    <p class='ocr_par' dir='ltr' id='par_1_56' title="bbox 2240 1314 3783 1387">
     <span class='ocr_line' id='line_1_56' title="bbox 2240 1314 3783 1387; baseline -0.002 -14"><span class='ocrx_word' id='word_1_420' title='bbox 2240 1319 2424 1385; x_wconf 80' lang='lat' dir='ltr'><strong>fuisse,</strong></span> <span class='ocrx_word' id='word_1_421' title='bbox 2463 1319 2590 1373; x_wconf 90' lang='lat' dir='ltr'><strong>dum</strong></span> <span class='ocrx_word' id='word_1_422' title='bbox 2620 1318 2763 1372; x_wconf 91' lang='lat' dir='ltr'><strong>aliud</strong></span> <span class='ocrx_word' id='word_1_423' title='bbox 2796 1325 2964 1387; x_wconf 91' lang='lat' dir='ltr'><strong>patet,</strong></span> <span class='ocrx_word' id='word_1_424' title='bbox 2997 1315 3141 1369; x_wconf 90' lang='lat' dir='ltr'><strong>aliud</strong></span> <span class='ocrx_word' id='word_1_425' title='bbox 3173 1315 3319 1369; x_wconf 88' lang='lat' dir='ltr'><strong>latet.</strong></span> <span class='ocrx_word' id='word_1_426' title='bbox 3366 1314 3640 1368; x_wconf 82' lang='lat' dir='ltr'><strong>Latentem</strong></span> <span class='ocrx_word' id='word_1_427' title='bbox 3675 1329 3783 1385; x_wconf 84' lang='lat' dir='ltr'><strong>ergo</strong></span> 
     </span>
    </p>
   </div>
   <div class='ocr_carea' id='block_1_57' title="bbox 2241 1404 3784 1473">
    <p class='ocr_par' dir='ltr' id='par_1_57' title="bbox 2241 1404 3784 1473">
     <span class='ocr_line' id='line_1_57' title="bbox 2241 1404 3784 1473; baseline -0.005 -8"><span class='ocrx_word' id='word_1_428' title='bbox 2241 1410 2526 1466; x_wconf 91' lang='lat' dir='ltr'><strong>Dominum</strong></span> <span class='ocrx_word' id='word_1_429' title='bbox 2559 1411 2614 1463; x_wconf 90' lang='lat' dir='ltr'><strong>in</strong></span> <span class='ocrx_word' id='word_1_430' title='bbox 2646 1409 2864 1463; x_wconf 87' lang='lat' dir='ltr'><strong>homine</strong></span> <span class='ocrx_word' id='word_1_431' title='bbox 2893 1405 3278 1462; x_wconf 82' lang='lat' dir='ltr'><strong>diﬁitebitnur?</strong></span> <span class='ocrx_word' id='word_1_432' title='bbox 3303 1404 3422 1473; x_wconf 87' lang='lat' dir='ltr'><strong>Ipse</strong></span> <span class='ocrx_word' id='word_1_433' title='bbox 3464 1417 3731 1473; x_wconf 83' lang='lat' dir='ltr'><strong>resurgens</strong></span> <span class='ocrx_word' id='word_1_434' title='bbox 3758 1419 3784 1458; x_wconf 87' lang='lat' dir='ltr'><strong>a</strong></span> 
     </span>
    </p>
   </div>
   <div class='ocr_carea' id='block_1_58' title="bbox 2240 1493 3782 1567">
    <p class='ocr_par' dir='ltr' id='par_1_58' title="bbox 2240 1493 3782 1567">
     <span class='ocr_line' id='line_1_58' title="bbox 2240 1493 3782 1567; baseline -0.006 -12"><span class='ocrx_word' id='word_1_435' title='bbox 2240 1502 2469 1555; x_wconf 91' lang='lat' dir='ltr'><strong>mortuis</strong></span> <span class='ocrx_word' id='word_1_436' title='bbox 2482 1500 2803 1565; x_wconf 91' lang='lat' dir='ltr'><strong>claritatem,</strong></span> <span class='ocrx_word' id='word_1_437' title='bbox 2824 1512 2987 1567; x_wconf 90' lang='lat' dir='ltr'><strong>quam</strong></span> <span class='ocrx_word' id='word_1_438' title='bbox 3016 1494 3404 1550; x_wconf 87' lang='lat' dir='ltr'><strong>resurrecturis</strong></span> <span class='ocrx_word' id='word_1_439' title='bbox 3430 1493 3782 1563; x_wconf 88' lang='lat' dir='ltr'><strong>sp0ponderat,</strong></span> 
     </span>
    </p>
   </div>
   <div class='ocr_carea' id='block_1_59' title="bbox 2241 1587 3784 1665">
    <p class='ocr_par' dir='ltr' id='par_1_59' title="bbox 2241 1587 3784 1665">
     <span class='ocr_line' id='line_1_59' title="bbox 2241 1587 3784 1665; baseline -0.005 -15"><span class='ocrx_word' id='word_1_440' title='bbox 2241 1593 2520 1665; x_wconf 88' lang='lat' dir='ltr'><strong>discipulis</strong></span> <span class='ocrx_word' id='word_1_441' title='bbox 2549 1607 2656 1648; x_wconf 91' lang='lat' dir='ltr'><strong>non</strong></span> <span class='ocrx_word' id='word_1_442' title='bbox 2677 1592 2936 1657; x_wconf 89' lang='lat' dir='ltr'><strong>ostendit,</strong></span> <span class='ocrx_word' id='word_1_443' title='bbox 2965 1605 3124 1660; x_wconf 90' lang='lat' dir='ltr'><strong>quam</strong></span> <span class='ocrx_word' id='word_1_444' title='bbox 3159 1598 3335 1643; x_wconf 89' lang='lat' dir='ltr'><strong>tamen</strong></span> <span class='ocrx_word' id='word_1_445' title='bbox 3361 1595 3484 1641; x_wconf 89' lang='lat' dir='ltr'><strong>ante</strong></span> <span class='ocrx_word' id='word_1_446' title='bbox 3509 1587 3784 1657; x_wconf 80' lang='lat' dir='ltr'><strong>passionem</strong></span> 
     </span>
    </p>
   </div>
   <div class='ocr_carea' id='block_1_60' title="bbox 2243 1677 3783 1749">
    <p class='ocr_par' dir='ltr' id='par_1_60' title="bbox 2243 1677 3783 1749">
     <span class='ocr_line' id='line_1_60' title="bbox 2243 1677 3783 1749; baseline -0.005 -9"><span class='ocrx_word' id='word_1_447' title='bbox 2243 1686 2296 1740; x_wconf 91' lang='lat' dir='ltr'><strong>in</strong></span> <span class='ocrx_word' id='word_1_448' title='bbox 2330 1693 2511 1739; x_wconf 91' lang='lat' dir='ltr'><strong>monte</strong></span> <span class='ocrx_word' id='word_1_449' title='bbox 2539 1697 2723 1737; x_wconf 90' lang='lat' dir='ltr'><strong>coram</strong></span> <span class='ocrx_word' id='word_1_450' title='bbox 2749 1682 2932 1745; x_wconf 89' lang='lat' dir='ltr'><strong>Petro,</strong></span> <span class='ocrx_word' id='word_1_451' title='bbox 2976 1680 3185 1735; x_wconf 82' lang='lat' dir='ltr'><strong>Joanne</strong></span> <span class='ocrx_word' id='word_1_452' title='bbox 3217 1687 3271 1734; x_wconf 90' lang='lat' dir='ltr'><strong>et</strong></span> <span class='ocrx_word' id='word_1_453' title='bbox 3294 1677 3498 1732; x_wconf 81' lang='lat' dir='ltr'><strong>Jacobo</strong></span> <span class='ocrx_word' id='word_1_454' title='bbox 3526 1677 3783 1749; x_wconf 82' lang='lat' dir='ltr'><strong>transﬁgu-</strong></span> 
     </span>
    </p>
   </div>
   <div class='ocr_carea' id='block_1_61' title="bbox 2243 1768 3789 1838">
    <p class='ocr_par' dir='ltr' id='par_1_61' title="bbox 2243 1768 3789 1838">
     <span class='ocr_line' id='line_1_61' title="bbox 2243 1768 3789 1838; baseline -0.005 -8"><span class='ocrx_word' id='word_1_455' title='bbox 2243 1773 2735 1830; x_wconf 88' lang='lat' dir='ltr'><strong>ratusostenderat.</strong></span> <span class='ocrx_word' id='word_1_456' title='bbox 2765 1771 2935 1838; x_wconf 88' lang='lat' dir='ltr'><strong>Quem</strong></span> <span class='ocrx_word' id='word_1_457' title='bbox 2960 1770 3216 1826; x_wconf 89' lang='lat' dir='ltr'><strong>humilem</strong></span> <span class='ocrx_word' id='word_1_458' title='bbox 3228 1768 3591 1838; x_wconf 86' lang='lat' dir='ltr'><strong>dispensative</strong></span> <span class='ocrx_word' id='word_1_459' title='bbox 3616 1776 3789 1823; x_wconf 86' lang='lat' dir='ltr'><strong>statum</strong></span> 
     </span>
    </p>
   </div>
   <div class='ocr_carea' id='block_1_62' title="bbox 2243 1858 3789 1935">
    <p class='ocr_par' dir='ltr' id='par_1_62' title="bbox 2243 1858 3789 1935">
     <span class='ocr_line' id='line_1_62' title="bbox 2243 1858 3789 1935; baseline -0.006 -13"><span class='ocrx_word' id='word_1_460' title='bbox 2243 1867 2507 1931; x_wconf 74' lang='lat' dir='ltr'><strong>exhibuit,</strong></span> <span class='ocrx_word' id='word_1_461' title='bbox 2541 1880 2611 1920; x_wconf 91' lang='lat' dir='ltr'><strong>ne</strong></span> <span class='ocrx_word' id='word_1_462' title='bbox 2642 1865 2977 1935; x_wconf 88' lang='lat' dir='ltr'><strong>incognitum</strong></span> <span class='ocrx_word' id='word_1_463' title='bbox 3010 1861 3213 1930; x_wconf 89' lang='lat' dir='ltr'><strong>aliquid</strong></span> <span class='ocrx_word' id='word_1_464' title='bbox 3248 1859 3472 1915; x_wconf 89' lang='lat' dir='ltr'><strong>rudibus</strong></span> <span class='ocrx_word' id='word_1_465' title='bbox 3498 1868 3591 1913; x_wconf 91' lang='lat' dir='ltr'><strong>aut</strong></span> <span class='ocrx_word' id='word_1_466' title='bbox 3632 1858 3789 1913; x_wconf 80' lang='lat' dir='ltr'><strong>insoli-</strong></span> 
     </span>
    </p>
   </div>
   <div class='ocr_carea' id='block_1_63' title="bbox 2242 1950 3790 2024">
    <p class='ocr_par' dir='ltr' id='par_1_63' title="bbox 2242 1950 3790 2024">
     <span class='ocr_line' id='line_1_63' title="bbox 2242 1950 3790 2024; baseline -0.006 -9"><span class='ocrx_word' id='word_1_467' title='bbox 2242 1969 2354 2016; x_wconf 92' lang='lat' dir='ltr'><strong>tum</strong></span> <span class='ocrx_word' id='word_1_468' title='bbox 2384 1964 2705 2023; x_wconf 87' lang='lat' dir='ltr'><strong>ostentaret,</strong></span> <span class='ocrx_word' id='word_1_469' title='bbox 2742 1956 2885 2010; x_wconf 90' lang='lat' dir='ltr'><strong>unde</strong></span> <span class='ocrx_word' id='word_1_470' title='bbox 2908 1968 3044 2024; x_wconf 86' lang='lat' dir='ltr'><strong>quos</strong></span> <span class='ocrx_word' id='word_1_471' title='bbox 3066 1952 3283 2008; x_wconf 88' lang='lat' dir='ltr'><strong>erudire</strong></span> <span class='ocrx_word' id='word_1_472' title='bbox 3312 1950 3591 2016; x_wconf 88' lang='lat' dir='ltr'><strong>debuerat,</strong></span> <span class='ocrx_word' id='word_1_473' title='bbox 3629 1964 3790 2006; x_wconf 89' lang='lat' dir='ltr'><strong>eorum</strong></span> 
     </span>
    </p>
   </div>
   <div class='ocr_carea' id='block_1_64' title="bbox 2242 2040 3793 2118">
    <p class='ocr_par' dir='ltr' id='par_1_64' title="bbox 2242 2040 3793 2118">
     <span class='ocr_line' id='line_1_64' title="bbox 2242 2040 3793 2118; baseline -0.008 -11"><span class='ocrx_word' id='word_1_474' title='bbox 2242 2066 2432 2107; x_wconf 91' lang='lat' dir='ltr'><strong>sensus</strong></span> <span class='ocrx_word' id='word_1_475' title='bbox 2462 2048 2634 2118; x_wconf 85' lang='lat' dir='ltr'><strong>magis</strong></span> <span class='ocrx_word' id='word_1_476' title='bbox 2661 2047 3005 2103; x_wconf 89' lang='lat' dir='ltr'><strong>obtunderet.</strong></span> <span class='ocrx_word' id='word_1_477' title='bbox 3033 2044 3173 2112; x_wconf 86' lang='lat' dir='ltr'><strong>Quid</strong></span> <span class='ocrx_word' id='word_1_478' title='bbox 3195 2042 3339 2113; x_wconf 90' lang='lat' dir='ltr'><strong>quod</strong></span> <span class='ocrx_word' id='word_1_479' title='bbox 3361 2042 3415 2096; x_wconf 93' lang='lat' dir='ltr'><strong>in</strong></span> <span class='ocrx_word' id='word_1_480' title='bbox 3444 2040 3586 2096; x_wconf 69' lang='lat' dir='ltr'><strong>caelo</strong></span> <span class='ocrx_word' id='word_1_481' title='bbox 3615 2042 3793 2109; x_wconf 87' lang='lat' dir='ltr'><strong>positus</strong></span> 
     </span>
    </p>
   </div>
   <div class='ocr_carea' id='block_1_65' title="bbox 2241 2132 3794 2210">
    <p class='ocr_par' dir='ltr' id='par_1_65' title="bbox 2241 2132 3794 2210">
     <span class='ocr_line' id='line_1_65' title="bbox 2241 2132 3794 2210; baseline -0.007 -13"><span class='ocrx_word' id='word_1_482' title='bbox 2241 2156 2310 2197; x_wconf 90' lang='lat' dir='ltr'><strong>ne</strong></span> <span class='ocrx_word' id='word_1_483' title='bbox 2348 2140 2574 2195; x_wconf 87' lang='lat' dir='ltr'><strong>vulnera</strong></span> <span class='ocrx_word' id='word_1_484' title='bbox 2605 2139 2822 2210; x_wconf 89' lang='lat' dir='ltr'><strong>quidem</strong></span> <span class='ocrx_word' id='word_1_485' title='bbox 2872 2151 2968 2192; x_wconf 92' lang='lat' dir='ltr'><strong>sua</strong></span> <span class='ocrx_word' id='word_1_486' title='bbox 2999 2136 3269 2191; x_wconf 91' lang='lat' dir='ltr'><strong>obducere</strong></span> <span class='ocrx_word' id='word_1_487' title='bbox 3300 2142 3393 2188; x_wconf 92' lang='lat' dir='ltr'><strong>aut</strong></span> <span class='ocrx_word' id='word_1_488' title='bbox 3423 2132 3671 2187; x_wconf 89' lang='lat' dir='ltr'><strong>servilem</strong></span> <span class='ocrx_word' id='word_1_489' title='bbox 3704 2132 3794 2186; x_wconf 80' lang='lat' dir='ltr'><strong>tor-</strong></span> 
     </span>
    </p>
   </div>
   <div class='ocr_carea' id='block_1_66' title="bbox 2242 2225 3797 2299">
    <p class='ocr_par' dir='ltr' id='par_1_66' title="bbox 2242 2225 3797 2299">
     <span class='ocr_line' id='line_1_66' title="bbox 2242 2225 3797 2299; baseline -0.006 -14"><span class='ocrx_word' id='word_1_490' title='bbox 2242 2246 2385 2286; x_wconf 91' lang='lat' dir='ltr'><strong>mam</strong></span> <span class='ocrx_word' id='word_1_491' title='bbox 2413 2244 2576 2299; x_wconf 91' lang='lat' dir='ltr'><strong>quam</strong></span> <span class='ocrx_word' id='word_1_492' title='bbox 2616 2228 2799 2282; x_wconf 81' lang='lat' dir='ltr'><strong>futuro</strong></span> <span class='ocrx_word' id='word_1_493' title='bbox 2832 2225 3245 2295; x_wconf 64' lang='lat' dir='ltr'><strong>repraesentabit</strong></span> <span class='ocrx_word' id='word_1_494' title='bbox 3266 2225 3470 2295; x_wconf 88' lang='lat' dir='ltr'><strong>judicio</strong></span> <span class='ocrx_word' id='word_1_495' title='bbox 3499 2237 3695 2277; x_wconf 79' lang='lat' dir='ltr'><strong>exuere</strong></span> <span class='ocrx_word' id='word_1_496' title='bbox 3720 2237 3797 2277; x_wconf 82' lang='lat' dir='ltr'><strong>vo-</strong></span> 
     </span>
    </p>
   </div>
   <div class='ocr_carea' id='block_1_67' title="bbox 2242 2315 3795 2390">
    <p class='ocr_par' dir='ltr' id='par_1_67' title="bbox 2242 2315 3795 2390">
     <span class='ocr_line' id='line_1_67' title="bbox 2242 2315 3795 2390; baseline -0.006 -12"><span class='ocrx_word' id='word_1_497' title='bbox 2242 2322 2369 2388; x_wconf 90' lang='lat' dir='ltr'><strong>luit,</strong></span> <span class='ocrx_word' id='word_1_498' title='bbox 2427 2323 2536 2377; x_wconf 91' lang='lat' dir='ltr'><strong>imo</strong></span> <span class='ocrx_word' id='word_1_499' title='bbox 2571 2330 2694 2390; x_wconf 90' lang='lat' dir='ltr'><strong>post</strong></span> <span class='ocrx_word' id='word_1_500' title='bbox 2737 2318 3003 2388; x_wconf 91' lang='lat' dir='ltr'><strong>judicium</strong></span> <span class='ocrx_word' id='word_1_501' title='bbox 3059 2318 3326 2373; x_wconf 89' lang='lat' dir='ltr'><strong>transiens</strong></span> <span class='ocrx_word' id='word_1_502' title='bbox 3375 2317 3443 2371; x_wconf 91' lang='lat' dir='ltr'><strong>de</strong></span> <span class='ocrx_word' id='word_1_503' title='bbox 3498 2316 3728 2369; x_wconf 85' lang='lat' dir='ltr'><strong>humano</strong></span> <span class='ocrx_word' id='word_1_504' title='bbox 3751 2315 3795 2369; x_wconf 90' lang='lat' dir='ltr'><strong>iu</strong></span> 
     </span>
    </p>
   </div>
   <div class='ocr_carea' id='block_1_68' title="bbox 2244 2405 3797 2470">
    <p class='ocr_par' dir='ltr' id='par_1_68' title="bbox 2244 2405 3797 2470">
     <span class='ocr_line' id='line_1_68' title="bbox 2244 2405 3797 2470; baseline -0.005 -1"><span class='ocrx_word' id='word_1_505' title='bbox 2244 2414 2482 2470; x_wconf 92' lang='lat' dir='ltr'><strong>divinum</strong></span> <span class='ocrx_word' id='word_1_506' title='bbox 2520 2422 2720 2468; x_wconf 88' lang='lat' dir='ltr'><strong>statum</strong></span> <span class='ocrx_word' id='word_1_507' title='bbox 2775 2425 2896 2466; x_wconf 89' lang='lat' dir='ltr'><strong>sese</strong></span> <span class='ocrx_word' id='word_1_508' title='bbox 2949 2425 3165 2465; x_wconf 91' lang='lat' dir='ltr'><strong>rursum</strong></span> <span class='ocrx_word' id='word_1_509' title='bbox 3218 2407 3505 2462; x_wconf 88' lang='lat' dir='ltr'><strong>alterabit?</strong></span> <span class='ocrx_word' id='word_1_510' title='bbox 3543 2405 3602 2461; x_wconf 91' lang='lat' dir='ltr'><strong>Si</strong></span> <span class='ocrx_word' id='word_1_511' title='bbox 3651 2407 3700 2460; x_wconf 90' lang='lat' dir='ltr'><strong>in</strong></span> <span class='ocrx_word' id='word_1_512' title='bbox 3723 2406 3797 2461; x_wconf 88' lang='lat' dir='ltr'><strong>illa</strong></span> 
     </span>
    </p>
   </div>
   <div class='ocr_carea' id='block_1_69' title="bbox 2245 2496 3799 2574">
    <p class='ocr_par' dir='ltr' id='par_1_69' title="bbox 2245 2496 3799 2574">
     <span class='ocr_line' id='line_1_69' title="bbox 2245 2496 3799 2574; baseline -0.007 -14"><span class='ocrx_word' id='word_1_513' title='bbox 2245 2518 2364 2574; x_wconf 67' lang='lat' dir='ltr'><strong>quae</strong></span> <span class='ocrx_word' id='word_1_514' title='bbox 2400 2504 2542 2559; x_wconf 88' lang='lat' dir='ltr'><strong>Deus</strong></span> <span class='ocrx_word' id='word_1_515' title='bbox 2587 2511 2642 2557; x_wconf 90' lang='lat' dir='ltr'><strong>et</strong></span> <span class='ocrx_word' id='word_1_516' title='bbox 2676 2503 2837 2556; x_wconf 91' lang='lat' dir='ltr'><strong>homo</strong></span> <span class='ocrx_word' id='word_1_517' title='bbox 2867 2509 2951 2556; x_wconf 91' lang='lat' dir='ltr'><strong>est</strong></span> <span class='ocrx_word' id='word_1_518' title='bbox 2985 2498 3288 2558; x_wconf 86' lang='lat' dir='ltr'><strong>substantia</strong></span> <span class='ocrx_word' id='word_1_519' title='bbox 3325 2506 3475 2551; x_wconf 90' lang='lat' dir='ltr'><strong>tanta</strong></span> <span class='ocrx_word' id='word_1_520' title='bbox 3522 2496 3799 2566; x_wconf 79' lang='lat' dir='ltr'><strong>specierum</strong></span> 
     </span>
    </p>
   </div>
   <div class='ocr_carea' id='block_1_70' title="bbox 2245 2588 3798 2656">
    <p class='ocr_par' dir='ltr' id='par_1_70' title="bbox 2245 2588 3798 2656">
     <span class='ocr_line' id='line_1_70' title="bbox 2245 2588 3798 2656; baseline -0.006 -6"><span class='ocrx_word' id='word_1_521' title='bbox 2245 2596 2477 2650; x_wconf 84' lang='lat' dir='ltr'><strong>mutatio</strong></span> <span class='ocrx_word' id='word_1_522' title='bbox 2528 2595 2650 2656; x_wconf 81' lang='lat' dir='ltr'><strong>fuit,</strong></span> <span class='ocrx_word' id='word_1_523' title='bbox 2709 2602 2767 2649; x_wconf 90' lang='lat' dir='ltr'><strong>et</strong></span> <span class='ocrx_word' id='word_1_524' title='bbox 2814 2600 2919 2656; x_wconf 88' lang='lat' dir='ltr'><strong>est,</strong></span> <span class='ocrx_word' id='word_1_525' title='bbox 2975 2601 3029 2647; x_wconf 93' lang='lat' dir='ltr'><strong>et</strong></span> <span class='ocrx_word' id='word_1_526' title='bbox 3071 2591 3246 2645; x_wconf 88' lang='lat' dir='ltr'><strong>adhuc</strong></span> <span class='ocrx_word' id='word_1_527' title='bbox 3274 2590 3455 2643; x_wconf 80' lang='lat' dir='ltr'><strong>futura</strong></span> <span class='ocrx_word' id='word_1_528' title='bbox 3486 2595 3588 2652; x_wconf 89' lang='lat' dir='ltr'><strong>est,</strong></span> <span class='ocrx_word' id='word_1_529' title='bbox 3618 2588 3669 2641; x_wconf 91' lang='lat' dir='ltr'><strong>in</strong></span> <span class='ocrx_word' id='word_1_530' title='bbox 3694 2588 3798 2651; x_wconf 83' lang='lat' dir='ltr'><strong>ista,</strong></span> 
     </span>
    </p>
   </div>
   <div class='ocr_carea' id='block_1_71' title="bbox 2246 2678 3803 2757">
    <p class='ocr_par' dir='ltr' id='par_1_71' title="bbox 2246 2678 3803 2757">
     <span class='ocr_line' id='line_1_71' title="bbox 2246 2678 3803 2757; baseline -0.006 -17"><span class='ocrx_word' id='word_1_531' title='bbox 2246 2702 2366 2757; x_wconf 88' lang='lat' dir='ltr'><strong>quae</strong></span> <span class='ocrx_word' id='word_1_532' title='bbox 2398 2686 2615 2740; x_wconf 88' lang='lat' dir='ltr'><strong>interim</strong></span> <span class='ocrx_word' id='word_1_533' title='bbox 2666 2686 2721 2739; x_wconf 91' lang='lat' dir='ltr'><strong>in</strong></span> <span class='ocrx_word' id='word_1_534' title='bbox 2770 2684 3024 2753; x_wconf 57' lang='lat' dir='ltr'><strong>praesenti</strong></span> <span class='ocrx_word' id='word_1_535' title='bbox 3074 2683 3142 2737; x_wconf 89' lang='lat' dir='ltr'><strong>ad</strong></span> <span class='ocrx_word' id='word_1_536' title='bbox 3172 2690 3370 2735; x_wconf 57' lang='lat' dir='ltr'><strong>nostra</strong></span> <span class='ocrx_word' id='word_1_537' title='bbox 3396 2678 3630 2734; x_wconf 81' lang='lat' dir='ltr'><strong>miseriae</strong></span> <span class='ocrx_word' id='word_1_538' title='bbox 3656 2678 3803 2732; x_wconf 83' lang='lat' dir='ltr'><strong>muni-</strong></span> 
     </span>
    </p>
   </div>
   <div class='ocr_carea' id='block_1_72' title="bbox 2247 2777 3804 2849">
    <p class='ocr_par' dir='ltr' id='par_1_72' title="bbox 2247 2777 3804 2849">
     <span class='ocr_line' id='line_1_72' title="bbox 2247 2777 3804 2849; baseline -0.008 -10"><span class='ocrx_word' id='word_1_539' title='bbox 2247 2794 2488 2839; x_wconf 88' lang='lat' dir='ltr'><strong>mentum</strong></span> <span class='ocrx_word' id='word_1_540' title='bbox 2516 2791 2571 2837; x_wconf 88' lang='lat' dir='ltr'><strong>et</strong></span> <span class='ocrx_word' id='word_1_541' title='bbox 2596 2780 3022 2837; x_wconf 90' lang='lat' dir='ltr'><strong>consolationem</strong></span> <span class='ocrx_word' id='word_1_542' title='bbox 3073 2777 3313 2849; x_wconf 68' lang='lat' dir='ltr'><strong>praestita</strong></span> <span class='ocrx_word' id='word_1_543' title='bbox 3356 2785 3459 2841; x_wconf 84' lang='lat' dir='ltr'><strong>est,</strong></span> <span class='ocrx_word' id='word_1_544' title='bbox 3508 2789 3649 2829; x_wconf 89' lang='lat' dir='ltr'><strong>nova</strong></span> <span class='ocrx_word' id='word_1_545' title='bbox 3675 2786 3804 2829; x_wconf 82' lang='lat' dir='ltr'><strong>crea-</strong></span> 
     </span>
    </p>
   </div>
   <div class='ocr_carea' id='block_1_73' title="bbox 2249 2865 3804 2927">
    <p class='ocr_par' dir='ltr' id='par_1_73' title="bbox 2249 2865 3804 2927">
     <span class='ocr_line' id='line_1_73' title="bbox 2249 2865 3804 2927; baseline -0.006 -1"><span class='ocrx_word' id='word_1_546' title='bbox 2249 2881 2369 2926; x_wconf 88' lang='lat' dir='ltr'><strong>tura</strong></span> <span class='ocrx_word' id='word_1_547' title='bbox 2424 2880 2477 2926; x_wconf 92' lang='lat' dir='ltr'><strong>et</strong></span> <span class='ocrx_word' id='word_1_548' title='bbox 2519 2871 2585 2925; x_wconf 92' lang='lat' dir='ltr'><strong>ad</strong></span> <span class='ocrx_word' id='word_1_549' title='bbox 2623 2870 2714 2924; x_wconf 91' lang='lat' dir='ltr'><strong>Dei</strong></span> <span class='ocrx_word' id='word_1_550' title='bbox 2748 2883 2812 2923; x_wconf 86' lang='lat' dir='ltr'><strong>ac</strong></span> <span class='ocrx_word' id='word_1_551' title='bbox 2839 2868 3120 2923; x_wconf 91' lang='lat' dir='ltr'><strong>hominum</strong></span> <span class='ocrx_word' id='word_1_552' title='bbox 3179 2866 3469 2927; x_wconf 92' lang='lat' dir='ltr'><strong>unionem,</strong></span> <span class='ocrx_word' id='word_1_553' title='bbox 3520 2865 3710 2916; x_wconf 89' lang='lat' dir='ltr'><strong>mirum</strong></span> <span class='ocrx_word' id='word_1_554' title='bbox 3749 2876 3804 2917; x_wconf 88' lang='lat' dir='ltr'><strong>ne</strong></span> 
     </span>
    </p>
   </div>
   <div class='ocr_carea' id='block_1_74' title="bbox 2248 2950 3803 3033">
    <p class='ocr_par' dir='ltr' id='par_1_74' title="bbox 2248 2950 3803 3033">
     <span class='ocr_line' id='line_1_74' title="bbox 2248 2950 3803 3033; baseline -0.01 -16"><span class='ocrx_word' id='word_1_555' title='bbox 2248 2970 2330 3017; x_wconf 91' lang='lat' dir='ltr'><strong>est</strong></span> <span class='ocrx_word' id='word_1_556' title='bbox 2359 2962 2404 3017; x_wconf 92' lang='lat' dir='ltr'><strong>si</strong></span> <span class='ocrx_word' id='word_1_557' title='bbox 2438 2963 2491 3015; x_wconf 94' lang='lat' dir='ltr'><strong>in</strong></span> <span class='ocrx_word' id='word_1_558' title='bbox 2522 2962 2626 3015; x_wconf 89' lang='lat' dir='ltr'><strong>hac</strong></span> <span class='ocrx_word' id='word_1_559' title='bbox 2658 2960 2771 3033; x_wconf 89' lang='lat' dir='ltr'><strong>ipsa</strong></span> <span class='ocrx_word' id='word_1_560' title='bbox 2805 2957 2984 3027; x_wconf 92' lang='lat' dir='ltr'><strong>specie</strong></span> <span class='ocrx_word' id='word_1_561' title='bbox 3024 2957 3180 3025; x_wconf 91' lang='lat' dir='ltr'><strong>panis</strong></span> <span class='ocrx_word' id='word_1_562' title='bbox 3224 2969 3289 3009; x_wconf 91' lang='lat' dir='ltr'><strong>ac</strong></span> <span class='ocrx_word' id='word_1_563' title='bbox 3338 2952 3450 3007; x_wconf 86' lang='lat' dir='ltr'><strong>vini</strong></span> <span class='ocrx_word' id='word_1_564' title='bbox 3484 2951 3554 3007; x_wconf 94' lang='lat' dir='ltr'><strong>ob</strong></span> <span class='ocrx_word' id='word_1_565' title='bbox 3610 2950 3803 3006; x_wconf 86' lang='lat' dir='ltr'><strong>humani</strong></span> 
     </span>
    </p>
   </div>
   <div class='ocr_carea' id='block_1_75' title="bbox 2249 3034 3833 3115">
    <p class='ocr_par' dir='ltr' id='par_1_75' title="bbox 2249 3034 3833 3115">
     <span class='ocr_line' id='line_1_75' title="bbox 2249 3034 3833 3115; baseline -0.009 -6"><span class='ocrx_word' id='word_1_566' title='bbox 2249 3069 2439 3109; x_wconf 88' lang='lat' dir='ltr'><strong>sensus</strong></span> <span class='ocrx_word' id='word_1_567' title='bbox 2482 3054 2765 3107; x_wconf 88' lang='lat' dir='ltr'><strong>horrorem</strong></span> <span class='ocrx_word' id='word_1_568' title='bbox 2814 3051 2893 3105; x_wconf 91' lang='lat' dir='ltr'><strong>sic</strong></span> <span class='ocrx_word' id='word_1_569' title='bbox 2937 3048 3152 3115; x_wconf 83' lang='lat' dir='ltr'><strong>relicta,</strong></span> <span class='ocrx_word' id='word_1_570' title='bbox 3202 3045 3365 3100; x_wconf 84' lang='lat' dir='ltr'><strong>ﬁdem</strong></span> <span class='ocrx_word' id='word_1_571' title='bbox 3394 3051 3641 3100; x_wconf 83' lang='lat' dir='ltr'><strong>nostram</strong></span> <span class='ocrx_word' id='word_1_572' title='bbox 3685 3034 3833 3096; x_wconf 57' lang='lat' dir='ltr'><strong>Deus&quot;</strong></span> 
     </span>
    </p>
   </div>
   <div class='ocr_carea' id='block_1_76' title="bbox 2249 3146 2536 3203">
    <p class='ocr_par' dir='ltr' id='par_1_76' title="bbox 2249 3146 2536 3203">
     <span class='ocr_line' id='line_1_76' title="bbox 2249 3146 2536 3203; baseline -0.021 0"><span class='ocrx_word' id='word_1_573' title='bbox 2249 3146 2536 3203; x_wconf 84' lang='lat' dir='ltr'><strong>exerceat?</strong></span> 
     </span>
    </p>
   </div>
   <div class='ocr_carea' id='block_1_77' title="bbox 2322 3224 3805 3307">
    <p class='ocr_par' dir='ltr' id='par_1_77' title="bbox 2322 3224 3805 3307">
     <span class='ocr_line' id='line_1_77' title="bbox 2322 3224 3805 3307; baseline -0.012 -13"><span class='ocrx_word' id='word_1_574' title='bbox 2322 3240 2481 3294; x_wconf 90' lang='lat' dir='ltr'><strong>Certe</strong></span> <span class='ocrx_word' id='word_1_575' title='bbox 2512 3238 2624 3307; x_wconf 90' lang='lat' dir='ltr'><strong>ipsa</strong></span> <span class='ocrx_word' id='word_1_576' title='bbox 2670 3234 2926 3300; x_wconf 86' lang='lat' dir='ltr'><strong>Trinitas,</strong></span> <span class='ocrx_word' id='word_1_577' title='bbox 2958 3246 3077 3301; x_wconf 73' lang='lat' dir='ltr'><strong>qure</strong></span> <span class='ocrx_word' id='word_1_578' title='bbox 3130 3230 3182 3283; x_wconf 93' lang='lat' dir='ltr'><strong>in</strong></span> <span class='ocrx_word' id='word_1_579' title='bbox 3237 3230 3340 3283; x_wconf 89' lang='lat' dir='ltr'><strong>hac</strong></span> <span class='ocrx_word' id='word_1_580' title='bbox 3369 3227 3485 3281; x_wconf 90' lang='lat' dir='ltr'><strong>vita</strong></span> <span class='ocrx_word' id='word_1_581' title='bbox 3514 3224 3805 3281; x_wconf 89' lang='lat' dir='ltr'><strong>necessario</strong></span> 
     </span>
    </p>
   </div>
   <div class='ocr_carea' id='block_1_78' title="bbox 2250 3313 3806 3399">
    <p class='ocr_par' dir='ltr' id='par_1_78' title="bbox 2250 3313 3806 3399">
     <span class='ocr_line' id='line_1_78' title="bbox 2250 3313 3806 3399; baseline -0.013 -14"><span class='ocrx_word' id='word_1_582' title='bbox 2250 3337 2472 3399; x_wconf 87' lang='lat' dir='ltr'><strong>propter</strong></span> <span class='ocrx_word' id='word_1_583' title='bbox 2502 3342 2598 3381; x_wconf 91' lang='lat' dir='ltr'><strong>nos</strong></span> <span class='ocrx_word' id='word_1_584' title='bbox 2620 3325 2832 3387; x_wconf 90' lang='lat' dir='ltr'><strong>dicitur,</strong></span> <span class='ocrx_word' id='word_1_585' title='bbox 2890 3323 2941 3375; x_wconf 92' lang='lat' dir='ltr'><strong>in</strong></span> <span class='ocrx_word' id='word_1_586' title='bbox 2981 3322 3090 3375; x_wconf 92' lang='lat' dir='ltr'><strong>Deo</strong></span> <span class='ocrx_word' id='word_1_587' title='bbox 3128 3316 3559 3373; x_wconf 87' lang='lat' dir='ltr'><strong>substantialiter</strong></span> <span class='ocrx_word' id='word_1_588' title='bbox 3610 3313 3806 3368; x_wconf 89' lang='lat' dir='ltr'><strong>minimc</strong></span> 
     </span>
    </p>
   </div>
   <div class='ocr_carea' id='block_1_79' title="bbox 2251 3406 3807 3493">
    <p class='ocr_par' dir='ltr' id='par_1_79' title="bbox 2251 3406 3807 3493">
     <span class='ocr_line' id='line_1_79' title="bbox 2251 3406 3807 3493; baseline -0.014 -15"><span class='ocrx_word' id='word_1_589' title='bbox 2251 3423 2610 3493; x_wconf 61' lang='lat' dir='ltr'><strong>praedicatur;</strong></span> <span class='ocrx_word' id='word_1_590' title='bbox 2652 3418 2777 3486; x_wconf 89' lang='lat' dir='ltr'><strong>quia</strong></span> <span class='ocrx_word' id='word_1_591' title='bbox 2809 3428 3001 3470; x_wconf 88' lang='lat' dir='ltr'><strong>sensus</strong></span> <span class='ocrx_word' id='word_1_592' title='bbox 3027 3421 3231 3475; x_wconf 91' lang='lat' dir='ltr'><strong>noster,</strong></span> <span class='ocrx_word' id='word_1_593' title='bbox 3265 3410 3356 3478; x_wconf 89' lang='lat' dir='ltr'><strong>qui</strong></span> <span class='ocrx_word' id='word_1_594' title='bbox 3382 3408 3473 3463; x_wconf 90' lang='lat' dir='ltr'><strong>hic</strong></span> <span class='ocrx_word' id='word_1_595' title='bbox 3497 3406 3705 3461; x_wconf 88' lang='lat' dir='ltr'><strong>nonnisi</strong></span> <span class='ocrx_word' id='word_1_596' title='bbox 3729 3418 3807 3473; x_wconf 83' lang='lat' dir='ltr'><strong>per</strong></span> 
     </span>
    </p>
   </div>
   <div class='ocr_carea' id='block_1_80' title="bbox 2254 3492 3806 3585">
    <p class='ocr_par' dir='ltr' id='par_1_80' title="bbox 2254 3492 3806 3585">
     <span class='ocr_line' id='line_1_80' title="bbox 2254 3492 3806 3585; baseline -0.016 -16"><span class='ocrx_word' id='word_1_597' title='bbox 2254 3512 2486 3585; x_wconf 81' lang='lat' dir='ltr'><strong>syllabas</strong></span> <span class='ocrx_word' id='word_1_598' title='bbox 2510 3519 2564 3564; x_wconf 87' lang='lat' dir='ltr'><strong>et</strong></span> <span class='ocrx_word' id='word_1_599' title='bbox 2591 3508 2763 3578; x_wconf 90' lang='lat' dir='ltr'><strong>spatia</strong></span> <span class='ocrx_word' id='word_1_600' title='bbox 2791 3507 2855 3560; x_wconf 91' lang='lat' dir='ltr'><strong>de</strong></span> <span class='ocrx_word' id='word_1_601' title='bbox 2883 3505 2992 3558; x_wconf 90' lang='lat' dir='ltr'><strong>Deo</strong></span> <span class='ocrx_word' id='word_1_602' title='bbox 3016 3502 3299 3565; x_wconf 90' lang='lat' dir='ltr'><strong>imbuitur,</strong></span> <span class='ocrx_word' id='word_1_603' title='bbox 3325 3499 3378 3552; x_wconf 94' lang='lat' dir='ltr'><strong>in</strong></span> <span class='ocrx_word' id='word_1_604' title='bbox 3408 3497 3708 3551; x_wconf 62' lang='lat' dir='ltr'><strong>aeternitate</strong></span> <span class='ocrx_word' id='word_1_605' title='bbox 3734 3492 3806 3545; x_wconf 87' lang='lat' dir='ltr'><strong>illa</strong></span> 
     </span>
    </p>
   </div>
   <div class='ocr_carea' id='block_1_81' title="bbox 2256 3582 3807 3662">
    <p class='ocr_par' dir='ltr' id='par_1_81' title="bbox 2256 3582 3807 3662">
     <span class='ocr_line' id='line_1_81' title="bbox 2256 3582 3807 3662; baseline -0.016 -2"><span class='ocrx_word' id='word_1_606' title='bbox 2256 3582 2372 3660; x_wconf 84' lang='lat' dir='ltr'><strong>sine</strong></span> <span class='ocrx_word' id='word_1_607' title='bbox 2403 3604 2524 3657; x_wconf 92' lang='lat' dir='ltr'><strong>ullis</strong></span> <span class='ocrx_word' id='word_1_608' title='bbox 2551 3598 2795 3662; x_wconf 91' lang='lat' dir='ltr'><strong>morulis,</strong></span> <span class='ocrx_word' id='word_1_609' title='bbox 2830 3612 2893 3650; x_wconf 91' lang='lat' dir='ltr'><strong>ac</strong></span> <span class='ocrx_word' id='word_1_610' title='bbox 2931 3590 3241 3649; x_wconf 91' lang='lat' dir='ltr'><strong>nominibus</strong></span> <span class='ocrx_word' id='word_1_611' title='bbox 3274 3590 3325 3643; x_wconf 92' lang='lat' dir='ltr'><strong>in</strong></span> <span class='ocrx_word' id='word_1_612' title='bbox 3359 3588 3562 3642; x_wconf 92' lang='lat' dir='ltr'><strong>lumine</strong></span> <span class='ocrx_word' id='word_1_613' title='bbox 3600 3582 3807 3639; x_wconf 88' lang='lat' dir='ltr'><strong>videndo</strong></span> 
     </span>
    </p>
   </div>
   <div class='ocr_carea' id='block_1_82' title="bbox 2257 3674 3815 3761">
    <p class='ocr_par' dir='ltr' id='par_1_82' title="bbox 2257 3674 3815 3761">
     <span class='ocr_line' id='line_1_82' title="bbox 2257 3674 3815 3761; baseline -0.015 -12"><span class='ocrx_word' id='word_1_614' title='bbox 2257 3697 2436 3751; x_wconf 89' lang='lat' dir='ltr'><strong>lumen</strong></span> <span class='ocrx_word' id='word_1_615' title='bbox 2460 3691 2730 3761; x_wconf 88' lang='lat' dir='ltr'><strong>agnitione</strong></span> <span class='ocrx_word' id='word_1_616' title='bbox 2761 3685 2974 3741; x_wconf 85' lang='lat' dir='ltr'><strong>deitatis</strong></span> <span class='ocrx_word' id='word_1_617' title='bbox 2996 3682 3268 3752; x_wconf 90' lang='lat' dir='ltr'><strong>impletur.</strong></span> <span class='ocrx_word' id='word_1_618' title='bbox 3296 3678 3351 3734; x_wconf 90' lang='lat' dir='ltr'><strong>Si</strong></span> <span class='ocrx_word' id='word_1_619' title='bbox 3381 3678 3496 3731; x_wconf 53' lang='lat' dir='ltr'><strong>haec</strong></span> <span class='ocrx_word' id='word_1_620' title='bbox 3520 3685 3575 3730; x_wconf 89' lang='lat' dir='ltr'><strong>et</strong></span> <span class='ocrx_word' id='word_1_621' title='bbox 3604 3674 3815 3741; x_wconf 71' lang='lat' dir='ltr'><strong>aliaqute</strong></span> 
     </span>
    </p>
   </div>
   <div class='ocr_carea' id='block_1_83' title="bbox 2259 3762 3809 3840">
    <p class='ocr_par' dir='ltr' id='par_1_83' title="bbox 2259 3762 3809 3840">
     <span class='ocr_line' id='line_1_83' title="bbox 2259 3762 3809 3840; baseline -0.017 -1"><span class='ocrx_word' id='word_1_622' title='bbox 2259 3800 2366 3840; x_wconf 90' lang='lat' dir='ltr'><strong>non</strong></span> <span class='ocrx_word' id='word_1_623' title='bbox 2395 3782 2638 3836; x_wconf 85' lang='lat' dir='ltr'><strong>videmus</strong></span> <span class='ocrx_word' id='word_1_624' title='bbox 2670 3775 2960 3835; x_wconf 85' lang='lat' dir='ltr'><strong>credimus,</strong></span> <span class='ocrx_word' id='word_1_625' title='bbox 2997 3782 3055 3825; x_wconf 91' lang='lat' dir='ltr'><strong>ut</strong></span> <span class='ocrx_word' id='word_1_626' title='bbox 3077 3778 3161 3824; x_wconf 92' lang='lat' dir='ltr'><strong>est</strong></span> <span class='ocrx_word' id='word_1_627' title='bbox 3185 3770 3237 3823; x_wconf 91' lang='lat' dir='ltr'><strong>in</strong></span> <span class='ocrx_word' id='word_1_628' title='bbox 3272 3766 3601 3835; x_wconf 89' lang='lat' dir='ltr'><strong>baptismate</strong></span> <span class='ocrx_word' id='word_1_629' title='bbox 3648 3762 3809 3816; x_wconf 81' lang='lat' dir='ltr'><strong>remis-</strong></span> 
     </span>
    </p>
   </div>
   <div class='ocr_carea' id='block_1_84' title="bbox 2261 3858 3811 3940">
    <p class='ocr_par' dir='ltr' id='par_1_84' title="bbox 2261 3858 3811 3940">
     <span class='ocr_line' id='line_1_84' title="bbox 2261 3858 3811 3940; baseline -0.015 -12"><span class='ocrx_word' id='word_1_630' title='bbox 2261 3875 2361 3933; x_wconf 90' lang='lat' dir='ltr'><strong>sio,</strong></span> <span class='ocrx_word' id='word_1_631' title='bbox 2395 3870 2655 3940; x_wconf 85' lang='lat' dir='ltr'><strong>supplicia</strong></span> <span class='ocrx_word' id='word_1_632' title='bbox 2703 3868 2756 3920; x_wconf 93' lang='lat' dir='ltr'><strong>in</strong></span> <span class='ocrx_word' id='word_1_633' title='bbox 2805 3864 3035 3926; x_wconf 83' lang='lat' dir='ltr'><strong>inferno,</strong></span> <span class='ocrx_word' id='word_1_634' title='bbox 3088 3859 3310 3930; x_wconf 65' lang='lat' dir='ltr'><strong>praemia</strong></span> <span class='ocrx_word' id='word_1_635' title='bbox 3350 3858 3403 3911; x_wconf 90' lang='lat' dir='ltr'><strong>in</strong></span> <span class='ocrx_word' id='word_1_636' title='bbox 3453 3870 3642 3924; x_wconf 83' lang='lat' dir='ltr'><strong>regno,</strong></span> <span class='ocrx_word' id='word_1_637' title='bbox 3671 3865 3811 3922; x_wconf 87' lang='lat' dir='ltr'><strong>quare</strong></span> 
     </span>
    </p>
   </div>
   <div class='ocr_carea' id='block_1_85' title="bbox 2261 3948 3813 4031">
    <p class='ocr_par' dir='ltr' id='par_1_85' title="bbox 2261 3948 3813 4031">
     <span class='ocr_line' id='line_1_85' title="bbox 2261 3948 3813 4031; baseline -0.016 -12"><span class='ocrx_word' id='word_1_638' title='bbox 2261 3966 2350 4019; x_wconf 91' lang='lat' dir='ltr'><strong>hic</strong></span> <span class='ocrx_word' id='word_1_639' title='bbox 2376 3961 2582 4031; x_wconf 83' lang='lat' dir='ltr'><strong>appulsi</strong></span> <span class='ocrx_word' id='word_1_640' title='bbox 2618 3958 2869 4019; x_wconf 87' lang='lat' dir='ltr'><strong>dicimus,</strong></span> <span class='ocrx_word' id='word_1_641' title='bbox 2902 3953 3171 4023; x_wconf 87' lang='lat' dir='ltr'><strong>quomodo</strong></span> <span class='ocrx_word' id='word_1_642' title='bbox 3223 3949 3421 4020; x_wconf 89' lang='lat' dir='ltr'><strong>poterit</strong></span> <span class='ocrx_word' id='word_1_643' title='bbox 3470 3948 3612 4000; x_wconf 91' lang='lat' dir='ltr'><strong>Deus</strong></span> <span class='ocrx_word' id='word_1_644' title='bbox 3646 3955 3813 4014; x_wconf 81' lang='lat' dir='ltr'><strong>parare</strong></span> 
     </span>
    </p>
   </div>
   <div class='ocr_carea' id='block_1_86' title="bbox 2261 4034 3814 4113">
    <p class='ocr_par' dir='ltr' id='par_1_86' title="bbox 2261 4034 3814 4113">
     <span class='ocr_line' id='line_1_86' title="bbox 2261 4034 3814 4113; baseline -0.016 -6"><span class='ocrx_word' id='word_1_645' title='bbox 2261 4068 2500 4108; x_wconf 88' lang='lat' dir='ltr'><strong>mensam</strong></span> <span class='ocrx_word' id='word_1_646' title='bbox 2519 4052 2569 4103; x_wconf 88' lang='lat' dir='ltr'><strong>in</strong></span> <span class='ocrx_word' id='word_1_647' title='bbox 2592 4046 2842 4103; x_wconf 86' lang='lat' dir='ltr'><strong>deserto?</strong></span> <span class='ocrx_word' id='word_1_648' title='bbox 2863 4043 3034 4113; x_wconf 74' lang='lat' dir='ltr'><strong>(Paul.</strong></span> <span class='ocrx_word' id='word_1_649' title='bbox 3056 4056 3259 4106; x_wconf 82' lang='lat' dir='ltr'><strong>Lxxvn,</strong></span> <span class='ocrx_word' id='word_1_650' title='bbox 3289 4038 3399 4106; x_wconf 82' lang='grc'><strong>19.)</strong></span> <span class='ocrx_word' id='word_1_651' title='bbox 3428 4036 3559 4090; x_wconf 85' lang='lat' dir='ltr'><strong>Etsi</strong></span> <span class='ocrx_word' id='word_1_652' title='bbox 3584 4034 3751 4089; x_wconf 89' lang='lat' dir='ltr'><strong>multis</strong></span> <span class='ocrx_word' id='word_1_653' title='bbox 3768 4037 3814 4083; x_wconf 87' lang='lat' dir='ltr'><strong>et</strong></span> 
     </span>
    </p>
   </div>
   <div class='ocr_carea' id='block_1_87' title="bbox 2262 4120 3813 4207">
    <p class='ocr_par' dir='ltr' id='par_1_87' title="bbox 2262 4120 3813 4207">
     <span class='ocr_line' id='line_1_87' title="bbox 2262 4120 3813 4207; baseline -0.017 -7"><span class='ocrx_word' id='word_1_654' title='bbox 2262 4145 2417 4200; x_wconf 89' lang='lat' dir='ltr'><strong>bonis</strong></span> <span class='ocrx_word' id='word_1_655' title='bbox 2447 4152 2501 4197; x_wconf 90' lang='lat' dir='ltr'><strong>et</strong></span> <span class='ocrx_word' id='word_1_656' title='bbox 2528 4140 2680 4193; x_wconf 89' lang='lat' dir='ltr'><strong>malis</strong></span> <span class='ocrx_word' id='word_1_657' title='bbox 2716 4153 2835 4207; x_wconf 69' lang='lat' dir='ltr'><strong>qua:</strong></span> <span class='ocrx_word' id='word_1_658' title='bbox 2864 4150 2971 4190; x_wconf 93' lang='lat' dir='ltr'><strong>non</strong></span> <span class='ocrx_word' id='word_1_659' title='bbox 2994 4134 3254 4195; x_wconf 88' lang='lat' dir='ltr'><strong>vidimus,</strong></span> <span class='ocrx_word' id='word_1_660' title='bbox 3295 4128 3591 4191; x_wconf 89' lang='lat' dir='ltr'><strong>credimus,</strong></span> <span class='ocrx_word' id='word_1_661' title='bbox 3624 4133 3679 4178; x_wconf 89' lang='lat' dir='ltr'><strong>ut</strong></span> <span class='ocrx_word' id='word_1_662' title='bbox 3706 4120 3813 4191; x_wconf 91' lang='lat' dir='ltr'><strong>quid</strong></span> 
     </span>
    </p>
   </div>
   <div class='ocr_carea' id='block_1_88' title="bbox 2264 4217 3815 4292">
    <p class='ocr_par' dir='ltr' id='par_1_88' title="bbox 2264 4217 3815 4292">
     <span class='ocr_line' id='line_1_88' title="bbox 2264 4217 3815 4292; baseline -0.017 -4"><span class='ocrx_word' id='word_1_663' title='bbox 2264 4234 2316 4288; x_wconf 92' lang='lat' dir='ltr'><strong>in</strong></span> <span class='ocrx_word' id='word_1_664' title='bbox 2341 4248 2447 4286; x_wconf 91' lang='lat' dir='ltr'><strong>uno</strong></span> <span class='ocrx_word' id='word_1_665' title='bbox 2474 4229 2819 4289; x_wconf 69' lang='lat' dir='ltr'><strong>offendimus,</strong></span> <span class='ocrx_word' id='word_1_666' title='bbox 2852 4234 2905 4279; x_wconf 91' lang='lat' dir='ltr'><strong>et</strong></span> <span class='ocrx_word' id='word_1_667' title='bbox 2936 4224 3069 4277; x_wconf 90' lang='lat' dir='ltr'><strong>alias</strong></span> <span class='ocrx_word' id='word_1_668' title='bbox 3113 4229 3408 4292; x_wconf 87' lang='lat' dir='ltr'><strong>potentem,</strong></span> <span class='ocrx_word' id='word_1_669' title='bbox 3444 4218 3531 4270; x_wconf 89' lang='lat' dir='ltr'><strong>hic</strong></span> <span class='ocrx_word' id='word_1_670' title='bbox 3578 4217 3815 4282; x_wconf 88' lang='lat' dir='ltr'><strong>impoten-</strong></span> 
     </span>
    </p>
   </div>
   <div class='ocr_carea' id='block_1_89' title="bbox 2267 4298 3815 4379">
    <p class='ocr_par' dir='ltr' id='par_1_89' title="bbox 2267 4298 3815 4379">
     <span class='ocr_line' id='line_1_89' title="bbox 2267 4298 3815 4379; baseline -0.018 0"><span class='ocrx_word' id='word_1_671' title='bbox 2267 4335 2374 4379; x_wconf 88' lang='lat' dir='ltr'><strong>tem</strong></span> <span class='ocrx_word' id='word_1_672' title='bbox 2410 4322 2573 4374; x_wconf 89' lang='lat' dir='ltr'><strong>Deum</strong></span> <span class='ocrx_word' id='word_1_673' title='bbox 2628 4315 2892 4371; x_wconf 84' lang='lat' dir='ltr'><strong>dicimus?</strong></span> <span class='ocrx_word' id='word_1_674' title='bbox 2936 4313 3014 4367; x_wconf 85' lang='lat' dir='ltr'><strong>Ne</strong></span> <span class='ocrx_word' id='word_1_675' title='bbox 3064 4326 3194 4379; x_wconf 86' lang='lat' dir='ltr'><strong>ergo</strong></span> <span class='ocrx_word' id='word_1_676' title='bbox 3244 4307 3594 4363; x_wconf 84' lang='lat' dir='ltr'><strong>concidamus</strong></span> <span class='ocrx_word' id='word_1_677' title='bbox 3625 4319 3654 4355; x_wconf 88' lang='lat' dir='ltr'><strong>a</strong></span> <span class='ocrx_word' id='word_1_678' title='bbox 3699 4298 3815 4353; x_wconf 75' lang='lat' dir='ltr'><strong>facie</strong></span> 
     </span>
    </p>
   </div>
   <div class='ocr_carea' id='block_1_90' title="bbox 2266 4389 3816 4486">
    <p class='ocr_par' dir='ltr' id='par_1_90' title="bbox 2266 4389 3816 4486">
     <span class='ocr_line' id='line_1_90' title="bbox 2266 4389 3816 4486; baseline -0.018 -17"><span class='ocrx_word' id='word_1_679' title='bbox 2266 4417 2400 4486; x_wconf 86' lang='lat' dir='ltr'><strong>ejus,</strong></span> <span class='ocrx_word' id='word_1_680' title='bbox 2442 4410 2596 4484; x_wconf 90' lang='lat' dir='ltr'><strong>quasi</strong></span> <span class='ocrx_word' id='word_1_681' title='bbox 2626 4407 2824 4463; x_wconf 85' lang='lat' dir='ltr'><strong>inimici</strong></span> <span class='ocrx_word' id='word_1_682' title='bbox 2854 4405 2990 4472; x_wconf 90' lang='lat' dir='ltr'><strong>ejus,</strong></span> <span class='ocrx_word' id='word_1_683' title='bbox 3022 4404 3147 4473; x_wconf 91' lang='lat' dir='ltr'><strong>quia</strong></span> <span class='ocrx_word' id='word_1_684' title='bbox 3176 4400 3376 4455; x_wconf 88' lang='lat' dir='ltr'><strong>veritas</strong></span> <span class='ocrx_word' id='word_1_685' title='bbox 3397 4405 3454 4451; x_wconf 88' lang='lat' dir='ltr'><strong>et</strong></span> <span class='ocrx_word' id='word_1_686' title='bbox 3474 4389 3816 4450; x_wconf 88' lang='lat' dir='ltr'><strong>misericordia</strong></span> 
     </span>
    </p>
   </div>
   <div class='ocr_carea' id='block_1_91' title="bbox 584 4483 3816 4581">
    <p class='ocr_par' dir='ltr' id='par_1_91' title="bbox 584 4483 3816 4581">
     <span class='ocr_line' id='line_1_91' title="bbox 584 4483 3816 4581; baseline -0.009 -16"><span class='ocrx_word' id='word_1_687' title='bbox 584 4483 706 4581; x_wconf 77' lang='lat' dir='ltr'><strong>qua:</strong></span> <span class='ocrx_word' id='word_1_688' title='bbox 733 4483 1029 4564; x_wconf 81' lang='lat' dir='ltr'><strong>secundum</strong></span> <span class='ocrx_word' id='word_1_689' title='bbox 1062 4483 1744 4579; x_wconf 77' lang='lat' dir='ltr'><strong>ApostolumChristusest</strong></span> <span class='ocrx_word' id='word_1_690' title='bbox 1771 4483 2058 4579; x_wconf 36' lang='lat' dir='ltr'><strong>(I‘Cor.—x,</strong></span> <span class='ocrx_word' id='word_1_691' title='bbox 2084 4508 2158 4577; x_wconf 76' lang='grc'><strong>4),</strong></span> <span class='ocrx_word' id='word_1_692' title='bbox 2192 4519 2243 4579; x_wconf 80' lang='grc' dir='ltr'><strong>ι)</strong></span> <span class='ocrx_word' id='word_1_693' title='bbox 2268 4483 2359 4561; x_wconf 79' lang='lat' dir='ltr'><strong>Dei</strong></span> <span class='ocrx_word' id='word_1_694' title='bbox 2402 4483 2473 4559; x_wconf 87' lang='lat' dir='ltr'><strong>sit</strong></span> <span class='ocrx_word' id='word_1_695' title='bbox 2524 4504 2576 4557; x_wconf 90' lang='lat' dir='ltr'><strong>in</strong></span> <span class='ocrx_word' id='word_1_696' title='bbox 2617 4501 2830 4555; x_wconf 87' lang='lat' dir='ltr'><strong>Christo</strong></span> <span class='ocrx_word' id='word_1_697' title='bbox 2870 4498 3163 4559; x_wconf 80' lang='lat' dir='ltr'><strong>fateamur;</strong></span> <span class='ocrx_word' id='word_1_698' title='bbox 3221 4500 3278 4545; x_wconf 91' lang='lat' dir='ltr'><strong>et</strong></span> <span class='ocrx_word' id='word_1_699' title='bbox 3334 4490 3459 4561; x_wconf 89' lang='lat' dir='ltr'><strong>quia</strong></span> <span class='ocrx_word' id='word_1_700' title='bbox 3514 4489 3567 4542; x_wconf 94' lang='lat' dir='ltr'><strong>in</strong></span> <span class='ocrx_word' id='word_1_701' title='bbox 3623 4483 3816 4541; x_wconf 84' lang='lat' dir='ltr'><strong>nomine</strong></span> 
     </span>
    </p>
   </div>
   <div class='ocr_carea' id='block_1_92' title="bbox 584 4599 2161 4671">
    <p class='ocr_par' dir='ltr' id='par_1_92' title="bbox 584 4599 2161 4671">
     <span class='ocr_line' id='line_1_92' title="bbox 584 4599 2161 4671; baseline -0.002 -17"><span class='ocrx_word' id='word_1_702' title='bbox 584 4603 757 4655; x_wconf 89' lang='lat' dir='ltr'><strong>miror</strong></span> <span class='ocrx_word' id='word_1_703' title='bbox 785 4615 955 4669; x_wconf 90' lang='lat' dir='ltr'><strong>quare</strong></span> <span class='ocrx_word' id='word_1_704' title='bbox 981 4609 1179 4671; x_wconf 83' lang='lat' dir='ltr'><strong>petras,</strong></span> <span class='ocrx_word' id='word_1_705' title='bbox 1232 4600 1397 4670; x_wconf 88' lang='lat' dir='ltr'><strong>ligna,</strong></span> <span class='ocrx_word' id='word_1_706' title='bbox 1430 4609 1482 4654; x_wconf 90' lang='lat' dir='ltr'><strong>et</strong></span> <span class='ocrx_word' id='word_1_707' title='bbox 1513 4609 1708 4655; x_wconf 88' lang='lat' dir='ltr'><strong>caetera</strong></span> <span class='ocrx_word' id='word_1_708' title='bbox 1738 4616 1858 4669; x_wconf 63' lang='lat' dir='ltr'><strong>quae</strong></span> <span class='ocrx_word' id='word_1_709' title='bbox 1887 4599 2161 4652; x_wconf 81' lang='lat' dir='ltr'><strong>Christum</strong></span> 
     </span>
    </p>
   </div>
   <div class='ocr_carea' id='block_1_93' title="bbox 544 4688 2163 4761">
    <p class='ocr_par' dir='ltr' id='par_1_93' title="bbox 544 4688 2163 4761">
     <span class='ocr_line' id='line_1_93' title="bbox 544 4688 2163 4761; baseline -0.001 -18"><span class='ocrx_word' id='word_1_710' title='bbox 544 4724 547 4727; x_wconf 65' lang='grc'>‹</span> <span class='ocrx_word' id='word_1_711' title='bbox 584 4692 645 4744; x_wconf 88' lang='lat' dir='ltr'><strong>in</strong></span> <span class='ocrx_word' id='word_1_712' title='bbox 669 4688 967 4760; x_wconf 85' lang='lat' dir='ltr'><strong>Scripturis</strong></span> <span class='ocrx_word' id='word_1_713' title='bbox 996 4690 1302 4761; x_wconf 85' lang='lat' dir='ltr'><strong>signiﬁcare</strong></span> <span class='ocrx_word' id='word_1_714' title='bbox 1327 4690 1597 4758; x_wconf 89' lang='lat' dir='ltr'><strong>dicuntur,</strong></span> <span class='ocrx_word' id='word_1_715' title='bbox 1629 4705 1735 4744; x_wconf 91' lang='lat' dir='ltr'><strong>non</strong></span> <span class='ocrx_word' id='word_1_716' title='bbox 1758 4706 1820 4742; x_wconf 85' lang='lat' dir='ltr'><strong>ea</strong></span> <span class='ocrx_word' id='word_1_717' title='bbox 1836 4690 2163 4757; x_wconf 86' lang='lat' dir='ltr'><strong>aspectione,</strong></span> 
     </span>
    </p>
   </div>
   <div class='ocr_carea' id='block_1_94' title="bbox 587 4778 2168 4856">
    <p class='ocr_par' dir='ltr' id='par_1_94' title="bbox 587 4778 2168 4856">
     <span class='ocr_line' id='line_1_94' title="bbox 587 4778 2168 4856; baseline -0.004 -20"><span class='ocrx_word' id='word_1_718' title='bbox 587 4793 643 4836; x_wconf 90' lang='lat' dir='ltr'><strong>et</strong></span> <span class='ocrx_word' id='word_1_719' title='bbox 671 4780 832 4836; x_wconf 87' lang='lat' dir='ltr'><strong>laude</strong></span> <span class='ocrx_word' id='word_1_720' title='bbox 861 4780 1257 4856; x_wconf 91' lang='lat' dir='ltr'><strong>prosequimur,</strong></span> <span class='ocrx_word' id='word_1_721' title='bbox 1287 4795 1391 4850; x_wconf 88' lang='lat' dir='ltr'><strong>qua</strong></span> <span class='ocrx_word' id='word_1_722' title='bbox 1420 4779 1564 4834; x_wconf 90' lang='lat' dir='ltr'><strong>illam</strong></span> <span class='ocrx_word' id='word_1_723' title='bbox 1588 4780 1872 4835; x_wconf 87' lang='lat' dir='ltr'><strong>hostiolam</strong></span> <span class='ocrx_word' id='word_1_724' title='bbox 1906 4778 2078 4847; x_wconf 90' lang='lat' dir='ltr'><strong>panis,</strong></span> <span class='ocrx_word' id='word_1_725' title='bbox 2105 4792 2168 4830; x_wconf 90' lang='lat' dir='ltr'><strong>ac</strong></span> 
     </span>
    </p>
   </div>
   <div class='ocr_carea' id='block_1_95' title="bbox 584 4871 2170 4942">
    <p class='ocr_par' dir='ltr' id='par_1_95' title="bbox 584 4871 2170 4942">
     <span class='ocr_line' id='line_1_95' title="bbox 584 4871 2170 4942; baseline -0.002 -15"><span class='ocrx_word' id='word_1_726' title='bbox 584 4872 723 4937; x_wconf 83' lang='lat' dir='ltr'><strong>vini,</strong></span> <span class='ocrx_word' id='word_1_727' title='bbox 753 4888 874 4942; x_wconf 67' lang='lat' dir='ltr'><strong>quae</strong></span> <span class='ocrx_word' id='word_1_728' title='bbox 903 4873 955 4926; x_wconf 92' lang='lat' dir='ltr'><strong>in</strong></span> <span class='ocrx_word' id='word_1_729' title='bbox 985 4872 1140 4926; x_wconf 90' lang='lat' dir='ltr'><strong>altari</strong></span> <span class='ocrx_word' id='word_1_730' title='bbox 1171 4873 1473 4936; x_wconf 90' lang='lat' dir='ltr'><strong>conﬁcitur,</strong></span> <span class='ocrx_word' id='word_1_731' title='bbox 1502 4887 1676 4942; x_wconf 88' lang='lat' dir='ltr'><strong>quare</strong></span> <span class='ocrx_word' id='word_1_732' title='bbox 1706 4885 1812 4925; x_wconf 92' lang='lat' dir='ltr'><strong>non</strong></span> <span class='ocrx_word' id='word_1_733' title='bbox 1860 4885 1923 4923; x_wconf 91' lang='lat' dir='ltr'><strong>ea</strong></span> <span class='ocrx_word' id='word_1_734' title='bbox 1954 4889 1971 4921; x_wconf 86' lang='grc'><strong><em>‹</em></strong></span> <span class='ocrx_word' id='word_1_735' title='bbox 2007 4871 2170 4924; x_wconf 86' lang='lat' dir='ltr'><strong>bene-</strong></span> 
     </span>
    </p>
   </div>
   <div class='ocr_carea' id='block_1_96' title="bbox 588 4964 2167 5033">
    <p class='ocr_par' dir='ltr' id='par_1_96' title="bbox 588 4964 2167 5033">
     <span class='ocr_line' id='line_1_96' title="bbox 588 4964 2167 5033; baseline -0.005 -12"><span class='ocrx_word' id='word_1_736' title='bbox 588 4964 758 5030; x_wconf 84' lang='lat' dir='ltr'><strong>dicta,</strong></span> <span class='ocrx_word' id='word_1_737' title='bbox 793 4964 1089 5033; x_wconf 84' lang='lat' dir='ltr'><strong>adscripta,</strong></span> <span class='ocrx_word' id='word_1_738' title='bbox 1119 4974 1273 5031; x_wconf 85' lang='lat' dir='ltr'><strong>rata;</strong></span> <span class='ocrx_word' id='word_1_739' title='bbox 1316 4984 1334 5017; x_wconf 77' lang='grc' dir='ltr'><strong><em>ι</em></strong></span> <span class='ocrx_word' id='word_1_740' title='bbox 1371 4975 1426 5020; x_wconf 92' lang='lat' dir='ltr'><strong>et</strong></span> <span class='ocrx_word' id='word_1_741' title='bbox 1464 4979 1680 5019; x_wconf 89' lang='lat' dir='ltr'><strong>rursum</strong></span> <span class='ocrx_word' id='word_1_742' title='bbox 1716 4981 1735 5014; x_wconf 72' lang='grc' dir='ltr'><em>ι</em></span> <span class='ocrx_word' id='word_1_743' title='bbox 1771 4978 1925 5032; x_wconf 90' lang='lat' dir='ltr'><strong>pura,</strong></span> <span class='ocrx_word' id='word_1_744' title='bbox 1958 4971 2167 5026; x_wconf 83' lang='lat' dir='ltr'><strong>sancta,</strong></span> 
     </span>
    </p>
   </div>
   <div class='ocr_carea' id='block_1_97' title="bbox 590 5050 2167 5126">
    <p class='ocr_par' dir='ltr' id='par_1_97' title="bbox 590 5050 2167 5126">
     <span class='ocr_line' id='line_1_97' title="bbox 590 5050 2167 5126; baseline -0.003 -18"><span class='ocrx_word' id='word_1_745' title='bbox 590 5063 645 5109; x_wconf 89' lang='lat' dir='ltr'><strong>et</strong></span> <span class='ocrx_word' id='word_1_746' title='bbox 678 5055 1054 5121; x_wconf 88' lang='lat' dir='ltr'><strong>immaculata;</strong></span> <span class='ocrx_word' id='word_1_747' title='bbox 1089 5058 1211 5110; x_wconf 77' lang='lat' dir='ltr'><strong>vita:</strong></span> <span class='ocrx_word' id='word_1_748' title='bbox 1240 5062 1457 5126; x_wconf 85' lang='lat' dir='ltr'><strong>quoque</strong></span> <span class='ocrx_word' id='word_1_749' title='bbox 1485 5064 1723 5118; x_wconf 63' lang='lat' dir='ltr'><strong>aeternae,</strong></span> <span class='ocrx_word' id='word_1_750' title='bbox 1762 5071 1780 5103; x_wconf 78' lang='grc' dir='ltr'><strong><em>ι</em></strong></span> <span class='ocrx_word' id='word_1_751' title='bbox 1826 5061 1919 5105; x_wconf 89' lang='lat' dir='ltr'><strong>aut</strong></span> <span class='ocrx_word' id='word_1_752' title='bbox 1971 5070 1989 5102; x_wconf 74' lang='grc' dir='ltr'>ι</span> <span class='ocrx_word' id='word_1_753' title='bbox 2022 5050 2167 5105; x_wconf 84' lang='lat' dir='ltr'><strong>salu—</strong></span> 
     </span>
    </p>
   </div>
   <div class='ocr_carea' id='block_1_98' title="bbox 592 5140 2170 5223">
    <p class='ocr_par' dir='ltr' id='par_1_98' title="bbox 592 5140 2170 5223">
     <span class='ocr_line' id='line_1_98' title="bbox 592 5140 2170 5223; baseline -0.006 -19"><span class='ocrx_word' id='word_1_754' title='bbox 592 5148 663 5205; x_wconf 87' lang='lat' dir='ltr'><strong>tis</strong></span> <span class='ocrx_word' id='word_1_755' title='bbox 692 5158 990 5223; x_wconf 79' lang='lat' dir='ltr'><strong>perpetuae;</strong></span> <span class='ocrx_word' id='word_1_756' title='bbox 1023 5166 1041 5199; x_wconf 76' lang='grc' dir='ltr'><strong><em>ι</em></strong></span> <span class='ocrx_word' id='word_1_757' title='bbox 1063 5157 1117 5204; x_wconf 93' lang='lat' dir='ltr'><strong>et</strong></span> <span class='ocrx_word' id='word_1_758' title='bbox 1144 5148 1393 5203; x_wconf 90' lang='lat' dir='ltr'><strong>ultimum</strong></span> <span class='ocrx_word' id='word_1_759' title='bbox 1415 5156 1695 5215; x_wconf 89' lang='lat' dir='ltr'><strong>postquam</strong></span> <span class='ocrx_word' id='word_1_760' title='bbox 1718 5160 1736 5194; x_wconf 71' lang='grc' dir='ltr'><strong><em>ι</em></strong></span> <span class='ocrx_word' id='word_1_761' title='bbox 1759 5145 1811 5195; x_wconf 93' lang='lat' dir='ltr'><strong>in</strong></span> <span class='ocrx_word' id='word_1_762' title='bbox 1835 5140 2062 5197; x_wconf 89' lang='lat' dir='ltr'><strong>sublime</strong></span> <span class='ocrx_word' id='word_1_763' title='bbox 2079 5142 2170 5196; x_wconf 92' lang='lat' dir='ltr'><strong>Dei</strong></span> 
     </span>
    </p>
   </div>
   <div class='ocr_carea' id='block_1_99' title="bbox 597 5235 2171 5314">
    <p class='ocr_par' dir='ltr' id='par_1_99' title="bbox 597 5235 2171 5314">
     <span class='ocr_line' id='line_1_99' title="bbox 597 5235 2171 5314; baseline -0.005 -18"><span class='ocrx_word' id='word_1_764' title='bbox 597 5242 769 5297; x_wconf 88' lang='lat' dir='ltr'><strong>altare</strong></span> <span class='ocrx_word' id='word_1_765' title='bbox 794 5257 892 5314; x_wconf 90' lang='lat' dir='ltr'><strong>per</strong></span> <span class='ocrx_word' id='word_1_766' title='bbox 914 5257 1107 5303; x_wconf 89' lang='lat' dir='ltr'><strong>manus</strong></span> <span class='ocrx_word' id='word_1_767' title='bbox 1128 5242 1303 5313; x_wconf 85' lang='lat' dir='ltr'><strong>angeli</strong></span> <span class='ocrx_word' id='word_1_768' title='bbox 1327 5261 1345 5293; x_wconf 71' lang='grc' dir='ltr'><strong><em>ι</em></strong></span> <span class='ocrx_word' id='word_1_769' title='bbox 1369 5235 1845 5308; x_wconf 58' lang='grc' dir='ltr'><strong>2845ειοθιηᾱοιὶε</strong></span> <span class='ocrx_word' id='word_1_770' title='bbox 1861 5235 2171 5302; x_wconf 89' lang='lat' dir='ltr'><strong>precatione</strong></span> 
     </span>
    </p>
   </div>
   <div class='ocr_carea' id='block_1_100' title="bbox 595 5330 2173 5410">
    <p class='ocr_par' dir='ltr' id='par_1_100' title="bbox 595 5330 2173 5410">
     <span class='ocr_line' id='line_1_100' title="bbox 595 5330 2173 5410; baseline -0.008 -15"><span class='ocrx_word' id='word_1_771' title='bbox 595 5338 929 5405; x_wconf 79' lang='lat' dir='ltr'><strong>deferentur,</strong></span> <span class='ocrx_word' id='word_1_772' title='bbox 961 5340 1105 5410; x_wconf 92' lang='lat' dir='ltr'><strong>quod</strong></span> <span class='ocrx_word' id='word_1_773' title='bbox 1132 5353 1241 5395; x_wconf 89' lang='lat' dir='ltr'><strong>non</strong></span> <span class='ocrx_word' id='word_1_774' title='bbox 1263 5345 1344 5389; x_wconf 90' lang='lat' dir='ltr'><strong>est</strong></span> <span class='ocrx_word' id='word_1_775' title='bbox 1373 5331 1519 5387; x_wconf 93' lang='lat' dir='ltr'><strong>aliud</strong></span> <span class='ocrx_word' id='word_1_776' title='bbox 1561 5346 1724 5400; x_wconf 88' lang='lat' dir='ltr'><strong>quam</strong></span> <span class='ocrx_word' id='word_1_777' title='bbox 1747 5330 1949 5383; x_wconf 79' lang='lat' dir='ltr'><strong>Christi</strong></span> <span class='ocrx_word' id='word_1_778' title='bbox 1978 5343 2173 5398; x_wconf 89' lang='lat' dir='ltr'><strong>corpus</strong></span> 
     </span>
    </p>
   </div>
   <div class='ocr_carea' id='block_1_101' title="bbox 593 5420 2171 5502">
    <p class='ocr_par' dir='ltr' id='par_1_101' title="bbox 593 5420 2171 5502">
     <span class='ocr_line' id='line_1_101' title="bbox 593 5420 2171 5502; baseline -0.01 -16"><span class='ocrx_word' id='word_1_779' title='bbox 593 5440 752 5486; x_wconf 79' lang='lat' dir='ltr'><strong>extra</strong></span> <span class='ocrx_word' id='word_1_780' title='bbox 776 5433 919 5502; x_wconf 91' lang='lat' dir='ltr'><strong>quod</strong></span> <span class='ocrx_word' id='word_1_781' title='bbox 945 5431 1122 5488; x_wconf 89' lang='lat' dir='ltr'><strong>omnis</strong></span> <span class='ocrx_word' id='word_1_782' title='bbox 1168 5427 1343 5483; x_wconf 91' lang='lat' dir='ltr'><strong>hostia</strong></span> <span class='ocrx_word' id='word_1_783' title='bbox 1391 5432 1588 5477; x_wconf 88' lang='lat' dir='ltr'><strong>vacat:</strong></span> <span class='ocrx_word' id='word_1_784' title='bbox 1620 5437 1789 5491; x_wconf 88' lang='lat' dir='ltr'><strong>quare</strong></span> <span class='ocrx_word' id='word_1_785' title='bbox 1843 5436 1949 5474; x_wconf 93' lang='lat' dir='ltr'><strong>non</strong></span> <span class='ocrx_word' id='word_1_786' title='bbox 1976 5420 2171 5473; x_wconf 83' lang='lat' dir='ltr'><strong>iterum</strong></span> 
     </span>
    </p>
   </div>
   <div class='ocr_carea' id='block_1_102' title="bbox 595 5509 1995 5587">
    <p class='ocr_par' dir='ltr' id='par_1_102' title="bbox 595 5509 1995 5587">
     <span class='ocr_line' id='line_1_102' title="bbox 595 5509 1995 5587; baseline -0.015 -5"><span class='ocrx_word' id='word_1_787' title='bbox 595 5524 955 5587; x_wconf 73' lang='lat' dir='ltr'><strong>sanctiﬁcata,</strong></span> <span class='ocrx_word' id='word_1_788' title='bbox 986 5521 1277 5583; x_wconf 88' lang='lat' dir='ltr'><strong>viviﬁcata,</strong></span> <span class='ocrx_word' id='word_1_789' title='bbox 1305 5532 1369 5571; x_wconf 89' lang='lat' dir='ltr'><strong>ac</strong></span> <span class='ocrx_word' id='word_1_790' title='bbox 1388 5512 1672 5570; x_wconf 89' lang='lat' dir='ltr'><strong>benedicta</strong></span> <span class='ocrx_word' id='word_1_791' title='bbox 1700 5509 1995 5566; x_wconf 84' lang='lat' dir='ltr'><strong>vocamus?</strong></span> 
     </span>
    </p>
   </div>
   <div class='ocr_carea' id='block_1_103' title="bbox 668 5600 2172 5685">
    <p class='ocr_par' dir='ltr' id='par_1_103' title="bbox 668 5600 2172 5685">
     <span class='ocr_line' id='line_1_103' title="bbox 668 5600 2172 5685; baseline -0.013 -13"><span class='ocrx_word' id='word_1_792' title='bbox 668 5615 726 5672; x_wconf 93' lang='lat' dir='ltr'><strong>Si</strong></span> <span class='ocrx_word' id='word_1_793' title='bbox 760 5631 913 5685; x_wconf 88' lang='lat' dir='ltr'><strong>ergo,</strong></span> <span class='ocrx_word' id='word_1_794' title='bbox 939 5622 998 5667; x_wconf 91' lang='lat' dir='ltr'><strong>ut</strong></span> <span class='ocrx_word' id='word_1_795' title='bbox 1025 5612 1117 5667; x_wconf 91' lang='lat' dir='ltr'><strong>illa</strong></span> <span class='ocrx_word' id='word_1_796' title='bbox 1151 5610 1423 5675; x_wconf 89' lang='lat' dir='ltr'><strong>omittam,</strong></span> <span class='ocrx_word' id='word_1_797' title='bbox 1467 5605 1643 5662; x_wconf 87' lang='lat' dir='ltr'><strong>hostia</strong></span> <span class='ocrx_word' id='word_1_798' title='bbox 1675 5619 1771 5673; x_wconf 87' lang='lat' dir='ltr'><strong>per</strong></span> <span class='ocrx_word' id='word_1_799' title='bbox 1793 5600 2172 5657; x_wconf 83' lang='lat' dir='ltr'><strong>sanctiﬁcatio-</strong></span> 
     </span>
    </p>
   </div>
   <div class='ocr_carea' id='block_1_104' title="bbox 597 5689 2172 5769">
    <p class='ocr_par' dir='ltr' id='par_1_104' title="bbox 597 5689 2172 5769">
     <span class='ocr_line' id='line_1_104' title="bbox 597 5689 2172 5769; baseline -0.015 -7"><span class='ocrx_word' id='word_1_800' title='bbox 597 5724 723 5769; x_wconf 82' lang='lat' dir='ltr'><strong>nem</strong></span> <span class='ocrx_word' id='word_1_801' title='bbox 752 5702 1012 5759; x_wconf 87' lang='lat' dir='ltr'><strong>viviﬁcari</strong></span> <span class='ocrx_word' id='word_1_802' title='bbox 1042 5700 1260 5766; x_wconf 92' lang='lat' dir='ltr'><strong>dicitur,</strong></span> <span class='ocrx_word' id='word_1_803' title='bbox 1304 5701 1390 5755; x_wconf 91' lang='lat' dir='ltr'><strong>cui</strong></span> <span class='ocrx_word' id='word_1_804' title='bbox 1437 5696 1773 5753; x_wconf 89' lang='lat' dir='ltr'><strong>Dominicum</strong></span> <span class='ocrx_word' id='word_1_805' title='bbox 1816 5692 2063 5761; x_wconf 89' lang='lat' dir='ltr'><strong>congruit</strong></span> <span class='ocrx_word' id='word_1_806' title='bbox 2092 5689 2172 5742; x_wconf 93' lang='lat' dir='ltr'><strong>di-</strong></span> 
     </span>
    </p>
   </div>
   <div class='ocr_carea' id='block_1_105' title="bbox 602 5781 2166 5865">
    <p class='ocr_par' dir='ltr' id='par_1_105' title="bbox 602 5781 2166 5865">
     <span class='ocr_line' id='line_1_105' title="bbox 602 5781 2166 5865; baseline -0.014 -11"><span class='ocrx_word' id='word_1_807' title='bbox 602 5812 748 5857; x_wconf 72' lang='lat' dir='ltr'><strong>ctum</strong></span> <span class='ocrx_word' id='word_1_808' title='bbox 786 5818 795 5850; x_wconf 93' lang='lat'>:</span> <span class='ocrx_word' id='word_1_809' title='bbox 851 5796 954 5863; x_wconf 82' lang='lat' dir='ltr'><strong>Qui</strong></span> <span class='ocrx_word' id='word_1_810' title='bbox 1000 5794 1279 5849; x_wconf 71' lang='lat' dir='ltr'><strong>mandarat</strong></span> <span class='ocrx_word' id='word_1_811' title='bbox 1317 5807 1427 5860; x_wconf 76' lang='lat' dir='ltr'><strong>nqn</strong></span> <span class='ocrx_word' id='word_1_812' title='bbox 1478 5789 1621 5846; x_wconf 86' lang='lat' dir='ltr'><strong>aliud</strong></span> <span class='ocrx_word' id='word_1_813' title='bbox 1656 5785 1917 5865; x_wconf 88' lang='lat' dir='ltr'><strong>quidlibet</strong></span> <span class='ocrx_word' id='word_1_814' title='bbox 1944 5781 2037 5838; x_wconf 85' lang='lat' dir='ltr'><strong>sed</strong></span> <span class='ocrx_word' id='word_1_815' title='bbox 2069 5795 2166 5842; x_wconf 88' lang='lat' dir='ltr'><strong>me,</strong></span> 
     </span>
    </p>
   </div>
   <div class='ocr_carea' id='block_1_106' title="bbox 2268 4578 3816 4659">
    <p class='ocr_par' dir='ltr' id='par_1_106' title="bbox 2268 4578 3816 4659">
     <span class='ocr_line' id='line_1_106' title="bbox 2268 4578 3816 4659; baseline -0.017 -9"><span class='ocrx_word' id='word_1_816' title='bbox 2268 4597 2443 4651; x_wconf 86' lang='lat' dir='ltr'><strong>Patris</strong></span> <span class='ocrx_word' id='word_1_817' title='bbox 2477 4594 2640 4655; x_wconf 81' lang='lat' dir='ltr'><strong>venit,</strong></span> <span class='ocrx_word' id='word_1_818' title='bbox 2674 4604 2837 4659; x_wconf 86' lang='lat' dir='ltr'><strong>super</strong></span> <span class='ocrx_word' id='word_1_819' title='bbox 2877 4584 3127 4641; x_wconf 90' lang='lat' dir='ltr'><strong>carnales</strong></span> <span class='ocrx_word' id='word_1_820' title='bbox 3161 4581 3368 4638; x_wconf 88' lang='lat' dir='ltr'><strong>hostias</strong></span> <span class='ocrx_word' id='word_1_821' title='bbox 3404 4578 3630 4635; x_wconf 85' lang='lat' dir='ltr'><strong>exaltari</strong></span> <span class='ocrx_word' id='word_1_822' title='bbox 3670 4584 3816 4629; x_wconf 89' lang='lat' dir='ltr'><strong>cornu</strong></span> 
     </span>
    </p>
   </div>
   <div class='ocr_carea' id='block_1_107' title="bbox 2268 4687 2949 4742">
    <p class='ocr_par' dir='ltr' id='par_1_107' title="bbox 2268 4687 2949 4742">
     <span class='ocr_line' id='line_1_107' title="bbox 2268 4687 2949 4742; baseline -0.012 0"><span class='ocrx_word' id='word_1_823' title='bbox 2268 4687 2402 4742; x_wconf 70' lang='lat' dir='ltr'><strong>eius.</strong></span> <span class='ocrx_word' id='word_1_824' title='bbox 2940 4689 2949 4696; x_wconf 90' lang='lat'>&#39;</span> 
     </span>
    </p>
   </div>
   <div class='ocr_carea' id='block_1_108' title="bbox 2874 4763 3222 4821">
    <p class='ocr_par' dir='ltr' id='par_1_108' title="bbox 2874 4763 3222 4821">
     <span class='ocr_line' id='line_1_108' title="bbox 2874 4763 3222 4821; baseline -0.014 0"><span class='ocrx_word' id='word_1_825' title='bbox 2874 4765 3099 4821; x_wconf 82' lang='lat' dir='ltr'><strong>CAPUT</strong></span> <span class='ocrx_word' id='word_1_826' title='bbox 3135 4763 3222 4817; x_wconf 82' lang='lat' dir='ltr'><strong>IV.</strong></span> 
     </span>
    </p>
   </div>
   <div class='ocr_carea' id='block_1_109' title="bbox 2340 4840 3818 4924">
    <p class='ocr_par' dir='ltr' id='par_1_109' title="bbox 2340 4840 3818 4924">
     <span class='ocr_line' id='line_1_109' title="bbox 2340 4840 3818 4924; baseline -0.017 -7"><span class='ocrx_word' id='word_1_827' title='bbox 2340 4863 2540 4917; x_wconf 88' lang='lat' dir='ltr'><strong>Alludit</strong></span> <span class='ocrx_word' id='word_1_828' title='bbox 2570 4861 2653 4915; x_wconf 91' lang='lat' dir='ltr'><strong>his</strong></span> <span class='ocrx_word' id='word_1_829' title='bbox 2681 4859 2927 4915; x_wconf 88' lang='lat' dir='ltr'><strong>sensibus</strong></span> <span class='ocrx_word' id='word_1_830' title='bbox 2962 4857 3086 4909; x_wconf 92' lang='lat' dir='ltr'><strong>illud</strong></span> <span class='ocrx_word' id='word_1_831' title='bbox 3117 4854 3257 4924; x_wconf 90' lang='lat' dir='ltr'><strong>quod</strong></span> <span class='ocrx_word' id='word_1_832' title='bbox 3292 4853 3343 4905; x_wconf 92' lang='lat' dir='ltr'><strong>in</strong></span> <span class='ocrx_word' id='word_1_833' title='bbox 3377 4851 3517 4905; x_wconf 91' lang='lat' dir='ltr'><strong>libro</strong></span> <span class='ocrx_word' id='word_1_834' title='bbox 3546 4848 3738 4916; x_wconf 79' lang='lat' dir='ltr'><strong>Regum</strong></span> <span class='ocrx_word' id='word_1_835' title='bbox 3762 4840 3818 4894; x_wconf 83' lang='lat' dir='ltr'><strong>ad</strong></span> 
     </span>
    </p>
   </div>
   <div class='ocr_carea' id='block_1_110' title="bbox 2272 4941 3820 5015">
    <p class='ocr_par' dir='ltr' id='par_1_110' title="bbox 2272 4941 3820 5015">
     <span class='ocr_line' id='line_1_110' title="bbox 2272 4941 3820 5015; baseline -0.019 -5"><span class='ocrx_word' id='word_1_836' title='bbox 2272 4957 2439 5010; x_wconf 85' lang='lat' dir='ltr'><strong>Eliam</strong></span> <span class='ocrx_word' id='word_1_837' title='bbox 2472 4956 2709 5009; x_wconf 88' lang='lat' dir='ltr'><strong>dicitur:</strong></span> <span class='ocrx_word' id='word_1_838' title='bbox 2744 4951 2941 5004; x_wconf 84' lang='lat' dir='ltr'><strong>Recede</strong></span> <span class='ocrx_word' id='word_1_839' title='bbox 2981 4950 3121 5015; x_wconf 82' lang='lat' dir='ltr'><strong>hinc,</strong></span> <span class='ocrx_word' id='word_1_840' title='bbox 3164 4945 3361 5014; x_wconf 88' lang='lat' dir='ltr'><strong>inquit,</strong></span> <span class='ocrx_word' id='word_1_841' title='bbox 3416 4953 3462 4994; x_wconf 89' lang='lat' dir='ltr'><strong>et</strong></span> <span class='ocrx_word' id='word_1_842' title='bbox 3491 4941 3616 4995; x_wconf 83' lang='lat' dir='ltr'><strong>vade</strong></span> <span class='ocrx_word' id='word_1_843' title='bbox 3658 4944 3820 4988; x_wconf 75' lang='lat' dir='ltr'><strong>contra</strong></span> 
     </span>
    </p>
   </div>
   <div class='ocr_carea' id='block_1_111' title="bbox 2273 5029 3819 5111">
    <p class='ocr_par' dir='ltr' id='par_1_111' title="bbox 2273 5029 3819 5111">
     <span class='ocr_line' id='line_1_111' title="bbox 2273 5029 3819 5111; baseline -0.019 -8"><span class='ocrx_word' id='word_1_844' title='bbox 2273 5053 2541 5111; x_wconf 83' lang='lat' dir='ltr'><strong>orientem,</strong></span> <span class='ocrx_word' id='word_1_845' title='bbox 2580 5058 2623 5101; x_wconf 81' lang='grc' dir='ltr'><strong>ει</strong></span> <span class='ocrx_word' id='word_1_846' title='bbox 2652 5045 2963 5099; x_wconf 79' lang='lat' dir='ltr'><strong>abscondere</strong></span> <span class='ocrx_word' id='word_1_847' title='bbox 3001 5043 3053 5094; x_wconf 86' lang='lat' dir='ltr'><strong>in</strong></span> <span class='ocrx_word' id='word_1_848' title='bbox 3104 5046 3326 5092; x_wconf 78' lang='lat' dir='ltr'><strong>torrente</strong></span> <span class='ocrx_word' id='word_1_849' title='bbox 3381 5035 3582 5094; x_wconf 81' lang='lat' dir='ltr'><strong>Carith,</strong></span> <span class='ocrx_word' id='word_1_850' title='bbox 3631 5029 3717 5098; x_wconf 83' lang='lat' dir='ltr'><strong>qui</strong></span> <span class='ocrx_word' id='word_1_851' title='bbox 3757 5031 3819 5076; x_wconf 75' lang='lat' dir='ltr'><strong>est</strong></span> 
     </span>
    </p>
   </div>
   <div class='ocr_carea' id='block_1_112' title="bbox 2274 5115 3819 5200">
    <p class='ocr_par' dir='ltr' id='par_1_112' title="bbox 2274 5115 3819 5200">
     <span class='ocr_line' id='line_1_112' title="bbox 2274 5115 3819 5200; baseline -0.016 -6"><span class='ocrx_word' id='word_1_852' title='bbox 2274 5152 2452 5194; x_wconf 83' lang='lat' dir='ltr'><strong>contra</strong></span> <span class='ocrx_word' id='word_1_853' title='bbox 2478 5138 2786 5200; x_wconf 80' lang='lat' dir='ltr'><strong>Jardanem,</strong></span> <span class='ocrx_word' id='word_1_854' title='bbox 2836 5143 2883 5186; x_wconf 87' lang='lat' dir='ltr'><strong>et</strong></span> <span class='ocrx_word' id='word_1_855' title='bbox 2931 5133 3002 5184; x_wconf 83' lang='lat' dir='ltr'><strong>ibi</strong></span> <span class='ocrx_word' id='word_1_856' title='bbox 3044 5132 3107 5183; x_wconf 85' lang='lat' dir='ltr'><strong>de</strong></span> <span class='ocrx_word' id='word_1_857' title='bbox 3130 5136 3354 5181; x_wconf 78' lang='lat' dir='ltr'><strong>torrente</strong></span> <span class='ocrx_word' id='word_1_858' title='bbox 3391 5126 3529 5178; x_wconf 79' lang='lat' dir='ltr'><strong>bibes</strong></span> <span class='ocrx_word' id='word_1_859' title='bbox 3565 5119 3674 5191; x_wconf 88' lang='grc'><em>(111</em></span> <span class='ocrx_word' id='word_1_860' title='bbox 3710 5115 3819 5183; x_wconf 75' lang='lat' dir='ltr'><strong>Reg.</strong></span> 
     </span>
    </p>
   </div>
   <div class='ocr_carea' id='block_1_113' title="bbox 2276 5212 3819 5303">
    <p class='ocr_par' dir='ltr' id='par_1_113' title="bbox 2276 5212 3819 5303">
     <span class='ocr_line' id='line_1_113' title="bbox 2276 5212 3819 5303; baseline -0.019 -15"><span class='ocrx_word' id='word_1_861' title='bbox 2276 5251 2408 5298; x_wconf 78' lang='lat' dir='ltr'><strong>xm,</strong></span> <span class='ocrx_word' id='word_1_862' title='bbox 2432 5232 2506 5303; x_wconf 80' lang='grc'><strong>5).</strong></span> <span class='ocrx_word' id='word_1_863' title='bbox 2526 5232 2687 5295; x_wconf 86' lang='lat' dir='ltr'><strong>Elias,</strong></span> <span class='ocrx_word' id='word_1_864' title='bbox 2714 5229 2805 5298; x_wconf 92' lang='lat' dir='ltr'><strong>qui</strong></span> <span class='ocrx_word' id='word_1_865' title='bbox 2836 5220 3373 5294; x_wconf 82' lang='lat' dir='ltr'><strong>interpretaturDeus</strong></span> <span class='ocrx_word' id='word_1_866' title='bbox 3397 5232 3539 5270; x_wconf 82' lang='lat' dir='ltr'><strong>meus</strong></span> <span class='ocrx_word' id='word_1_867' title='bbox 3566 5212 3819 5303; x_wconf 74' lang='lat' dir='ltr'><strong>Dominus,</strong></span> 
     </span>
    </p>
   </div>
   <div class='ocr_carea' id='block_1_114' title="bbox 2274 5297 3821 5390">
    <p class='ocr_par' dir='ltr' id='par_1_114' title="bbox 2274 5297 3821 5390">
     <span class='ocr_line' id='line_1_114' title="bbox 2274 5297 3821 5390; baseline -0.02 -11"><span class='ocrx_word' id='word_1_868' title='bbox 2274 5297 2551 5379; x_wconf 85' lang='lat' dir='ltr'><strong>Judaicum</strong></span> <span class='ocrx_word' id='word_1_869' title='bbox 2586 5318 2840 5390; x_wconf 90' lang='lat' dir='ltr'><strong>populum</strong></span> <span class='ocrx_word' id='word_1_870' title='bbox 2889 5315 3087 5384; x_wconf 88' lang='lat' dir='ltr'><strong>signat,</strong></span> <span class='ocrx_word' id='word_1_871' title='bbox 3136 5311 3221 5365; x_wconf 94' lang='lat' dir='ltr'><strong>cui</strong></span> <span class='ocrx_word' id='word_1_872' title='bbox 3272 5309 3326 5361; x_wconf 90' lang='lat' dir='ltr'><strong>in</strong></span> <span class='ocrx_word' id='word_1_873' title='bbox 3370 5322 3465 5360; x_wconf 88' lang='lat' dir='ltr'><strong>sua</strong></span> <span class='ocrx_word' id='word_1_874' title='bbox 3512 5303 3673 5372; x_wconf 86' lang='lat' dir='ltr'><strong>ipsius</strong></span> <span class='ocrx_word' id='word_1_875' title='bbox 3722 5297 3821 5364; x_wconf 68' lang='lat' dir='ltr'><strong>lege</strong></span> 
     </span>
    </p>
   </div>
   <div class='ocr_carea' id='block_1_115' title="bbox 2276 5389 3825 5471">
    <p class='ocr_par' dir='ltr' id='par_1_115' title="bbox 2276 5389 3825 5471">
     <span class='ocr_line' id='line_1_115' title="bbox 2276 5389 3825 5471; baseline -0.018 -4"><span class='ocrx_word' id='word_1_876' title='bbox 2276 5389 2601 5467; x_wconf 84' lang='lat' dir='ltr'><strong>creberrime</strong></span> <span class='ocrx_word' id='word_1_877' title='bbox 2640 5406 2957 5469; x_wconf 87' lang='lat' dir='ltr'><strong>inculcatur,</strong></span> <span class='ocrx_word' id='word_1_878' title='bbox 2992 5402 3102 5471; x_wconf 84' lang='lat' dir='ltr'><strong>Ego</strong></span> <span class='ocrx_word' id='word_1_879' title='bbox 3141 5398 3417 5461; x_wconf 79' lang='lat' dir='ltr'><strong>Dominus,</strong></span> <span class='ocrx_word' id='word_1_880' title='bbox 3452 5393 3578 5447; x_wconf 86' lang='lat' dir='ltr'><strong>huic</strong></span> <span class='ocrx_word' id='word_1_881' title='bbox 3611 5389 3825 5471; x_wconf 73' lang='lat' dir='ltr'><strong>impera-</strong></span> 
     </span>
    </p>
   </div>
   <div class='ocr_carea' id='block_1_116' title="bbox 2277 5470 3822 5562">
    <p class='ocr_par' dir='ltr' id='par_1_116' title="bbox 2277 5470 3822 5562">
     <span class='ocr_line' id='line_1_116' title="bbox 2277 5470 3822 5562; baseline -0.021 -7"><span class='ocrx_word' id='word_1_882' title='bbox 2277 5512 2364 5555; x_wconf 89' lang='lat' dir='ltr'><strong>tur</strong></span> <span class='ocrx_word' id='word_1_883' title='bbox 2389 5508 2447 5553; x_wconf 91' lang='lat' dir='ltr'><strong>ut</strong></span> <span class='ocrx_word' id='word_1_884' title='bbox 2480 5498 2628 5562; x_wconf 87' lang='lat' dir='ltr'><strong>hinc,</strong></span> <span class='ocrx_word' id='word_1_885' title='bbox 2658 5496 2713 5548; x_wconf 82' lang='lat' dir='ltr'><strong>id</strong></span> <span class='ocrx_word' id='word_1_886' title='bbox 2733 5501 2836 5555; x_wconf 88' lang='lat' dir='ltr'><strong>est,</strong></span> <span class='ocrx_word' id='word_1_887' title='bbox 2887 5493 2953 5545; x_wconf 91' lang='lat' dir='ltr'><strong>ab</strong></span> <span class='ocrx_word' id='word_1_888' title='bbox 2994 5470 3308 5543; x_wconf 80' lang='lat' dir='ltr'><strong>inﬁdelitate</strong></span> <span class='ocrx_word' id='word_1_889' title='bbox 3335 5483 3571 5543; x_wconf 88' lang='lat' dir='ltr'><strong>recedat,</strong></span> <span class='ocrx_word' id='word_1_890' title='bbox 3601 5474 3735 5545; x_wconf 82' lang='lat' dir='ltr'><strong>quod</strong></span> <span class='ocrx_word' id='word_1_891' title='bbox 3776 5470 3822 5522; x_wconf 77' lang='lat' dir='ltr'><strong>iu</strong></span> 
     </span>
    </p>
   </div>
   <div class='ocr_carea' id='block_1_117' title="bbox 2235 5567 3821 5654">
    <p class='ocr_par' dir='ltr' id='par_1_117' title="bbox 2235 5567 3821 5654">
     <span class='ocr_line' id='line_1_117' title="bbox 2235 5567 3821 5654; baseline -0.022 -7"><span class='ocrx_word' id='word_1_892' title='bbox 2235 5603 2239 5607; x_wconf 80' lang='lat'><strong><em>‘</em></strong></span> <span class='ocrx_word' id='word_1_893' title='bbox 2276 5591 2544 5646; x_wconf 86' lang='lat' dir='ltr'><strong>Abraham</strong></span> <span class='ocrx_word' id='word_1_894' title='bbox 2575 5584 2850 5654; x_wconf 91' lang='lat' dir='ltr'><strong>primitivo</strong></span> <span class='ocrx_word' id='word_1_895' title='bbox 2877 5581 3085 5635; x_wconf 76' lang='lat' dir='ltr'><strong>factum</strong></span> <span class='ocrx_word' id='word_1_896' title='bbox 3105 5585 3334 5632; x_wconf 89' lang='lat' dir='ltr'><strong>constat.</strong></span> <span class='ocrx_word' id='word_1_897' title='bbox 3358 5573 3556 5627; x_wconf 87' lang='lat' dir='ltr'><strong>Contra</strong></span> <span class='ocrx_word' id='word_1_898' title='bbox 3576 5567 3821 5654; x_wconf 75' lang='lat' dir='ltr'><strong>orientem</strong></span> 
     </span>
    </p>
   </div>
   <div class='ocr_carea' id='block_1_118' title="bbox 2270 5648 3827 5751">
    <p class='ocr_par' dir='ltr' id='par_1_118' title="bbox 2270 5648 3827 5751">
     <span class='ocr_line' id='line_1_118' title="bbox 2270 5648 3827 5751; baseline -0.023 -13"><span class='ocrx_word' id='word_1_899' title='bbox 2270 5683 2490 5751; x_wconf 78' lang='lat' dir='ltr'><strong>iubetur</strong></span> <span class='ocrx_word' id='word_1_900' title='bbox 2513 5648 2587 5732; x_wconf 40' lang='lat' dir='ltr'><strong>ut-</strong></span> <span class='ocrx_word' id='word_1_901' title='bbox 2602 5676 2780 5738; x_wconf 85' lang='lat' dir='ltr'><strong>vadat,</strong></span> <span class='ocrx_word' id='word_1_902' title='bbox 2814 5674 2864 5727; x_wconf 88' lang='lat' dir='ltr'><strong>id</strong></span> <span class='ocrx_word' id='word_1_903' title='bbox 2893 5679 2977 5726; x_wconf 88' lang='lat' dir='ltr'><strong>est</strong></span> <span class='ocrx_word' id='word_1_904' title='bbox 3006 5671 3071 5725; x_wconf 89' lang='lat' dir='ltr'><strong>ad</strong></span> <span class='ocrx_word' id='word_1_905' title='bbox 3103 5669 3193 5722; x_wconf 89' lang='lat' dir='ltr'><strong>Dei</strong></span> <span class='ocrx_word' id='word_1_906' title='bbox 3221 5663 3578 5734; x_wconf 79' lang='lat' dir='ltr'><strong>cognitionem</strong></span> <span class='ocrx_word' id='word_1_907' title='bbox 3605 5670 3663 5711; x_wconf 85' lang='lat' dir='ltr'><strong>se</strong></span> <span class='ocrx_word' id='word_1_908' title='bbox 3703 5648 3827 5751; x_wconf 51' lang='lat' dir='ltr'><strong>diri:</strong></span> 
     </span>
    </p>
   </div>
   <div class='ocr_carea' id='block_1_119' title="bbox 2279 5740 3826 5845">
    <p class='ocr_par' dir='ltr' id='par_1_119' title="bbox 2279 5740 3826 5845">
     <span class='ocr_line' id='line_1_119' title="bbox 2279 5740 3826 5845; baseline -0.021 -18"><span class='ocrx_word' id='word_1_909' title='bbox 2279 5740 2384 5845; x_wconf 74' lang='lat' dir='ltr'><strong>gat.</strong></span> <span class='ocrx_word' id='word_1_910' title='bbox 2426 5770 2618 5826; x_wconf 84' lang='lat' dir='ltr'><strong>Contra</strong></span> <span class='ocrx_word' id='word_1_911' title='bbox 2674 5780 2905 5841; x_wconf 80' lang='lat' dir='ltr'><strong>namque</strong></span> <span class='ocrx_word' id='word_1_912' title='bbox 2958 5778 3063 5818; x_wconf 90' lang='lat' dir='ltr'><strong>non</strong></span> <span class='ocrx_word' id='word_1_913' title='bbox 3122 5759 3293 5816; x_wconf 88' lang='lat' dir='ltr'><strong>solum</strong></span> <span class='ocrx_word' id='word_1_914' title='bbox 3330 5770 3428 5824; x_wconf 78' lang='lat' dir='ltr'><strong>pro</strong></span> <span class='ocrx_word' id='word_1_915' title='bbox 3468 5752 3711 5813; x_wconf 80' lang='lat' dir='ltr'><strong>adverso,</strong></span> <span class='ocrx_word' id='word_1_916' title='bbox 3742 5740 3826 5801; x_wconf 87' lang='lat' dir='ltr'><strong>sed</strong></span> 
     </span>
    </p>
   </div>
  </div>
