4038 6330
201 378 350 436 533

1229 361 1448 420 EPIST.
1493 360 1584 416 DE
1609 355 1959 415 VERITATE
1991 319 2296 408 DOMINlCl
2328 309 2696 432 conponis."

3397 340 3502 396 554

200 501 282 543 et
316 502 430 558 pro
451 459 749 542 directione
787 493 928 550 stupe
975 483 1210 550 ponitur.
1243 475 1300 530 In
1326 447 1567 530 torrente
1599 473 1826 526 abscon-
1856 474 1901 524 A
1927 465 2138 516 erudiat
2166 471 2236 516 te.
2269 463 2500 531 Cumque
2526 459 2764 514 venisset‘
2786 455 2855 508 ad
2884 461 3087 523 portam
3131 462 3374 519 civitatis,
3405 468 3504 522 ap-

205 581 416 643 ditur,
449 577 577 632 dum
619 577 757 630 intra
797 574 930 645 legis
961 571 1244 628 scientiam
1277 584 1306 622 a
1348 566 1534 622 multis
1565 579 1684 636 quae
1710 563 1827 631 lege

207 670 611 740 prohibentur
641 667 788 721 vitiis
820 671 1156 726 contutatur,
1193 670 1248 716 et
1275 666 1421 713 recte
1462 657 1576 726 ipsa
1613 663 1827 708 torrens

213 759 472 826 eiicitur,
519 771 640 827 quat
681 771 788 811 non
838 751 1266 812 immutabiliter,
1320 747 1412 802 sed
1441 741 1826 814 perfunctorie,

213 858 288 904 et
329 849 496 918 quasi
529 848 598 902 ad
631 855 840 916 tempus
869 847 1046 902 datur.
1080 833 1312 900 Unde'et
1347 855 1376 894 a
1397 837 1564 892 Paulo
1591 843 1830 890 sanctum

217 937 508 992 sreculare
527 945 755 994 vocatur
784 936 972 1007 (Hebr.
1002 951 1082 1000 ix,
1113 934 1188 1004 i).
1217 930 1404 987 Carith
1443 938 1624 984 autem
1673 939 1832 980 voca-

221 1026 438 1095 batur,
471 1028 613 1098 quod
643 1043 890 1083 occursus
927 1027 1062 1098 ignis
1109 1024 1516 1092 interpretatur,
1555 1018 1682 1090 quia
1723 1029 1832 1086 quo

223 1119 430 1188 magis
460 1118 594 1191 legis
634 1119 890 1174 mandato
934 1117 1002 1172 ab
1036 1115 1238 1170 illicitis
1267 1114 1576 1175 arcebatur,
1609 1123 1676 1163 eo
1719 1122 1833 1161 am-

224 1210 396 1280 plius
416 1211 979 1281 concupiscentiarum
997 1207 1313 1264 occursibus
1335 1203 1667 1274 pulsabatur.
1691 1197 1834 1268 Ignis

229 1301 401 1357 enim
432 1301 868 1372 concupiscentia
896 1309 996 1355 est.
1029 1297 1182 1354 Unde
1236 1292 1564 1366 Apostolus:
1624 1287 1832 1344 Concu-

229 1391 586 1460 piscentiam,
617 1391 813 1459 inquit,
845 1389 1149 1451 nesciebant,
1184 1388 1283 1440 nisi
1311 1385 1394 1438 lex
1435 1383 1667 1435 diceret:
1711 1378 1835 1432 Non

228 1482 588 1552 concupisces
608 1481 785 1554 (Rom.
812 1499 910 1546 vti,
935 1481 1010 1553 7).
1036 1479 1236 1537 Contra
1259 1478 1548 1534 Jordanem
1576 1481 1684 1538 est,
1709 1471 1836 1541 Quia

237 1588 364 1627 non
395 1573 563 1639 aliud,
591 1588 752 1643 quam
784 1575 1078 1630 secundum
1113 1572 1342 1643 gratiam
1369 1564 1708 1638 baptismatis
1752 1563 1833 1617 vi-

237 1676 386 1718 vere
417 1662 713 1718 volentium
745 1664 1087 1734 praesagium,
1118 1663 1229 1716 imo
1261 1659 1558 1729 auspicium
1582 1665 1683 1712 est.
1723 1654 1836 1709 Lex

239 1757 404 1812 enim
463 1759 784 1829 paedagogus
840 1767 1024 1814 noster
1077 1767 1161 1814 est
1215 1758 1269 1813 in
1315 1756 1550 1812 Christo.
1604 1753 1681 1808 De
1727 1760 1838 1806 tor-

242 1857 415 1904 rente
435 1891 450 1916 ,
497 1851 703 1920 inquit,
737 1849 902 1916 bibit,
933 1835 1060 1904 dum
1087 1848 1516 1918 qualemcunque
1559 1843 1834 1911 vapidum,

250 1940 476 1996 scilicet
535 1940 915 2006 intellectura,
978 1940 1044 1996 de
1116 1939 1252 2011 legis
1316 1934 1544 1991 scientia
1613 1929 1838 2002 populus

244 2032 466 2089 haurit.

326 2123 524 2179 Corvis
549 2123 791 2194 przeeipit
818 2124 959 2180 Deus
986 2132 1046 2178 ut
1073 2121 1147 2178 ibi
1175 2134 1297 2177 eum
1328 2125 1569 2190 pascant,
1602 2115 1724 2168 dum
1753 2126 1840 2166 sa-

245 2213 572 2269 cerdotibus
597 2215 766 2270 nimia
811 2215 1202 2272 sacriﬁciorum
1235 2210 1529 2266 ambitione
1559 2205 1839 2274 rapacibus

248 2303 517 2373 injuugit,
562 2313 620 2359 ut
669 2320 790 2360 eum
837 2305 1097 2371 doceant;
1131 2303 1326 2374 quibus
1372 2299 1670 2354 Dominus:
1711 2293 1838 2359 Vos,

247 2396 358 2456 εἰ,
390 2393 587 2463 fecistis
612 2395 747 2449 hanc
768 2381 980 2450 domum
1003 2395 1300 2466 speluncam
1332 2392 1592 2446 latronum
1623 2386 1836 2460 (Matth.

223 2501 378 2550 .nt,
425 2485 538 2556 l5).
591 2485 697 2541 Sed
742 2495 797 2542 et
829 2486 974 2542 Elias
1023 2487 1076 2542 in
1125 2495 1364 2541 torrente
1404 2498 1526 2538 cum
1573 2481 1744 2550 plebs,
1783 2486 1846 2556 ut.

248 2575 414 2640 juxta
452 2576 767 2646 Apostolum
816 2579 1029 2649 loquar,
1079 2575 1373 2648 requiescit
1411 2574 1464 2628 in
1514 2573 1648 2643 lege.
1681 2570 1841 2626 Corvi

257 2664 518 2721 deferunt
541 2681 732 2737 panem
757 2677 812 2723 et
834 2683 1028 2742 carnes
1067 2682 1246 2733 mane,
1274 2665 1525 2722 similiter
1551 2677 1744 2734 panem
1790 2667 1845 2716 et

255 2770 464 2811 carnes
485 2770 708 2826 veSpere
729 2756 850 2826 (III
873 2757 996 2828 Reg.
1032 2774 1163 2822 xvii,
1194 2758 1269 2826 6),
1317 2758 1442 2812 dum
1475 2756 1527 2810 in
1572 2753 1844 2824 prosperis

258 2857 319 2904 et
348 2847 610 2912 adversis,
641 2849 786 2918 quod
821 2859 904 2904 est
937 2864 1097 2904 mane
1133 2858 1186 2902 et
1211 2861 1452 2918 vespere,
1493 2843 1842 2914 temporalem

254 2937 676 3009 iucunditatem,
709 2941 850 3010 quod
887 2941 1044 3016 panis
1089 2940 1380 3012 signiﬁcat,
1412 2953 1511 3008 per
1552 2935 1834 2993 sacriﬁcio.

261 3044 387 3084 nun
427 3030 824 3098 assiduitatem,
869 3041 926 3086 et
960 3031 1206 3088 carnales
1233 3029 1606 3088 observantias
1633 3025 1844 3098 populis

261 3120 605 3196 pollicentur.
624 3121 751 3178 Post
768 3123 877 3178 dies
893 3133 1067 3178 autem
1088 3132 1313 3178 siccatus
1339 3131 1414 3178 est
1439 3132 1641 3177 torrens
1668 3119 1815 3191 (ibid.

264 3207 346 3277 7),
375 3208 501 3278 quia
531 3217 656 3278 post
697 3208 1148 3264 illuminationem
1200 3207 1496 3280 Evangelii,
1547 3207 1846 3278 gratiarum

267 3298 456 3367 legalis
488 3299 748 3354 doctrina:
775 3301 1142 3356 rudimentum
1173 3301 1348 3355 visum
1377 3308 1462 3355 est
1496 3297 1848 3354 credentibus

267 3391 337 3448 ad
365 3388 594 3446 salutem
623 3390 804 3462 minus
830 3389 1130 3446 suﬁiciens:
1151 3389 1275 3444 Non
1304 3391 1442 3445 enim
1469 3388 1673 3459 pluerat
1695 3401 1851 3455 super

269 3493 466 3556 terram
491 3477 646 3552 (Gen.
670 3497 730 3545 tt,
762 3481 839 3554 5),
871 3482 998 3552 quia
1037 3482 1301 3536 adventus
1332 3479 1628 3535 Salvatoris
1651 3477 1850 3532 nullam

270 3575 327 3630 in
367 3573 521 3630 libris
556 3575 853 3641 veteribus,
905 3575 996 3645 qui
1027 3574 1240 3630 nonnisi
1286 3582 1506 3628 terrena
1535 3570 1852 3644 promitte.e

269 3664 614 3732 videbantur,
640 3664 910 3720 infuderat
934 3665 1364 3738 intelligentiam.
1389 3663 1543 3718 Unde
1565 3671 1650 3716 est
1673 3679 1685 3714 :
1733 3657 1850 3713 Vir-

273 3766 433 3809 tutem
459 3772 672 3824 operum
695 3772 910 3810 suorum
955 3757 1284 3810 annuntiabit
1325 3753 1487 3827 285
1517 3751 1706 3824 populo
1733 3767 1847 3814 suo,

277 3855 333 3898 ut
369 3844 453 3898 det
489 3843 596 3898 illis
624 3844 981 3902 [taareditatem
1014 3846 1243 3914 gentium
1275 3843 1446 3914 (Psal.
1475 3859 1564 3907 cx,
1597 3841 1673 3911 6).

308 4005 316 4013 Ι,
346 3933 545 3995 Factus
560 3944 634 3990 est
646 3936 804 4004 igitur
816 3953 984 3990 sermo
1001 3936 1210 3991 Domini
1223 3937 1288 3989 ad
1301 3953 1416 3990 eum
1433 3937 1608 3989 dicens
1627 3949 1644 3986 :
1663 3933 1850 4002 Surge,

275 4025 404 4081 uade
432 4026 486 4079 in
515 4025 771 4093 Sareplita
798 4025 1139 4081 Sidoniorum
1169 4038 1217 4082 et
1243 4029 1474 4081 nianebis
1497 4028 1566 4080 ibi
1589 4025 1851 4096 (IIIReg.

275 4131 407 4179 xvtt,
443 4115 596 4186 8,9).
619 4115 812 4173 Sermo
842 4118 1053 4173 Domini
1085 4121 1163 4184 ﬁt,
1189 4137 1310 4173 cum
1331 4119 1560 4176 Verbum
1590 4121 1856 4174 invisibile

277 4214 525 4260 creatura
546 4207 746 4261 factum
781 4210 1046 4279 apparuit.
1069 4209 1334 4280 Utsurgat
1359 4213 1627 4274 hortatur,
1649 4213 1770 4280 quia
1801 4221 1858 4266 ut

278 4295 348 4351 ab
370 4295 568 4352 inﬁmis
595 4297 661 4351 ad
678 4314 909 4368 superna
938 4303 1138 4370 aspiret
1175 4318 1273 4372 per
1302 4317 1491 4358 novam
1519 4303 1746 4373 gratiam
1775 4304 1858 4356 in-

277 4387 496 4440 citatur.
537 4387 594 4442 ιιι
634 4387 952 4458 Sarephtatn
985 4392 1062 4446 ire
1086 4392 1324 4461 jubetur,
1351 4409 1578 4462 cumque
1605 4393 1674 4448 sit
1715 4395 1857 4448 intra

1927 558 2102 628 paruit
2151 557 2195 609 ei
2245 554 2432 613 mulier
2481 550 2636 604 vidua
2689 547 2934 616 colligens
2965 543 3122 612 ligna
3168 542 3338 614 (ibid.,
3390 542 3500 613 10).

1929 651 2090 706 Porta
2122 646 2356 701 civitatis
2393 645 2506 714 ipse
2544 651 2627 697 est
2675 641 2761 711 qui
2797 639 2926 692 dicit
2957 656 2969 692 :
3007 637 3119 704 Ego
3159 653 3273 690 sum
3313 635 3504 689 ostium

1931 743 2110 812 (Joan.
2144 755 2200 806 ι,
2243 737 2319 806 9).
2362 736 2458 790 Est
2495 731 2673 788 autem
2727 731 2960 788 Ecclesia
3008 730 3218 795 civitas,
3263 727 3387 796 quia
3429 726 3506 781 ibi

1932 847 2097 886 unum
2126 839 2225 884 cor
2258 826 2518 882 habentes
2559 822 2920 878 communiter
2959 819 3164 876 ducunt
3189 817 3345 871 vitas.
3377 813 3508 871 .lure
3581 867 3583 869 ,

1931 937 2061 992 ergo
2091 919 2324 990 primum
2373 916 2438 969 ad
2477 921 2688 984 portam
2736 911 2997 984 (venitur:
3035 903 3508 976 tuncquemulier

1933 1015 2094 1070 vidua
2144 1017 2368 1082 apparet
2424 1008 2551 1077 quia
2606 1005 2837 1075 primum
2882 1000 3128 1070 Christus
3179 997 3506 1068 agnoscitur,
3546 1048 3554 1055 ,,

1935 1117 2171 1174 tuncque
2209 1101 2424 1156 demum
2451 1098 2580 1168 quid
2619 1097 2692 1150 sit
2740 1093 2976 1148 Ecclesia
3007 1097 3172 1160 patet.
3204 1088 3330 1144 Haec
3367 1087 3510 1156 ligna
3565 1107 3568 1110 ·

1935 1198 2162 1266 colligit,
2192 1193 2318 1264 quia
2347 1201 2636 1258 utrumque
2671 1186 2922 1258 populum
2951 1183 3005 1236 in
3037 1195 3097 1236 se
3122 1179 3335 1238 counit;
3368 1178 3511 1247 quod

1937 1289 2081 1343 enim
2107 1284 2290 1356 paries
2310 1281 2435 1336 alibi
2463 1280 2662 1350 signat,
2696 1277 2796 1330 hoc
2820 1273 2940 1328 istic
2964 1272 3166 1342 lignum
3193 1283 3299 1336 non
3325 1267 3514 1320 incon-

1933 1379 2219 1434 venienter
2263 1375 2522 1436 ostentat,
2573 1384 2694 1422 nam
2738 1368 2843 1420 duo
2889 1366 3032 1432 ligna
3081 1359 3256 1415 crucis
3297 1358 3374 1412 sic
3411 1357 3514 1410 ista

1936 1468 2286 1542 portendunt,
2309 1472 2367 1517 ut
2393 1463 2620 1517 alterum
2646 1452 3192 1528 porrectumJudrcos
3230 1463 3293 1503 ac
3323 1447 3366 1501 si
3397 1444 3518 1497 uni¢

1937 1576 2130 1619 cornes
2160 1561 2367 1621 innuat,
2403 1555 2629 1632 alterum
2681 1561 3046 1606 transversum
3075 1543 3322 1617 gentiles.
3372 1553 3437 1593 ac
3471 1536 3518 1590 si

1937 1671 1968 1712 e
1999 1647 2212 1712 diverso
2249 1647 2688 1708 subiutroductos
2717 1640 3005 1702 ostendat._

1870 1807 1912 1864 Β
2015 1789 2080 1846 Et
2133 1787 2332 1847 vocavit
2375 1800 2518 1848 eam,
2569 1781 2802 1849 dixitque
2826 1780 2870 1830 ei
2895 1792 2915 1830 :
2951 1772 3032 1827 Da
3074 1769 3201 1826 mihi
3245 1745 3524 1864 paululum

1940 1899 2091 1951 aqua:
2137 1882 2192 1934 in
2231 1894 2349 1933 vase
2394 1887 2449 1930 ut
2489 1873 2658 1928 bibam
2701 1869 2819 1940 (III
2871 1867 2993 1936 Reg.
3033 1861 3174 1925 'xvu,
3215 1857 3328 1930 10).
3354 1855 3523 1951 vocat

1939 1946 2056 2032 eam
2091 1988 2211 2028 cum
2241 1976 2493 2040 patenter
2517 1961 2749 2019 addiscit
2784 1954 3082 2014 vocationis
3121 1951 3362 2008 omnium
3393 1946 3523 2000 lide-

1941 2068 2070 2121 lium
2103 2075 2347 2117 causam.
2381 2059 2599 2128 Aquam.
2620 2055 2672 2110 in
2698 2049 2828 2107 vase
2858 2049 2973 2104 dari
3005 2044 3107 2102 sibi
3136 2040 3442 2113 etpostulat
3467 2046 3526 2092 ιιι

1939 2157 2110 2219 bibat,
2136 2168 2260 2208 cum
2285 2149 2596 2206 doctrinam
2646 2160 2751 2198 non
2794 2156 2890 2212 per
2939 2139 3269 2199 deutereses,
3301 2141 3356 2186 ut
3389 2129 3527 2185 sole-

1939 2247 2034 2302 bat
2058 2243 2382 2305 ﬂuitantem,
2413 2238 2506 2293 sed
2550 2236 2606 2290 in
2654 2233 2892 2294 Christo,
2922 2228 3012 2298 qui
3057 2235 3138 2280 est
3173 2237 3271 2277 vas
3297 2220 3524 2274 electum

1940 2347 1994 2394 et
2024 2335 2389 2407 praelectum,
2422 2333 2474 2383 in
2500 2344 2601 2399 quo
2634 2335 2754 2380 sunt
2781 2337 2959 2377 omnes
2997 2316 3232 2372 thesauri
3255 2310 3528 2382 sapientiai

1942 2405 2231 2483 absconditi
2275 2423 2411 2496 (Col.
2465 2437 2526 2498 ιι,
2571 2421 2662 2488 5),
2715 2416 3074 2480 undecunque
3129 2405 3429 2464 cohibitam
3471 2409 3528 2456 et

1943 2526 2303 2580 constantem,
2332 2511 2574 2569 exhiberi
2607 2509 2708 2565 sibi
2737 2509 2804 2562 ab
2839 2503 3076 2560 Ecclesia
3107 2498 3378 2570 primitiva
3415 2507 3530 2549 cor-

1945 2612 2160 2684 rogitat.
2184 2595 2415 2678 Gquue
2430 2605 2520 2659 illa
2542 2610 2770 2674 pergeret
2795 2607 2850 2652 ut
2867 2597 3075 2679 aﬂ'erret
3094 2593 3268 2663 panis,
3283 2586 3528 2644 clamauit

1943 2676 2056 2774 post
2083 2714 2282 2771 tergum
2303 2676 2417 2768 eius
2443 2697 2618 2750 dicens
2639 2707 2657 2746 :
2680 2692 2825 2760 A/fer
2842 2676 2990 2753 mihi,
3007 2685 3236 2748 obsecro,
3255 2690 3302 2736 et
3326 2678 3532 2732 buccel-

1945 2771 2049 2849 lam
2072 2795 2126 2848 in
2146 2807 2305 2845 manu
2329 2799 2420 2844 tua
2443 2786 2563 2859 (III
2585 2785 2715 2856 Reg.
2740 2799 2871 2846 xvu,
2896 2780 3006 2849 ll).
3035 2775 3218 2845 Pergit
3239 2783 3298 2829 ut
3319 2771 3536 2832 aﬁ‘erat,

1947 2901 2096 2952 cum,
2122 2883 2275 2954 juxta
2300 2879 2638 2951 Apostolum,
2681 2873 2898 2931 lectioni
2945 2869 3177 2925 intendit
3217 2873 3278 2946 ut
3319 2865 3529 2938 doceat.

1948 2980 2080 3036 Post
2130 2987 2338 3045 tergum
2387 2974 2606 3036 clamat,
2659 2985 2780 3025 cum
2827 2965 3004 3034 aliqua
3054 2961 3358 3017 Judzeorum
3407 2969 3535 3025 pars

1948 3085 2170 3126 aversos
2216 3067 2487 3135 apostolos
2538 3072 2592 3118 et
2640 3061 2924 3116 dicentes:
2961 3053 3224 3120 Quoniam
3270 3047 3535 3119 repulistis

1827 3158 1919 3234 ξε
1951 3164 2160 3220 verbum
2195 3161 2310 3228 Dei,
2336 3175 2467 3234 ecce
2509 3153 2859 3232 convertimur
2903 3148 2972 3202 ad
3017 3153 3189 3216 gentes
3227 3142 3362 3212 (Act.
3410 3154 3532 3199 xm,

1949 3256 2061 3329 46),
2099 3255 2166 3310 ad
2198 3269 2257 3310 se
2293 3223 2589 3307 docendam
2621 3229 2786 3302 etiam
2813 3239 3060 3312 precario
3097 3223 3420 3303 interpellat.
3459 3231 3536 3282 Ac
3630 3232 3637 3239 ’

1952 3349 1996 3406 si
2023 3328 2232 3404 diceret
2263 3362 2276 3398 :
2307 3343 2584 3398 Hactenus
2631 3353 2718 3392 me
2759 3335 2906 3390 corvi
2944 3328 3332 3386 sacriﬁciorum
3372 3335 3538 3378 carne

1951 3446 2238 3510 paverunt,
2275 3434 2468 3489 amodo
2502 3446 2606 3485 non
2639 3441 2856 3498 panem,
2902 3423 2995 3478 sed
3036 3417 3329 3475 buccellam
3361 3416 3534 3487 panis,

1953 3508 2094 3598 quod
2137 3523 2454 3602 prmgustari
2495 3520 2672 3590 potius
2711 3531 2871 3586 quam
2909 3511 3179 3568 exsatiare
3209 3508 3408 3571 valeat,
3448 3514 3536 3560 tua

1955 3621 2087 3676 mihi
2121 3600 2366 3673 doctrina
2412 3619 2684 3684 suggerat.
2717 3611 2772 3665 ln
2804 3621 3030 3678 corpore
3063 3605 3204 3659 enim
3235 3600 3538 3679 Dominico,

1955 3713 2096 3782 quod
2141 3725 2209 3765 ex
2245 3708 2361 3774 ejus
2407 3721 2594 3760 mensa
2639 3709 3002 3773 praerogatur,
3051 3695 3314 3751 nefarium
3363 3701 3444 3747 est
3492 3690 3542 3746 si

1956 3803 2230 3875 quidpiam
2263 3810 2355 3856 aut
2385 3796 2738 3869 corporaliter
2771 3805 3085 3864 saporosum
3117 3797 3210 3842 aut
3240 3787 3417 3856 aliqua
3447 3800 3542 3839 ex-

1960 3894 2140 3951 teriori
2174 3891 2462 3948 sanctitate
2500 3887 2621 3960 (aL,
2651 3881 2959 3945 saturitate]
2991 3880 3298 3936 distendens
3341 3892 3546 3946 praesu-

1959 3981 2160 4049 matur,
2188 3984 2312 4054 quia
2352 3982 2493 4052 quod
2523 3980 2735 4051 spiritui
2770 3977 2866 4031 soli
2897 3988 2976 4029 est
3019 3973 3395 4044 prmstitum,.a
3422 3983 3544 4023 cor-

1960 4079 2107 4149 poris
2136 4091 2256 4132 esse
2293 4074 2453 4129 debet
2486 4085 2708 4143 prorsus
2733 4071 3001 4137 voluptate
3027 4067 3318 4120 diversum.

2029 4206 2278 4263 Buccella
2309 4220 2456 4276 ergo,
2497 4219 2615 4274 qum
2657 4202 2814 4272 vulgo
2843 4200 3012 4254 bucca
3047 4197 3263 4262 dicitur,
3309 4209 3340 4249 a
3383 4207 3544 4249 kua

1961 4301 2184 4371 petitur,
2217 4299 2342 4352 dum
2375 4312 2480 4351 non
2521 4293 2657 4349 armi
2713 4301 2803 4346 aut
2849 4289 3051 4360 qumvis
3093 4286 3264 4342 frusta
3301 4285 3545 4338 carnium

1963 4390 2098 4462 gula:
2117 4389 2310 4456 juvant
2338 4384 2651 4455 appetitum,
2697 4383 2788 4437 sed
2812 4381 2967 4450 panis
2995 4394 3058 4432 ac
3086 4378 3194 4430 vini
3223 4379 3274 4430 in
3306 4375 3547 4430 divinam

279 4493 338 4531 se
367 4477 640 4533 tribulatio
665 4482 839 4548 panis,
875 4482 925 4536 id
967 4491 1051 4536 est
1079 4485 1298 4554 penuria
1333 4486 1526 4538 divinae
1555 4486 1856 4554 intelligun-
1887 4509 1936 4567 Β
1964 4495 2185 4535 carnem
2232 4475 2664 4531 substantialitcr
2702 4488 2796 4542 per
2831 4470 2993 4524 verba
3035 4469 3309 4522 Dominica
3352 4469 3546 4520 immu-

281 4567 392 4630 tiae,
431 4568 571 4624 scire
611 4571 1016 4638 commonetur;
1059 4572 1319 4644 Sarephta
1363 4577 1558 4644 quippe
1589 4577 1857 4630 tribulatio

279 4659 432 4727 panis
470 4659 879 4730 interpretatur.
930 4663 1082 4730 Quod
1131 4666 1272 4718 enim
1323 4665 1374 4720 in
1422 4666 1710 4736 ltvangclio
1752 4679 1860 4726 tres

279 4765 448 4820 panes
474 4761 698 4821 propter
735 4752 1057 4810 Trinitatem
1089 4755 1238 4827 (Luc.
1274 4773 1330 4820 ιι,
1361 4757 1438 4826 5),
1483 4758 1586 4813 hoc
1630 4759 1718 4813 hic
1749 4762 1860 4813 sino

281 4839 540 4910 gulariter
567 4843 882 4914 intelligitur
906 4859 1126 4916 propter
1148 4850 1428 4903 unitatem.
1455 4850 1577 4904 ilice
1596 4849 1860 4920 Sareplita

286 4931 628 4988 Sidoniorum
667 4946 768 5001 est,
823 4938 948 5007 quia
984 4939 1097 4994 haec
1131 4950 1340 5010 egestas
1379 4956 1482 5011 qua
1533 4943 1654 5012 quis
1691 4945 1861 4997 tribu—

287 5027 425 5079 Iatur
478 5029 531 5081 in
559 5030 642 5084 eis
681 5031 1019 5098 potissimum
1065 5034 1263 5103 estqui
1313 5035 1548 5090 carnalia
1601 5037 1862 5091 inutiliter

286 5127 568 5173 venantur.
607 5120 828 5176 Sidonia
879 5124 1022 5176 enim
1071 5126 1272 5179 venatio
1302 5127 1501 5180 inutilis
1545 5127 1864 5197 interpreta-

286 5219 392 5262 tur.
443 5209 521 5265 lbi
571 5227 784 5282 quoque
841 5229 1060 5280 manere
1105 5216 1434 5286 praecipitur,
1479 5218 1604 5270 dum
1661 5219 1710 5271 in
1763 5220 1865 5273 hac

287 5300 716 5376 considera-tione
756 5321 866 5362 non
909 5306 1148 5375 horarie,
1197 5307 1292 5363 sed
1337 5307 1698 5364 stationaliter
1743 5323 1863 5379 per-

291 5393 479 5452 sistere
503 5395 781 5450 edocetur.

364 5483 590 5555 Prtecepi
617 5487 689 5540 ibi
713 5505 918 5543 muneri
957 5490 1124 5544 vidua:
1178 5500 1233 5544 ut
1272 5502 1449 5560 pascat
1497 5503 1544 5546 te
1587 5491 1707 5564 (III
1730 5491 1860 5562 Reg.

291 5589 417 5642 xvii,
449 5577 527 5648 9),
561 5578 612 5633 id
639 5591 724 5634 est
759 5581 1018 5638 mandavi.
1049 5581 1305 5638 Ecclesiae
1355 5583 1598 5638 cruciﬁxi
1649 5583 1862 5639 Domini

294 5676 459 5730 inerte
497 5668 750 5738 viduatae,
782 5672 898 5726 sine
928 5671 1035 5726 ulla
1063 5673 1220 5742 panis
1249 5683 1302 5728 et
1337 5673 1580 5728 carnium
1613 5673 1862 5728 matutini

295 5768 380 5818 aut
403 5773 630 5832 vespere
663 5762 949 5828 memoria,
992 5773 1049 5820 ut
1089 5763 1348 5837 simplicis
1387 5765 1710 5822 documento
1743 5763 1862 5820 ﬁdei

1965 4571 2084 4632 tati,
2118 4567 2402 4620 iuinoritas
2443 4580 2596 4634 aeque
2624 4580 2686 4618 ac
2723 4561 3000 4631 majoritas
3035 4558 3325 4614 salubriter
3352 4557 3548 4612 transit

1961 4663 2026 4714 ad
2059 4661 2318 4714 animum.
2349 4659 2488 4724 Quid
2516 4658 2659 4711 enim
2688 4656 2758 4710 ibi
2786 4655 3080 4725 quantitas,
3121 4653 3174 4707 in
3200 4651 3350 4721 cujus
3380 4651 3545 4706 etiam

1962 4769 2141 4813 atomo
2192 4765 2406 4812 constat
2455 4755 2646 4810 satutis
2694 4751 3050 4807 universitas?
3097 4749 3197 4807 Ubi
3252 4748 3545 4804 notandum

1961 4851 2102 4921 quod
2133 4859 2340 4927 eamut
2373 4851 2424 4902 in
2449 4863 2612 4901 manu
2643 4861 2738 4901 sua
2774 4842 2961 4898 all‘erat
2988 4841 3309 4912 postulatur,
3339 4841 3461 4910 quia
3491 4840 3546 4893 in

1960 4949 2228 5012 potestate
2271 4938 2536 4993 utentium
2564 4945 2647 4991 est
2685 4935 2945 5005 quidquid
2985 4933 3107 4988 inde
3143 4931 3453 5001 suscipitur.
3488 4928 3546 4984 Si

1963 5036 2104 5090 enim
2155 5033 2205 5086 in
2240 5038 2507 5101 potestate
2557 5036 2744 5083 nostra
2791 5037 2875 5082 est
2925 5025 3063 5079 ﬁlios
3111 5023 3201 5078 Dei
3256 5023 3397 5085 ﬁeri,
3439 5036 3547 5075 non

1964 5127 2141 5182 minus
2191 5125 2242 5178 in
2289 5132 2474 5178 nostro
2522 5122 2673 5176 sedet
2709 5120 2934 5175 arbitrio
2982 5133 3078 5187 per
3125 5115 3247 5169 ﬁdei
3305 5129 3547 5167 amorem

1967 5226 2114 5272 lauto
2146 5216 2403 5286 mysterio
2436 5213 2772 5270 inviscerari.
2811 5213 2910 5279 Qui
2945 5220 3125 5264 autem
3174 5221 3336 5275 super
3363 5207 3462 5260 hac
3491 5221 3552 5260 re

1965 5307 2220 5375 disputat,
2256 5318 2529 5372 mmquam
2561 5317 2618 5356 se
2651 5301 2739 5355 isti
2765 5301 2977 5353 interno
3013 5299 3220 5352 muneri
3251 5305 3547 5365 computat.

1964 5397 2129 5466 Cujus
2175 5395 2446 5460 edulium,
2504 5408 2666 5463 quam
2713 5392 2920 5446 idcirco
2968 5388 3264 5446 buccellam
3299 5388 3549 5452 dicimus,

1965 5490 2010 5545 si
2042 5489 2163 5560 quis
2211 5489 2390 5544 debita
2436 5486 2701 5560 parcitate
2742 5499 2848 5538 non
2896 5489 3094 5546 sumat,
3141 5481 3250 5536 imo
3296 5479 3551 5548 pestifera

1966 5581 2211 5653 largitate
2240 5596 2360 5652 quae
2397 5587 2591 5635 caetera
2638 5590 2866 5646 qumque
2896 5581 3220 5645 praesumat,
3249 5574 3300 5627 in
3335 5588 3399 5626 eo
3429 5589 3550 5628 cor-

1967 5688 2068 5743 pus
2120 5673 2465 5741 animamque
2522 5668 2836 5734 addctnnat,
2874 5683 2980 5738 quo
3018 5667 3210 5722 animae
3250 5667 3549 5720 antidotum

1968 5763 2102 5838 gulae
2133 5763 2313 5838 sapori
2348 5765 2624 5834 importat,
2665 5770 2718 5818 et
2768 5762 2834 5818 ab
2861 5761 3001 5818 escis
3033 5759 3406 5818 communibus
3441 5774 3554 5814 cor-
