4014 6324
527 286 633 344 ,⁵535

523 508 603 559 ιι,
626 494 740 562 29).

602 581 761 649 Vivit,
810 597 998 651 .nqutt,
1058 590 1331 660 Dominus,
1376 600 1501 668 quia
1549 620 1651 658 non
1692 607 1854 663 habeo
1891 628 2097 681 panem,

524 674 626 731 nisi
652 688 904 745 quantum
932 684 1158 752 pugillus
1196 701 1360 757 potest
1398 710 1581 763 capere
1613 699 1800 767 farina:
1827 674 2102 774 iu‘bydria

520 772 570 819 et
604 766 878 865 paululum
915 773 1017 826 olei
1060 775 1113 828 in
1155 776 1353 849 lecyt/io
1403 783 1519 853 (ΙΙΙ
1551 766 1675 859 Reg.
1701 807 1831 857 xvn,
1864 766 1973 865 12):
2008 799 2098 853 Vi-

520 864 646 927 vere
680 854 964 913 Dominum
998 862 1149 928 dicit,
1180 868 1307 921 dum
1336 884 1457 926 eum
1496 854 1767 934 efﬁcacem
1798 854 1862 935 ad
1894 854 2097 940 tantam

519 940 584 996 de
611 946 914 1003 substantia
937 950 989 1006 in
1018 954 1374 1015 substantiam
1408 963 1833 1025 immutationem
1871 973 2101 1031 ﬁdeliter

516 1035 709 1100 sentit;
742 1053 844 1094 nec
878 1041 1078 1097 habere
1113 1061 1170 1101 se
1199 1064 1391 1117 panem
1416 1054 1684 1121 perhibet.
1712 1060 1812 1114 nisi
1841 1074 2097 1129 quantum

514 1123 706 1181 farinae
744 1131 977 1200 pugillus
1020 1151 1214 1206 capere
1260 1145 1532 1210 praevalet,
1567 1149 1688 1216 quia
1744 1152 1815 1203 nil
1858 1123 1934 1206 de
1985 1156 2098 1224 ipsa

512 1224 714 1283 praeter
746 1221 979 1285 speciem
1014 1227 1170 1294 panis
1213 1233 1445 1287 essentia
1490 1236 1544 1288 in
1592 1236 1694 1292 hoc
1744 1221 2018 1298 sacriﬁcio
2040 1261 2099 1301 se

513 1302 718 1360 habere
759 1308 861 1363 ﬁda
910 1322 1091 1367 mente
1140 1316 1454 1387 conﬁrmat,
1484 1324 1597 1378 'nisi
1644 1330 1786 1396 quod
1831 1330 2099 1386 invocatio

514 1392 801 1455 Trinitatis
833 1402 950 1458 sine
988 1405 1096 1460 ullo
1131 1412 1386 1479 scrupulo
1430 1392 1679 1473 ﬁdelibus
1730 1420 2094 1491 administrat,

513 1488 656 1555 quod
711 1488 883 1548 farina
937 1494 1239 1564 signiﬁcat;
1301 1505 1453 1571 quasi
1500 1507 1645 1562 enim
1694 1512 1935 1572 molitur.
1990 1488 2097 1585 quo

509 1590 707 1631 manus
755 1579 955 1650 ingenii
1013 1586 1159 1641 nulla
1221 1594 1548 1650 retractione
1611 1598 1920 1659 oﬁ‘enditur.
1969 1579 2096 1664 lnde

510 1675 594 1719 est
622 1668 763 1735 quod
795 1672 1002 1728 crebrae
1032 1690 1255 1733 crucum
1289 1683 1559 1741 trinitates
1591 1689 1644 1743 in
1692 1696 1960 1751 sacrativo
2006 1714 2093 1753 ca-

548 309 641 389 ρον
1345 309 1405 363 ν.
1451 310 1779 371 GUIBERTI
1817 317 2109 376 ABBATIS
2150 323 2207 378 S.
2246 324 2487 384 MARle
2524 332 2612 388 DE
2648 333 3045 399 NOVICENTO

525 404 896 502 pus-l.)_omini,
918 407 1072 477 juxta
1102 411 1435 485 Apostolum,
1473 438 1578 479 non
1608 426 1867 495 diiudicat
1902 433 1952 502 (Ι
1978 433 2098 487 Cor.
2130 442 2180 498 Α
2208 454 2325 493 nem
2356 457 2421 496 ex

3673 357 3771 415 5,5

2458 443 2629 500 farina
2670 447 2859 512 facias.
2902 455 3107 511 scilicet
3132 462 3503 519 nutanundum
3528 474 3584 521 et
3613 471 3775 526 mobi.

2206 526 2309 581 lem
2339 534 2492 601 quasi
2518 536 2767 604 pulverea
2805 541 3021 598 levitate
3073 548 3330 618 animum,
3363 554 3591 611 rationis
3632 573 3694 613 ac
3731 563 3773 617 si

2203 634 2356 689 aquae
2405 630 2741 693 respersione
2786 637 3142 707 constringas.
3175 641 3242 694 Et
3288 643 3430 697 hunc
3474 647 3774 718 parvulum,

2203 714 2467 767 servando
2496 717 2741 774 videlicet
2779 722 2832 776 in
2862 724 3119 782 doctrinae
3151 737 3251 783 tua:
3284 732 3620 791 exhibitione
3649 714 3773 796 meai

2204 802 2519 867 capacitatis
2574 810 2804 865 necdum
2859 815 3055 871 adulta:
3098 820 3360 886 modum,
3408 823 3552 877 hunc
3602 837 3771 883 tamen

2203 888 2371 947 facies
2394 895 2833 967 subcinericium,
2863 919 3136 975 nunquam
3165 910 3291 964 mihi
3324 912 3633 981 adimendo,
3661 917 3772 972 licet

2204 979 2256 1034 in
2286 983 2607 1052 baptismate
2632 988 2736 1045 lota
2762 993 2886 1057 sint,
2913 1000 3226 1054 memoriam
3257 1014 3627 1072 peccatorum,
3656 1011 3770 1077 quia

2202 1066 2338 1121 cinis
2363 1071 2627 1139 signiﬁcat
2656 1078 2961 1134 acredinem
3002 1066 3382 1155 paenitentum,
3413 1066 3627 1161 quibus
3653 1066 3772 1150 eon-
3814 1136 3823 1161 ε

2202 1157 2354 1211 venit
2384 1160 2521 1214 cinis
2557 1170 2611 1216 et
2650 1165 2906 1222 cilicium.

2273 1246 2371 1302 Ubi
2406 1251 2546 1319 jure-
2567 1265 2785 1309 notatur
2813 1261 2952 1327 quod
2984 1265 3329 1331 prtemittitur
3354 1270 3613 1339 primum,
3650 1278 3770 1344 quia

2201 1333 2267 1389 iis
2307 1338 2397 1405 qui
2441 1340 2757 1398 sceleratius
2794 1356 2850 1399 et
2896 1348 2947 1400 in
2993 1348 3270 1407 .ludaismo
3309 1333 3369 1409 ρι’
3394 1358 3446 1410 in
3477 1333 3771 1428 gentilitate

2198 1421 2470 1487 vixerunt,
2524 1425 2613 1478 Dei
2661 1429 2835 1496 gratia
2885 1435 3168 1488 consuevit
3213 1421 3514 1496 exuberare
3559 1446 3770 1511 potissi-

2200 1525 2365 1563 mum.
2394 1512 2537 1566 lnter
2573 1530 2708 1584 quos
2735 1521 3086 1588 cognovimus
3114 1524 3361 1593 Paulum,
3393 1529 3483 1599 qui
3532 1546 3591 1585 se
3639 1534 3773 1591 inter

2198 1612 2508 1668 peccatores
2534 1603 2733 1659 fatetur
2764 1610 3029 1676 primum,
3064 1622 3122 1666 ut
3152 1614 3202 1668 in
3244 1631 3350 1683 me,
3385 1619 3580 1687 inquit,
3611 1619 3761 1677 Jesus

2199 1690 2445 1747 Christus
2464 1695 2681 1751 divitias
2696 1700 3075 1757 misericordiae.
3089 1719 3196 1759 suae
3219 1708 3526 1764 ostenderet
3544 1714 3766 1780 primum

507 1770 653 1810 none
682 1756 846 1825 ﬁunt;
872 1764 997 1831 quia
1030 1767 1170 1822 sicut
1197 1770 1252 1824 in
1280 1772 1449 1830 Maria
1480 1792 1721 1847 carnem,
1751 1784 1829 1837 sic
1859 1785 1911 1840 in
1939 1788 2085 1844 altari

507 1846 803 1868 ,____w_.,
850 1853 861 1864 .
1004 1856 1046 1868 ...
1081 1859 1093 1868 .
1140 1860 1151 1868 .

2201 1782 2250 1852 (I
2281 1782 2416 1837 Tim.
2450 1801 2487 1853 ι,
2516 1786 2623 1856 16).
2658 1787 2808 1844 Unde
2828 1800 2910 1846 est
2953 1806 2968 1846 :
3019 1756 3760 1868 ati'ib'iiiiiiixxiii;

506 1846 613 1903 hoc
637 1853 957 1920 mysterium
1003 1856 1241 1916 Trinitas
1283 1876 1560 1934 operatur.
1606 1871 1873 1945 Pugillum
1912 1890 2092 1935 autem

505 1944 623 1993 tres
647 1942 915 2009 primores
951 1946 1150 2018 digitos
1176 1956 1531 2023 appellamus.
1694 1942 1712 1945 ἡ
1980 1950 1988 1961 ’

575 2029 761 2087 Potest
803 2044 857 2088 et
902 2052 1000 2105 per
1042 2042 1302 2111 pugillum
1364 2048 1643 2119 Scriptura
1670 2094 1684 2115 ,
1744 2057 1869 2124 quia
1911 2072 1977 2114 ex
2027 2060 2094 2117 iis

502 2123 793 2179 scribimus
824 2128 1087 2199 intelligi;
1121 2143 1174 2186 et
1202 2149 1285 2191 est
1326 2154 1392 2195 ac
1430 2142 1475 2195 si
1514 2144 1720 2199 diceret
1750 2123 1774 2199 τί
1806 2147 1917 2204 lloe
1949 2153 2091 2220 quod

501 2208 559 2264 in
590 2211 746 2266 altari
790 2217 1002 2273 videtur
1050 2224 1388 2284 substantive
1432 2247 1625 2300 panem
1664 2251 1767 2290 non
1800 2208 1996 2305 habeo,
2039 2242 2090 2297 id

502 2310 585 2355 est
616 2318 720 2357 non
747 2308 1006 2380 intelligo,
1038 2315 1141 2369 nisi
1173 2328 1433 2385 quantum
1463 2325 1582 2393 capi
1607 2334 1785 2394 potest
1824 2344 1889 2383 ex
1924 2346 2091 2387 sacra:

498 2396 709 2483 pagina:
729 2397 1075 2458 documento.
1102 2404 1358 2478 Hydriam
1386 2427 1477 2467 vas
1500 2418 1781 2483 aquarium
1804 2420 1907 2475 dici
1931 2438 2092 2479 nemo

498 2482 778 2579 hominum
809 2489 1047 2579 disertus
1083 2493 1314 2565 ignorat.
1347 2499 1403 2553 In
1445 2482 1633 2571 hydria
1666 2504 1839 2560 farina
1870 2517 1953 2563 est
1981 2510 2091 2579 spi-

498 2570 713 2626 ritualis
750 2575 801 2628 in
843 2578 944 2631 hac
971 2578 1143 2649 fragili
1194 2570 1605 2645 conversatione
1645 2593 1910 2661 scientia;
1950 2613 2086 2667 aqua

500 2677 740 2731 namque
767 2683 864 2736 pro
891 2672 1114 2726 scientia
1144 2679 1272 2744 poni
1302 2679 1457 2733 solet.
1489 2681 1625 2737 lluic
1650 2686 1889 2741 scientiae
1911 2689 2087 2744 oleum

499 2753 740 2822 additur,
783 2760 906 2827 quia
953 2777 1021 2817 ne
1074 2766 1241 2839 286
1290 2769 1438 2824 inﬂet
1474 2788 1539 2827 ex
1592 2775 1772 2830 divina
1820 2778 2089 2833 cbaritate

499 2846 775 2902 conditur.
839 2850 1114 2923 Lecythus
1172 2872 1266 2913 vas
1313 2860 1576 2917 olcarium
1629 2865 1770 2921 idem
1822 2870 2091 2936 signiﬁcat

498 2940 642 3029 quod
670 2937 722 2991 in
751 2938 1042 3011 Evangelio
1074 2961 1271 3004 nomen
1308 2966 1585 3019 vasorum,
1619 2964 1671 3010 et
1713 2957 1903 3027 hydria
1946 2962 2086 3029 quod

497 3022 829 3094 lampadum.

568 3115 655 3171 En
685 3120 874 3191 colligo
910 3124 1015 3178 duo
1052 3126 1192 3197 ligna
1249 3143 1306 3186 ut
1344 3134 1608 3204 ingrediar
1639 3148 1686 3191 et
1724 3138 1917 3206 faciam
1957 3142 2085 3195 mihi

496 3205 632 3263 illud
655 3219 701 3265 et
728 3212 843 3280 ﬁlio
872 3231 985 3271 meo
1007 3234 1026 3272 :
1058 3230 1114 3272 ut
1143 3224 1475 3280 comedamus
1500 3238 1546 3279 et
1578 3230 2081 3303 moriamur(ibid.).

496 3301 649 3369 Quod
681 3317 766 3361 est
799 3311 1027 3373 dicere:
1073 3316 1209 3373 Ecce
1255 3319 1595 3378 dilectionem
1643 3340 1761 3394 qua:
1805 3328 1871 3381 ad
1917 3329 2082 3382 Deum

494 3396 807 3469 porrigitur,
836 3410 892 3456 et
915 3418 1032 3459 eam
1061 3423 1180 3476 qurc
1210 3410 1261 3463 in
1290 3412 1522 3467 amicum
1556 3414 1945 3488 inimicumque
1975 3419 2086 3473 dis-

494 3491 755 3556 tenditur,
792 3497 987 3565 quibus
1018 3500 1084 3553 ab
1104 3504 1247 3558 omni
1283 3505 1503 3561 lascivia
1552 3510 1897 3577 restringitur
1938 3524 2001 3566 ac
2038 3512 2081 3565 si

496 3582 847 3654 cruciﬁgatur
868 3588 1104 3654 animus,
1139 3594 1291 3662 quasi
1327 3595 1433 3649 duo
1485 3597 1625 3667 ligna
1669 3599 1998 3669 complector
2025 3610 2085 3654 ut

493 3688 594 3743 per
623 3677 736 3732 hate
766 3694 796 3733 a
825 3696 942 3734 mea
975 3686 1292 3753 evagatione
1321 3690 1557 3744 cohibita
1596 3692 1662 3745 ad
1695 3708 1781 3747 me
1810 3694 2085 3762 regrediar

495 3773 551 3820 et
585 3762 801 3833 faciam,
832 3770 883 3825 id
913 3783 992 3826 est
1031 3774 1327 3843 ﬁguraliter
1353 3779 1675 3850 insculpam,
1724 3797 1829 3835 non
1862 3798 2078 3850 panem,

496 3854 589 3914 sed
616 3857 742 3914 illud
766 3863 908 3931 quod
937 3880 991 3918 in
1020 3880 1158 3934 pane
1180 3869 1446 3939 signatur,
1477 3886 1585 3924 non
1628 3880 1737 3926 tam
1763 3873 1892 3927 mihi
1918 3889 2079 3942 quam

497 3965 569 4018 iis
593 3980 730 4034 quos
762 3966 813 4021 in
861 3968 964 4024 ﬁde
1010 3987 1269 4041 genuero,
1313 3984 1373 4029 ut
1418 3977 1765 4032 comedamus
1805 3980 1947 4050 quod
1976 3994 2081 4034 non

496 4069 612 4121 ore,
647 4057 739 4110 sed
770 4058 859 4126 pio
889 4060 1060 4115 solum
1091 4063 1282 4119 ali'cCtu
1316 4068 1606 4121 manditur.
1653 4068 1719 4121 Et
1764 4072 2080 4140 moriamur,

498 4149 657 4201 morti
688 4150 954 4219 videlicet,
980 4170 1100 4223 qua:
1136 4172 1232 4225 per
1254 4158 1423 4226 ipsum
1457 4160 1702 4228 signatur
1728 4162 2080 4227 sacriﬁcium,

500 4237 922 4297 conformemur.
951 4247 1032 4299 Ad
1060 4264 1312 4315 mensam,
1360 4249 1552 4318 inquit,
1586 4269 1828 4321 magnam
1860 4254 2083 4309 sedisti?

497 4326 687 4397 (Eccli.
718 4351 873 4401 xxxx,
900 4337 1013 4408 ωδ
1038 4349 1250 4407 Oportet
1289 4350 1338 4395 te
1362 4342 1555 4397 similia
1577 4359 1903 4414 prmparare.

1121 4445 1349 4502 CAPUT
1401 4448 1460 4503 V.

567 4526 717 4593 Noli,
746 4531 937 4601 inquit,
982 4531 1149 4601 Elius,
1186 4537 1395 4602 timere,
1428 4541 1517 4593 sed
1551 4542 1680 4595 vade
1720 4552 1767 4595 et
1815 4542 1898 4610 [ac
1942 4544 2074 4597 sicut

493 4619 698 4674 dixisti.
737 4620 1098 4678 Verumtamen
1146 4627 1272 4681 mihi
1322 4631 1550 4699 primum
1577 4631 1663 4700 [ac
1702 4633 1766 4686 de
1795 4634 1909 4701 ipsa
1946 4636 2077 4702 fari-

494 4712 620 4767 nula
647 4716 1046 4772 subcinericium
1076 4738 1261 4788 panem
1292 4724 1586 4790 parvulum,
1620 4735 1666 4778 et
1692 4726 1825 4794 n/fer
1862 4727 1930 4778 ad
1963 4742 2073 4790 me;

493 4802 585 4855 tibi
613 4815 786 4885 autem
823 4817 869 4859 et
894 4809 1005 4875 ﬁlio
1046 4820 1135 4862 tuo
1179 4812 1341 4880 facies
1388 4824 1563 4882 postea
1615 4813 1733 4882 (Ill
1770 4813 1893 4885 Reg.
1941 4831 2071 4877 xvu,

493 4895 604 4965 i5).
636 4882 716 4952 Ac
747 4899 792 4952 si
817 4900 1058 4956 diceret:
1084 4902 1199 4956 Noli
1230 4906 1402 4957 vereri
1436 4882 1866 4960 immutationem
1896 4907 2076 4963 vultus

490 4984 659 5042 David
686 5005 869 5047 coram
896 4992 1232 5058 Abimelech,
1258 4993 1308 5047 id
1338 5004 1423 5049 est
1452 4997 1863 5052 translationem
1892 5013 2073 5052 sacer-

491 5077 621 5132 dotii
653 5081 821 5135 nostri
860 5083 928 5136 ad
958 5081 1201 5136 ordinem
1242 5082 1653 5148 Melchisedech,
1696 5087 1788 5141 sed
1836 5088 1988 5149 vade,
2024 5087 2076 5141 id

490 5179 572 5224 est
613 5186 871 5241 processu
918 5172 1040 5227 ﬁdei
1098 5187 1450 5241 promovere,
1496 5184 1557 5230 ut
1602 5177 1838 5245 passioni
1877 5178 2075 5233 Christi

489 5262 730 5317 moribus
765 5263 1138 5333 contigureris,
1172 5266 1256 5319 cui
1295 5265 1592 5320 conformia
1631 5268 1843 5337 cmpisti
1892 5283 2072 5322 sacra-

489 5365 672 5410 menta
700 5356 916 5410 docere.
949 5355 1334 5412 Verumtamen
1378 5359 1508 5411 mihi
1555 5374 1620 5413 ex
1659 5360 1859 5413 carnali
1892 5360 2076 5412 obser—

488 5450 669 5501 vantia
726 5447 1103 5514 resipiscenti,
1165 5450 1215 5501 in
1274 5450 1385 5519 ipsa
1434 5450 1556 5504 novi
1622 5449 1780 5518 hujus
1831 5452 2075 5520 mysterii

487 5536 770 5592 scientiola
801 5552 863 5591 ac
891 5540 936 5593 si
966 5539 1147 5593 sobtili
1186 5539 1437 5606 farinula,
1485 5556 1643 5610 quam
1674 5558 1737 5596 ex
1778 5542 2073 5597 inutilitate

486 5638 729 5682 vctcrum
772 5629 1217 5684 cteremoniarum
1267 5630 1623 5699 salubriorem
1654 5632 1778 5701 quia
1809 5631 2076 5686 veriorem

486 5718 597 5792 jam
629 5722 891 5795 Comperi,
930 5722 1160 5781 solidum
1203 5724 1330 5799 quid
1369 5733 1423 5779 ct
1457 5724 1743 5781 contio-ens
1791 5739 1855 5780 ac
1900 5724 1943 5779 si
1984 5739 2079 5797 pa-

2195 1876 2631 1942 superabundavit
2660 1883 2832 1949 gratia
2860 1881 3097 1951 (Rom.v,
3122 1885 3233 1956 20).
3260 1888 3411 1954 Quod
3436 1890 3488 1943 in
3519 1891 3763 1949 Mattbaao

2196 1972 2251 2018 et
2275 1966 2587 2037 Magdalena
2609 1973 2770 2025 etiam
2796 1976 3063 2042 perpatuit
3087 1976 3307 2031 factum.
3336 1979 3440 2033 Pro
3466 1992 3620 2049 parte
3642 1998 3766 2054 ergo

2196 2057 2387 2111 horum
2411 2068 2572 2128 atque
2600 2062 2855 2116 similium
2880 2064 3116 2134 intellige
3152 2068 3376 2122 dictum.
3402 2069 3556 2125 llunc
3585 2088 3768 2142 panem

2195 2148 2293 2203 sibi
2327 2159 2479 2218 rogat
2507 2149 2707 2217 aﬁerri,
2747 2154 2799 2207 id
2829 2163 2912 2209 est
2952 2157 3182 2225 proprim
3213 2158 3596 2229 intelligentia:
3618 2180 3770 2233 pene—

2196 2241 2422 2295 tralibus
2447 2243 2999 2300 disserendoinferri.
3025 2246 3179 2313 Quod
3217 2252 3481 2319 sequitur,
3515 2270 3612 2323 pro
3628 2264 3770 2325 parte

2187 2329 2493 2399 justorum,
2534 2348 2598 2387 ex
2643 2334 2775 2405 legis
2824 2339 3292 2394 consummatione
3323 2342 3682 2410 venientium,
3715 2356 3768 2401 ut

2191 2420 2411 2476 fuerunt
2441 2423 2653 2493 Petrus,
2690 2427 2938 2483 Andreas
2959 2438 3013 2483 et
3061 2428 3297 2486 Iacobus
3329 2432 3497 2488 frater
3536 2434 3761 2506 Domini,

2193 2513 2478 2580 accipitur.
2512 2513 2629 2567 Tibi
2658 2525 2704 2569 et
2734 2516 2845 2583 ﬁlio
2869 2526 2958 2570 tuo
3004 2518 3163 2585 [acies
3191 2530 3390 2588 postea,
3425 2522 3475 2574 id
3514 2532 3600 2576 est
3639 2539 3765 2591 quos

2192 2601 2255 2653 ad
2286 2601 2361 2655 tui
2401 2602 2837 2659 conformitatem
2869 2621 2935 2660 ex
2981 2607 3287 2662 innocentia
3318 2609 3450 2677 legis
3487 2612 3769 2667 adduxeris

2191 2706 2252 2743 ex
2287 2702 2507 2759 peccato
2538 2695 2786 2763 graviore
2815 2697 3112 2763 conversis,
3145 2714 3241 2768 per
3265 2701 3453 2767 gratia:
3493 2701 3766 2771 indulgen-

2195 2781 2320 2835 tiam
2366 2783 2723 2854 undecunque
2766 2787 3014 2841 substare
3056 2791 3416 2859 cognoveris:
3465 2790 3615 2845 Unde
3643 2791 3770 2846 Pau-

2177 2872 2274 2934 ~lus
2306 2892 2318 2927 :
2356 2874 2523 2941 Nihil,
2560 2876 2754 2944 inquit,
2788 2879 2960 2931 minus
2991 2879 3092 2947 feci
3131 2879 3195 2932 ab
3227 2882 3309 2934 Itis
3344 2883 3434 2951 qui
3469 2892 3589 2935 sunt
3620 2899 3767 2951 supra

2190 2966 2402 3018 modum
2432 2966 2653 3035 apostoli
2686 2968 2769 3035 (Il
2802 2969 2923 3022 Cor.
2952 2986 3049 3035 xtt,
3086 2971 3195 3041 11).
3228 2970 3293 3024 Εῐ
3327 2989 3341 3026 :
3374 2969 3505 3025 Plus
3536 2973 3639 3027 illis
3666 2991 3768 3027 om-

2193 3056 2346 3108 nibus
2378 3056 2612 3111 [αὐοναυὶ
2642 3057 2693 3127 (1
2731 3058 2854 3112 Cor.
2885 3074 2973 3125 xv,
3003 3059 3114 3129 10).

2267 3164 2395 3219 Ilwc
2434 3178 2605 3221 autent
2658 3169 2783 3220 dicit
2819 3168 3070 3224 Dominus
3099 3171 3240 3225 Deus
3270 3186 3289 3224 .’
3331 3172 3538 3242 Hydria
3588 3173 3768 3242 farina:

2192 3274 2294 3310 non
2317 3257 2541 3325 deﬁciet,
2566 3276 2655 3311 nec
2678 3260 2910 3328 lerytlms
2932 3260 3031 3313 olei
3055 3262 3317 3315 minuetur
3336 3278 3504 3331 usque
3532 3263 3601 3314 ad
3638 3264 3763 3316 diem

2189 3346 2242 3399 in
2272 3364 2374 3416 qua
2419 3349 2640 3401 daturus
2678 3360 2751 3404 est
2808 3348 3061 3404 Dominus
3108 3351 3338 3419 pluviam
3378 3368 3534 3421 super
3586 3352 3768 3422 faciem

2190 3448 2341 3491 terra:
2368 3437 2485 3509 (III
2515 3438 2639 3509 Reg.
2674 3456 2802 3506 xvn,
2830 3440 2939 3509 M).
2971 3441 3047 3495 Ac
3064 3443 3105 3496 si
3138 3442 3377 3498 diceret:
3412 3443 3565 3497 Licet
3592 3458 3656 3497 ex
3681 3452 3768 3497 tuo

2191 3529 2515 3584 documento
2546 3530 2681 3585 Novi
2735 3530 3087 3599 Testamenti,
3131 3548 3163 3587 ο
3195 3533 3463 3601 primitiva
3508 3533 3765 3595 Ecclesia.

2190 3624 2429 3677 rationes
2457 3622 2789 3691 acceperim,
2831 3631 3007 3678 tamen
3050 3639 3116 3677 cx
3149 3624 3305 3694 legali
3354 3633 3410 3679 et
3458 3626 3766 3695 prophetica

2188 3713 2420 3767 lectione
2466 3715 2633 3767 Deum
2672 3716 2970 3769 astruxisse
3019 3716 3257 3786 comperi
3318 3716 3599 3770 scientiam
3649 3715 3765 3769 ﬁdei

2190 3802 2380 3871 hujus,
2407 3812 2460 3858 et
2509 3805 3008 3875 contemplationis,
3046 3822 3165 3876 quin
3193 3816 3277 3860 est
3309 3807 3362 3859 in
3404 3807 3614 3860 Domini
3651 3821 3767 3859 cor-

2188 3912 2318 3967 pore
2352 3878 2698 3953 subtilissima
2747 3881 3020 3969 nunqua‘in
3054 3901 3372 3954 desitnram.
3405 3901 3629 3955 Domum
3661 3902 3764 3954 uti-

2188 4005 2292 4060 que
2325 3991 2532 4044 Domini
2584 3992 2775 4046 decere
2813 3993 3231 4047 sanctitudinem
3278 3995 3331 4046 in
3374 3993 3761 4062 longitudinem

2188 4080 2495 4134 diuturnam
2548 4078 2721 4151 (Psal.
2768 4097 2896 4147 xcu,
2948 4081 3024 4151 5),
3068 4092 3121 4135 et
3150 4083 3441 4137 sacerdotii
3486 4082 3761 4135 Melchise-

2187 4169 2321 4224 dech
2370 4172 2487 4223 sine
2530 4169 2874 4238 iurisjurandi
2926 4173 3241 4241 paenitentia
3280 4172 3662 4237 mtcrnilatem,
3711 4181 3761 4226 et

2187 4259 2386 4313 donum
2424 4260 2611 4328 gratiae
2642 4268 2899 4328 tanquam
2933 4260 3037 4314 olei
3070 4261 3341 4330 lecythum
3384 4263 3436 4315 in
3463 4271 3641 4315 mente
3666 4262 3764 4316 Ec-

2187 4347 2364 4401 clesiae
2415 4348 2619 4417 perpeti
2657 4349 3013 4403 redundantia
3050 4365 3390 4403 emersurum
3421 4349 3540 4421 [al.,
3590 4366 3763 4404 surreo

2101 4453 2153 4511 D
2188 4436 2425 4507 cturum]
2457 4454 2626 4507 usque
2671 4439 2736 4493 ad
2775 4440 2923 4493 illum
2952 4441 3067 4495 sine
3114 4450 3277 4495 nocte
3298 4460 3301 4463 ·
3325 4442 3492 4504 diem.
3520 4457 3629 4508 quo
3660 4457 3763 4497 non

2179 4527 2247 4579 ab
2276 4527 2489 4582 occulto
2518 4529 2812 4597 spiritualis
2835 4530 2988 4585 nobis
3025 4532 3163 4583 unda
3197 4545 3256 4585 se
3278 4541 3556 4601 suggeret,
3590 4531 3682 4585 sed
3710 4530 3761 4584 in

2180 4618 2413 4673 evidenti
2447 4628 2567 4688 post
2595 4621 3047 4673 resurrectionem
3081 4620 3581 4689 incorruptibilibus
3596 4620 3764 4674 oculis

2183 4709 2429 4777 corporis
2462 4719 2719 4779 tanquam
2757 4711 2938 4780 pluvia
2985 4712 3080 4766 Dei
3118 4712 3355 4781 cognitio
3401 4726 3459 4765 se
3500 4711 3761 4764 infundet.

2183 4799 2284 4855 Ubi
2319 4800 2485 4857 facies
2523 4810 2681 4856 terra:
2714 4812 2994 4872 tantopere
3022 4802 3300 4869 dilabitur,
3336 4810 3392 4855 ut
3423 4803 3476 4855 in
3507 4818 3617 4873 quo
3644 4800 3760 4873 [αι.,

2182 4891 2345 4963 quod]
2379 4907 2534 4947 mens
2569 4895 2818 4961 quamvis
2866 4895 3231 4949 sincerissima
3276 4893 3574 4947 scintillare
3610 4892 3764 4945 modo

2178 4983 2264 5035 vix
2301 4983 2576 5050 praevalet,
2610 4984 2681 5037 ibi
2723 4986 2903 5038 carnis
2925 4984 3111 5038 oculus
3140 4986 3394 5039 irremota
3419 4994 3471 5037 et
3509 4983 3759 5037 inobtusa

2178 5075 2294 5128 acie
2324 5076 2602 5130 intendere
2643 5092 2919 5146 nunquam
2949 5086 3143 5131 cesset.

2252 5165 2383 5233 Quae
2408 5168 2536 5220 abiit
2555 5177 2602 5219 et
2625 5167 2920 5235 fecitjuazta
2937 5166 3146 5220 verbum
3173 5163 3305 5219 Elia:
3332 5164 3450 5227 (III
3478 5164 3604 5235 Reg.
3630 5178 3759 5228 xm,

2164 5259 2293 5329 .15),
2325 5268 2380 5313 et
2412 5260 2645 5313 comedit
2697 5260 2839 5327 ipse,
2869 5268 2924 5312 et.
2975 5258 3059 5311 illa
3080 5298 3093 5321 ,
3122 5267 3178 5310 et
3212 5258 3403 5311 domus
3450 5270 3588 5321 ejus.
3617 5254 3758 5319 Abit,

2178 5367 2299 5407 cum
2328 5367 2394 5406 ex
2437 5350 2587 5404 Pauli
2618 5351 2953 5418 aliorumque
2988 5367 3053 5404 ex
3077 5349 3273 5405 Judzeis
3301 5348 3623 5417 sapientium
3646 5344 3763 5414 plu.

2181 5447 2375 5500 rimum
2399 5444 2670 5513 primitiva
2688 5444 2925 5497 Ecclesia
2952 5442 3306 5496 conversione
3326 5440 3576 5509 profecit.
3600 5438 3758 5491 Juxta

2177 5539 2398 5594 verbum
2431 5537 2558 5591 Elize
2587 5537 2731 5599 fecit,
2765 5552 2885 5589 cunt
2913 5552 3026 5599 eos,
3066 5551 3202 5606 quos
3250 5534 3576 5589 erudiendos
3607 5545 3761 5585 acccc

2177 5638 2356 5700 perat.
2380 5629 2545 5684 etiam
2590 5643 2752 5696 super
2776 5642 2832 5681 se
2878 5628 3166 5697 magistros
3192 5626 3483 5695 acceperit.
3518 5624 3631 5695 Ipse
3659 5639 3759 5677 co-

2185 5723 2375 5790 medit,
2406 5721 2533 5794 quia
2564 5735 2670 5779 non
2714 5720 2901 5789 verbo,
2925 5734 3029 5775 non
3062 5719 3243 5793 lingua
3272 5717 3388 5774 haec
3411 5714 3760 5773 declamanda
