4014 6324
224 366 314 423 557
1433 367 1519 423 DE
1552 368 1764 427 LAUDI

1867 409 1874 424 .
1904 369 2163 425 ΜΑΗΙιΕ.

3341 389 3447 448 δὸὂ

223 478 439 543 edidicit,
466 462 557 533 sed
584 473 651 529 ad
692 474 959 531 internam
1007 477 1188 532 animo
1218 479 1522 538 satietatem
1549 482 1764 555 semper
1791 496 1840 553 Α
1869 503 1990 542 cum
2015 489 2168 545 vitali
2195 500 2252 545 et
2286 492 2419 550 alios
2447 494 2673 564 ferculo,
2703 513 2810 568 quo
2837 500 3077 570 apprime
3097 504 3442 574 opinabatur.

223 568 514 624 ruminanda
547 566 782 620 retinuit.
824 566 962 637 Ipsa,
1011 575 1067 623 et
1110 570 1300 625 domus
1341 571 1457 642 ejus
1503 574 1760 643 comedit,

1870 576 2125 635 inferciit.

1747 700 1907 741 FINIS.

347 824 2995 863 ———__—I__—I————___——

631 959 1072 1075 VEN.
1113 961 1764 1082 GUIBEII

1867 970 2004 1079 Η
2062 972 2878 1089 ΔΒΒΔτιε

1618 1198 2033 1312 LIBER

448 1437 697 1593 DE
808 1437 1442 1599 LAUDE
1562 1438 2354 1604 SANCT/E
2464 1455 3189 1607 MARI/E.

580 1854 743 1926 237
781 1853 1008 1912 CAPUT
1044 1857 1332 1916 PRIMUM.

273 2003 334 2059 Se
369 2002 645 2059 laudantes
691 2022 947 2077 nusquam
1001 2022 1315 2080 aspernatur
1351 2013 1416 2070 Β.
1475 2013 1649 2087 Virgo.
1694 2048 1763 2059 --

207 2096 460 2150 Feminam
490 2095 639 2149 illam
671 2112 831 2167 super
856 2114 1046 2155 omnes
1074 2112 1350 2159 creaturas
1386 2118 1504 2176 post
1546 2107 1759 2173 Filium,

206 2198 249 2240 et
272 2203 359 2256 per
391 2187 582 2242 Filium
616 2188 976 2257 benedictam,
999 2193 1239 2249 omnium
1267 2206 1637 2253 creaturarum
1665 2200 1764 2255 sub

207 2278 286 2332 Dei
315 2278 448 2332 cultu
480 2278 879 2349 dignissimam,
913 2282 1068 2338 labiis
1090 2287 1311 2341 omnino
1340 2289 1605 2353 ﬁdelibus.
1635 2292 1765 2347 licet

204 2370 362 2424 minus
407 2369 653 2436 idoneis,
700 2373 1070 2440 prtediccmus.
1116 2375 1281 2447 Cujus
1327 2382 1595 2447 prrecuuio
1640 2398 1763 2437 cum

204 2459 413 2526 dignitas
450 2461 921 2529 supercrelestium
960 2463 1207 2519 ineﬂicax
1245 2469 1567 2534 aestimetur,
1600 2470 1765 2526 multa

205 2555 361 2601 tamen
390 2548 730 2619 experientia
762 2551 1035 2621 cognitum
1080 2562 1198 2619 est,
1235 2557 1377 2625 quod
1408 2557 1461 2610 in
1487 2558 1601 2628 ejus
1631 2574 1765 2614 eon-

202 2639 450 2709 spectibus
489 2640 619 2696 laus
668 2642 946 2697 hominum
980 2652 1142 2714 atque
1191 2647 1404 2702 devotio
1454 2649 1765 2718 gratissima

202 2730 463 2784 habeatur.
506 2731 627 2785 Nec
680 2732 733 2787 id
778 2733 995 2803 injuria.
1028 2736 1161 2789 Cum
1206 2736 1352 2791 enim
1393 2753 1453 2793 se
1492 2740 1764 2795 hominem

201 2835 373 2888 negare
392 2835 495 2875 non
518 2823 734 2892 possit,
764 2823 1032 2891 homines,
1056 2840 1154 2896 pro
1174 2842 1401 2897 quorum
1427 2829 1764 2898 potissimum

202 2910 409 2967 utilitate
436 2913 560 2969 talis
605 2912 751 2970 facta
796 2924 900 2981 est,
949 2926 1003 2972 et
1055 2918 1174 2974 talis
1218 2922 1436 2986 enituit,
1465 2925 1763 2992 quomodo,

207 3016 297 3055 non
326 3002 440 3058 dico
476 3014 858 3074 contemnere,
891 3009 987 3062 sed
1025 3012 1275 3067 omnibus
1311 3015 1578 3070 creaturis
1622 3031 1763 3085 pra:-

206 3094 467 3149 cordialius
496 3112 603 3152 non
650 3113 835 3154 amare
860 3101 1068 3171 possit?
1098 3101 1165 3156 Et
1188 3104 1438 3174 amplius,
1471 3122 1590 3175 quae
1619 3109 1762 3162 enim

214 3182 425 3239 humano
449 3188 635 3257 generi
665 3188 732 3242 ad
758 3190 859 3243 hoc
884 3192 1155 3261 proposita
1177 3233 1191 3257 ,
1222 3193 1330 3247 imo
1352 3197 1635 3265 praeposita
1661 3207 1760 3262 est,
1792 3183 1833 3240 (ἶ

206 3282 254 3326 ut
280 3275 375 3329 Deo
394 3276 668 3347 gignendo
694 3277 982 3345 sufficeret,
1012 3282 1156 3335 unde
1187 3282 1306 3336 aliis
1337 3285 1613 3341 medendis
1635 3301 1765 3341 con-

208 3363 348 3416 suluil
368 3404 382 3428 ,
416 3366 538 3422 inde
568 3368 750 3436 primo
778 3370 881 3424 sibi
907 3368 1008 3439 ipsi
1035 3371 1425 3441 redemptibnis
1451 3374 1603 3445 origo
1628 3376 1728 3430 fuit
1752 3418 1767 3441 ,

208 3451 250 3504 in
275 3468 371 3520 quo
391 3470 519 3526 ergo
558 3457 666 3511 sibi
708 3458 962 3528 primitus
992 3458 1124 3524 fuit,
1168 3461 1221 3515 in
1251 3461 1372 3516 aliis
1399 3478 1503 3516 non
1533 3466 1769 3520 amabit?

205 3542 262 3595 Et
288 3560 395 3612 qua:
444 3547 713 3617 gloriam,
759 3566 921 3619 quam
959 3551 1147 3605 habuit
1181 3552 1235 3606 in
1284 3552 1376 3607 Dei
1426 3553 1624 3609 Filium
1674 3572 1770 3625 pa-

205 3630 401 3698 riendo,
428 3636 739 3705 exaequavit
763 3637 973 3693 meritis
1001 3638 1132 3693 nulli
1169 3655 1198 3694 a
1240 3640 1557 3696 saculorum
1600 3644 1768 3701 initiis

205 3732 356 3786 usque
397 3724 461 3776 ad
508 3724 647 3779 ﬁnes
680 3726 943 3794 speranda
992 3727 1290 3791 credendo,
1344 3726 1614 3799 quomodo
1661 3748 1764 3787 non

205 3805 528 3865 ineﬁ‘abiliter
548 3814 852 3882 aggaudcat
875 3814 994 3869 ﬁdei
1019 3825 1235 3882 nostras,
1260 3833 1380 3887 quae
1401 3820 1573 3888 ipsum
1597 3820 1764 3876 Deum

207 3897 351 3953 habet
376 3901 565 3957 Filium
595 3920 698 3974 pro
727 3907 949 3973 praemio
981 3906 1100 3961 ﬁdei
1131 3909 1279 3961 sum?

269 4006 387 4077 Ejus
413 4013 566 4082 ﬁdes.
626 4045 699 4055 —
740 4015 797 4069 ln
869 4015 1022 4084 cujus
1070 4021 1435 4089 conceptionis
1483 4022 1765 4079 denuntia-

204 4099 329 4154 tione
349 4143 362 4167 ,
393 4104 519 4158 illud
548 4107 799 4161 miraculi
831 4108 952 4162 ullis
989 4109 1217 4180 ingeniis
1243 4114 1625 4181 comprehendi
1657 4132 1761 4169 nuu

202 4194 459 4259 praivalet,
488 4198 633 4267 quod
660 4198 835 4266 puella
857 4241 870 4264 ,
900 4210 953 4252 et
986 4202 1295 4256 meticulosa
1325 4219 1454 4259 sexu
1474 4245 1488 4269 ,
1519 4214 1569 4259 et
1598 4206 1765 4259 inusi-

204 4290 295 4334 tata
324 4293 509 4351 aetate,
558 4302 684 4341 cum
737 4287 839 4342 sibi
881 4289 1102 4361 angelus
1151 4290 1367 4345 insolita
1412 4301 1467 4347 et
1522 4294 1763 4348 inaudita

202 4373 500 4441 sponderet,
554 4376 719 4430 ﬁdem
781 4386 928 4432 tanta
978 4378 1110 4434 dare
1165 4381 1442 4438 celeritate
1494 4386 1759 4451 potuerit;

202 4464 324 4529 quod
350 4478 491 4521 certe
514 4484 624 4523 non
650 4468 805 4527 aliter
821 4470 1114 4526 valebimus
1128 4488 1475 4542 compensare
1494 4478 1760 4541 mirando,

200 4553 289 4606 nisi
320 4555 454 4612 hanc
480 4559 718 4628 primum
752 4559 1183 4615 intellexerimus
1212 4562 1352 4616 inter
1375 4580 1565 4619 omnes
1589 4567 1760 4619 hami-

200 4656 285 4695 nes
326 4646 477 4701 unice
522 4647 784 4702 nutritam
832 4663 862 4702 a
909 4647 1114 4717 Spiritu
1161 4660 1370 4704 sancto.
1423 4652 1535 4706 Nisi
1591 4655 1758 4717 enim,

200 4733 459 4805 plusquam
486 4740 728 4795 humana
754 4741 1086 4796 consuetudo
1117 4730 1340 4810 patitur,
1366 4744 1624 4811 divinum,
1657 4762 1762 4801 ma-

195 4824 600 4899 jestativumque
628 4831 885 4899 quiddam
929 4832 1044 4901 ipsa
1074 4832 1141 4886 ab
1174 4833 1397 4889 ineunte
1424 4844 1583 4890 aetate
1615 4837 1763 4907 inge-

199 4918 326 4972 niolo
359 4934 457 4974 suo
503 4930 823 4977 concretum
873 4934 1256 4993 cognosceret,
1308 4933 1453 4979 tanta
1501 4926 1761 4982 facilitate

199 5025 289 5063 non
320 5014 585 5069 crederet.
620 5013 795 5068 Tanta
825 5015 968 5068 enim
1016 5015 1333 5069 excellentia
1372 5020 1759 5086 promissorum

200 5098 244 5151 in
278 5104 492 5158 vanitati
525 5104 770 5175 subjecto
805 5106 966 5158 corde
998 5121 1101 5157 non
1152 5115 1387 5174 caperet.
1420 5105 1521 5160 Ubi
1565 5112 1764 5178 quippe

199 5191 323 5245 nulla
361 5196 744 5261 przeccsserint
789 5197 971 5250 munia
1016 5196 1360 5260 meritorum,
1400 5198 1512 5266 spei
1555 5214 1761 5268 magna:

199 5277 542 5334 emolumenta
588 5297 696 5336 non
739 5289 1051 5351 suppetunt.
1100 5278 1231 5346 Quis
1275 5296 1403 5351 ergo
1432 5283 1593 5337 homo
1635 5299 1760 5352 per-

197 5368 397 5433 pendat,
428 5370 537 5426 imo
560 5372 830 5427 excedens
858 5373 1130 5427 hominem
1159 5388 1277 5442 qua}
1304 5375 1545 5444 angelica
1570 5385 1760 5431 natura

198 5460 463 5527 conjiciat,
498 5479 624 5533 qua:
670 5464 824 5519 fuerit
874 5467 1110 5536 puritas,
1156 5466 1297 5533 quod
1351 5466 1594 5535 pondus,
1643 5484 1763 5537 qua:

198 5549 353 5618 gloria
396 5555 470 5608 illi
510 5564 598 5621 ut,
628 5557 697 5610 ita
722 5558 919 5623 dicam,
946 5558 1154 5612 cmlesti
1209 5548 1556 5613 conscientia:
1606 5560 1763 5613 innu-

200 5641 333 5707 trita,
364 5661 482 5710 quaa
512 5645 674 5700 nullis
708 5647 804 5702 sibi
829 5630 1121 5717 praaniissis
1143 5646 1545 5717 Scripturarum
1578 5662 1761 5702 exem-

197 5731 307 5799 plis,
337 5736 495 5794 nullis
521 5736 783 5793 similium
820 5756 847 5791 a
882 5737 1075 5792 sacculo
1112 5745 1402 5793 eventuum
1432 5737 1760 5811 imaginibus

1793 1836 1839 1897 Β
1866 1844 2142 1907 exhibitis,
2175 1852 2326 1902 tanto
2348 1850 2638 1905 verborum
2664 1850 2946 1922 privilegio
2975 1853 3152 1908 sinum
3189 1870 3302 1910 suae
3329 1870 3449 1911 crc-

1867 1938 2110 1993 dulitatis
2132 1942 2487 2009 cxpanderit?

1941 2028 1997 2083 Si
2024 2028 2197 2090 Sara).
2225 2047 2269 2086 SI
2301 2031 2493 2088 Manue
2517 2043 2571 2089 et
2593 2035 2745 2089 uxori
2768 2035 2902 2104 ejus,
2925 2037 3066 2104 quod
3088 2038 3154 2092 ad
3184 2038 3261 2092 rei
3292 2040 3452 2097 huius

1866 2121 2327 2188 comparationem
2376 2125 2790 2179 usitatissimum
2835 2135 2985 2191 erat,
3012 2130 3099 2180 vix
3131 2131 3298 2183 astrui
3318 2171 3332 2194 ,
3362 2133 3450 2185 vix

1866 2212 2121 2266 credibile
2146 2214 2314 2269 videri
2341 2217 2536 2284 potuit,
2563 2216 2648 2270 isti
2670 2217 2973 2287 juvenculce
2999 2234 3178 2274 rerum
3205 2223 3449 2283 omnium

1866 2302 2169 2369 prresertim
2215 2303 2561 2359 muliebrium
2600 2306 3069 2375 inexpertissiuue,
3095 2310 3235 2365 unde
3264 2319 3410 2365 tanta
3432 2352 3448 2373 ,

1866 2404 1931 2442 ex
1961 2401 2068 2444 tam
2094 2391 2431 2460 simplicibus
2458 2393 2638 2448 verbis
2668 2396 2877 2465 angeli,
2912 2405 3023 2450 tam
3052 2412 3281 2467 pr0pere
3315 2398 3451 2454 ﬁdes

1868 2480 2040 2550 ingeri
2068 2481 2268 2535 valuit?
2303 2482 2360 2537 Si
2408 2483 2617 2555 Moyses
2660 2496 2782 2554 post
2821 2495 2897 2541 tot
2928 2488 3243 2553 divinorum
3273 2490 3454 2544 eﬂica-

1866 2572 2007 2625 ciam
2036 2572 2346 2642 signorum,
2378 2576 2468 2644 qui
2503 2591 2625 2629 eum
2656 2578 2765 2633 Deo
2799 2577 2940 2632 facie
2970 2580 3036 2633 ad
3077 2578 3268 2635 faciem
3293 2582 3453 2650 quasi

1866 2663 2029 2718 homo
2070 2666 2137 2719 ad
2167 2666 2474 2734 proximum
2520 2666 2876 2737 loquebatur,
2906 2668 2972 2723 ad
3009 2671 3454 2727 contradictionis

1869 2771 2037 2817 aquas
2064 2757 2313 2811 distinxit
2348 2758 2403 2813 in
2445 2757 2605 2814 labiis
2643 2759 2791 2825 suis,
2824 2761 2890 2814 de
2931 2761 3086 2830 cujus
3133 2762 3455 2818 excellentia

1866 2845 2068 2899 dicitur
2100 2862 2114 2897 :
2149 2844 2290 2911 Quia
2312 2846 2622 2903 mitissimus
2651 2858 2785 2904 esset
2803 2851 3036 2909 omnium
3056 2852 3142 2922 qui
3167 2853 3454 2908 moraban-

1868 2944 1955 2988 tur
1989 2951 2042 2989 m
2073 2945 2212 2989 terra
2241 2936 2431 3006 (Num.
2474 2953 2581 3006 xu,
2614 2938 2669 3009 3)
2692 2979 2706 3003 ,
2758 2955 2858 3010 pro
2900 2941 3054 3009 cujus
3105 2942 3456 3012 derogatione

1871 3028 2132 3083 adversus
2155 3028 2335 3085 Aaron
2375 3039 2558 3087 motus
2581 3033 2720 3089 Deus
2743 3032 2909 3086 Maria
2935 3033 3078 3101 lepra
3103 3037 3452 3102 percusserit,

1870 3117 1996 3185 quid
2055 3127 2309 3187 putamus
2357 3134 2425 3176 ex
2469 3136 2633 3191 quam
2682 3122 2894 3177 inﬁnito
2946 3124 3252 3181 sanctitatis
3306 3126 3455 3180 fonte

1871 3210 2234 3277 processerit,
2262 3212 2404 3278 quod
2452 3226 2558 3266 non
2588 3213 2925 3282 cuicunque,
2958 3214 3051 3267 sed
3098 3214 3283 3271 divino
3324 3230 3456 3270 con-

1870 3297 2071 3363 ceptui,
2100 3311 2163 3349 ac
2194 3294 2236 3351 si
2266 3311 2477 3366 semper
2499 3298 2844 3368 praesagitum
2885 3298 2986 3354 sibi
3021 3297 3229 3363 fuisset,
3262 3315 3453 3354 aurem

1871 3385 1972 3440 ista
1995 3385 2128 3441 adeo
2153 3388 2615 3457 obtemperanter,
2645 3391 2996 3460 animumque
3023 3392 3265 3462 aperuit?
3293 3392 3454 3448 Certe

1870 3475 1984 3548 ipse
2015 3478 2311 3535 Zacharias
2337 3479 2562 3535 Joannis
2592 3488 2768 3550 pater,
2793 3480 2929 3550 legis
2958 3483 3454 3551 prophetarumque

1868 3567 2235 3635 doctissimus,
2270 3570 2395 3624 dum
2430 3570 2520 3624 ﬁlii
2552 3570 2654 3624 sibi
2677 3569 2874 3624 eximia
2902 3571 3116 3631 callitus
3141 3572 3454 3641 enuntiare-

1868 3667 1957 3713 tur
1986 3662 2163 3729 origo,
2195 3661 2577 3716 miserabiliter
2606 3662 2781 3717 haesit.
2815 3662 2902 3717 Isti
2921 3703 2936 3728 ,
2965 3664 3107 3733 quod
3153 3678 3219 3718 ex
3246 3663 3451 3730 Spiritu

1868 3748 2053 3819 Virgo,
2086 3766 2190 3804 non
2223 3751 2416 3805 mulier
2444 3766 2511 3805 ex
2545 3753 2743 3806 marito
2771 3753 3109 3822 conciperet,
3144 3753 3286 3807 dicto
3315 3751 3455 3806 cele-

1869 3841 1981 3895 rius
2009 3842 2189 3906 stetit;
2215 3842 2301 3896 cui
2329 3843 2612 3897 sententiae
2638 3843 2885 3898 concinit
2919 3844 3060 3913 quod
3083 3844 3131 3898 ei
3162 3844 3230 3898 ab
3258 3843 3451 3912 angelo

1867 3931 2140 3999 plenitudo
2168 3932 2358 4002 gratia:
2388 3932 2734 4003 prazdicatur,
2762 3933 2869 3987 nisi
2893 3934 3037 3988 enim
3067 3933 3261 3988 divina:
3292 3932 3345 3984 in
3383 3946 3451 3987 ea

1867 4025 2081 4078 virtutis
2126 4025 2191 4078 ad
2245 4025 2510 4095 integrum
2553 4026 2708 4094 c0pia
2753 4024 3133 4091 conﬁuxisset,
3174 4037 3451 4091 ntmquam

1866 4115 2129 4168 bonorum
2177 4116 2417 4169 omnium
2456 4115 2793 4169 universitati
2822 4114 2916 4168 Dei
2946 4114 3082 4168 Filio
3112 4113 3451 4183 concipiendi

1867 4204 2249 4267 obedientiam,
2279 4203 2422 4273 quod
2450 4205 2647 4273 ineptis
2678 4204 2947 4258 mentibus
2972 4203 3275 4259 fabulosum
3306 4205 3453 4257 vide-

1869 4303 2037 4355 retur,
2067 4292 2419 4361 impenderet.
2463 4292 2545 4346 Ex
2574 4306 2797 4347 munere
2841 4292 2986 4345 enim
3015 4306 3266 4361 supernae
3310 4290 3452 4344 infu-

1866 4381 2068 4445 sionis,
2099 4382 2239 4450 quod
2285 4398 2315 4435 a
2368 4381 2623 4449 primaevo
2673 4380 3018 4448 singulariter
3058 4379 3304 4433 inolitum
3347 4380 3451 4437 sibi

1866 4479 2003 4536 erat,
2029 4486 2133 4523 non
2162 4480 2259 4534 est,
2294 4470 2383 4523 tali
2417 4471 2711 4539 stupefacta
2742 4470 2807 4526 de
2828 4468 3035 4532 nuntio,
3062 4470 3155 4523 sed
3182 4468 3452 4523 omnimo-

1867 4560 1989 4613 dam
2023 4559 2184 4613 totius
2204 4559 2500 4614 divinitatis
2521 4558 3124 4629 exuberantiam,quasi
3154 4559 3219 4611 ab
3246 4566 3452 4612 aeterno

1867 4651 2171 4716 cognitam,
2203 4658 2480 4718 gratanter
2521 4649 2766 4717 excepit,
2813 4662 2971 4715 quam
3009 4648 3076 4704 ad
3122 4648 3224 4703 hoc
3275 4650 3449 4719 ipsum

1870 4739 2101 4809 Spiritus
2124 4748 2344 4794 sanctus
2365 4752 2577 4805 semper
2604 4738 2893 4792 imbuerat.

1942 4830 2114 4895 Quam
2143 4828 2395 4883 excellens
2425 4828 2525 4898 fuit
2554 4828 2701 4882 illius
2742 4826 2928 4898 angelo
2970 4845 3236 4885 assensus.
3260 4860 3329 4870 —-
3362 4830 3450 4886 Di-

1870 4920 2010 4975 centi
2042 4919 2201 4989 plane
2235 4918 2422 4989 angelo
2455 4937 2469 4973 :
2503 4917 2637 4973 Ecce
2661 4919 2916 4995 concipias
2942 4928 2989 4971 et
3018 4922 3189 4989 paries
3216 4920 3366 4991 (Luc.
3397 4936 3445 4985 ι,

1823 5010 1841 5022 ⁸
1869 5009 1983 5077 51),
2010 5024 2308 5078 nunquam,
2334 5008 2603 5077 quomodo
2636 5018 2811 5076 posset
2847 5009 2961 5062 lieri
2986 5008 3107 5079 quia
3141 5010 3310 5061 virum
3341 5025 3449 5069 non

1868 5104 2255 5171 cognoscebat,
2290 5099 2577 5167 objiceret,
2618 5101 2660 5153 si
2692 5115 2750 5154 se
2776 5116 2840 5152 ex
2873 5115 3071 5169 sponso
3098 5114 3256 5168 quem
3294 5098 3453 5151 vide~.

1868 5196 2028 5250 batur
2060 5195 2261 5249 habere
2308 5203 2691 5261 concepturam
2745 5193 2928 5245 sciret.
2972 5191 3102 5256 Quis
3148 5206 3278 5260 ergo
3327 5190 3459 5246 istic

1816 5300 1829 5309 ·
1869 5286 2232 5354 conjecturam
2263 5299 2360 5352 pro
2398 5292 2503 5336 tam
2534 5281 2747 5335 insolita
2775 5281 3195 5351 interrOgatione
3229 5295 3331 5333 non
3359 5295 3457 5335 sum

1870 5386 2002 5440 mat,
2029 5374 2169 5445 quod
2192 5389 2257 5428 ex
2282 5375 2448 5428 veteri
2476 5373 2741 5427 mirabilis
2762 5373 2949 5443 gratiae
2977 5372 3310 5442 experientia
3338 5375 3461 5426 vir-.

1870 5468 2080 5536 ginitati
2108 5475 2380 5537 perpetum
2408 5466 2667 5520 inservire
2710 5462 3024 5529 delegisset,
3066 5454 3185 5533 quae
3212 5479 3275 5517 ex
3310 5479 3449 5532 pra:-

1870 5559 2046 5621 seuti,
2082 5560 2171 5612 cui
2208 5558 2322 5626 jam
2372 5556 2574 5612 credita
2625 5554 2800 5609 fuerat
2842 5555 2993 5619 viro,
3043 5570 3102 5610 se
3148 5556 3449 5626 parituram

1870 5648 2092 5703 minime
2141 5657 2441 5717 reputasset
2462 5647 2489 5700 ?7
2516 5646 2639 5717 quia
2677 5645 2821 5699 enim
2858 5661 3009 5700 nova:
3036 5645 3220 5717 gratia:
3250 5645 3451 5710 princi.

1868 5740 2015 5809 pium
2063 5738 2174 5811 ipsa
2226 5748 2369 5803 erat,
2404 5739 2561 5809 plane
2601 5750 2912 5811 competens
2957 5738 3131 5794 fuerat
3155 5781 3177 5801 ,ι
3214 5747 3271 5793 ut
3298 5752 3448 5791 novae
