4014 6324
541 388 649 444 539

1366 384 1429 440 V.
1472 379 2125 456 GUIBERTIIABBATIS
2159 376 2215 432 S.
2260 378 2499 435 ΜΑΒΙᾹΞ
2543 379 2629 434 DE
2654 377 3048 436 NOVIGENTO

3687 384 3780 441 540

538 501 932 573 specialitatem
952 497 1691 569 protessronishaberet,qute
1718 495 2113 565 novogigneudi
2146 502 2190 557 Α
2222 492 2461 557 tissima,
2495 492 2602 545 imo
2654 492 2866 546 cunctis
2913 488 3359 561 praestantissima
3406 491 3645 549 ubertate
3678 494 3779 565 jam

538 609 735 665 genere
763 602 1040 646 auctorem
1076 590 1239 643 totius
1281 597 1482 644 sanctte
1519 590 1775 644 novitatis
1802 597 2115 658 exponeret.

538 684 656 740 Non
701 684 869 753 igitur
914 679 1135 751 angelus
1172 695 1267 734 cor
1313 680 1365 733 in
1399 694 1461 733 ea
1506 680 1638 733 rude
1667 688 1759 733 aut
1799 679 2119 747 imparatum

538 773 765 841 reperit,
798 772 883 826 cui
916 770 1126 826 cunctis
1159 779 1286 824 tunc
1328 769 1634 824 viventibus
1683 770 1816 823 adeo
1848 768 2122 837 insepara-

536 863 664 917 bilia
700 861 765 934 [Ῑ.
798 858 1167 931 insperabilis]
1200 859 1487 924 nuntiavit,
1516 858 1708 927 quibus
1738 868 1885 912 tanto
1917 859 2121 913 ﬁdelius

537 964 819 1005 assensum
853 950 1108 1019 prmbuit,
1139 960 1342 1019 quanto
1381 950 1613 1005 humana
1656 957 1847 1002 natura
1884 949 2121 1002 eminen-

536 1042 730 1096 tiorem
763 1041 938 1095 inesse
964 1041 1065 1096 sibi
1093 1040 1344 1095 allectum
1369 1042 1556 1096 sensit.

607 1127 851 1184 Gratiam
878 1131 969 1184 dat
1004 1129 1141 1184 Deus
1168 1131 1362 1185 sanctis
1384 1132 1450 1186 ad
1482 1146 1802 1185 mensuram.
1833 1160 1902 1170 —
1924 1146 1980 1184 in
2004 1129 2123 1182 aliis

537 1220 747 1275 sanctis
795 1219 1067 1273 mentibus
1111 1219 1471 1289 spiritualium
1521 1220 1907 1274 charismatum
1957 1219 2125 1289 288

537 1312 942 1383 particulariter
967 1326 1255 1375 mensurae,
1278 1327 1385 1366 non
1409 1311 1772 1380 plcnitudines
1796 1312 1848 1366 in
1871 1310 2122 1379 przeseuti

540 1404 739 1459 saeculo
766 1411 1156 1473 praerogantur.
1188 1401 1295 1456 Pro
1336 1417 1443 1471 quo
1469 1418 1500 1457 e
1537 1402 1753 1477 regione
1778 1402 1975 1457 dicitur
2000 1401 2122 1470 quia

542 1496 597 1550 in
634 1496 817 1549 futuro
846 1494 953 1547 erit
1001 1493 1141 1546 Deus
1182 1492 1365 1546 omnia
1402 1494 1454 1546 iu
1496 1492 1747 1548 omnibus
1790 1491 1838 1563 (ι
1875 1490 1996 1547 Cor.
2031 1506 2118 1554 xv,

539 1585 608 1641 28
627 1584 667 1655 ).
689 1583 746 1638 Si
770 1585 948 1651 itaque
970 1597 1115 1637 nunc
1137 1584 1188 1637 in
1217 1583 1296 1637 eis
1324 1582 1566 1636 omnium
1594 1582 1850 1637 virtutum
1880 1580 2124 1636 scintillae

539 1674 921 1731 interemicant
943 1715 958 1740 ,
993 1684 1120 1729 tunc
1151 1673 1372 1743 integra:
1405 1689 1502 1744 per
1529 1687 1718 1729 omnes
1756 1673 1874 1728 sine
1902 1671 2011 1727 ulla
2040 1672 2119 1726 lu-

539 1767 703 1823 minis
734 1766 1149 1835 interpolatione
1193 1774 1482 1820 coruscant
1516 1783 1529 1818 :
1560 1764 1701 1834 quod
1721 1764 1865 1819 enim
1893 1764 2119 1819 dicitur:

2222 583 2492 652 possidet,
2550 583 2713 637 statui
2763 582 2876 647 illi,
2926 593 2983 635 ut
3023 580 3152 635 mihi
3202 581 3437 649 videtur,
3500 591 3781 654 comparari

2222 676 2452 740 valebit;
2501 690 2606 744 quo
2647 675 2773 730 licet
2816 674 3063 730 mortalis
3112 681 3284 729 totum
3332 673 3387 728 in
3431 690 3490 730 se
3536 680 3782 738 continuit

2222 766 2362 833 quod
2408 767 2547 825 Deus
2588 775 2693 824 est.
2739 765 2895 821 Aliud
2923 774 3006 820 est
3031 779 3224 834 nempe
3254 765 3308 819 in
3348 779 3456 834 quo
3484 773 3623 821 totus
3651 784 3781 827 rese-

2223 856 2393 919 derit;
2417 856 2580 923 aliud,
2609 855 2856 925 quamvis
2882 854 3217 921 beatissime,
3243 854 3382 923 quod
3406 855 3783 925 particulariter

2224 944 2426 1013 implet.
2457 941 2604 997 Illam
2629 943 2809 1012 itaque
2855 940 3179 999 ineﬂ'abilem
3222 941 3449 998 Mariam
3476 958 3541 998 ex
3570 947 3783 1015 quadam

2224 1047 2405 1104 parte,
2440 1036 2565 1090 dum
2617 1036 2783 1090 Deum
2829 1036 3094 1105 concipit,
3121 1035 3419 1092 beatiorem
3462 1036 3516 1090 in
3552 1042 3784 1106 praesenti
3829 1102 3833 1113 ι

2225 1126 2475 1193 dixerim,
2501 1141 2661 1195 quam
2687 1126 2884 1182 existat
2905 1126 2958 1180 in
2990 1126 3200 1194 futuro,
3224 1141 3286 1182 ea
3318 1141 3456 1195 pene
3478 1125 3785 1197 imparitate,

2226 1230 2329 1285 qua
2372 1231 2499 1286 pars
2541 1216 2742 1271 distare
2774 1226 2993 1286 putatur
3030 1233 3058 1270 a
3091 1225 3222 1272 toto.
3257 1217 3356 1273 Cui
3403 1232 3633 1286 namque
3677 1234 3787 1287 per-

2225 1321 2395 1371 sonae,
2426 1317 2625 1375 praeter
2652 1307 2835 1373 istam,
2874 1307 3170 1370 attribuas,
3205 1316 3264 1362 ut
3292 1308 3345 1362 in
3376 1322 3439 1362 ea
3469 1323 3528 1363 se
3558 1307 3693 1363 Deus
3720 1318 3789 1364 to-

2228 1408 2337 1456 tum
2389 1399 2745 1469 personaliter
2776 1400 3103 1455 contulerit?
3139 1399 3218 1455 Ne
3264 1401 3327 1455 in.
3367 1399 3549 1455 futuro
3592 1400 3789 1469 quidem

2225 1490 2487 1559 reperies,
2520 1490 2574 1543 in
2606 1504 2764 1559 quem
2793 1490 3076 1561 coagulum
3116 1490 3408 1549 inaccessae
3458 1489 3602 1544 illius
3641 1488 3790 1559 maje-

2226 1580 2384 1636 statis
2410 1579 2673 1635 eﬁ‘ecerit.
2708 1580 2762 1634 Si
2795 1582 2937 1635 enim
2970 1581 3078 1636 Deo
3108 1581 3239 1635 nihil
3267 1590 3350 1637 est
3380 1580 3619 1645 beatius,
3650 1591 3699 1635 et
3726 1582 3789 1636 illi

2225 1668 2370 1725 beati
2403 1669 2657 1724 dicuntur
2680 1708 2695 1735 ,
2744 1678 2803 1723 ut
2838 1678 2965 1724 sunt
3011 1684 3277 1739 pauperes
3322 1670 3515 1740 spiritu
3538 1710 3554 1734 ,
3583 1678 3640 1723 ut
3684 1680 3792 1725 sunt

2229 1762 2387 1817 mites
2409 1760 2625 1832 (Matth.
2652 1777 2707 1829 v,
2738 1764 2771 1817 5
2790 1802 2805 1827 ,
2831 1763 2916 1831 4),
2953 1779 3089 1833 quos
3116 1764 3335 1819 virtutis
3376 1762 3610 1832 alicujus
3637 1764 3793 1832 Splen-

540 1856 667 1913 Nou
691 1869 757 1911 aa
785 1829 1082 1913 mensuram
1111 1856 1199 1909 dat
1227 1856 1369 1911 Deus
1403 1829 1657 1926 Spiritum
1686 1854 1865 1926 (Joan.
1897 1870 1979 1921 tu,
2010 1854 2123 1926 54),
2159 1829 2200 1888 Β
2230 1854 2329 1908 dor
2356 1829 2662 1921 illuminat,
2696 1855 2826 1923 quid
2871 1829 2926 1908 in
2970 1829 3110 1911 cosio
3151 1863 3406 1925 terraque
3448 1829 3534 1911 eo‘
3555 1829 3711 1909 corde
3746 1866 3793 1909 et

541 1950 609 2004 ad
658 1947 860 2004 Filium
912 1948 1173 2018 pertinet,
1211 1947 1362 2016 cujus
1411 1955 1552 2001 totus
1596 1946 1816 2016 spiritus
1863 1945 1976 2014 ipse
2021 1952 2123 2000 est.

543 2040 699 2109 Quod
742 2048 922 2096 autem
963 2038 1257 2106 unicuique
1304 2037 1601 2092 secundum
1650 2038 1925 2107 propriam
1959 2038 2129 2091 virtu-

541 2140 675 2196 tem,
700 2130 765 2184 ad
791 2130 892 2186 hoc
920 2130 1108 2199 utique
1136 2128 1280 2198 quod
1320 2128 1569 2183 ﬁdelibus
1596 2142 1843 2197 supernae
1872 2127 2131 2183 distribu-

540 2221 737 2285 tiones,
760 2218 913 2289 juxta
944 2219 1278 2289 Apostolum,
1298 2235 1396 2290 pro
1423 2220 1543 2274 ﬁdei
1580 2233 1832 2275 mensura
1859 2218 2131 2274 donantur

540 2308 756 2379 (Ephes.
782 2325 857 2374 tv,
881 2310 956 2378 7),
988 2310 1075 2365 cui
1100 2309 1432 2364 simillimum
1470 2317 1552 2365 est
1580 2310 1723 2377 quod
1750 2310 1815 2363 de
1855 2309 2131 2379 incompa-

541 2399 698 2455 rabili
752 2415 979 2470 prorsus
1007 2408 1062 2456 et
1090 2400 1375 2456 benedicta
1405 2400 1509 2455 hac
1539 2398 1757 2470 Virgine
1787 2409 1841 2454 et
1867 2400 2127 2465 creditur,

541 2498 599 2544 et
638 2491 983 2560 praedicatur.
1043 2490 1148 2561 lpsi
1191 2490 1350 2560 plane
1393 2490 1528 2546 nihil
1568 2492 1637 2546 ad
1687 2505 1995 2546 mensuram
2048 2498 2132 2545 est

540 2581 861 2652 praebitum,
897 2597 1023 2638 cum
1053 2597 1174 2637 eum
1195 2624 1209 2649 ,
1247 2582 1339 2653 qui
1378 2583 1517 2653 apud
1547 2582 1763 2637 Patrem
1805 2590 1947 2638 totus
1977 2590 2127 2648 erat,

543 2672 711 2745 Virgo
739 2673 1002 2731 mirabilis
1030 2673 1172 2729 intra
1195 2682 1346 2744 septa
1367 2676 1506 2729 uteri
1539 2675 1662 2729 tulit
1689 2682 1879 2730 totum.

1185 2765 1409 2822 CAPUT
1443 2766 1505 2822 ll.
1930 2818 1933 2821 γ

614 2856 782 2912 Deum
804 2874 859 2911 ιη
884 2873 940 2913 se
964 2864 1127 2913 totum
1149 2858 1562 2913 substantialiter
1575 2858 1828 2913 continuit
1850 2856 1915 2912 Β.
1948 2856 2129 2928 Virgo.

545 2977 617 2992 —-
644 2946 820 3019 Super
845 2962 952 3017 qua
988 2963 1047 3003 re
1074 2949 1301 3019 quaestio
1330 2964 1388 3005 se
1422 2948 1586 3004 infert
1620 2948 1767 3004 omni
1801 2947 2131 3018 contempla-

550 3039 701 3094 tione
731 3039 1069 3109 dignissima.
1125 3039 1199 3094 De
1241 3038 1391 3095 nullo
1439 3048 1749 3095 sanctorum
1792 3038 1995 3093 sentire
2041 3046 2135 3091 aut

547 3128 730 3185 dicere
755 3130 1017 3185 audemus
1043 3130 1184 3200 quod
1210 3130 1262 3184 in
1293 3130 1381 3185 illa
1411 3130 1748 3185 beatitudine
1775 3129 2129 3199 sempiterna,
2159 3163 2205 3226 Ο

548 3219 745 3273 nedum
775 3218 828 3273 in
859 3219 961 3274 hac
984 3219 1195 3274 mortali
1227 3219 1360 3286 vita,
1393 3220 1763 3289 cujuscunque
1800 3218 2133 3274 excellentiae

547 3309 647 3373 sit,
680 3310 848 3365 Deum
879 3310 1310 3365 substantialiter
1358 3319 1529 3365 totum
1582 3311 1634 3366 in
1675 3326 1734 3367 se
1770 3311 1991 3391 habeat,
2031 3310 2134 3364 etsi

546 3401 692 3456 enim
714 3401 891 3457 omnis
912 3400 1053 3456 intra
1076 3401 1369 3471 quemlibet
1397 3403 1613 3457 virtutis
1641 3403 1924 3473 congeries
1957 3402 2137 3459 inesse

548 3491 946 3562 perfectissime
978 3494 1297 3561 aestimetur,
1322 3494 1455 3549 nulli
1479 3504 1660 3549 tamen
1687 3494 1986 3551 divinitatis
2017 3494 2138 3549 uni-

550 3584 782 3638 versitas
829 3584 1217 3647 essentialiter,
1266 3595 1325 3639 ut
1379 3596 1462 3641 est
1509 3584 1723 3650 infusa,
1778 3583 2132 3654 dignoscitur.

550 3673 706 3738 Quod
737 3672 935 3743 quippe
964 3672 1163 3727 dicitur
1198 3672 1440 3728 futurum
1473 3674 1638 3728 Deum
1674 3674 1858 3729 omnia
1890 3673 1943 3726 in
1967 3672 2137 3725 omni-

550 3763 678 3828 bus,
724 3762 857 3817 nihil
885 3762 1026 3819 aliud
1058 3772 1162 3827 est,
1212 3754 1314 3818 nisi
1357 3765 1498 3833 quod
1545 3764 1712 3829 Deus,
1757 3764 1848 3833 qui
1894 3778 2139 3832 quosque

553 3862 773 3909 sanctos
799 3868 897 3925 per
920 3854 1161 3926 singulas
1193 3868 1436 3935 quasque
1464 3854 1691 3909 virtutes
1719 3855 1769 3908 in
1799 3856 1901 3909 hoc
1938 3855 2138 3910 mundo

556 3946 848 4013 nobilitat,
895 3953 1021 4002 tunc
1070 3947 1355 4001 universos
1411 3946 1765 4000 universitate
1838 3946 2135 4017 gratiarum

552 4035 926 4109 perfundendo
978 4037 1278 4092 collustrat.
1328 4036 1487 4089 Aliud
1536 4051 1667 4105 ergo
1712 4045 1794 4091 est
1839 4038 2138 4095 exuberare

553 4129 749 4197 gratia,
794 4128 941 4183 aliud
982 4125 1329 4182 ineffabiliter
1359 4126 1890 4197 incomprehensibili
1941 4129 2137 4199 repleri

552 4218 877 4273 substantia.
902 4216 1033 4283 Quae
1080 4225 1323 4285 utraque.
1353 4217 1700 4287 singulariter
1747 4217 2027 4276 benedicta
2071 4222 2137 4277 de

552 4325 658 4379 qua
683 4310 895 4381 agimus
924 4306 1123 4389 femina
1150 4308 1230 4362 sic
1272 4308 1461 4363 habuit
1488 4318 1544 4364 ut
1574 4318 1628 4366 et
1657 4310 1986 4381 plenitudine
2016 4302 2137 4384 gra4

552 4398 643 4452 tia:
694 4396 1049 4463 redundaret,
1099 4405 1153 4451 et
1197 4396 1719 4467 incircumscriptum
1782 4400 1923 4455 inter
1950 4415 2137 4455 (mittes

2231 1951 2422 1999 ventre
2448 1942 2691 2009 felicius,
2729 1958 2838 2013 quo
2866 1959 2924 1999 se
2955 1945 3021 1998 ad
3054 1945 3319 2016 integram
3359 1946 3501 2000 illius
3532 1945 3793 2000 creatricis

2232 2036 2482 2092 essentia:
2511 2036 2851 2106 omnipotens
2878 2052 3090 2097 summa
3119 2039 3448 2111 coaggerat?

2303 2126 2689 2195 Objectiom’bus
2733 2128 2957 2180 occurrit
3014 2137 3218 2182 auctor.
3276 2126 3676 2199 Sapientissima
3718 2146 3796 2199 po-

2232 2218 2624 2287 tentissimaque
2658 2216 2911 2286 probatur
2954 2214 3109 2288 Virgo
3138 2218 3308 2272 beata.
3339 2249 3407 2258 —
3439 2217 3547 2272 Sed
3599 2219 3662 2272 ad
3700 2220 3797 2274 haec

2224 2305 2336 2376 jam
2362 2306 2649 2376 resipiscat
2694 2306 2908 2361 animus
2928 2347 2943 2373 ,
2974 2315 3027 2362 et
3065 2307 3233 2379 ipsius
3272 2320 3633 2364 sacrosanctae
3663 2326 3797 2380 puer-

2232 2413 2373 2467 perae
2404 2397 2773 2469 ignorautias,
2806 2406 2860 2453 ct
2910 2399 3065 2468 quasi
3113 2406 3430 2457 communes
3475 2400 3524 2454 ei
3579 2401 3799 2461 imbecil-

2232 2489 2411 2545 litates
2436 2488 2685 2558 objectet.
2734 2491 2886 2545 Dicat
2929 2490 3113 2560 itaque
3144 2508 3156 2543 :
3186 2490 3318 2544 Cum
3362 2506 3492 2562 ergo
3543 2492 3655 2560 ipsa
3708 2494 3799 2549 Deo

2232 2589 2493 2653 concepto
2518 2583 2699 2637 omnia
2742 2582 2892 2651 pueri
2938 2580 3117 2636 futura
3157 2582 3297 2636 scire
3338 2582 3622 2647 debuerit,
3663 2584 3801 2641 toties

2234 2674 2302 2727 ad
2345 2672 2541 2743 Joseph
2590 2673 2924 2728 edocendum
2980 2672 3204 2744 angelus
3244 2673 3429 2728 vexari
3466 2689 3576 2727 non
3615 2674 3799 2728 debuit.

2234 2760 2497 2819 Occurrat
2527 2763 2691 2832 igitur
2730 2770 2955 2817 econtra
2986 2762 3294 2829 memoriae,
3319 2761 3460 2831 quod
3491 2761 3564 2815 ab
3590 2764 3799 2816 archan-

2233 2852 2356 2923 gelo
2398 2852 2538 2908 inter
2589 2852 3019 2907 annuntiandum
3064 2852 3262 2908 dicitur
3302 2868 3316 2907 :
3357 2852 3539 2908 Virtus
3569 2854 3803 2907 Altissimi

2236 2946 2564 3000 obumbrabit
2607 2947 2701 2999 tibi
2741 2945 2893 3014 (Luc.
2927 2961 2974 3004 ι.
3002 2945 3112 3017 Si").
3141 2946 3208 3000 Et
3249 2948 3377 3016 quid
3428 2936 3532 3003 fuit
3572 2949 3697 3007 illud
3722 2951 3805 3002 ob-

2234 3036 2522 3104 umbrare,
2557 3036 2659 3091 nisi
2693 3035 2837 3091 illius
2864 3035 3317 3105 incircumscripti
3344 3036 3563 3091 luminis
3600 3037 3807 3091 immen-

2236 3127 2452 3183 sitatem
2506 3128 2781 3184 obtutibus
2840 3129 3038 3184 mentis
3088 3130 3381 3185 obtexere?
3428 3129 3619 3186 Virtus
3668 3131 3805 3201 plane

2234 3220 2497 3275 Altissimi
2536 3220 2860 3285 obumbrat,
2909 3233 3034 3275 cum
3090 3226 3310 3275 sanctus
3357 3218 3629 3289 Spiritus,
3672 3219 3806 3287 cujus

2235 3312 2469 3382 speciale
2500 3311 2699 3367 donum
2730 3320 2815 3367 est
2835 3310 3113 3366 humilitas
3132 3351 3146 3377 ,
3176 3311 3229 3365 in
3252 3319 3544 3381 conspectu
3588 3312 3795 3366 rationis

2237 3403 2513 3460 interioris
2556 3402 2742 3475 gloriae
2790 3402 3069 3457 claritates
3105 3411 3382 3457 extenuat.
3437 3401 3493 3455 lu
3532 3412 3805 3472 conspectu

2236 3512 2365 3567 ergo
2394 3497 2486 3552 illo
2530 3497 2671 3552 sicut
2716 3495 2849 3550 nulli
2896 3494 3281 3565 comparabilis
3325 3495 3537 3548 exstitit
3566 3495 3803 3563 dignitas,

2239 3589 2314 3643 ita
2346 3589 2621 3660 dignitatis
2651 3588 2947 3657 potentiam
2979 3601 3087 3641 non
3120 3585 3399 3641 dissimilis
3442 3584 3563 3639 aliis
3598 3585 3803 3639 obnubi-

2238 3679 2369 3734 lavit
2423 3679 2730 3736 inﬁrmitas.
2776 3678 2929 3733 Unde
2956 3686 3011 3733 e:
3054 3676 3178 3731 alibi
3225 3677 3460 3731 dicitur:
3495 3674 3647 3729 Pone
3677 3674 3805 3745 quasi

2238 3783 2435 3827 noctem
2468 3772 2706 3826 umbram
2734 3780 2875 3823 luant
2904 3768 3062 3839 (lsai.
3093 3784 3217 3833 XVI,
3263 3769 3339 3838 5).
3375 3767 3589 3834 Quasi,
3622 3767 3803 3835 inquit,

2239 3879 2345 3918 non
2377 3878 2523 3927 vere,
2549 3878 2653 3916 non
2678 3861 2821 3916 enim
2846 3876 2954 3931 quo
2993 3860 3265 3923 lucemus,
3305 3860 3399 3914 sed
3430 3872 3539 3928 quo
3579 3857 3806 3912 tenebra-

2242 3955 2444 4009 scimus
2474 3953 2734 4009 debemus
2764 3952 3065 4007 attendere.
3097 3950 3210 4005 Non
3235 3950 3397 4020 igitur
3415 3949 3646 4005 forsitan
3670 3947 3807 4018 quid-

2239 4046 2381 4116 piam
2414 4045 2664 4115 iguorare
2698 4044 2914 4113 potuit,
2943 4056 3064 4110 quae
3111 4042 3280 4095 Deum
3313 4040 3493 4093 omnia
3524 4039 3805 4110 sapientem

2239 4136 2453 4206 genuit;
2491 4151 2609 4205 quae
2644 4144 2819 4188 tamen
2850 4142 2905 4188 et
2932 4132 3218 4201 sapientia,
3252 4132 3569 4201 pariterque
3618 4146 3681 4185 ex
3714 4130 3805 4182 Deo

2240 4229 2389 4285 carni
2416 4244 2526 4282 suae
2551 4227 2699 4279 uuito
2721 4226 2986 4295 potentia,
3009 4232 3156 4277 tanta
3186 4209 3593 4292 dispensatione
3615 4219 3805 4275 delituit

2240 4328 2300 4374 ut
2330 4319 2431 4373 sibi
2462 4332 2559 4371 nec
2591 4317 2751 4379 scire,
2780 4330 2878 4369 nec
2908 4329 3064 4383 posse
3096 4316 3328 4378 deesset,
3362 4328 3482 4367 cum
3520 4320 3694 4366 tamen
3720 4324 3803 4377 op-
3875 4362 3882 4371 _

2239 4422 2476 4482 portuuo
2517 4408 2747 4476 tempori
2793 4406 3008 4459 interim
3042 4405 3216 4459 virtus
3258 4412 3508 4458 contecta
3557 4403 3802 4462 serviret,

552 4502 834 4548 creaturas
885 4490 1033 4558 sola,
1061 4508 1168 4548 non
1209 4494 1262 4548 in
1301 4509 1400 4548 suo
1444 4494 1811 4560 solummodo,
1846 4505 1903 4549 ut
1931 4497 2109 4549 caeteri

2257 4506 2395 4562 sicut
2424 4501 2566 4554 enim
2597 4499 2648 4552 in
2683 4511 2848 4567 puero
2887 4494 3009 4551 Jesu
3060 4494 3321 4563 sapientia
3344 4532 3359 4559 ,
3391 4502 3526 4547 tetas
3561 4501 3614 4547 et
3653 4491 3803 4561 gratia

556 4598 816 4649 munere,
841 4583 939 4639 sed
978 4591 1149 4640 totum
1183 4583 1235 4638 in
1265 4584 1443 4654 seipso
1470 4594 1729 4655 portaret.

627 4674 812 4730 Status
838 4676 1000 4746 ipsius
1032 4676 1085 4729 in
1112 4676 1209 4730 hac
1248 4676 1462 4731 mortali
1483 4679 1588 4731 vita
1616 4678 1952 4747 praestantior
1978 4696 2135 4747 quam

550 4764 609 4819 in
637 4763 783 4818 caelo.
814 4794 884 4804 —
912 4764 1063 4820 Unde
1089 4765 1368 4833 quaeritur,
1397 4774 1453 4820 et
1483 4781 1512 4819 a
1550 4767 1705 4821 nobis
1746 4767 1922 4821 debita
1966 4768 2139 4821 humi-

553 4852 705 4908 litate
729 4863 1011 4924 pensatur,
1042 4863 1222 4910 utrum
1247 4858 1751 4913 sacrosanctissima
1780 4858 1865 4911 illa
1916 4858 1967 4913 in
2001 4874 2138 4913 rnor-

555 4950 751 5006 talibus
787 4951 964 5005 adhuc
1001 4951 1292 5007 constituta
1338 4954 1632 5015 membris,
1673 4953 1841 5007 Deum
1881 4951 2138 5021 gestando

555 5039 675 5109 plus
698 5039 971 5105 habuerit,
1000 5054 1161 5110 quam
1186 5056 1331 5097 nunc
1359 5044 1556 5098 habeat
1592 5042 1701 5096 tilio
1730 5041 1783 5095 in
1827 5043 2139 5097 coelestibus

555 5130 923 5201 coregnando;
962 5132 1104 5202 quod
1142 5133 1305 5202 plane
1336 5134 1416 5189 sic
1450 5148 1611 5205 posse
1649 5134 1836 5189 sentiri
1864 5134 1982 5189 sine
2000 5150 2132 5205 pra:-

552 5220 757 5292 judicto
787 5223 1159 5296 intelligentiae
1185 5226 1412 5283 verioris
1440 5225 1693 5281 existimo
1714 5266 1731 5293 ,
1760 5225 1901 5295 quod
1939 5226 1990 5280 in
2025 5242 2141 5282 cor-

558 5311 799 5383 ruptibili
829 5329 992 5369 carne
1015 5314 1188 5369 multo
1215 5315 1387 5389 magis
1414 5316 1533 5384 plus
1562 5316 1846 5382 habuerit,
1870 5331 1992 5372 cum
2022 5316 2137 5387 ple-

555 5402 746 5457 nitudo
772 5402 1074 5460 divinitatis
1104 5406 1159 5463 in
1189 5419 1249 5459 se
1289 5403 1646 5475 corporaliter
1690 5406 1961 5460 habitaret
1999 5405 2137 5477 (Col.

557 5511 632 5561 ιι,
663 5494 751 5563 9),
782 5510 947 5569 quam
996 5512 1140 5551 nunc
1194 5496 1427 5561 habeat,
1471 5495 1595 5552 licet
1633 5496 1841 5553 christo
1876 5512 1974 5553 suo
2022 5514 2142 5552 cor-

558 5593 780 5655 regnet,
816 5585 1067 5657 quamvis
1098 5585 1243 5640 enim
1275 5586 1526 5642 omnibus
1558 5586 1832 5657 potentius
1877 5588 2141 5641 creaturis

557 5675 787 5733 feliciter
813 5677 1043 5732 vivendo
1070 5677 1365 5746 pcrsentiat
1385 5720 1398 5742 ,
1448 5693 1553 5733 non
1584 5686 1763 5733 tamen
1796 5676 1923 5732 illud
1945 5718 1959 5743 ,
1999 5677 2141 5747 quod

560 5768 613 5828 in
642 5768 799 5825 modo
827 5767 1068 5827 omnium
1103 5768 1398 5838 gratiarum
1430 5785 1491 5825 ac
1530 5770 1821 5841 gloriarum
1868 5769 2140 5826 abundan-

2242 4598 2380 4670 apud
2410 4596 2579 4649 Deum
2607 4598 2662 4645 et
2692 4588 2939 4644 homines
2972 4586 3297 4656 pedetentim
3328 4585 3533 4640 coaluit
3560 4584 3710 4655 (Luc.
3752 4599 3801 4643 u,

2235 4687 2348 4756 52),
2386 4685 2455 4738 ita
2488 4691 2543 4737 et
2570 4682 2622 4734 in
2655 4688 2845 4742 matre,
2875 4676 3215 4731 exolescente
3238 4675 3397 4740 Filio,
3427 4683 3481 4730 ct
3509 4674 3806 4745 propalantc

2238 4795 2332 4849 pcr
2359 4773 2660 4831 doctrinam
2700 4778 2757 4825 et
2805 4768 2957 4837 signa
3007 4767 3151 4837 quod
3182 4775 3331 4832 erat,
3366 4766 3629 4835 quidquid
3670 4766 3719 4818 in
3751 4779 3806 4817 ea

2236 4878 2431 4939 praeter
2453 4873 2702 4921 naturam
2731 4861 2934 4915 factum
2980 4859 3347 4925 nesciebatur,
3379 4858 3651 4929 apparuit.
3682 4857 3802 4911 Pro-

2236 4976 2390 5016 cessu
2432 4971 2559 5011 sane
2593 4953 2879 5023 temporis,
2911 4959 2966 5006 et
2993 4958 3183 5020 coepta:
3219 4948 3506 5033 eﬁicieptia
3539 4949 3805 5017 dispensa-

2240 5049 2401 5104 tionis
2422 5088 2436 5112 ,
2465 5055 2520 5100 et
2549 5044 2741 5098 matris
2779 5041 3144 5107 imbecillitas,
3176 5048 3232 5097 et
3252 5040 3364 5095 nati
3396 5039 3702 5112 ignobilitas
3723 5036 3806 5089 mi-

2238 5139 2396 5194 rabili
2429 5136 2809 5209 mysteriorum
2857 5133 3189 5188 revelatione
3230 5132 3526 5203 perpatuit.
3576 5130 3804 5196 Ouodam

2244 5231 2474 5300 denique
2524 5228 2681 5283 modo
2736 5226 2911 5294 fragili
2942 5224 3097 5283 sexui
3142 5233 3199 5280 et
3224 5224 3395 5289 aetati,
3425 5224 3470 5277 si
3500 5223 3683 5278 dicere
3722 5234 3805 5273 au-

2240 5323 2415 5387 deam,
2453 5319 2675 5375 lubricae
2731 5332 2948 5387 parsum
3006 5330 3168 5385 super
3204 5314 3310 5370 isto
3358 5322 3648 5383 putamus,
3687 5311 3803 5364 dum

2240 5423 2297 5469 ut
2345 5412 2517 5468 virtus
2547 5408 2838 5465 immodica
2877 5408 2933 5461 in
2969 5407 3153 5461 animo
3183 5404 3412 5463 tolerari
3428 5402 3664 5474 potuerit
3690 5415 3803 5456 cor-

2239 5505 2387 5576 poris
2438 5501 2722 5565 tenuitate,
2772 5499 2872 5554 sub
2918 5505 3163 5567 egestate
3211 5496 3536 5557 domestica,
3577 5490 3806 5547 scientia:

2242 5593 2405 5647 etiam
2437 5600 2493 5646 et
2523 5588 2810 5648 exterioris
2840 5585 3271 5644 conversationis
3305 5582 3656 5656 generalitate
3681 5589 3804 5635 tem-

2242 5691 2477 5753 peratur.

2316 5775 2516 5828 Exa.to
2556 5772 2734 5852 itaque
2769 5786 2798 5826 a
2839 5768 3118 5841 temporali
3172 5766 3386 5823 miseria
3429 5766 3582 5829 Filio,
3626 5771 3677 5817 et
3709 5759 3803 5830 διο·
