4014 6324
261 397 347 455 511

1498 397 1587 453 DE
1614 398 1844 473 LAUDE
1887 398 1945 454 s.
1991 398 2249 456 MANE.

3384 414 3490 471 542

255 519 385 574 riosa
414 511 579 568 Mater
604 506 835 565 ﬁdelium
861 508 1100 565 omnium
1128 511 1382 582 opinione
1411 513 1669 568 eximitur
1700 533 1713 567 :
1746 523 1799 569 et
1828 515 1876 571 Α
1905 532 2004 570 nus
2034 532 2194 585 quem
2225 521 2348 587 tecit
2380 520 2633 579 Salomon
2661 525 2725 579 de
2746 526 2897 579 ebore
2916 526 3189 597 grandem:
3216 514 3261 581 et
3290 532 3489 584 vestivit

253 608 416 681 potuit
440 604 698 673 siquidem
724 602 837 671 ipsa
865 602 1063 657 similia
1096 605 1253 658 nobis
1283 605 1430 673 pati,
1472 615 1526 660 et
1565 607 1808 676 corporis

251 702 393 756 obsta
412 697 529 751 culo
560 695 627 749 ab
657 692 963 748 omnimoda
994 694 1238 759 scientia,
1266 695 1407 764 quod
1429 695 1572 751 Deus
1599 706 1704 762 est,
1729 698 1809 750 in-

252 788 461 846 tercludi
480 826 495 852 ,
525 796 579 841 et
605 784 744 839 unde
769 794 949 841 tamen
980 784 1456 849 intercluderetur,
1485 787 1572 841 cui
1599 801 1809 855 semper

249 882 438 950 absque
467 877 625 933 dubio
668 877 811 946 quod
857 886 1145 948 pepererat
1192 878 1571 947 praescriptum
1627 880 1810 934 animo

250 966 558 1027 tenebatur?
604 967 659 1023 Si
706 977 930 1038 propter
981 969 1063 1024 sui
1116 970 1574 1036 exinanitionem,
1623 970 1811 1025 formae

249 1061 376 1118 servi
405 1061 794 1131 acceptionem,
825 1061 1002 1116 crucis
1036 1060 1399 1116 obeditionem
1451 1077 1615 1131 super
1649 1078 1811 1119 omne

247 1169 430 1211 nomen
458 1151 727 1208 exaltatur
754 1152 944 1219 Filius,
976 1168 1100 1208 cum
1131 1151 1247 1220 ejus
1270 1154 1625 1210 contumelias
1646 1155 1813 1227 289

248 1255 296 1303 et
354 1253 577 1302 mortem
641 1253 921 1300 maternus
980 1244 1328 1300 dissimulare
1378 1260 1484 1299 non
1546 1247 1812 1316 potuisset

246 1338 475 1402 adectus,
507 1350 706 1405 suppar
729 1336 962 1404 quodam
988 1337 1147 1391 modo
1186 1335 1323 1390 Filio
1353 1337 1514 1390 matri
1551 1340 1814 1393 successit

247 1427 473 1487 eﬂectus.
507 1426 659 1481 Sicut
696 1426 841 1480 enim
874 1426 1101 1495 gloriam
1133 1427 1183 1482 in
1221 1426 1358 1482 Filio
1387 1428 1663 1498 praecessit
1708 1430 1811 1486 hu-

245 1519 429 1576 militas
451 1557 466 1583 ,
492 1517 570 1572 sic
595 1516 781 1572 Matris
811 1518 1199 1583 humilitatem,
1246 1534 1365 1588 quae
1395 1519 1731 1575 redundabat
1778 1537 1807 1577 a

245 1609 390 1674 Filio,
417 1608 673 1663 nimirum
699 1618 783 1663 est
801 1609 1088 1663 subsecuta
1116 1609 1418 1665 sublimitas
1436 1624 1449 1664 :
1466 1609 1620 1680 cujus
1644 1611 1811 1685 gloria

244 1699 458 1756 interior
490 1715 598 1769 quo
638 1701 811 1771 magis
859 1701 1185 1769 intrinseca,
1219 1710 1369 1757 tanto
1413 1702 1516 1757 fuit
1552 1703 1662 1759 Deo
1686 1718 1814 1758 con-

247 1792 541 1862 templando
563 1790 850 1858 subtilior;
891 1801 946 1847 et
977 1793 1185 1864 lampas
1212 1793 1332 1863 ejus
1358 1809 1466 1864 quo
1503 1794 1642 1864 apud
1670 1794 1815 1865 cogi-

246 1883 461 1938 tationes
485 1882 713 1937 divitum
744 1884 1071 1953 despectior,
1101 1900 1166 1940 eo
1194 1885 1260 1939 ad
1286 1893 1547 1940 statutum
1583 1884 1704 1940 Filii
1733 1887 1813 1941 sui

245 1982 443 2042 tempus
463 1981 727 2044 paratior.
761 1973 916 2030 Unde
946 1974 1061 2046 ipse
1106 1973 1365 2049 Tempus,
1400 1975 1610 2045 inquit,
1642 1991 1814 2030 meum

246 2065 461 2122 nondum
500 2065 711 2119 advenit
760 2066 944 2135 (Joan.
986 2081 1094 2131 v11,
1119 2065 1196 2137 6).

309 2156 479 2226 Capro
508 2156 674 2226 igitur
702 2157 984 2214 emissario
1022 2158 1077 2212 in
1112 2157 1456 2213 solitudinem
1497 2156 1720 2223 emisso,
1760 2166 1817 2214 et

248 2246 405 2316 ipsius
455 2245 649 2301 Matris
708 2248 937 2318 pedibus
988 2249 1112 2303 luna
1158 2250 1456 2319 supposita,
1497 2258 1553 2305 et
1589 2249 1641 2303 in
1673 2249 1813 2304 idem

250 2336 483 2390 traducta
516 2336 820 2399 desertum,
857 2336 973 2406 ejus
1005 2336 1118 2406 jam
1158 2340 1263 2393 rite
1300 2339 1725 2409 magnificentia,
1762 2346 1817 2394 et

249 2442 307 2486 ex
338 2426 492 2492 Filio,
532 2437 586 2481 et
612 2434 738 2499 post
783 2427 979 2483 Filium
1009 2429 1399 2498 onmipotentia
1431 2427 1816 2497 multiplicibus

249 2516 473 2586 aperitur
500 2518 762 2571 ostensis.
793 2517 911 2586 Ipsa
951 2518 1005 2571 in
1049 2528 1360 2573 sanctorum
1408 2520 1730 2585 visionibus,
1762 2528 1818 2575 et

249 2610 508 2678 signorum
537 2605 803 2676 eﬂicacia,
836 2625 901 2664 ex
938 2610 1245 2665 caelestium
1283 2610 1570 2681 spirituum
1603 2612 1817 2682 appari-

248 2707 398 2760 tione,
446 2698 731 2753 hominum
778 2700 1456 2774 patrociniotinferorum
1505 2702 1813 2770 exactione,

245 2785 488 2856 Reginam
519 2803 579 2842 se
621 2788 746 2844 coeli
801 2798 1068 2860 terraeque
1110 2806 1177 2846 ex
1222 2794 1334 2847 suis
1389 2793 1816 2849 circumstantiis

244 2879 429 2949 ubique
463 2880 737 2950 propalat.
762 2880 807 2937 Ο
828 2882 898 2936 ab
924 2883 1070 2943 intus
1097 2884 1300 2953 gloria!
1329 2900 1361 2939 ο
1388 2900 1549 2954 quam
1577 2885 1818 2955 respexit

245 2969 375 3027 Deus
402 2973 609 3028 ancillae.
641 2973 935 3043 singularis
958 2975 1269 3032 humilitas!
1312 2977 1367 3032 Si
1398 2992 1520 3033 eum
1556 2976 1669 3046 jam
1692 2993 1815 3048 per-

245 3062 432 3129 pendes
489 3061 595 3131 qui'
657 3065 1010 3133 pertransivit
1071 3067 1308 3121 animam
1368 3076 1517 3123 tuam
1577 3067 1813 3138 gladium

246 3150 385 3223 (Luc.
412 3168 474 3217 ιι,
502 3153 619 3226 55),
655 3156 823 3211 multo
851 3158 1096 3212 avidiore
1133 3158 1321 3214 laetitia
1359 3159 1499 3214 uteri
1525 3160 1599 3214 tui
1634 3159 1814 3216 exsul-
1839 3179 1891 3243 ο

247 3242 374 3299 tabis
399 3245 464 3299 ad
489 3245 762 3302 fructum!
796 3245 839 3303 Ο
868 3248 1195 3305 ineffabilem
1225 3266 1352 3306 vere
1376 3250 1537 3306 etiam
1560 3251 1818 3322 angelicis

245 3335 532 3392 rationibus
570 3336 856 3406 feminam,
890 3356 1009 3408 quae
1040 3341 1219 3396 adhuc
1268 3342 1473 3417 carnali
1519 3354 1670 3413 septa
1717 3359 1816 3414 pa-

243 3425 370 3480 riete
394 3426 518 3481 illud
555 3428 1114 3499 incomprehensibile
1144 3432 1326 3488 lumen
1372 3434 1518 3500 tulit,
1548 3434 1691 3504 quod
1719 3450 1818 3491 ne-

244 3531 339 3585 que
363 3516 661 3585 humanus,
700 3535 876 3590 neque
923 3522 1160 3578 etelestis
1207 3523 1452 3594 spiritus,
1490 3538 1598 3578 non
1638 3523 1818 3580 dicam

244 3613 400 3661 totum
416 3608 674 3675 tolerare,
688 3610 784 3665 sed
806 3611 966 3665 etiam
987 3611 1270 3682 pervidere
1296 3629 1401 3669 non
1418 3614 1612 3699 possjtl
1638 3614 1820 3671 videre

245 3698 375 3751 enim
406 3713 561 3754 suum
592 3701 1051 3773 qualitercumque
1081 3702 1393 3760 Creatorem
1422 3706 1524 3761 etsi
1544 3698 1817 3776 permitti-

246 3791 343 3851 tur,
370 3790 836 3860 comprehendere
862 3803 1041 3849 tamen
1072 3795 1398 3851 omnimodis
1434 3812 1499 3851 ac
1533 3798 1819 3867 pervidere

245 3890 477 3950 negatur.
509 3880 655 3938 Hinc
692 3892 778 3938 est
826 3885 968 3953 quod
1019 3887 1332 3943 desiderant
1372 3889 1427 3942 in
1466 3905 1590 3945 eum
1644 3890 1819 3961 angeli

245 3973 545 4043 prospicere
575 3974 643 4043 (1
678 3973 825 4029 Petr.
860 3993 899 4043 ι,
934 3977 1057 4047 12),
1096 3979 1220 4033 dum
1252 3990 1474 4050 propter
1501 3982 1584 4035 sui
1611 3981 1819 4036 incom-

244 4065 764 4132 prehensibilitatem
798 4083 904 4122 non
930 4077 1146 4124 cessant
1174 4071 1556 4125 insatiabiliter
1587 4072 1818 4126 inhiare.

313 4153 604 4213 Pensemus
656 4173 804 4227 ergo,
859 4160 985 4215 dum
1030 4175 1152 4216 eum
1200 4163 1299 4216 ista
1338 4163 1609 4233 concipit,
1661 4179 1821 4233 quam

244 4243 587 4301 excellentius
645 4247 793 4301 omni
846 4258 1095 4305 creatura
1146 4252 1382 4318 viderit,
1434 4253 1559 4307 dmn
1606 4261 1825 4322 portare

247 4331 397 4387 datur
425 4337 570 4405 quod
615 4337 750 4393 nulli
789 4339 961 4407 licuit,
992 4342 1135 4397 unde
1176 4342 1305 4399 illud
1354 4344 1678 4399 mirabiliter
1704 4360 1824 4398 sen-

245 4436 353 4475 sum
380 4435 483 4490 est,
510 4426 661 4495 quod
702 4442 807 4481 non
844 4432 1203 4499 cognoscebat
1238 4447 1355 4485 eam
1400 4433 1571 4487 donec
1608 4442 1825 4503 pareret

1912 623 2029 659 eum
2064 625 2196 661 auro
2230 610 2371 678 fulvo
2417 615 2571 668 nimis
2620 615 2737 683 (III
2794 615 2920 686 Reg.
2967 634 3022 683 Χ,
3068 619 3177 690 19).
3211 619 3489 689 Sapientia

1913 698 2005 751 Dei
2047 697 2223 754 Patris
2250 702 2509 770 primum,
2542 705 2695 772 juxta
2732 708 3067 776 apostolum,
3098 710 3318 778 pacifica
3346 709 3488 782 (Jac.

1911 806 1993 853 ut,
2028 793 2137 859 17),
2184 793 2297 861 ipsa
2356 807 2438 849 est
2476 795 2753 860 Salomon,
2795 814 2913 867 qua:
2952 800 3201 854 thronum
3233 800 3299 855 de
3328 801 3493 857 ebore

1895 880 2013 943 ,sibi
2050 879 2202 946 facit,
2238 883 2365 936 dum
2412 886 2592 939 sedem
2645 887 2696 939 in
2729 888 2977 957 Virgine,
3012 905 3115 960 qua
3148 891 3220 944 nil
3252 907 3491 959 unquam

1911 969 2014 1024 fuit
2041 971 2265 1036 castius,
2319 972 2421 1027 sibi
2470 974 2640 1043 ponit.
2694 975 2927 1044 Elephas
2951 980 3129 1045 enim,
3180 981 3334 1049 cujus
3364 996 3489 1036 ossa

1913 1073 2041 1116 sunt
2067 1063 2227 1129 ebur,
2259 1065 2589 1119 continentis
2619 1081 2682 1119 ac
2709 1068 2923 1121 munda
2947 1078 3153 1124 naturae
3186 1082 3284 1125 εει.
3322 1072 3494 1127 Porro

1912 1154 2197 1222 grandem,
2246 1155 2504 1208 nimirum
2538 1172 2605 1210 ex
2636 1157 2773 1211 Filio
2799 1158 2973 1225 caelis,
3006 1161 3186 1224 terris,
3219 1171 3273 1216 et
3302 1163 3495 1219 inferis

1912 1243 2313 1312 praesidentem.
2375 1244 2529 1301 llunc
2579 1263 2713 1301 auro
2767 1247 2915 1303 fulvo
2952 1248 3114 1304 nimis
3148 1252 3328 1317 vestit,
3370 1268 3494 1307 cum

1914 1347 2031 1386 eam
2058 1348 2164 1386 non
2203 1334 2460 1390 virtutum
2504 1336 2755 1393 scintillis
2785 1346 2844 1391 ut
2886 1338 3041 1403 alios,
3069 1338 3163 1393 sed
3212 1340 3324 1407 ipsa
3365 1342 3496 1393 sub-

1915 1421 2241 1477 stantialiter
2266 1427 2488 1493 propria
2557 1427 2839 1481 divinitate
2886 1428 3117 1482 interius
3157 1429 3499 1497 exteriusque.

1916 1510 2154 1566 infercit.
2182 1510 2288 1577 Qui
2309 1513 2529 1568 habebat
2552 1532 2642 1569 sex
2669 1517 2890 1586 gradus,
2938 1526 2985 1571 et
3022 1519 3296 1571 summitas
3327 1518 3499 1571 throni

1916 1603 2143 1656 rotunda
2193 1614 2307 1658 erat
2346 1605 2400 1658 in
2437 1616 2587 1673 parte
2632 1606 2909 1678 posteriori
2950 1605 3069 1679 (111
3111 1606 3240 1677 Reg.
3286 1624 3338 1671 Χ,
3386 1608 3498 1677 19).

1917 1693 2021 1748 Sex
2046 1696 2243 1764 gradus
2284 1705 2409 1750 sunt
2439 1698 2600 1750 timor
2632 1707 2687 1752 et
2731 1700 2902 1765 pietas
2928 1739 2943 1763 ,
2987 1699 3238 1763 scientia,
3261 1709 3315 1753 et
3350 1700 3500 1755 forti-

1918 1788 2067 1849 tudo,
2104 1788 2387 1843 consilium
2433 1798 2490 1842 et
2521 1789 2852 1853 intellectus,
2882 1790 3079 1860 quibus
3105 1792 3351 1861 pervenit
3384 1792 3498 1860 ipsa

1920 1879 1985 1931 ad
2035 1894 2198 1944 eum,
2262 1880 2351 1947 qui
2407 1880 2507 1934 sibi
2542 1880 2849 1949 specialiter
2886 1881 3137 1948 praesedit
3180 1881 3498 1950 sapientiam

1917 1970 2215 2027 Christum.
2271 1970 2570 2026 Summitas
2615 1972 2826 2039 throni,
2877 1973 3167 2043 singularis
3207 1974 3498 2027 eminentia

1918 2071 2002 2118 est
2027 2061 2323 2118 Genitricis
2371 2063 2484 2117 Dei.
2534 2063 2659 2119 Haec
2700 2065 2927 2119 rotunda
2960 2074 3044 2119 est
3072 2080 3099 2118 a
3130 2072 3286 2135 parte
3317 2074 3499 2133 poste-

1918 2154 2073 2219 riori,
2103 2155 2226 2215 quia
2257 2153 2507 2208 immanis
2554 2156 2739 2211 usilms
2770 2156 3133 2225 despicabilis,
3167 2156 3293 2209 dum
3350 2157 3500 2209 advi~

1918 2257 2087 2311 veret,
2119 2246 2273 2316 quasi
2304 2245 2438 2300 fabri
2490 2263 2647 2314 uxor,
2698 2248 2809 2318 jam
2843 2264 2987 2302 nunc
3035 2248 3123 2302 ubi
3172 2248 3319 2303 solus
3354 2249 3493 2302 Dens

1917 2335 2086 2398 videt,
2119 2349 2407 2404 supparem
2434 2337 2833 2403 quodammodo
2874 2336 3135 2405 prodigiis
3180 2352 3236 2391 se
3265 2337 3505 2391 ostendit

1917 2427 2326 2496 omnipotentia:
2357 2426 2477 2491 Dei,
2506 2425 2632 2480 dum
2663 2427 2859 2481 trinam
2897 2427 3227 2494 machinam,
3281 2437 3338 2481 ut
3366 2442 3505 2497 pra:-

1918 2515 2227 2581 libavimus,
2269 2514 2637 2586 potentialiter
2668 2515 3082 2584 circumplectit.

1991 2606 2061 2660 Et
2086 2607 2207 2661 dua:
2232 2622 2418 2660 manus
2456 2607 2577 2659 hinc
2610 2616 2660 2660 et
2693 2607 2815 2660 inde
2849 2616 3076 2661 tenentes
3099 2606 3259 2660 sedile
3290 2607 3309 2676 (
3327 2606 3501 2677 Μὰ).

1920 2700 2049 2754 Dure
2082 2715 2294 2764 manus,
2326 2700 2443 2753 dua:
2485 2707 2610 2752 sunt
2639 2699 2691 2752 in
2730 2698 2949 2753 Christo
2974 2700 3338 2768 operationes.
3365 2697 3506 2767 Ope-

1920 2792 2059 2846 ratio
2109 2792 2289 2846 carnis
2342 2791 2468 2844 licet
2519 2790 2796 2861 fragilitati
2850 2789 3087 2859 primum
3132 2792 3343 2845 addicta
3398 2792 3504 2856 sit,

1920 2891 2098 2937 tamen
2129 2897 2191 2937 ea
2219 2892 2301 2936 est
2322 2898 2441 2952 qua:
2470 2882 2601 2935 dicit
2627 2899 2641 2935 :
2680 2881 2815 2937 Data
2844 2890 2920 2936 est
2944 2882 3069 2935 miln
3096 2882 3261 2935 omnis
3281 2891 3506 2951 potestas

1917 2976 1973 3029 in
2004 2975 2127 3029 caelo
2151 2985 2196 3029 et
2226 2976 2276 3029 iu
2307 2986 2445 3028 terra
2474 2972 2693 3040 (.llatt/t.
2720 2988 2913 3038 xxvm,
2943 2973 3051 3043 18).
3085 2972 3341 3043 Operatio
3372 2975 3506 3029 divi-

1919 3067 2105 3122 nitatis
2140 3085 2152 3120 :
2197 3067 2337 3131 Quia
2380 3084 2471 3138 per
2514 3068 2683 3135 ipsum
2721 3066 2863 3135 facta
2895 3074 3017 3119 sunt
3059 3067 3257 3133 omnia,
3311 3077 3359 3119 et
3395 3067 3508 3121 sine

1918 3158 2030 3227 ipso
2070 3156 2267 3226 factum
2297 3166 2370 3211 est
2412 3156 2542 3210 nihil
2573 3157 2756 3224 (Joan.
2788 3171 2826 3221 ι,
2859 3156 2937 3224 '5).
2972 3155 3065 3209 lla:
3095 3165 3338 3224 utraeque
3374 3170 3505 3224 ope.-

1922 3248 2184 3310 rationes,
2209 3262 2308 3316 pro
2330 3262 2433 3300 una
2456 3262 2687 3316 persona
2712 3246 2919 3317 pariter
2942 3246 3069 3301 hinc
3091 3254 3146 3300 et
3166 3245 3289 3299 inde
3314 3245 3503 3316 ipsam,

1919 3353 2039 3406 qua:
2084 3339 2303 3407 gignere
2357 3339 2576 3403 meruit,
2625 3339 2887 3406 dignitate
2935 3337 3112 3392 debita
3162 3338 3503 3400 roborantes,

1918 3445 2102 3502 {equas
2130 3439 2184 3484 et
2215 3430 2511 3484 secundum
2561 3430 2729 3483 Deum
2780 3438 2834 3483 et
2866 3429 3161 3485 secundum
3209 3428 3504 3491 hominem,

1921 3519 2049 3590 quia
2074 3534 2214 3574 unus
2260 3527 2361 3582 est,
2394 3518 2595 3572 habent
2636 3519 2801 3572 vires.
2850 3516 2917 3570 Et
2955 3518 3059 3569 duo
3087 3516 3261 3571 leones
3298 3517 3506 3569 stbant

1911 3611 2070 3682 juxta
2092 3609 2324 3680 singulas
2340 3625 2526 3662 manus
2551 3607 2669 3679 (III
2680 3607 2803 3678 Reg.
2823 3624 2876 3673 κ,
2893 3608 3002 3676 19).
3020 3607 3128 3661 Leo
3145 3621 3305 3674 super
3330 3608 3507 3659 carnis

1923 3709 2101 3754 motus
2148 3700 2354 3770 regium
2398 3700 2450 3753 in
2492 3714 2707 3768 quoque
2765 3697 2908 3751 fideli
2956 3697 3253 3753 dominium
3308 3697 3504 3765 signat.

1920 3791 2037 3847 Duo
2064 3792 2245 3846 leones
2280 3792 2460 3861 itaque
2495 3792 2601 3845 duo
2628 3800 2754 3845 sunt
2782 3789 3127 3858 prmlatorum
3172 3796 3222 3841 et
3249 3787 3496 3841 subdito-

1925 3898 2050 3937 rum
2115 3885 2324 3951 seipsos
2378 3883 2680 3953 regentium
2740 3881 2959 3935 ordines
3014 3878 3289 3934 Ecclesiae.
3343 3878 3506 3932 Juxta

1921 3976 2162 4045 singulas
2189 3990 2381 4030 manus
2406 3977 2510 4029 duo
2556 3975 2739 4029 leones
2787 3982 2968 4040 stant,
3002 3965 3123 4027 cum
3171 3972 3388 4041 quidam
3418 3987 3510 4023 eo-

1922 4067 2169 4121 rumdem
2207 4066 2461 4120 ordinum
2502 4065 2789 4119 actualiter
2821 4072 3025 4119 sanctae
3068 4062 3141 4115 illi
3183 4061 3506 4115 humanitati

1926 4160 2216 4214 inhaerent.
2248 4158 2430 4227 Aliqui
2464 4173 2690 4212 summm
2725 4155 3167 4225 contemplationi
3196 4152 3510 4208 incumben-

1924 4249 1991 4304 do
2020 4248 2397 4320 prmcminent.
2432 4248 2585 4303 Unde
2614 4255 2697 4301 est
2744 4264 2756 4300 :
2801 4246 3065 4299 Aistatem
3089 4255 3135 4297 et
3159 4262 3244 4298 ver
3279 4255 3332 4296 tu
3369 4242 3511 4312 psal-

1923 4343 2079 4395 musti
2115 4340 2291 4411 (Psal.
2345 4356 2538 4404 Lxxnt,
2576 4338 2689 4407 1'7),
2740 4339 2793 4394 id
2833 4347 2917 4391 est
2960 4335 3407 4404 contemplativcs
3454 4343 3511 4388 et

1927 4432 2167 4487 actualcs
2196 4440 2248 4485 tu
2284 4432 2584 4484 instituisti.

246 4511 452 4583 (Matth.
487 4532 527 4584 ι,
559 4518 680 4589 25).
726 4519 810 4574 Ab
838 4535 903 4575 eo
932 4522 1072 4576 enim
1108 4532 1248 4578 statu
1277 4539 1435 4594 quem
1468 4535 1593 4580 ante
1623 4540 1819 4580 conce-
1851 4535 1899 4594 υ
1995 4521 2283 4574 Duodecim
2322 4521 2541 4574 teonculi
2570 4529 2762 4572 stantes
2794 4534 2949 4586 super
2975 4534 3066 4571 sex
3088 4516 3283 4587 gradus
3319 4516 3437 4569 hinc
3460 4524 3509 4569 et

242 4613 385 4677 ptum
442 4606 614 4667 facies
672 4607 790 4678 ejus
853 4612 1160 4678 habuerat,
1226 4623 1431 4669 tantum
1496 4617 1821 4686 praegnantis

247 4695 409 4751 forma
453 4700 719 4767 distabat,
752 4712 1014 4773 quantum
1050 4720 1080 4758 a
1120 4706 1403 4762 lunaribus
1433 4708 1596 4763 radiis
1628 4709 1823 4764 solaris

242 4790 508 4857 potentia;
550 4792 596 4846 si
623 4792 767 4846 enim
818 4796 883 4848 de
927 4796 1076 4865 justo
1106 4796 1326 4862 dicitur,
1377 4798 1501 4869 quia
1553 4800 1823 4853 exhilarat

246 4875 430 4935 faciem
465 4882 521 4936 in
579 4884 703 4940 oleo
749 4885 923 4956 (Psal.
949 4903 1065 4955 cm,
1113 4890 1237 4959 15),
1277 4891 1329 4945 id
1368 4899 1451 4946 est
1498 4891 1823 4947 exteriorem

246 4981 394 5022 suum
421 4970 669 5027 habitum
700 4973 965 5033 clariﬁcat
990 4979 1055 5032 de
1084 4977 1287 5051 Spiritu
1333 4988 1545 5046 sancto,
1572 4981 1693 5050 quis
1726 4996 1825 5050 pu-

232 5066 416 5116 tamus
443 5063 593 5119 illius
623 5065 869 5135 gloriosae
903 5068 1118 5125 femina:
1160 5071 1227 5126 de
1275 5071 1514 5143 ingenita
1546 5073 1827 5144 majestate

246 5151 495 5221 splendor
525 5159 842 5224 accesserit,
875 5176 996 5231 qua:
1022 5162 1295 5217 excedens
1338 5164 1589 5219 decorem
1619 5165 1825 5235 angeli-

247 5257 362 5303 cum
396 5247 570 5318 gloria
617 5250 879 5311 eluxerit?
935 5253 993 5308 Si
1049 5254 1360 5323 Stephanus
1405 5256 1548 5310 inter
1597 5258 1827 5313 concilio

248 5339 589 5399 considentes
625 5349 905 5413 tantopere
936 5345 1198 5401 divinitus
1250 5346 1551 5403 illustratur
1584 5349 1724 5419 (Act.
1748 5366 1822 5415 vt,

249 5422 355 5495 15),
389 5427 493 5484 ista
522 5443 591 5485 ex
621 5429 954 5500 plenitudine
997 5434 1299 5491 divinitatis
1325 5436 1410 5492 cui
1456 5436 1648 5495 lumini
1678 5455 1828 5497 corn-

249 5528 465 5593 paratur
480 5519 503 5573 ?

857 5679 1084 5736 CAPUT
1122 5681 1205 5737 111.

322 5785 559 5851 Thronus
598 5801 670 5846 est
696 5792 950 5851 eburneus
981 5796 1303 5859 Salomonis.
1338 5830 1402 5839 -
1428 5796 1548 5859 Haec
1573 5807 1653 5857 est
1678 5798 1823 5857 thro-

1926 4612 2046 4665 inde
2083 4609 2203 4681 (111
2237 4609 2363 4680 Reg.
2405 4627 2463 4675 x,
2491 4609 2602 4679 20).
2630 4609 2732 4664 Per
2770 4609 3158 4663 duodenarium
3197 4608 3299 4662 fide
3327 4606 3509 4661 Trini-

1927 4702 2055 4759 tatis
2086 4702 2357 4765 instructi,
2389 4710 2443 4755 et
2472 4710 2707 4771 quatuor
2736 4698 3149 4768 Evangeliorum
3195 4697 3510 4767 implelioue

1926 4793 2201 4863 quadrati.
2242 4791 2304 4847 Hi
2336 4790 2566 4845 leonculi
2605 4805 2772 4860 penes
2799 4789 2931 4842 alios
2959 4788 3299 4853 innocentes,
3332 4796 3386 4842 et
3424 4787 3511 4842 sui

1926 4885 2164 4954 ipsorum
2194 4893 2433 4938 rectores
2461 4896 2623 4951 super
2662 4896 2759 4936 sex
2808 4880 3009 4951 gradus
3037 4888 3203 4944 stant,
3245 4894 3367 4933 cum
3392 4893 3513 4933 sese

1926 4993 2021 5033 sex
2058 4976 2348 5030 virtutibus
2374 4974 2650 5045 prmdictis
2677 4973 2956 5029 roborant.
2993 4971 3128 5025 ilinc
3154 4978 3209 5023 et
3235 4971 3358 5024 inde
3384 4979 3513 5024 sunt

1926 5067 2053 5137 quia
2085 5082 2184 5135 pro
2214 5075 2375 5136 captu
2405 5080 2504 5120 suo
2535 5064 2736 5134 quique
2776 5064 2827 5117 in
2858 5062 3177 5116 alterutram
3210 5068 3417 5128 partem
3453 5073 3513 5112 se

1927 5158 2239 5213 deflectant.
2292 5155 2442 5211 Unde
2484 5156 2549 5211 de
2588 5166 2820 5223 utraque
2852 5152 3049 5206 dicitur
3082 5168 3094 5201 :
3129 5147 3235 5202 Per
3270 5149 3407 5201 diem
3432 5147 3512 5202 sol

1926 5267 2031 5304 non
2063 5259 2175 5303 uret
2202 5259 2271 5314 te,
2302 5264 2462 5318 neque
2499 5247 2627 5300 luna
2684 5260 2776 5315 per
2821 5251 3018 5295 noctem
3059 5238 3230 5311 (Psal.
3274 5254 3403 5304 cxx,
3431 5236 3510 5306 6).

1927 5341 2080 5414 Quod
2107 5350 2234 5396 est:
2273 5339 2351 5393 Ex
2397 5337 2681 5392 divinitate
2710 5332 2917 5405 glorize,
2967 5340 3023 5385 et
3074 5329 3380 5399 splendoris
3429 5328 3513 5383 ni-

1926 5438 2119 5492 mietas
2151 5435 2246 5491 tibi
2278 5428 2664 5501 contemplanti
2700 5442 2805 5483 non
2832 5424 3029 5480 oberit.
3064 5422 3233 5477 Porro
3258 5422 3513 5478 humani-

1928 5538 2013 5586 tas
2041 5526 2267 5592 Christi,
2301 5525 2347 5580 si
2374 5524 2451 5579 sis
2477 5524 2657 5577 minus
2686 5518 2993 5590 perspicax,
3023 5531 3129 5572 non
3178 5514 3362 5572 ollicit.
3391 5514 3511 5570 Non

1926 5630 2012 5675 est
2036 5616 2142 5672 tale
2172 5632 2310 5688 opus
2355 5614 2520 5685 290
2554 5613 2608 5668 in
2643 5608 2910 5668 universis
2941 5608 3149 5683 regnis;
3180 5607 3305 5678 quia
3333 5621 3509 5677 neque

1925 5711 1980 5765 in
2021 5709 2180 5774 caelo,
2235 5720 2412 5778 neque
2453 5707 2506 5761 in
2548 5716 2715 5770 terra,
2752 5716 2928 5773 neque
2972 5702 3165 5757 suhtus
3219 5708 3364 5755 terra
3405 5698 3509 5753 tale

1926 5802 2056 5861 quid
2082 5799 2328 5874 contigit,
2362 5807 2420 5856 ut
2456 5798 2601 5855 Deus
2634 5797 2947 5873 dignaretur
2979 5809 3086 5848 non
3133 5791 3371 5862 angelos,
3414 5789 3511 5847 sed
