4038 6330
625 361 733 417 543

1429 358 1490 413 ν.
1534 358 1857 415 GUIBERTI
1896 355 2190 415 ABBATIS
2228 354 2285 410 S.
2326 352 2564 410 MARUE
2615 354 2703 409 DE
2741 351 3128 411 NOYIGENTO

3720 358 3796 418 5M

623 483 836 529 ute'um
886 471 1123 544 Virginis
1170 469 1396 528 formam
1456 471 1907 543 apprehendendo
1967 469 2198 524 Abrahae
2228 471 2271 529 A
2302 465 2387 519 Via
2417 473 2522 530 est.
2578 472 2634 519 el
2684 465 2747 518 ad
2796 462 3214 533 iltlelliseﬂliam
3256 460 3370 518 Veri
3419 461 3617 519 luminis
3647 473 3800 544 vergit,

624 563 866 622 seminis.
1279 612 1285 619 .

1235 694 1459 753 CAPUT
1497 694 1589 751 ιν.

696 828 860 882 Porta
889 826 1157 882 orientalis
1184 830 1323 898 apud
1371 826 1693 881 Ezecltielem
1740 844 1827 885 η,
1876 825 1929 878 6.
1972 857 2038 866 —-
2077 825 2198 880 llaec

622 927 708 972 est
730 919 866 986 apud
894 917 1230 972 Ezechielem
1261 918 1424 972 etiam
1458 927 1611 987 porta
1645 918 1753 977 illa,
1789 933 1905 984 quae
1937 910 2205 985 respicio:

626 1007 811 1060 batad
858 1007 999 1061 viam
1036 1007 1384 1072 orientalem,
1432 1017 1486 1062 et
1540 1022 1666 1062 ecce
1708 1006 1877 1076 gloria
1909 1006 2000 1061 Dei
2031 1006 2196 1063 lsrael

624 1095 1030 1165 ingrediebatur
1080 1111 1177 1166 per
1207 1096 1348 1150 viam
1399 1096 1738 1152 orientalem.
1790 1094 1834 1151 Ο
1881 1104 2057 1165 porta,
2099 1109 2197 1164 per

620 1201 783 1253 quam
814 1186 954 1240 Deus
982 1186 1049 1241 ad
1097 1202 1197 1241 nos
1240 1187 1569 1258 ingreditur!
1618 1204 1651 1242 ο
1687 1198 1861 1258 porta,
1916 1204 2019 1258 qua
2072 1188 2192 1242 ﬁdei

620 1275 886 1343 mysteria
914 1278 1256 1343 reteguntur!
1296 1276 1571 1346 Speciosa,
1621 1279 1864 1347 inquam,
1908 1288 2060 1349 porta
2099 1294 2196 1347 per

618 1377 782 1429 quam
826 1364 919 1418 Dei
967 1365 1159 1421 civitas
1194 1368 1457 1437 aperitur.
1498 1368 1624 1423 Haec
1667 1369 1887 1438 respicit
1939 1370 2005 1422 ad
2049 1370 2192 1424 viam

619 1454 965 1517 orientalem,
996 1458 1119 1524 quia
1166 1459 1429 1529 quidquid
1461 1460 1576 1530 ipsa
1603 1469 1707 1525 est,
1754 1460 2012 1530 quidquid
2046 1461 2099 1515 in
2130 1476 2192 1515 ea

621 1551 800 1595 actum
834 1555 936 1610 est,
987 1546 1062 1599 nil
1106 1546 1250 1601 aliud
1297 1563 1460 1617 quam
1516 1550 1680 1605 divini
1726 1549 1944 1605 luminis
1990 1550 2194 1606 indicat

620 1634 909 1688 actionem.
940 1635 1071 1689 Cum
1108 1637 1227 1691 talis
1266 1639 1355 1693 illa
1394 1640 1536 1694 inter
1580 1641 1810 1696 feminas
1849 1642 2132 1696 benedicta
2161 1657 2191 1697 a

618 1723 774 1778 nobis
793 1726 1068 1781 credatur.
1095 1728 1231 1783 Ecce
1254 1744 1375 1783 mox
1398 1729 1524 1783 dum
1548 1732 1625 1784 sic
1648 1741 1880 1796 amatur,
1910 1732 2001 1785 Dei
2023 1731 2190 1801 gloria

2305 562 2541 610 mentem
2574 554 2823 623 inspirat.

2372 643 2438 697 Et
2461 645 2637 698 levavit
2662 661 2743 698 me
2769 645 2981 714 spiritus
3009 644 3286 715 (ibid.,5).
3315 644 3480 700 Levat
3508 663 3594 701 nos
3615 650 3803 721 spiritus,

2300 752 2419 790 etim
2450 752 2512 791 ex
2544 737 2838 806 repletioue
2870 737 3243 800 conscientia},
3290 738 3434 805 quod
3478 748 3554 792 est
3585 744 3803 811 templum,

2300 824 2354 878 in
2380 826 2725 880 eminentiam
2757 825 3231 885 contemplationis
3278 839 3614 896 promovetur
3652 831 3804 887 intelle.

2298 930 2439 973 ctus.
2482 917 2545 971 Et
2583 918 2874 972 introduxit
2914 935 2994 974 me
3018 921 3074 973 in
3114 919 3316 973 atrium
3346 918 3557 971 interius
3586 920 3804 989 (ibid.).ln

2297 1010 2494 1063 atrium
2535 1009 2764 1064 interius
2804 1010 3230 1075 introducimur,
3293 1024 3416 1063 cum
3456 1011 3518 1061 ad
3545 1015 3805 1078 praecordia-

2296 1097 2374 1152 les
2403 1098 2598 1153 divina:
2621 1099 2906 1152 charitatis
2934 1098 3216 1167 amplexus
3244 1097 3593 1151 admittimur.
3620 1098 3809 1153 Euenus

2297 1199 2474 1243 autem
2517 1190 2758 1244 charitas
2801 1200 2883 1245 est
2922 1190 3184 1259 proximi;
3238 1203 3349 1259 quo
3378 1188 3516 1243 enim
3547 1189 3695 1257 magis
3721 1189 3807 1244 l‘ilii

2294 1294 2359 1334 ex
2393 1278 2562 1333 Matre
2594 1280 2971 1341 humilitatem.
2996 1290 3056 1357 et
3084 1279 3278 1334 Matris
3321 1293 3388 1332 ex
3417 1276 3546 1330 Nato
3574 1279 3807 1345 potentiam

2296 1371 2627 1441 inspicimus,
2661 1380 2811 1426 tanto
2843 1372 3074 1442 amplius
3121 1373 3174 1425 in
3201 1386 3398 1425 eorum
3427 1384 3605 1424 amore
3635 1370 3806 1424 exarde-

2294 1461 2515 1514 scimus.
2552 1460 2703 1516 Unde
2734 1462 2982 1515 subditur
3019 1477 3032 1515 :
3084 1462 3150 1514 Et
3187 1478 3310 1517 ecce
3340 1460 3528 1529 repleta
3564 1470 3660 1513 erat
3684 1460 3809 1528 gloria

2293 1550 2508 1605 Domini
2534 1553 2719 1606 domus
2748 1553 2904 1621 (ibid.
2923 1553 2962 1623 ).
2994 1552 3180 1608 Gloria
3213 1552 3314 1607 Dei
3344 1552 3485 1605 ratio
3517 1549 3742 1618 accipitur
3770 1551 3807 1605 in

2293 1624 2448 1695 sacra
2490 1641 2685 1710 pagina
2724 1642 2845 1695 coeli
2894 1653 3159 1710 terraeque
3200 1641 3503 1705 concretio,
3551 1640 3635 1694 sed
3677 1641 3811 1707 potius

2293 1746 2390 1799 pro
2423 1739 2606 1785 nostra
2643 1732 2820 1787 salute
2853 1733 2902 1786 in
2941 1734 3217 1787 hominem
3263 1731 3562 1786 divinitatis
3608 1731 3804 1783 inductio.

616 1827 714 1881 per
744 1814 912 1883 ipsam
950 1818 1088 1871 viam
1144 1818 1466 1888 ingreditur,
1524 1822 1647 1891 quia
1700 1838 1806 1889 quo
1858 1823 2029 1891 magis
2071 1838 2188 1876 eam
2223 1811 2265 1865 Β
2296 1819 2446 1875 Unde
2480 1819 2717 1889 psalmus
2744 1836 2863 1875 cum
2900 1822 3061 1876 Deum
3111 1821 3387 1877 mirabilia
3419 1820 3605 1873 fecisse
3632 1818 3807 1881 diceret,

626 1903 793 1956 totius
860 1908 1227 1962 venerationis
1283 1909 1505 1963 internae
1571 1911 1711 1963 ulnis
1774 1911 2191 1979 amplectimur,

622 2000 771 2047 tanto
822 2010 853 2048 a
907 1998 1063 2051 nobis
1116 1998 1416 2054 evidentius
1466 2000 1801 2054 celsitudinis
1858 2003 1973 2070 ejus
2023 2003 2194 2056 honor

620 2087 961 2153 agnoscitur;
1001 2089 1044 2143 is
1063 2092 1205 2144 enim
1239 2108 1345 2148 non
1379 2095 1783 2158 commutando,
1830 2097 1923 2150 sed
1966 2098 2191 2151 amando

614 2187 952 2243 penetratur.

711 2265 777 2318 Et
838 2284 935 2322 eoa:
982 2271 1030 2322 ei
1084 2282 1199 2325 erat
1252 2276 1403 2342 quasi
1460 2292 1556 2329 vox
1602 2294 1854 2347 aquarum
1906 2278 2191 2332 multarum

616 2357 838 2422 (Ezech.
867 2376 1021 2424 xuu,
1052 2362 1129 2432 Ξ).
1165 2363 1241 2417 Illi
1277 2366 1382 2419 Deo
1407 2365 1594 2430 Israel,
1618 2368 1759 2436 quod
1803 2368 2191 2436 interpretatur

614 2466 735 2502 cum
782 2450 889 2503 Deo
937 2451 1282 2518 dirertorum,
1319 2457 1433 2512 haec
1479 2458 1674 2512 femina
1705 2458 1873 2527 gloria
1927 2468 2031 2523 est,
2061 2461 2188 2529 quia

613 2538 741 2592 dum
772 2539 1180 2597 consideramus
1224 2558 1292 2599 ex
1328 2556 1529 2615 quanta
1567 2563 1687 2603 eam
1719 2548 1857 2603 Deus
1889 2548 2189 2605 humilitate

615 2631 945 2698 provexerit,
996 2634 1123 2701 quid
1154 2634 1206 2688 in
1248 2650 1312 2691 ea
1341 2638 1551 2706 fecerit,
1589 2641 1641 2693 in
1671 2640 1754 2695 his
1780 2640 1895 2709 ejus
1918 2642 2187 2698 excellen-

615 2719 704 2772 tiae
748 2722 1296 2790 contemplationibus
1335 2742 1488 2782 mens
1522 2729 1665 2782 nulla
1699 2746 1804 2783 non
1852 2731 2050 2785 delicit.
2083 2731 2185 2801 lpsi

610 2808 795 2877 gloriae
812 2825 911 2865 vos
927 2820 1087 2867 estac
1109 2815 1153 2867 si
1174 2830 1435 2886 aquarum
1460 2819 1747 2891 multarum
1767 2818 1937 2890 (Psal.
1963 2823 2183 2887 xcu,4l,

610 2902 735 2970 quia
759 2917 880 2957 cum
908 2920 1013 2959 una
1040 2905 1108 2960 sit
1128 2907 1354 2963 scientia
1385 2909 1527 2964 hanc
1548 2925 1760 2979 semper
1782 2925 1900 2966 esse
1924 2912 2184 2981 virginem

609 3002 662 3045 et
696 2993 785 3048 Dei
816 3004 1075 3063 matrem,
1110 3006 1285 3053 tamen
1318 3015 1416 3070 pro
1440 3000 1667 3057 diversis
1695 3011 1748 3055 et
1775 3003 2106 3073 diligentium
2131 3014 2186 3057 et

612 3084 909 3139 amantium
955 3088 1326 3156 qualitatibus,
1377 3093 1625 3160 quandiu'
1655 3109 1891 3162 praesens
1941 3095 2184 3148 volvetur

608 3175 885 3243 szeculum,
915 3194 1021 3233 non
1048 3179 1276 3236 deerunt
1298 3182 1389 3252 qui
1430 3182 1546 3250 ejus
1580 3184 1940 3254 gratissimam
1978 3193 2033 3239 et
2056 3199 2179 3238 ver-

611 3267 694 3323 bis
724 3276 778 3323 et
827 3270 1045 3340 scriptis
1080 3274 1470 3345 promulgaturi
1504 3276 1610 3330 sint
1634 3276 1865 3331 laudem.

686 3358 920 3414 Ecclesia
947 3361 1248 3418 illustratur
1286 3363 1482 3419 Maria.
1512 3395 1581 3405 --
1620 3366 1685 3418 Et
1718 3378 1855 3420 terra
1883 3366 2180 3437 splendebat
2212 3386 2215 3389 λ

610 3466 641 3502 a
668 3452 939 3519 majestate
967 3454 1083 3523 ejus
1112 3453 1331 3525 (Ezech.
1360 3473 1515 3521 xuu,
1542 3458 1621 3527 2).
1674 3458 1910 3513 Exclude
1954 3458 2179 3513 Mariam

608 3541 677 3596 ab
705 3542 967 3610 Ecclesia,
992 3547 1121 3616 quid
1149 3548 1255 3602 erit
1297 3548 1535 3605 Ecclesia
1568 3550 1670 3605 nisi
1703 3551 1955 3605 miseria?
1992 3553 2034 3605 si
2065 3553 2178 3620 ipsa

609 3646 714 3684 non
740 3634 1034 3701 genuisset,
1063 3650 1183 3704 quae
1213 3638 1597 3708 redemptionis
1627 3640 1831 3695 mentio
1850 3641 2182 3695 exstitisset?

608 3720 679 3773 At
707 3722 831 3787 quia
869 3724 1075 3788 genuit,
1109 3726 1227 3780 vide
1248 3726 1370 3795 quis
1398 3729 1449 3782 in
1476 3729 1716 3784 omnium
1739 3730 1948 3799 piorum
1982 3732 2179 3785 menti-

610 3811 709 3863 bus
741 3809 1213 3869 ﬂorulentissimus
1243 3817 1426 3886 gloria:
1476 3820 1591 3890 spei
1642 3820 1804 3875 decor
1846 3822 2086 3876 emersit.
2116 3820 2183 3877 Et

606 3899 730 3965 quis
766 3900 853 3955 ille
906 3904 1039 3957 adeo
1092 3905 1235 3959 inter
1294 3907 1632 3963 Christianos
1678 3908 2041 3976 miserabilis,
2089 3912 2178 3980 qui

600 3986 690 4040 vel
727 4002 821 4041 ore
858 4004 964 4042 non
1013 3992 1305 4060 przel'crat,
1357 3996 1449 4065 qui
1506 4012 1611 4052 non
1662 3998 1915 4067 periculis
1962 4001 2181 4070 obiiciat

608 4091 804 4132 nomen
838 4080 1020 4134 Marite
1051 4082 1347 4139 mirabilis?
1381 4085 1514 4140 Dum
1558 4103 1687 4157 ergo
1729 4098 1890 4144 tanta:
1917 4091 2033 4159 ejus
2067 4109 2179 4145 ma-

606 4166 775 4231 iestas
806 4172 1087 4240 genitum,
1120 4173 1244 4229 licet
1286 4176 1509 4245 cogitari
1548 4180 1705 4248 plene
1735 4196 1839 4233 non
1867 4181 2056 4250 possit,
2096 4191 2179 4236 at-

605 4260 870 4325 tenditur,
919 4276 983 4316 co
1014 4262 1252 4318 Ecclesia
1288 4266 1573 4333 splendore
1627 4269 1995 4340 respergitur,
2052 4271 2176 4339 quia

600 4348 833 4419 idipsutn
864 4352 1003 4405 unde
1028 4352 1288 4408 honorata
1328 4364 1609 4426 tantOpere
1637 4367 1868 4425 constat,
1898 4360 1963 4412 ad
2002 4360 2175 4428 auspi-

2212 3152 2254 3208 (Ζ

2292 1911 2592 1975 expressit:
2632 1911 2861 1966 Salvavit
2908 1914 3028 1978 sibi,
3059 1913 3257 1984 inquit,
3305 1913 3517 1966 dextera
3559 1928 3643 1965 sua
3678 1907 3804 1976 (Ptol.

2292 2019 2454 2067 xcvn,
2487 2004 2562 2073 l),
2611 2004 2866 2059 subaudis
2892 2022 3057 2074 genus
3101 2006 3445 2067 humanum,
3485 2003 3545 2055 Et
3583 2000 3806 2054 illudzln-

2291 2095 2484 2147 habitet
2532 2095 2700 2163 gloria
2751 2096 2803 2148 iu
2854 2106 2993 2148 terra
3042 2106 3222 2150 nostra
3269 2094 3449 2165 (Psal.
3489 2107 3686 2155 Lxxxtv,
3726 2091 3801 2156 l0).

2291 2183 2434 2238 Nihil
2463 2185 2605 2239 enim
2634 2186 2698 2239 de
2727 2186 2834 2239 Deo
2858 2186 3168 2255 gloriosius,
3202 2202 3372 2256 quam
3398 2186 3535 2249 quod
3574 2184 3693 2245 apud
3716 2182 3805 2235 inlt-

2292 2276 2439 2330 deles
2471 2276 2538 2331 de
2564 2290 2629 2330 eo
2658 2282 2741 2329 est
2782 2276 2967 2338 vilius,
3000 2277 3140 2345 apud
3189 2278 3368 2330 bonos
3399 2274 3655 2337 humilius,
3695 2269 3799 2339 apud

2290 2381 2477 2422 omnes
2515 2367 2801 2423 salvandos
2824 2368 3029 2422 utilius.
3070 2368 3256 2424 Gloria
3290 2376 3470 2422 autem
3502 2374 3580 2421 est
3605 2365 3802 2433 frequens

2289 2474 2412 2514 cum
2447 2459 2604 2514 laude
2631 2460 2858 2530 alicujus
2905 2460 3110 2529 Opinio.
3155 2459 3216 2513 In
3259 2474 3369 2529 quo
3391 2472 3518 2528 ergo
3549 2456 3669 2509 Deus
3689 2453 3801 2506 nobis

2288 2552 2393 2606 erit
2420 2551 2705 2622 gloriosior
2728 2566 2890 2620 quam
2919 2566 2983 2604 ex
3031 2566 3097 2605 eo
3145 2551 3293 2619 quod
3326 2550 3480 2603 nobis
3502 2544 3700 2605 exstitit,
3724 2556 3799 2595 non

2288 2644 2406 2697 sine
2456 2644 2569 2698 suis
2599 2643 2878 2698 doloribus
2922 2642 3200 2696 immensis
3258 2638 3542 2696 inllexior?
3571 2632 3799 2690 Conscien-

2289 2732 2375 2785 tia:
2401 2748 2531 2804 ergo
2554 2733 2766 2798 domus,
2793 2741 3077 2802 postquam
3101 2732 3153 2784 in
3176 2730 3486 2785 cubiculum
3519 2724 3677 2794 Regis,
3696 2720 3797 2790 quod

2288 2833 2371 2879 est
2425 2825 2621 2877 atrium
2679 2823 2927 2889 interius,
2976 2823 3410 2887 introducimur,
3464 2818 3630 2873 subito
3669 2810 3795 2866 sancti

2287 2911 2524 2981 Spiritus
2566 2912 2789 2982 illapsus
2824 2912 3126 2967 divinarum
3156 2907 3637 2967 misericordiarum
3663 2914 3795 2996 recor:

2287 3005 2506 3059 (latione
2543 3002 2915 3071 gloriabunda,
2965 3012 3092 3058 tunc
3142 3016 3271 3056 vere
3324 2999 3570 3068 repletur,
3612 2991 3711 3061 quia
3742 2986 3797 3039 nil

2287 3092 2353 3145 ad
2406 3108 2507 3147 nos
2558 3094 2869 3148 inviscndos
2910 3092 3007 3146 Dci
3061 3091 3328 3160 Spiritum
3382 3086 3551 3157 magis
3596 3084 3792 3153 provocat

2288 3196 2448 3250 quam
2476 3182 2617 3249 quod
2646 3196 2799 3236 mens
2829 3182 2907 3235 sui
2947 3181 3331 3251 Redemptoris
3367 3179 3591 3240 labores,
3614 3182 3661 3226 et
3692 3169 3793 3223 dona

2288 3273 2569 3343 recogitat.
2610 3272 2739 3326 Post
2764 3272 2938 3341 aliqua
2972 3288 3183 3341 quoque
3210 3271 3421 3327 addidit
3453 3287 3468 3321 :

2357 3362 2598 3418 Conrerti
2621 3381 2702 3418 me
2724 3364 2794 3416 ad
2820 3365 2955 3418 viam
2979 3374 3146 3433 porta'
3175 3362 3469 3417 sanctuarii
3494 3366 3739 3412 exterioris,
3757 3358 3790 3399 et

2284 3465 2395 3513 erat
2424 3454 2605 3507 clausa
2638 3454 2857 3524 (Ezech.
2898 3471 3044 3521 xuv,
3085 3456 3159 3523 l).
3205 3456 3305 3509 Via
3348 3462 3514 3524 porta:
3546 3443 3788 3540 consider:-

2283 3547 2358 3598 tio
2384 3555 2467 3600 est
2510 3545 2719 3610 Maria;
2755 3547 3127 3600 sanctuarium
3156 3547 3425 3609 exterius,
3458 3545 3785 3630 corporea!

2282 3636 2723 3706 ginitatisoipsius
2751 3638 2935 3692 decus.
2963 3637 3088 3691 Haec
3130 3638 3319 3693 clausa
3350 3644 3454 3700 est,
3478 3630 3635 3688 omnis
3670 3622 3784 3695 pudi-

2280 3726 2421 3779 citia:
2456 3726 2857 3780 circumstantia
2886 3728 3213 3781 communita
3249 3746 3263 3781 :
3292 3743 3413 3797 quae
3450 3738 3547 3779 non
3583 3714 3785 3811 θρθτίίξξξν

2281 3818 2405 3885 quia
2441 3817 2587 3870 nulla
2615 3818 2705 3872 ulli
2737 3818 3028 3872 titillatioui
3070 3834 3135 3873 ex
3174 3828 3331 3887 parte
3377 3812 3691 3901 diSCingiwr‘_
3727 3800 3786 3901 ἤιξ’

2282 3925 2384 3961 non
2414 3910 2606 3962 transit
2639 3927 2730 3979 per
2768 3926 2882 3963 eam
2930 3909 3105 3979 (ibid.,
3134 3910 3221 3979 Ξ),
3249 3912 3378 3980 quia
3418 3907 3554 3962 nulla
3584 3895 3783 3955 maritalts

2283 3998 2511 4052 intentio
2547 3999 2690 4052 cadit
2721 3999 2772 4052 in
2814 4014 2954 4053 eam.
2989 4000 3244 4053 Dominus
3290 4001 3434 4055 Deus
3469 3998 3693 4064 ingressus
3730 3990 3782 4079 (εξ

2278 4104 2531 4154 pereant,
2582 4090 2780 4158 eritque
2831 4089 3012 4142 clausa
3044 4090 3269 4157 principi
3319 4086 3523 4161 (ibid.),
3561 4081 3665 4151 quia
3703 4081 3779 4125 etSt

2279 4176 2535 4229 divinitas
2577 4186 2822 4245 penetral
2854 4180 3043 4233 matris
3090 4181 3494 4241 conscientiam,
3522 4175 3620 4242 ipse
3660 4166 3778 4259 ille“?

2278 4268 2368 4334 qui
2409 4268 2662 4321 nascendi
2694 4268 2761 4321 de
2793 4269 3010 4338 Virgine
3036 4272 3288 4339 princeps
3309 4281 3413 4333 est,
3449 4282 3543 4322 non
3570 4257 3776 4315 imminuit

2276 4358 2538 4411 castitatis
2566 4359 2889 4413 custodiam.
2922 4360 3176 4429 Princeps
3220 4362 3330 4431 ipse
3376 4356 3557 4414 sedebit
3596 4351 3641 4401 in
3672 4359 3718 4395 ea
3738 4348 3777 4390 ιιι

597 4441 844 4502 cium,ad
871 4445 1331 4512 propagationetn,
1353 4446 1906 4517 gloriﬁcationemque
1922 4447 2175 4502 Ecclesia:
2207 4486 2252 4544 Β
2279 4448 2513 4502 comedat
2558 4466 2744 4518 panem
2798 4468 2975 4504 coram
3021 4452 3249 4505 Domino
3283 4454 3457 4525 (ibid.,
3496 4446 3575 4515 5)·
3602 4435 3773 4544 ,δθάθτθ

597 4530 924 4586 omnimodis
956 4543 1315 4604 retorquctur.
1348 4536 1467 4607 Ipsa
1495 4546 1579 4593 cst
1610 4548 1772 4605 terra,
1805 4540 1893 4593 cui
1939 4540 2170 4595 dicitur:

599 4619 695 4673 Dei
722 4625 1047 4692 agricultura
1077 4629 1199 4682 estis
1226 4628 1277 4700 (1
1307 4629 1427 4683 Cor.
1460 4645 1543 4693 Ill,
1570 4630 1645 4695 9),
1682 4640 1737 4685 et
1764 4632 1924 4686 infra:

697 4710 744 4764 ξι
792 4717 953 4768 cecidi
1000 4735 1155 4786 super
1194 4720 1378 4788 faciem
1433 4738 1599 4776 meam
1631 4721 1849 4791 (Esech.
1889 4741 2047 4788 me,
2095 4725 2171 4795 5).

598 4801 775 4871 Super
801 4803 988 4860 faciem
1013 4809 1278 4875 cadimus,
1309 4827 1431 4866 cum
1457 4827 1486 4866 a
1528 4815 1894 4883 magnitudine
1923 4817 2175 4887 benigni-

599 4895 727 4949 tatis
750 4912 777 4948 a
802 4897 1022 4951 Christo
1048 4898 1325 4969 impensae,
1346 4903 1397 4956 in
1425 4906 1753 4959 conscientia
1776 4907 2167 4964 erubescimus.

600 4984 746 5051 Quid
774 4986 1078 5051 retribuam,
1126 4988 1319 5057 inquit,
1365 5009 1459 5060 pro
1506 4995 1743 5048 omnibus
1769 5012 1886 5064 qum
1935 4997 2171 5049 retribuit

596 5076 724 5133 mihi
749 5076 774 5129 ?
805 5075 977 5146 (Psal.
1002 5094 1125 5140 cxv,
1154 5079 1264 5148 1‘2.)
1291 5080 1542 5151 Majestas
1566 5084 1795 5154 ingressa
1821 5096 1896 5139 est
1925 5087 2171 5155 templum

596 5164 827 5233 (Ezcclt.
870 5185 1033 5229 xuu,
1067 5170 1154 5239 4),
1206 5172 1330 5225 dum
1364 5174 1526 5242 digno
1554 5176 1759 5243 pudore
1786 5177 2165 5231 concutimur:

532 5300 545 5313 ,
595 5256 718 5322 quia
742 5257 815 5310 nil
837 5259 1055 5328 dignum
1081 5260 1238 5315 Matri
1261 5271 1314 5316 et
1344 5262 1478 5316 Filio
1507 5264 1889 5319 retribuemus.
1920 5265 2170 5334 lilajestas

596 5345 688 5402 Dei
724 5350 976 5418 templum
1016 5352 1312 5423 ingreditur
1338 5395 1352 5418 ,
1380 5356 1505 5423 quia
1539 5355 1590 5408 in
1622 5356 2052 5411 consideratione
2076 5375 2170 5413 no-

592 5445 705 5488 stra
729 5438 856 5504 quid
884 5439 1024 5493 Dens
1048 5443 1099 5494 in
1135 5441 1347 5513 Virgine
1376 5460 1472 5512 pro
1502 5444 1657 5499 nobis
1689 5444 1897 5511 fecerit,
1923 5445 2170 5503 allectab-

592 5526 807 5580 siss‘tne
834 5526 1142 5596 ampliatur.
1196 5532 1299 5585 l’er
1345 5535 1483 5587 viam
1529 5544 1705 5588 autem
1736 5543 1902 5604 porta:
1936 5549 2055 5604 qua:
2078 5551 2166 5590 re-

593 5617 750 5685 Spicit
782 5618 851 5673 ad
873 5620 1139 5675 orientem
1174 5625 1430 5693 Iomuplum
1480 5636 1645 5682 Intrat
1677 5626 1879 5697 (ibid),
1920 5627 2045 5681 dum
2071 5644 2167 5697 per

594 5710 751 5765 tidem
787 5710 1206 5782 dispensationis
1236 5714 1286 5767 in
1316 5714 1479 5770 Maria
1522 5716 1696 5783 factm,
1732 5735 1851 5789 qua:
1880 5719 2167 5788 singularis

2279 4537 2436 4607 291
2471 4540 2747 4608 regnantis
2784 4549 2889 4595 est.
2922 4541 2975 4595 ln
3009 4560 3072 4595 ea
3102 4543 3283 4613 itaque
3306 4544 3461 4605 sedit,
3493 4536 3572 4607 qui
3601 4534 3644 4586 in
3669 4537 3775 4619 cati".

2278 4630 2590 4701 virginitate
2624 4631 2813 4698 illaesa,
2870 4642 2927 4685 ut
2976 4649 3069 4687 rex
3123 4612 3439 4690 naturarum
3492 4622 3683 4684 introiit.
3720 4612 3769 4666 lbi

2276 4736 2470 4789 [mitem
2504 4737 2689 4778 coram
2730 4725 2957 4780 Domino
2994 4730 3248 4795 comedit,
3281 4731 3405 4797 quia
3434 4725 3611 4780 electos
3632 4719 3774 4809 omnes

2278 4819 2330 4872 in
2377 4820 2566 4875 eodem
2619 4828 2775 4875 utero
2826 4822 2925 4876 sibi
2965 4822 3353 4892 incorporavit.
3413 4821 3586 4877 Meus.
3622 4807 3767 4871 ίιιίιυίίι

2277 4908 2424 4963 cibus
2450 4920 2547 4977 est,
2581 4919 2637 4962 ut
2661 4909 2854 4978 faciant
2883 4910 3199 4965 uoluntatem
3228 4910 3406 4967 Patris
3431 4909 3523 4963 mei
3544 4902 3766 4975 (JoanJV.

2274 4999 2388 5071 5i).
2425 4998 2578 5067 Quod
2603 5009 2684 5055 est
2716 5016 2897 5055 coram
2932 5002 3177 5057 Domino.
3214 5004 3319 5057 Per
3345 4996 3623 5058 vestibulum
3643 4991 3764 5071 pO’l"

2275 5068 2584 5160 ingreditur,
2615 5102 2661 5144 et
2686 5107 2778 5160 per
2798 5092 2933 5145 viam
2956 5094 3069 5161 ejus
3085 5094 3348 5162 egreditur
3369 5068 3763 5168 (EzecIt.XLtv,3).

2274 5196 2395 5235 cum
2424 5196 2519 5251 per
2548 5181 2931 5249 humilitatem,
2965 5199 3085 5252 qua:
3124 5186 3339 5253 proprie
3366 5187 3638 5239 sanctorum
3674 5174 3759 5215 aut-

2275 5286 2391 5325 mos
2421 5272 2605 5338 vestit,
2651 5272 2813 5341 Virgo
2865 5274 3205 5341 graiidatur;
3253 5285 3307 5328 et
3354 5284 3469 5346 post
3505 5258 3758 5321 exhaustum

2274 5360 2413 5415 idem
2464 5364 2765 5416 sacrarium
2814 5366 2912 5417 sub
2954 5366 3141 5418 eadem
3173 5367 3281 5432 via,
3332 5368 3381 5419 id
3410 5373 3486 5418 est
3512 5348 3755 5437 intentiout‘.

2272 5451 2381 5504 vita
2423 5452 2757 5522 transigitur.
2804 5452 2917 5508 Sub
2963 5472 3067 5523 qua
3114 5456 3259 5510 enim
3304 5457 3499 5510 vilitate
3530 5460 3580 5502 se
3614 5437 3755 5506 ⁸8⁸⁸³⁸

2273 5550 2410 5595 teste
2446 5552 2530 5598 est
2574 5544 2963 5613 Evangelium,
3015 5564 3135 5602 cum
3179 5549 3415 5603 defertur
3458 5545 3515 5600 ad
3561 5526 3753 5600 tettll’lum

2271 5635 2523 5703 parvulus
2547 5636 2720 5692 ollicio
2752 5652 2813 5707 pa
2825 5648 3052 5691 rentum.

2351 5725 2559 5778 Clarias
2585 5734 2725 5779 omni
2764 5739 3000 5782 creatm'a
3037 5729 3197 5783 Deum
3231 5732 3361 5785 uidet
3386 5742 3429 5785 et
3450 5720 3677 5794 cognoscit.
3703 5727 3749 5742 -'
