4038 6330
275 378 393 432 54υ

1532 365 1619 426 DE
1657 360 1885 424 LAUDE
1909 369 1965 423 S.
2009 367 2267 424 MARI£.

3446 363 3550 418 556

278 494 419 548 Post
447 489 681 561 plurima
717 501 931 557 quoque
974 483 1316 556 subjuugitur
1348 501 1359 537 :
1400 478 1563 537 Porta
1592 485 1716 537 atrii
1741 486 1867 535 inte-
1893 490 1945 547 Α
1972 484 2135 536 etiam
2164 482 2404 538 exterius
2449 483 2637 539 lueret.
2671 482 2832 536 Porta
2866 491 3044 536 autem
3078 480 3295 541 deforis,
3325 492 3437 547 ipse
3465 487 3548 531 est

277 586 480 647 rioris,
529 598 647 651 qua:
706 580 909 648 respicit
958 579 1026 631 ad
1081 577 1346 632 Orientem
1390 577 1487 630 erit
1539 575 1723 630 clausa
1770 590 1864 629 sea:

275 672 469 725 diebus
500 669 717 739 (Ezech.
766 683 887 721 xui
917 708 930 731 ,
984 666 1057 736 1).
1096 667 1310 720 Atrium
1365 663 1614 731 interius,
1680 663 1733 717 id
1783 670 1865 717 est

275 760 430 829 quod
464 760 516 812 in
557 759 667 813 Deo
694 756 968 828 diligendo
1011 755 1356 825 potissimum
1399 754 1571 808 fervet
1614 752 1866 807 intrinse-

277 865 403 905 cus.
436 848 600 903 Porta
642 850 826 918 itaque
853 847 977 900 atrii
1032 846 1305 900 interioris
1355 846 1468 914 ipsa
1510 844 1669 912 Virgo
1701 858 1865 911 puer-

277 955 415 1010 pera
456 947 558 1003 est,
590 952 875 1008 perquam
919 936 977 990 ﬁt
1014 936 1167 990 nobis
1197 934 1374 988 aditus
1415 933 1609 986 divinze
1637 931 1867 1000 agnitio-

284 1030 417 1084 nis:
467 1045 496 1082 a
527 1030 744 1083 nemine
788 1028 933 1082 enim
984 1027 1176 1092 scitur,
1235 1042 1262 1079 a
1296 1041 1402 1095 quo
1452 1042 1558 1080 non
1598 1025 1861 1094 diligitur.

276 1118 451 1175 Porta
487 1135 617 1190 ergo
668 1120 796 1173 atrii
844 1117 1117 1172 interioris
1166 1128 1282 1184 est,
1320 1133 1416 1193 per
1449 1114 1604 1184 cujus
1628 1130 1865 1183 pra'cor-

282 1210 484 1265 dia’lem
514 1225 756 1264 amorem
798 1209 863 1262 ad
909 1207 1213 1277 purissimae
1244 1206 1366 1262 ﬁdei
1393 1206 1736 1260 excurrimus
1787 1203 1866 1257 in-

285 1299 588 1364 tellectum,
618 1298 707 1366 qui
737 1298 905 1367 ipsius
937 1295 1059 1350 ﬁdei
1089 1294 1298 1349 fructus
1328 1305 1433 1357 est,
1462 1310 1526 1349 ex
1561 1310 1667 1362 quo
1700 1292 1869 1347 senti-

285 1405 411 1444 mus
436 1389 706 1459 quomodo
750 1388 848 1443 sub
875 1387 1065 1442 eadem
1087 1401 1337 1456 persona,
1389 1395 1440 1438 et
1488 1384 1615 1452 quid
1645 1385 1784 1437 Deus
1812 1389 1866 1435 et

282 1484 451 1538 homo
481 1490 586 1537 cst.
620 1482 789 1536 Porro
838 1480 1001 1533 etiam
1052 1489 1205 1548 porta
1249 1478 1372 1531 atrii
1423 1474 1699 1529 interioris
1750 1475 1864 1542 ipsa

280 1585 388 1641 est,
421 1590 540 1644 qua:
591 1590 695 1627 non
725 1583 831 1626 tam
865 1573 1014 1642 prius
1053 1587 1211 1640 quam
1240 1571 1481 1625 omnium
1512 1568 1865 1624 excellentius

285 1667 355 1721 ad
400 1681 665 1720 summam
708 1666 803 1720 Dei
855 1665 1103 1719 notitiam
1156 1665 1471 1719 intromissa
1514 1671 1627 1727 est;
1659 1672 1713 1729 et
1760 1676 1865 1729 quo

282 1754 401 1825 ipsa
435 1756 629 1826 spiritu
666 1757 854 1818 sensit,
885 1771 983 1823 per
1009 1755 1259 1809 eumdem
1292 1755 1523 1820 idipsum
1556 1754 1709 1807 nobis
1740 1768 1862 1806 sen-

1968 572 2148 625 aditus
2177 580 2230 625 et
2277 573 2455 626 exitus
2492 573 2803 642 virginalis;
2858 573 2993 625 sicut
3048 581 3201 641 porta
3252 569 3547 623 intrinseca

1965 675 2219 730 egressus
2272 660 2493 731 intelligi
2543 670 2721 731 potest
2752 664 2815 717 de
2843 672 3050 715 secreta
3081 660 3315 715 essentia
3349 658 3545 712 Patris.

1965 751 2224 822 Princeps
2254 768 2383 823 ergo
2416 754 2635 809 intrabit
2671 770 2765 824 per
2798 756 2937 808 viain
2970 754 3216 809 vestibuli
3249 763 3414 822 porta:
3452 755 3546 806 de-

1966 840 2120 905 foris,
2140 862 2151 891 ‹
2171 858 2259 895 ιιιιι
2283 856 2377 911 per
2398 843 2541 911 ipsos
2568 859 2674 897 non
2698 840 2802 905 iam
2828 844 3069 914 passivos
3093 842 3333 912 corporis
3356 855 3548 895 senSus

1956 932 2282 1001 penetratur
2318 933 2507 998 virtus,
2548 950 2612 988 ac
2640 935 2840 989 veritas
2863 932 3543 1006 virgineas.-conceptionis.

1969 1019 2265 1087 Sequitur:
2303 1021 2370 1074 Et
2411 1023 2568 1075 stabit
2610 1024 2662 1075 in
2695 1023 2873 1077 limine
2916 1035 3081 1092 μοι-ιιι»
3113 1023 3310 1093 (ibid.).
3357 1022 3545 1075 Limen

1968 1120 2137 1180 porta:
2175 1126 2381 1165 summa
2418 1122 2500 1167 est
2519 1114 2798 1183 virginalis
2822 1114 3162 1182 obedientiae,
3189 1116 3239 1169 in
3273 1130 3374 1183 qua
3399 1115 3543 1183 prin-

1967 1216 2094 1268 ceps
2153 1207 2279 1253 tunc
2314 1200 2517 1265 stabit,
2569 1218 2690 1256 cum
2746 1218 2841 1273 per
2881 1203 3175 1257 divinitatis
3206 1206 3540 1272 potentiam,

1967 1306 2107 1359 qua),
2161 1292 2322 1347 moris
2369 1294 2639 1357 omnibus,
2666 1310 2878 1363 semper
2908 1302 3038 1361 stat,
3088 1295 3350 1365 virginem
3382 1312 3440 1351 se
3468 1296 3547 1349 leo

1970 1383 2259 1449 euudasse,
2289 1395 2472 1455 etquo
2523 1390 2681 1441 modo
2709 1404 2804 1458 per
2846 1388 3109 1458 Spiritum
3150 1396 3393 1442 sanctum
3425 1406 3546 1443 eam

1969 1473 2335 1530 fecundaverit
2361 1519 2375 1543 ,
2428 1478 2796 1550 virginemque.
2824 1479 3093 1535 dimiserit
3123 1481 3236 1537 iose
3282 1489 3546 1534 monstra-

1966 1563 2063 1618 bit.

2040 1655 2106 1709 Et
2140 1656 2332 1725 facient
2365 1659 2657 1713 sacerdotes
2704 1660 3007 1714 holocausta
3048 1662 3193 1730 ejus;
3240 1671 3287 1715 et
3324 1660 3546 1730 paci/ica

1968 1746 2081 1814 ejus
2106 1748 2304 1815 norm).
2337 1747 2719 1802 llolocaustttm
2747 1760 2912 1802 totum
2943 1750 3219 1804 incensum
3250 1759 3352 1803 est.
3388 1748 3548 1801 llolu-

288 1848 391 1901 tire
422 1862 613 1901 causas
640 1847 805 1900 dedit.
853 1846 977 1900 Ηιεε
1026 1846 1245 1915 respicit
1294 1846 1359 1899 ad
1405 1843 1701 1910 Orientem,
1736 1844 1861 1912 quia
1900 1831 1939 1889 Β
1968 1848 2155 1892 causta
2185 1836 2300 1905 ejus
2327 1854 2421 1907 per
2450 1840 2762 1893 sacerdotes
2796 1838 2953 1902 ﬁunt,
3000 1854 3121 1891 cum
3150 1838 3200 1891 in
3235 1838 3552 1891 considera-

281 1952 391 2004 quo
415 1934 591 1990 nullus
609 1935 935 1998 mortalium,
959 1935 1065 1988 imo
1087 1933 1227 1987 nulla
1243 1943 1613 1989 creaturarum
1632 1934 1866 1987 rationa-

284 2024 420 2078 lium
453 2025 545 2078 vix
588 2024 886 2079 scintillare
929 2024 1240 2094 praevaluit,
1280 2023 1406 2077 illuc
1450 2024 1584 2089 ista,
1615 2024 1668 2077 in
1700 2023 1866 2077 Deum

288 2113 545 2169 videlicet
570 2122 846 2169 auctorem
884 2112 1102 2167 luminis
1134 2113 1408 2166 liberrime
1448 2121 1684 2165 mentem
1729 2112 1864 2165 ﬁxit.

286 2203 413 2259 llzec
443 2203 716 2258 clauditur
752 2219 844 2258 sex
875 2203 1065 2257 diebus
1114 2202 1165 2256 in
1217 2202 1413 2270 quibus
1464 2216 1598 2269 Opus
1634 2199 1713 2265 ﬁt,
1742 2201 1867 2269 quia

285 2293 659 2363 conceptionis
700 2292 815 2360 ejus
861 2292 1197 2363 mysterium,
1249 2308 1315 2345 ex
1355 2306 1460 2361 qua
1504 2291 1758 2345 introitus
1798 2290 1867 2345 ad

287 2388 453 2439 vitam
499 2384 704 2438 homini
760 2384 954 2453 patuit,
1005 2398 1220 2436 omnem
1273 2383 1325 2436 in
1377 2381 1628 2451 praesenti
1671 2380 1867 2436 szeculo

288 2486 543 2530 naturam
576 2475 739 2545 (quod
770 2474 1078 2546 signiﬁcare
1122 2488 1212 2528 sex
1258 2474 1372 2528 dies
1415 2474 1672 2539 assolent)
1710 2474 1867 2529 latuit

286 2576 344 2621 et
368 2566 577 2621 latebit.
604 2564 767 2635 Cujus
791 2565 834 2620 si
863 2565 1152 2634 corrigiam
1175 2563 1387 2619 solvere
1410 2565 1604 2634 dignus
1633 2581 1737 2618 non
1761 2573 1863 2628 est,

285 2673 392 2725 quo
420 2657 591 2727 major
621 2657 672 2711 in
701 2656 843 2711 natis
871 2656 1155 2710 mulierum
1186 2654 1363 2709 nullus
1405 2666 1510 2724 est,
1540 2656 1660 2725 quis
1692 2666 1852 2724 putas

295 2747 513 2801 interim
544 2747 669 2801 dum
700 2747 970 2802 advivitur
995 2746 1185 2813 dignus
1214 2746 1327 2800 est?

358 2835 434 2889 De
447 2834 641 2891 visione
664 2835 925 2904 beati/ica.
943 2864 1009 2875 —
1025 2835 1117 2887 Die
1142 2844 1311 2889 autem
1332 2832 1867 2904 Sabbatiaperietur.-

287 2924 461 2995 (ibid.)
487 2924 543 2980 Si
570 2939 663 2979 sex
689 2925 876 2979 diebus
902 2939 1142 2993 prresens
1170 2923 1445 2993 saeculum,
1479 2923 1531 2977 in
1556 2940 1661 2992 quo
1687 2924 1867 2994 perfe-

287 3017 498 3064 ctorum
531 3008 792 3065 habemus
819 3011 1078 3064 exercitia
1119 3024 1384 3087 operum,
1430 3024 1528 3079 per
1572 3008 1864 3064 Sabhatum

291 3100 613 3171 intelligitur
643 3101 859 3172 requies
889 3100 1217 3165 animarum,
1256 3101 1308 3154 in
1342 3116 1446 3169 qua
1474 3100 1668 3154 clausre
1699 3112 1866 3169 portae

1973 1929 2118 1983 tione
2168 1929 2309 1983 illius
2340 1945 2404 1983 ex
2436 1930 2642 1998 virgine
2679 1929 3029 1984 humanitatis
3073 1940 3179 1983 tam
3223 1928 3551 1982 mirabiliter

1970 2000 2286 2091 assumptae,
2320 2036 2473 2091 reges
2514 2020 2623 2091 jam
2654 2031 2709 2075 ct
2738 2024 3048 2076 sacerdotes
3085 2041 3112 2074 a
3146 2022 3253 2075 Deo
3284 2020 3410 2075 lacti
3443 2019 3550 2072 rui-

1971 2127 2178 2173 ramur.
2205 2123 2257 2165 et
2282 2112 2571 2166 Auctorem
2596 2112 2839 2165 omnium
2867 2112 3073 2183 angelis
3096 2112 3303 2167 minora
3337 2111 3543 2173 tulisse,

1970 2203 2244 2272 perpetuis
2276 2202 2667 2257 desideriorum
2701 2201 2920 2257 restibus
2968 2218 3307 2271 nequaquam
3356 2203 3550 2255 ardere

1969 2293 2299 2349 desistimus.
2354 2293 2583 2347 Paciﬁca
2618 2293 2751 2363 ejus,
2788 2293 2838 2347 id
2869 2305 2951 2347 est
2998 2295 3284 2363 principis,
3334 2294 3543 2362 pariter

1969 2384 2124 2446 ﬁunt,
2175 2399 2296 2438 cmn
2327 2383 2499 2438 sancti
2556 2384 2873 2437 immutabili
2906 2384 3359 2453 contemplatione
3389 2383 3549 2453 hujus

1971 2483 2133 2528 tanta:
2177 2473 2501 2538 dulcedinis,
2529 2484 2584 2528 et
2630 2474 3059 2544 imperturbabili
3088 2475 3199 2544 jam
3253 2474 3550 2528 securitate

2012 2565 2278 2618 uiescunt.

1971 2581 2278 2636 qurescunt.

2043 2652 2347 2706 Obortisn'ia
2375 2669 2438 2706 ea:
2468 2651 2783 2716 humilitate,
2826 2652 3094 2704 humilitas
3137 2663 3309 2704 autem
3356 2668 3419 2704 ea:
3451 2651 3553 2703 atl-

1968 2745 2209 2798 rersitate
2246 2746 2516 2812 probatur.
2547 2774 2615 2783 —
2646 2741 2712 2795 Et
2744 2746 2981 2795 adorabit
3010 2760 3164 2813 super
3187 2743 3343 2796 limen
3364 2753 3550 2809 porta’,

1970 2844 2017 2888 et
2049 2835 2341 2904 egredietur
2379 2822 2573 2904 (ibid.).
2610 2833 2797 2887 Limen
2830 2842 2997 2902 porttc
3027 2834 3273 2901 superius
3298 2834 3555 2888 obedien-

1973 2926 2103 2980 tiam
2134 2925 2389 2988 diximus,
2414 2939 2531 2993 qua:
2559 2923 2863 2977 obedientia
2915 2923 3018 2978 diei
3040 2936 3169 2978 ‘nou
3219 2933 3417 2994 potest.
3451 2924 3553 2977 nisi

1970 3028 2035 3068 ex
2076 3022 2221 3067 certa
2250 3013 2553 3066 humilitate
2582 3014 2827 3065 lit-utetur
2852 3028 2865 3076 ;
2905 3021 3052 3065 certa
3078 3028 3258 3065 amem
3282 3012 3557 3065 humilitas

1974 3114 2102 3159 tunc
2137 3120 2258 3160 esse
2307 3104 2643 3159 solummodo
2675 3104 2937 3168 noscitur,
2978 3120 3097 3172 quae
3140 3119 3206 3157 ex
3249 3104 3556 3169 emergenti

298 3200 428 3247 tunc
458 3192 777 3263 mysterium
813 3192 1074 3263 aperitur,
1105 3192 1230 3262 quia
1262 3192 1443 3247 carnis
1468 3192 1670 3247 dimoto
1693 3195 1870 3260 parie-
1899 3183 1943 3246 C
1976 3198 2304 3252 adversitate
2328 3195 2472 3250 inter
2511 3195 2870 3250 obedientium
2904 3195 3184 3265 probatur.
3219 3192 3370 3249 Sicut
3400 3195 3557 3262 plane

296 3297 369 3351 te,
398 3285 541 3354 quod
574 3298 670 3353 per
712 3284 989 3355 Speculum
1022 3292 1076 3338 et
1115 3284 1167 3338 in
1200 3284 1482 3355 aenigmate
1510 3299 1653 3338 nunc
1698 3284 1873 3340 cerui-

289 3387 400 3440 tur,
434 3390 624 3442 magna
655 3392 719 3430 ex
763 3384 920 3445 parte
948 3374 1314 3444 perspicitur:
1348 3389 1454 3445 quo
1494 3375 1639 3429 enim
1669 3375 1872 3445 absque

287 3468 461 3522 solitis
494 3469 605 3522 suis
657 3468 1043 3536 integumentis
1090 3466 1420 3536 simplicior,
1451 3481 1516 3520 eo
1547 3476 1732 3520 noster
1762 3469 1871 3536 spi-

291 3560 430 3613 ritus
458 3574 562 3612 nou
592 3557 763 3611 sohnu
804 3559 869 3611 ad
899 3569 1237 3613 seei-etorum
1274 3560 1571 3623 notionem,
1599 3561 1691 3615 sed
1724 3569 1778 3613 et
1805 3560 1871 3613 ad

288 3650 458 3718 ipsam
493 3648 551 3701 ﬁt
588 3648 679 3701 Dei
713 3648 972 3704 visionem
1012 3648 1242 3703 acutior.
1280 3646 1382 3703 Sed
1411 3650 1463 3704 in
1489 3649 1872 3704 dievli'alenda-

289 3759 405 3794 rum
435 3754 701 3811 aperietur
724 3743 922 3811 (ibid.).
952 3742 1077 3797 Dies
1103 3750 1184 3795 cst
1210 3752 1393 3813 aperta
1419 3742 1512 3796 Dei
1544 3752 1597 3797 et
1629 3743 1869 3797 omnium

290 3829 594 3883 divinorum
624 3830 1063 3898 comprehensio.
1092 3828 1241 3884 Unde
1282 3829 1477 3884 Paulus
1505 3847 1516 3883 :
1548 3830 1751 3900 Sequor
1776 3848 1872 3883 au-

289 3931 388 3973 tem
424 3922 468 3974 si
504 3921 957 3990 comprehendam,
1022 3931 1247 3990 tuncque
1286 3938 1593 3992 cngnoscam
1643 3923 1780 3976 sicut
1819 3933 1867 3977 et

288 4012 529 4079 cognitus
562 4027 677 4063 sum
706 4009 929 4079 tPliilip.
962 4025 1044 4074 ιιι,
1084 4009 1200 4080 12.)
1235 4010 1485 4066 Κυιειιάω
1512 4027 1660 4077 vero,
1693 4028 1813 4081 qua:
1840 4027 1871 4066 a

287 4101 684 4156 ronvocatione
713 4110 840 4155 sunt
869 4102 1047 4166 dieue,
1075 4101 1217 4155 diem
1243 4101 1553 4172 signiﬁcant
1588 4118 1873 4174 regenera-

292 4194 464 4248 tionis
491 4204 724 4260 nostrae;
781 4195 835 4249 in
876 4210 983 4264 qua
1013 4196 1129 4251 sine
1180 4197 1343 4251 dubio
1381 4198 1523 4253 sicut
1551 4199 1765 4266 animae,
1796 4201 1875 4255 sic

287 4285 506 4354 corpori
560 4284 688 4340 dum
729 4286 1095 4341 cumulabitur
1134 4287 1412 4357 plenitudo
1443 4289 1648 4357 gloriae,
1686 4290 1753 4345 ad
1792 4290 1874 4343 in-

290 4384 504 4446 tegrum
531 4392 752 4447 quoque
785 4379 1114 4449 praebebitur
1136 4380 1359 4435 scientia
1390 4379 1589 4435 Christi
1621 4388 1868 4437 Incurua-

289 4465 455 4521 tionis
486 4468 540 4521 in
582 4468 822 4538 Virgine,
863 4480 917 4523 et
960 4471 1378 4538 dispensationis
1427 4472 1478 4526 in
1524 4472 1761 4528 homine.
1813 4474 1868 4527 ln

287 4556 392 4611 hac
443 4556 607 4627 igitur
635 4558 832 4613 interni
884 4560 1103 4614 luminis
1132 4562 1278 4615 ouini
1321 4563 1580 4617 moditate
1606 4565 1865 4635 aperitur,

286 4647 415 4702 dttm
455 4649 717 4719 quidquid
767 4651 834 4705 de
889 4652 1005 4722 ejus
1059 4653 1237 4706 divina
1279 4662 1334 4709 et
1386 4654 1617 4708 humana
1674 4665 1865 4712 natura

287 4736 565 4790 sciendum
592 4747 695 4801 est,
726 4739 916 4793 scitur.

361 4826 430 4880 Et
457 4828 673 4887 intrabit
713 4830 950 4899 princeps
976 4847 1067 4900 per
1092 4832 1230 4885 viam
1262 4833 1498 4887 vestibuli
1525 4844 1693 4903 porta?
1719 4837 1865 4905 defo-

287 4917 360 4971 ris
384 4916 600 4986 (Iz‘zech.
630 4934 775 4985 xu't,
801 4919 878 4991 2).
895 4919 1229 4977 Vestibulum
1247 4932 1421 4992 potest
1436 4925 1655 4995 intelligi
1671 4941 1868 4997 corpus

286 5020 566 5077 nostrum;
610 5011 732 5081 quia
781 5012 946 5068 veluti
992 5014 1184 5069 domus
1223 5017 1538 5082 praetexitur
1582 5019 1869 5085 vestibulo,

287 5100 367 5153 sic
399 5100 581 5153 anima
612 5099 794 5155 carnis
821 5101 1118 5156 obstaculo.
1145 5102 1306 5171 Cujus
1330 5106 1414 5158 via
1444 5115 1527 5160 est
1551 5108 1872 5164 sensualitas

289 5189 427 5256 ipsa,
454 5203 575 5258 quae
599 5188 725 5244 licet
743 5192 1042 5260 corpori-lis
1072 5193 1163 5259 sit,
1184 5203 1357 5248 tamen
1383 5195 1434 5250 iu
1452 5195 1871 5267 incorruptibili-

288 5286 455 5333 tatem
511 5279 1111 5351 impassibilitatemque
1139 5297 1319 5349 versa,
1350 5293 1551 5353 quanto
1602 5286 1868 5356 spirituali

286 5367 531 5438 potentia
555 5368 667 5439 jam
693 5370 1034 5440 praeminet,
1065 5380 1236 5437 tanto,
1266 5377 1309 5426 sl
1334 5373 1512 5428 dicere
1534 5374 1784 5439 audeam,
1813 5375 1868 5430 in

288 5457 649 5513 subtilitatem
695 5459 921 5515 rationis
948 5452 1043 5531 per
1072 5462 1178 5515 vim
1211 5461 1623 5518 resurrectionis
1660 5463 1869 5518 acumi-

288 5556 440 5614 nata,
471 5549 659 5618 purius
704 5548 801 5604 Dei
832 5549 1025 5606 faciem
1078 5552 1427 5622 contemplari
1477 5554 1762 5621 praevalet;
1817 5564 1871 5609 et

290 5649 496 5707 quanto
556 5638 825 5698 forasticis
874 5644 1295 5702 dislensionibus
1353 5654 1545 5710 caret,
1602 5653 1753 5701 tanto
1802 5648 1870 5702 ad

291 5744 460 5783 unum
485 5730 731 5801 collecta,
760 5735 807 5788 ei
829 5735 913 5791 cui
945 5736 1249 5792 introrsum
1269 5737 1441 5792 inhiat
1465 5737 1869 5796 immutabiliter

1976 3288 2136 3342 limen
2170 3296 2338 3357 portae
2372 3288 2545 3341 instar
2592 3286 2924 3340 fundamenti
2960 3286 3209 3349 subsidit,
3252 3293 3309 3338 et
3345 3283 3559 3337 cunctis

1975 3378 2305 3433 intrantibus
2346 3378 2590 3448 pervium
2635 3385 2884 3440 constat,
2936 3377 3013 3430 sic
3067 3375 3351 3430 itteﬂabiiis
3392 3374 3559 3443 Virgo

1973 3469 2099 3523 licet
2130 3469 2267 3525 alias
2311 3486 2533 3541 prorsus
2567 3469 2906 3524 inimitabilis
2936 3469 3219 3533 habeatur,
3262 3482 3422 3537 super
3459 3468 3560 3521 hoc

1973 3578 2108 3632 pene
2146 3562 2259 3617 solo
2291 3562 2665 3616 universorum
2696 3560 2940 3629 exemplo
2965 3559 3305 3630 proponitur.

2043 3651 2101 3705 In
2148 3652 2409 3705 anteriori
2468 3661 2639 3705 tractu
2690 3650 2983 3705 vehemens
3032 3649 3352 3703 miraculum
3396 3648 3556 3717 292

1972 3744 2247 3799 exstitisse
2288 3744 2659 3813 probavimus,
2713 3743 2853 3811 quod
2884 3743 2949 3795 ad
3002 3751 3108 3795 tam
3157 3741 3558 3809 iususpicabilia

1974 3833 2182 3886 cunctis
2228 3832 2494 3900 promissa
2543 3820 2861 3885 mortalibus
2893 3830 3011 3885 sine
3040 3829 3419 3883 exhortatione
3447 3843 3559 3882 mo-

1981 3939 2125 3985 rosa,
2155 3923 2274 3977 sine
2299 3923 2458 3976 ullius
2497 3923 2772 3975 oblatione
2803 3922 3055 3992 exempli,
3092 3921 3234 3974 illius
3264 3920 3561 3975 benedictae

1969 4014 2276 4084 juvenculae
2319 4014 2518 4070 inﬂecti
2570 4014 2803 4069 valuerit
2852 4016 2987 4069 adeo
3033 4013 3287 4068 celeriter
3326 4012 3559 4065 animus.

1974 4106 2072 4161 Cui
2103 4106 2379 4175 quidpiam
2411 4121 2517 4159 non
2560 4106 2737 4159 minus
2765 4105 2959 4158 mirum
2988 4105 3039 4157 in
3068 4104 3169 4157 hac
3208 4103 3322 4172 ipsa
3344 4102 3561 4157 obtem-

1978 4198 2263 4266 peratione
2313 4195 2702 4249 sulmectimus.
2748 4192 2805 4247 Si
2848 4192 3222 4248 communibus
3262 4192 3561 4261 virginibus

1977 4302 2039 4341 ex
2066 4285 2421 4341 nobilissimis
2471 4300 2606 4354 quos
2652 4292 2835 4339 essent
2885 4283 3161 4337 sortitum:
3192 4282 3423 4347 maritis,
3464 4281 3560 4334 ﬁlii

1980 4376 2124 4430 uobil
2149 4391 2275 4430 ores
2301 4374 2469 4429 futuri
2503 4374 2767 4444 prmsagio
2786 4373 2968 4442 aliquo
2999 4372 3393 4441 sponderentur
3434 4388 3564 4440 pro-

1980 4467 2119 4520 lecto
2139 4466 2242 4530 eis,
2272 4478 2328 4519 et
2353 4465 2586 4519 marium
2616 4464 2862 4533 voluptas
2891 4463 3208 4531 insignium,
3236 4471 3289 4515 et
3321 4462 3561 4532 gloriosa

1976 4558 2268 4626 posteritas
2287 4557 2507 4612 indubie
2528 4556 2923 4611 blandirentur.
2953 4556 3023 4611 At
3049 4571 3176 4610 vero
3202 4557 3324 4611 istic
3346 4572 3563 4612 suuune

1976 4648 2307 4718 dispar-iter:
2339 4664 2461 4719 qua:
2502 4650 2647 4707 enim
2677 4690 2692 4713 ,
2744 4659 2804 4704 ut
2843 4666 3006 4720 supra
3055 4651 3385 4720 disputatum
3438 4662 3559 4717 est,

1974 4748 2214 4794 mentem
2245 4748 2522 4809 perpetuae
2559 4739 2863 4810 virginitati
2901 4740 3210 4809 addixerat;
3235 4755 3358 4813 quas
3389 4742 3557 4796 ctiam

1974 4834 2222 4901 quamvis
2265 4832 2446 4902 specie
2496 4842 2653 4887 tenus
2701 4832 2754 4886 in
2800 4830 2890 4901 jus
2939 4831 3094 4887 virile
3139 4833 3251 4903 jam
3291 4842 3555 4896 cesserat,

1976 4924 2138 4990 unde,
2170 4937 2378 4994 quaeso,
2413 4931 2521 4978 tam
2562 4921 2704 4977 facili
2753 4925 3001 4979 oratione
3049 4923 3426 4994 obtemperare
3477 4925 3556 4976 sic

1976 5013 2183 5085 potuit?
2214 5029 2335 5084 qua:
2371 5021 2521 5070 certe
2546 5013 2885 5082 humanitus,
2916 5014 3018 5071 etsi
3049 5029 3155 5069 non
3188 5014 3443 5079 aliorum,
3473 5022 3556 5067 ta-

1978 5123 2099 5162 men
2133 5105 2250 5175 ejus
2290 5106 2380 5175 qui
2428 5108 2659 5161 maritus
2697 5107 2985 5161 videbatur
3016 5104 3329 5159 scandalum
3356 5104 3554 5158 timuit.

1973 5197 2138 5267 Cujus
2162 5204 2405 5250 tactuum
2434 5196 2638 5260 nescia,
2668 5195 2720 5249 in
2754 5196 2941 5250 eadem
2968 5191 3403 5262 participatione,
3447 5206 3555 5246 non

1974 5285 2109 5340 fuit:
2137 5302 2257 5356 quae
2288 5300 2377 5340 res
2403 5301 2526 5341 eum
2551 5295 2753 5355 quanto
2803 5285 3054 5348 latuerat,
3088 5291 3239 5337 tanto
3292 5282 3349 5338 in
3396 5282 3555 5353 hujus

1975 5378 2314 5432 traductione
2340 5376 2534 5432 secreti
2568 5390 2718 5430 more
2750 5375 2984 5429 humano
3012 5373 3303 5428 sollicitare
3354 5374 3555 5429 debue-

1974 5476 2077 5521 rat.
2128 5466 2227 5522 Ubi
2272 5483 2403 5540 ergo
2433 5468 2568 5524 nihil
2593 5469 2734 5536 quod
2781 5466 3070 5521 carnaliter
3104 5482 3226 5522 eam
3257 5467 3556 5523 delectaret

1974 5559 2028 5613 in
2060 5568 2323 5628 conceptu
2379 5560 2623 5614 suberat'
2673 5558 2783 5613 imo
2837 5566 3043 5613 tantum
3094 5561 3412 5630 mysterium
3460 5574 3555 5613 ne-

1974 5648 2271 5704 scientibus
2304 5650 2597 5719 suspicioni
2644 5659 2737 5703 aut
2769 5661 2967 5719 pronro
3002 5652 3248 5720 patebat;
3277 5650 3414 5704 mira
3435 5647 3556 5716 ejus

1972 5740 2279 5796 obedientia
2310 5740 2408 5795 sub
2437 5741 2538 5796 hac
2568 5740 2869 5796 humilitate
2893 5742 3173 5813 probatur,
3207 5756 3329 5812 qua:
3359 5740 3414 5794 in
3440 5750 3547 5793 tam
