4038 6330
621 304 720 370 561

2460 209 2519 232 ὦ-

1402 309 1463 370 v.
1493 306 1815 369 GUIBERTI
1852 306 2143 366 ABBATIS
2182 308 2240 363 s.
2282 253 2521 363 nam}:
2552 304 2641 361 DE
2682 304 3075 364 NOVIGENTO
3746 313 3823 371 διε

622 429 885 499 passibili,
910 442 1017 483 imo
1041 426 1578 497 angelieacastitate,
1614 427 1780 480 totius
1816 421 2089 492 popularis
2115 420 2197 473 in-
2226 420 2273 478 A
2304 431 2424 470 rum
2467 424 2699 481 mentes,
2742 416 2914 471 fuitne
2950 424 3075 470 ante
3104 415 3271 471 verba
3303 415 3483 485 angeli
3514 416 3614 471 vita
3638 413 3822 493 Virginis

620 517 801 573 famiae
824 517 1151 573 omnimodis
1179 515 1451 570 incuriosa
1474 516 1706 569 videtur.
1738 514 1884 579 Quos
1909 510 2052 566 enim
2084 507 2198 563 ani-

620 623 741 661 mos
770 606 938 676 magis
968 604 1138 659 munit
1169 604 1447 673 pudicitia,
1482 618 1547 658 eo
1592 604 1809 674 gravior
1842 602 2004 656 etiam
2035 612 2198 668 super

622 711 837 751 rumore
867 692 1159 750 falsissimo
1188 703 1353 763 atque
1378 694 1658 748 rarissimo
1694 706 1893 748 vexare
1922 688 2201 745 consuevit

620 787 963 842 verecundia.
999 786 1054 840 ln
1087 802 1194 855 quo
1223 795 1400 839 tamen
1430 783 1545 854 ejus
1576 785 1708 840 ﬁdes
1738 784 1820 839 vel
1845 784 2079 839 maxime
2106 800 2197 839 su-

620 893 720 948 per
768 877 868 949 hoc
904 880 1256 947 approlatur,
1302 891 1423 945 qum
1449 886 1503 929 et
1546 876 1637 931 Dei
1686 876 1946 947 promissa
1975 885 2201 946 quanta-

618 982 831 1036 cunque
867 966 1070 1032 forent,
1106 968 1247 1021 sicut
1297 968 1673 1021 incunctanter
1702 968 1928 1023 credidit
1958 1007 1973 1034 ,
2011 965 2090 1022 sic
2135 981 2199 1021 ea

616 1056 789 1126 ipsum
822 1056 1091 1123 ordinate,
1126 1058 1350 1111 honeste
1372 1057 1439 1110 ad
1462 1056 1716 1111 socculum
1741 1072 1805 1111 ac
1834 1065 2202 1126 competenter

616 1146 1027 1201 moderaturum
1077 1146 1279 1214 pariter
1334 1145 1524 1199 scivit.
1579 1144 1837 1215 Princeps
1866 1161 1993 1217 ergo
2039 1160 2201 1216 super

615 1234 721 1289 hoc
747 1234 912 1290 limen
941 1237 1150 1300 adorat,
1193 1250 1315 1290 cum
1346 1235 1794 1291 aliectuosissime
1834 1237 2197 1292 venerandam

620 1331 785 1375 tanta:
856 1322 1179 1378 humilitatis
1250 1324 1613 1378 obedientiam
1704 1326 1946 1378 omnium
2032 1326 2199 1379 menti

619 1411 871 1467 Christus
918 1414 1174 1468 insinuat.
1225 1415 1376 1470 Justc
1420 1414 1563 1470 enim
1622 1416 1875 1470 honorari
1928 1418 2194 1481 meretur",

619 1488 740 1571 quae
767 1514 820 1557 et
845 1519 1006 1573 super
1030 1522 1087 1560 se
1126 1509 1373 1573 credidit,
1404 1517 1459 1562 et
1490 1508 1541 1562 in
1574 1524 1639 1563 eo
1667 1511 1807 1578 quod
1841 1509 1941 1564 sibi
1975 1511 2201 1579 proruit-

619 1593 839 1647 tebatur
873 1595 1004 1648 nihil
1050 1600 1199 1650 carni
1250 1598 1539 1667 placitum,
1571 1600 1667 1654 sed
1705 1615 1811 1669 quo
1847 1600 2201 1671 spiritualiter

614 1684 794 1752 potius
825 1685 1222 1755 praemineret,
1252 1690 1504 1742 attendit.

1238 1780 1464 1835 CAPUT
1504 1782 1566 1837 V.

690 1865 860 1921 Beata
913 1867 1074 1938 Virgo
1109 1872 1281 1939 gratia
1312 1872 1453 1925 haud
1484 1874 1552 1926 ad
1592 1884 1791 1944 tempus
1837 1875 1927 1929 sed
1955 1875 2198 1929 continuo

616 1955 772 2025 plena
812 1959 1124 2013 ostenditur.
1173 1990 1245 2006 ο-
1290 1961 1393 2016 Sed
1436 1964 1701 2034 quispiam
1736 1965 1934 2020 inﬁdeli
1966 1967 2201 2020 deterior

624 2044 866 2113 ohjicere
907 2051 1104 2118 poterit
1148 2053 1290 2119 quod
1318 2053 1547 2122 puellam
1594 2055 1737 2108 illam
1783 2070 1961 2110 rerum
1992 2057 2200 2111 divina-

620 2149 738 2187 rum
771 2152 993 2206 prorsus
1023 2138 1273 2206 insciam,
1306 2143 1459 2211 quasi
1491 2144 1861 2213 perfunctorie
1888 2146 1954 2201 ad
1989 2155 2201 2217 tempus

617 2224 856 2291 Spiritus
886 2239 1109 2283 sanctus
1140 2229 1460 2298 impleverit.
1493 2232 1643 2299 Quod
1680 2234 1722 2288 si
1774 2234 1846 2288 ita
1879 2244 1982 2299 est,
2016 2249 2200 2305 qumso

614 2314 743 2381 quid
792 2324 877 2369 est
915 2318 1056 2385 quod
1104 2321 1242 2388 apud
1274 2320 1441 2375 Deum
1483 2322 1714 2392 gratiam
1750 2324 2021 2378 invenisse
2048 2324 2191 2378 dicta

618 2404 739 2457 cst?
771 2404 934 2459 Plane
977 2407 1021 2461 si
1066 2409 1337 2465 invenisse
1377 2411 1603 2477 dicitur,
1662 2413 1891 2467 inveniri
1938 2414 2040 2468 dici
2092 2430 2198 2468 non

616 2504 816 2562 potest,
869 2498 973 2551 nisi
1024 2514 1186 2568 super
1228 2516 1292 2555 eo
1324 2503 1467 2570 quod
1518 2505 1803 2572 quaesitum
1858 2505 2197 2575 intelligitur.

616 2582 760 2653 Ergo
792 2585 834 2640 si
877 2586 1110 2655 gratiam
1164 2588 1395 2656 invenit,
1443 2593 1823 2661 quoquomodo
1870 2596 2198 2661 quzesierat;

617 2682 673 2725 et
713 2687 833 2741 qua:
863 2683 947 2728 est
979 2675 1176 2730 ancilla
1206 2677 1362 2733 toties
1410 2679 1464 2733 in
1512 2678 1754 2749 psalmis,
1802 2696 1866 2736 ac
1909 2682 2200 2753 Evangelio

617 2761 784 2827 dicta,
811 2765 853 2818 si
887 2780 914 2817 a
944 2768 1135 2835 quovis
1166 2770 1427 2838 obsequio
1448 2771 1661 2826 exstitit
1686 2774 1857 2827 otiosa
1881 2775 1904 2826 ?
1930 2772 2045 2827 Non
2078 2790 2199 2843 pos-

615 2867 735 2906 sum
775 2855 1448 2928 exprimereancillatum,
1480 2862 1570 2930 qui
1592 2861 1823 2932 aliquem
1848 2878 1946 2918 suo
1976 2865 2199 2919 Domino

615 2952 707 2996 aut
736 2945 966 3000 dominre
1015 2961 1119 3000 non
1168 2948 1415 3017 rependit
1458 2949 1798 3005 famulatum.
1832 2951 2067 3006 Plurima
2117 2961 2201 3008 est

612 3033 808 3101 procul
861 3035 1025 3091 dubio
1069 3038 1278 3092 ancillae
1308 3039 1604 3107 humilitas,
1653 3058 1814 3113 quam
1848 3042 1987 3097 Deus
2018 3051 2195 3098 tanto-

2305 508 2377 561 ita
2410 507 2578 561 divini
2609 508 2821 576 saporis
2862 520 3081 576 expers,
3123 515 3185 561 ut
3223 508 3375 575 quod
3409 509 3463 563 in
3488 507 3620 575 aliis,
3654 518 3824 571 omnino

2302 597 2367 650 ad
2406 598 2873 666 comparationem
2916 598 3078 667 hujus
3127 598 3437 654 minoribus
3502 604 3710 672 negotiis
3746 622 3824 663 non

2301 696 2485 757 negat,
2534 688 2639 743 sibi
2692 687 2792 756 ipsi
2842 696 3073 743 matrem
3113 691 3424 760 coaptando
3471 707 3573 745 non
3606 696 3826 761 praebenti

2304 775 2361 831 Si
2389 777 2778 848 philosophica:
2811 780 3009 833 mentis
3035 788 3120 835 est
3143 779 3197 833 in
3228 782 3431 835 mediis
3457 782 3743 850 frequentiis
3765 804 3828 844 so-

2303 865 2585 923 litudinem
2615 870 2718 925 sibi
2748 869 2951 933 facere,
2981 880 3035 924 et
3064 881 3241 926 tamen
3270 886 3338 927 ex
3372 874 3624 927 comitatu
3652 879 3825 934 rationis

2303 960 2474 1015 solam
2519 976 2643 1017 esse
2697 977 2804 1015 non
2856 977 3037 1031 posse,
3086 962 3228 1032 quod
3283 974 3541 1033 putamus
3578 970 3826 1036 repurgium

2301 1050 2473 1107 Filius
2498 1053 2590 1107 Dei
2633 1053 2684 1106 in
2724 1053 2867 1108 illius
2892 1053 3106 1109 femina:
3139 1055 3304 1110 corde
3337 1054 3563 1122 fecerit,
3593 1064 3824 1127 quomodo,

2304 1160 2373 1197 ne
2424 1144 2491 1196 ad
2546 1154 2885 1198 momentum
2936 1146 3179 1214 quidem,
3232 1146 3303 1200 ab
3362 1145 3481 1213 ejus
3531 1146 3826 1205 illustrations

2306 1235 2555 1299 recessit,
2588 1251 2749 1305 quam
2798 1236 2865 1291 ad
2909 1234 3153 1291 futurum
3197 1252 3312 1291 sum
3362 1238 3590 1307 propria:
3626 1248 3674 1294 et
3705 1243 3826 1296 totius

2305 1325 2733 1381 Christianitatis
2790 1328 3055 1381 honorem
3124 1328 3499 1383 maternitatis
3549 1330 3743 1383 ascivit?
3784 1331 3826 1385 Et

2304 1419 2574 1484 quomodo
2605 1418 2687 1472 vel
2725 1420 2790 1473 ad
2821 1428 3079 1488 punctum
3114 1420 3185 1487 ei,
3228 1436 3297 1475 ex
3328 1436 3437 1491 quo
3465 1422 3634 1490 genita
3659 1431 3743 1485 est,
3763 1423 3827 1475 de-

2304 1508 2425 1572 fuit,
2469 1510 2559 1579 qui
2598 1511 2742 1578 quod
2773 1526 2838 1565 ex
2871 1525 2932 1565 ea
2984 1522 3302 1581 sumpturus
3347 1522 3487 1577 erat,
3517 1514 3696 1578 V'erho,
3725 1517 3828 1583 quod

2307 1600 2420 1667 ipse
2463 1609 2567 1667 est,
2606 1610 2731 1656 ante
2768 1602 2932 1657 etiam
2966 1603 3162 1657 szecula
3191 1604 3472 1658 counivit?
3505 1604 3614 1672 ipse
3651 1604 3765 1658 enim
3789 1605 3825 1657 in

2308 1691 2625 1762 Apocalypsi
2675 1693 2873 1749 dicitur
2904 1711 2918 1750 :
2953 1695 3130 1764 Agnus
3158 1697 3365 1750 occisus
3392 1696 3456 1749 ab
3485 1697 3669 1766 origine
3691 1698 3826 1749 mundi

2228 1763 2276 1822 Β
2307 1779 2489 1851 (Apoc.
2519 1799 2636 1848 xm,
2667 1784 2741 1852 8).

2383 1870 2480 1925 Ubi
2514 1887 2729 1941 quoque
2774 1875 3071 1931 notandum
3101 1877 3245 1946 quod
3275 1892 3387 1934 non
3420 1878 3609 1933 dicitur
3634 1880 3724 1932 Ave
3739 1894 3825 1947 gra-

2302 1964 2375 2015 tia
2408 1964 2698 2033 implenda,
2732 1967 2825 2021 sed
2847 1969 3023 2037 gratia
3048 1968 3223 2036 plena.
3258 1970 3374 2026 Nec
3404 1969 3580 2025 minus
3603 1972 3823 2025 attenden-

2304 2052 2451 2117 dum,
2490 2055 2630 2122 quod
2656 2055 2973 2125 priusquam
3005 2069 3329 2129 conceptum
3381 2059 3505 2129 ipsi,
3558 2069 3822 2129 partumque

2303 2143 2607 2210 denuntiet,
2644 2147 2833 2216 gratiae
2869 2150 2917 2203 ei
2966 2149 3363 2218 plenitudinem
3407 2152 3578 2209 inesse
3607 2153 3821 2215 docet,ne

2303 2242 2424 2302 post
2468 2235 2891 2291 enuntiationem
2931 2239 3094 2309 293
3138 2251 3436 2311 conceptus
3465 2242 3727 2312 quisquam
3752 2256 3818 2293 an-

2305 2332 2476 2379 tumet
2514 2341 2576 2382 ea
2606 2328 2781 2396 gratia
2829 2329 2895 2383 de
2943 2338 3167 2400 repente
3217 2331 3531 2400 profusam,
3574 2348 3713 2402 quam
3745 2347 3818 2386 non

2307 2415 2559 2470 habuerit
2605 2424 2736 2471 ante
2781 2418 2998 2474 horam.
3053 2420 3119 2475 Et
3157 2431 3313 2477 certe
3351 2422 3484 2478 ﬁdes
3527 2424 3820 2494 praeveniente

2302 2508 2477 2576 gratia
2510 2523 2576 2561 ex
2610 2507 2782 2564 libero
2813 2512 3048 2566 maxime
3075 2513 3311 2569 arbitrio
3352 2524 3580 2571 constat.
3614 2515 3738 2570 Unde
3760 2531 3818 2570 er-

2302 2612 2370 2666 go
2406 2598 2588 2665 .heata
2645 2600 2714 2655 ab
2768 2600 3047 2657 Elisabeth
3105 2605 3234 2673 quia
3295 2606 3622 2670 crediderit,
3671 2605 3819 2660 dicitur

2301 2687 2453 2758 (Luc.
2484 2706 2525 2757 ι,
2554 2688 2669 2761 45),
2701 2691 2743 2746 si
2770 2691 2893 2747 lidei
2927 2693 3264 2751 admirandae
3296 2698 3549 2752 meritum
3571 2696 3699 2751 nullo
3716 2696 3816 2751 inea

2296 2779 2419 2848 jure
2451 2782 2814 2851 praedicatur?
2843 2785 2982 2851 Quid
3024 2788 3169 2857 quod
3195 2790 3265 2844 ab
3309 2791 3497 2846 eodem
3534 2790 3699 2858 angelo
3726 2797 3815 2842 ante

2302 2871 2447 2928 illius
2485 2873 2957 2931 denuntiationem
2983 2893 3083 2948 pro
3125 2894 3231 2948 qua
3258 2889 3486 2936 venerat
3512 2896 3686 2944 causae,
3715 2880 3816 2933 inter

2302 2961 2556 3018 mulieres
2587 2965 2870 3021 benediCIa
2908 2976 3154 3036 vocatur,
3190 2969 3297 3025 nisi
3330 2971 3472 3041 quod
3515 2970 3567 3024 in
3602 2970 3689 3024 hoc
3712 2968 3812 3038 ejus,

2304 3062 2362 3105 ut
2390 3046 2471 3107 Sic
2497 3054 2695 3119 dicam,
2729 3056 2998 3112 idoneitas
3036 3059 3102 3113 ad
3134 3060 3537 3130 suscipiendum
3565 3057 3813 3113 Dei’Filium

612 3136 742 3189 pere
764 3124 1045 3194 dignatur,
1092 3137 1151 3180 ut
1180 3143 1300 3182 eam
1359 3131 1662 3199 respexisse
1701 3131 1935 3187 dicatur.
1977 3131 2033 3187 Si
2066 3147 2197 3203 ergo
2224 3129 2268 3191 C
2300 3144 2587 3214 principali
2618 3146 2994 3217 singularitate
3039 3124 3301 3205 notatur?
3338 3150 3489 3217 Quod
3516 3149 3558 3206 si
3590 3149 3809 3217 abignm

612 3213 893 3270 humilitas
927 3218 1179 3272 meritum
1213 3228 1318 3284 cst,
1370 3230 1425 3275 et
1453 3237 1559 3276 non
1606 3222 1942 3294 populariter
1968 3225 2191 3291 bonum,

610 3302 702 3356 sed
750 3305 1209 3361 excellentissime
1277 3309 1437 3366 bonis
1483 3311 1605 3366 aliis
1662 3314 2020 3382 prteemineus
2075 3324 2191 3381 est,

609 3408 773 3461 quam
823 3396 1128 3465 respexisse
1158 3399 1326 3453 Deum
1360 3403 1646 3469 probatum
1678 3412 1780 3469 est,
1839 3404 1906 3458 ad
1953 3404 2190 3460 subitum

609 3496 732 3536 eam
784 3494 1031 3541 sanctum
1088 3487 1351 3557 Spiritum
1378 3491 1633 3547 imbuisse
1655 3494 1925 3563 quomodo
1955 3495 2191 3550 verum?

609 3573 835 3638 Quodsi
883 3579 1256 3646 ternporalitcr
1298 3581 1429 3633 utin
1462 3580 1680 3637 Balaam
1718 3584 2096 3653 prophetante,
2135 3592 2190 3639 et

609 3661 759 3713 asina
786 3661 1059 3733 loquente,
1102 3682 1164 3722 ac
1183 3669 1433 3738 angelum
1453 3670 1667 3725 vidente
1692 3671 1883 3743 (Nam.
1910 3691 2043 3742 xxu,
2069 3676 2187 3748 23),

610 3750 929 3805 miraculum
974 3764 1154 3808 actum
1193 3766 1307 3821 est,
1353 3758 1743 3815 insensibiliter
1776 3763 2028 3819 Christus
2055 3779 2186 3819 con-

610 3850 801 3905 ceptus
838 3848 957 3907 est,
999 3843 1143 3911 quod
1189 3859 1399 3899 summa
1430 3846 1723 3903 Gcnitricis
1771 3865 1835 3905 ac
1882 3850 2060 3906 Geniti
2109 3852 2190 3906 in-

609 3929 848 3997 dignitas
868 3941 970 3985 est.
1009 3933 1164 4002 Apud
1199 3934 1519 3992 Suetonium
1548 3939 1747 4007 legitur
1781 3944 1924 4010 quod
1963 3942 2017 3997 in
2045 3958 2189 3997 soru-

610 4019 694 4071 nis
722 4019 793 4072 sit
830 4019 1021 4077 claudo
1053 4025 1285 4093 cuipiam
1324 4027 1667 4096 imperatum,
1704 4039 1763 4084 ut
1802 4032 1867 4085 ad
1900 4032 2189 4100 Vespasia-

609 4124 738 4163 num
766 4110 1034 4167 Caesarem
1058 4114 1190 4182 iret;
1223 4117 1416 4185 pollice
1440 4120 1617 4175 dextri
1657 4121 1809 4191 pedis
1837 4122 1952 4191 ejus
1976 4123 2185 4178 clunem

606 4198 793 4269 ltrsum
822 4201 1127 4271 impetcret,
1161 4206 1345 4276 sicque
1365 4222 1647 4278 gressuum
1680 4211 1990 4280 aequitatem
2023 4215 2187 4267 attin-

605 4298 781 4358 geret,
809 4297 953 4362 quod
976 4302 1032 4349 et
1052 4294 1253 4351 factum
1292 4308 1393 4354 est.
1418 4299 1476 4355 Si
1518 4301 1682 4372 igitur
1710 4313 1836 4356 ante
1862 4313 2181 4373 conceptum

606 4379 769 4451 Virgo
798 4384 864 4439 de
890 4384 1002 4441 Deo
1030 4396 1124 4442 aut
1152 4405 1364 4458 parum,
1391 4402 1483 4446 aut
1504 4392 1580 4459 nil
1608 4394 1806 4463 sapuit,
1832 4394 1960 4465 quid
1990 4395 2185 4467 Vespa-

601 4472 757 4528 siano
778 4484 833 4530 et
854 4476 1046 4533 claudo
1084 4480 1205 4549 plus
1242 4482 1471 4538 habuit?

675 4561 735 4618 Si
786 4582 1007 4635 parasse
1038 4569 1316 4627 lucernam
1351 4576 1550 4631 dicitur
1590 4575 1806 4633 Christo
1856 4595 1954 4634 suo
2004 4578 2176 4652 (Psal.

599 4666 805 4720 cxxxt,
847 4656 946 4728 l7)
1001 4660 1141 4715 Deus
1168 4705 1181 4729 ,
1238 4664 1383 4720 illius
1430 4682 1536 4720 non
1583 4678 1806 4737 paratur
1841 4671 2075 4736 animus,
2116 4687 2179 4727 ac

600 4750 809 4810 uterus,
851 4762 957 4815 quo
987 4766 1043 4805 se
1068 4747 1383 4821 pariendum
1415 4759 1796 4815 universaliter
1816 4764 2041 4818 contulit
2063 4766 2178 4834 ipse

599 4832 887 4890 Christus?
918 4838 985 4892 Et
1007 4841 1176 4909 ipsius
1204 4856 1350 4902 certe
1386 4848 1658 4905 Elisabeth
1695 4850 1908 4919 justitia
1930 4832 2098 4911 vetus
2123 4857 2178 4912 in

596 4924 891 4998 Evangelio
922 4946 1027 4985 non
1052 4940 1284 5002 tacetur,
1311 4954 1432 5007 quae
1458 4956 1579 4995 cum
1622 4943 1733 5011 ipsa
1764 4945 1912 5013 prole
1939 4948 2174 5016 prophe-

593 5016 709 5073 tico
756 5020 950 5088 spiritu
980 5023 1330 5094 adimpletur,
1365 5040 1419 5084 et
1463 5031 1550 5086 isti
1580 5034 1744 5087 etiam
1788 5036 2015 5090 intentio
2053 5048 2178 5094 ante

595 5122 918 5181 conceptum
964 5116 1219 5187 religiosa
1262 5110 1598 5177 detrahitur?
1641 5124 1697 5179 Si
1744 5128 2008 5197 propheta
2045 5129 2174 5184 Em-

593 5204 898 5260 manuelem
938 5220 1117 5276 vocat,
1160 5213 1302 5280 quod
1342 5221 1424 5268 est
1466 5214 1753 5270 Nobiscum
1786 5218 1945 5285 Deus,
1982 5236 2081 5276 nec
2112 5222 2178 5276 ab

592 5291 702 5381 ullo
731 5310 835 5349 non
861 5300 1129 5368 creditur;
1161 5304 1385 5375 angelus
1408 5309 1496 5375 qui
1524 5319 1643 5377 post
1670 5310 1773 5363 Ave
1795 5312 1842 5366 ei
1871 5314 2172 5381 praecinuit,

592 5378 850 5440 Dominus
895 5398 1063 5445 tecum
1114 5392 1262 5463 (Luc.
1299 5412 1347 5463 ι,
1407 5398 1546 5469 28),
1598 5416 1727 5471 ergo
1770 5378 2061 5459 mentitur?

592 5489 713 5544 qua:
739 5477 829 5533 Dei
870 5485 1071 5539 amoris
1095 5487 1144 5540 ei
1184 5488 1491 5558 ignorantia
1522 5494 1716 5561 inerat,
1746 5496 1789 5549 si
1821 5511 1942 5550 cum
1976 5499 2179 5555 exube-

591 5570 767 5628 rantia
813 5586 1002 5643 gratia:
1032 5587 1296 5639 Dominus
1320 5585 1369 5640 ei
1410 5600 1595 5643 comes
1626 5590 1783 5642 erat?
1823 5588 1880 5643 Si
1911 5589 2174 5647 Dominus

590 5662 709 5733 ipse
754 5668 897 5727 vadit
926 5686 1124 5742 parare
1174 5677 1506 5749 mansiones,
1548 5679 1601 5735 id
1639 5689 1723 5737 est
1767 5679 1900 5739 locis
1956 5698 2169 5741 manso.

2298 3240 2353 3286 et
2380 3234 2595 3289 caeteris
2624 3250 2831 3290 morem
2856 3246 3077 3307 gerente
3098 3239 3405 3311 virginibus
3428 3238 3594 3310 puella
3616 3248 3809 3293 tantam

2297 3326 2554 3395 exigitur,
2588 3343 2695 3383 non
2736 3328 2962 3399 majoris
2990 3330 3176 3400 gloria:
3204 3347 3329 3388 esse
3360 3333 3566 3388 videtur
3603 3339 3806 3400 quantum

2296 3419 2362 3471 ad
2395 3416 2672 3489 Virginem
2699 3431 2934 3490 spectat,
2968 3438 3130 3491 quam
3160 3426 3308 3494 quod
3340 3426 3478 3496 apud
3502 3424 3672 3480 Isaiam
3690 3433 3806 3490 super

2294 3505 2437 3578 Cyro
2467 3507 2702 3564 flendum
2732 3522 3070 3582 praesagatur
3111 3532 3123 3567 :
3161 3514 3364 3584 quibus
3406 3515 3560 3571 dictis
3587 3509 3804 3583 subjungi-

2295 3607 2384 3653 tur
2407 3618 2421 3654 :
2449 3601 2670 3655 Accinxi
2698 3612 2766 3669 te,
2810 3613 2858 3657 et
2886 3621 2992 3659 non
3016 3608 3306 3676 cognovisti
3346 3624 3427 3662 me
3454 3606 3599 3678 (lsai.
3624 3619 3723 3661 xtv.
3747 3599 3802 3663 5).

2294 3690 2409 3745 Non
2440 3708 2656 3763 quoque
2692 3695 2967 3764 quidpiam
3001 3697 3180 3766 majus
3230 3714 3400 3768 quam
3439 3698 3575 3769 quod
3604 3696 3650 3749 in
3678 3691 3799 3758 virgis

2293 3780 2477 3854 Moysi,
2505 3791 2559 3837 et
2587 3783 2768 3839 Aaron
2797 3786 3123 3854 celebratur,
3163 3803 3391 3858 quarum
3415 3788 3573 3843 altera
3599 3783 3800 3854 elligiatnr

2295 3871 2348 3925 in
2387 3871 2693 3939 colubrum,
2739 3874 2909 3931 altera
2963 3880 3234 3947 expressit
3278 3876 3699 3952 amygdalum,si
3726 3868 3797 3926 sibi

2290 3963 2408 4019 haec
2444 3965 2619 4034 gratia
2667 3966 2846 4035 erupit
2878 3968 2945 4022 ad
2985 3969 3246 4036 subitum,
3302 3972 3429 4042 quid
3458 3968 3634 4027 exinde
3674 3961 3798 4020 beati.

2293 4056 2495 4111 tudinis
2544 4056 2661 4125 ejus
2719 4059 2898 4129 attigit
2949 4060 3213 4127 animum,
3269 4064 3361 4118 tibi
3402 4077 3497 4117 nec
3529 4060 3576 4114 in
3607 4050 3793 4112 interiori

2288 4146 2405 4216 ejus
2433 4147 2601 4217 gloria
2634 4151 2767 4203 tanti
2805 4150 2933 4205 boni
2985 4152 3197 4207 novitas
3224 4152 3427 4208 'futura
3464 4146 3793 4223 prmluserilml

2288 4240 2504 4309 expleto
2530 4240 2707 4295 olIicio
2744 4241 2797 4295 in
2839 4243 3055 4297 modum
3087 4245 3337 4301 scintilla:
3365 4241 3643 4301 destiterit?
3674 4238 3717 4291 Si
3736 4234 3792 4289 sic

2289 4338 2479 4399 pectus
2524 4330 2692 4400 gessit
2729 4345 2761 4384 a
2802 4330 3060 4397 primaevo
3108 4334 3391 4402 stolidum,
3434 4330 3553 4403 quid
3585 4336 3655 4384 est
3689 4319 3790 4395 quod

2291 4429 2400 4473 tam
2451 4420 2731 4475 moraliter
2775 4431 2961 4478 cantat
3007 4423 3202 4495 deponi
3240 4428 3399 4484 sedes
3443 4422 3718 4496 potentium,
3751 4422 3789 4467 et

2216 4498 2261 4553 Ῑ)
2286 4511 2513 4566 exaltari
2540 4510 2855 4569 humilium?
2886 4514 3050 4585 (Luc.
3086 4517 3135 4585 ι’,
3167 4518 3284 4589 52.)
3326 4519 3484 4574 Plane
3517 4516 3557 4571 si
3597 4518 3713 4568 tanta
3733 4503 3786 4558 ἷλε

2285 4603 2493 4658 cilitate
2525 4603 2860 4675 conciperet,
2894 4609 3212 4678 mysterium
3244 4624 3451 4675 eorum,
3487 4620 3594 4678 qua?
3619 4597 3787 4671 al)wa

2293 4694 2592 4749 secundum
2621 4695 2763 4764 quod
2795 4696 3069 4767 objicitur,
3101 4705 3207 4753 tam
3240 4700 3506 4771 in0pinale
3523 4692 3781 4758 susceperat.

2283 4783 2511 4854 puellari
2534 4783 2760 4839 forsitan
2794 4785 3052 4843 futilitate
3075 4790 3331 4859 jactaret,
3357 4806 3478 4853 non,
3499 4786 3634 4856 juxta
3657 4780 3783 4833 Etan-

2282 4872 2520 4943 gelium,
2573 4872 2902 4929 conferendo
2953 4887 3204 4932 servaret.
3259 4877 3412 4949 (Luc.
3462 4872 3640 4939 ".19)-
3678 4863 3779 4958 Wo

2282 4974 2458 5018 mater
2504 4965 2736 5020 Samson
2790 4980 2888 5035 pro
2943 4966 3206 5044 ejusdem
3245 4968 3496 5025 nascituri
3545 4959 3777 5017 revertit"!a

2281 5055 2620 5110 caeremoniis
2640 5055 2908 5111 addicitur
2936 5055 3141 5121 (ludia.
3161 5075 3279 5123 xm,
3305 5062 3395 5125 15,
3422 5057 3526 5124 Η),
3550 5062 3597 5107 et
3622 5048 3773 5100 Αυειο⁴

2280 5145 2357 5199 ris
2384 5146 2625 5200 omnium
2655 5156 2827 5200 mater
2863 5148 3043 5204 subito
3067 5149 3241 5204 instar
3263 5147 3514 5206 dementis
3540 5126 3774 5208 arripitur?

2354 5235 2527 5301 Quare
2574 5236 2637 5291 Β.
2684 5235 2839 5309 Virgo
2881 5240 2936 5292 in
2962 5239 3278 5296 salutatione
3330 5228 3768 5311 angelicaturbatar.

2280 5358 2351 5368 --
2378 5328 2458 5382 Ad
2498 5329 2601 5384 hoc
2633 5330 2794 5384 etiam
2823 5332 3275 5391 considerandum
3305 5333 3460 5405 quod,
3492 5320 3640 5396 angeli
3666 5312 3770 5371 saltt-

2283 5416 2485 5473 tatione
2527 5421 2835 5489 praemissa,
2885 5421 3171 5492 subjicitur
3215 5442 3229 5497 :_
3267 5426 3395 5491 Qua:
3434 5435 3537 5476 cum
3574 5409 3764 5466 audisset,

2280 5506 2489 5560 turbata
2518 5518 2591 5561 est
2623 5509 2677 5562 in
2705 5526 2943 5566 sermone
2970 5514 3106 5582 ejus,
3139 5525 3187 5568 et
3216 5514 3466 5585 cogitabat
3494 5502 3638 5578 qualis
3672 5497 3765 5548 ma

2278 5594 2378 5651 ista
2403 5598 2654 5653 salutatio
2682 5600 2833 5670 (Luc.
2864 5620 2904 5668 ι,
2930 5603 3045 5674 29).
3068 5604 3204 5661 Nola
3229 5607 3500 5661 verborum
3520 5590 3762 5684 qualitatel‘ﬂ

2275 5685 2476 5743 nostris
2513 5696 2566 5744 et
2606 5702 2746 5761 pene
2794 5672 3170 5751 universorum
3220 5694 3516 5753 inusitatam
3562 5672 3759 5738 moriW
