4038 6330
233 344 357 403 549

1456 333 1546 390 DE
1569 330 1802 389 LAUDE
1826 329 1883 386 S.
1920 326 2176 389 MARIrE.

3421 323 3529 385 550

238 458 491 516 Laudari
526 464 805 526 tantopere
835 465 910 515 se,
944 456 998 504 et
1028 448 1094 502 ab
1117 460 1181 500 eo
1211 460 1370 515 quem
1402 444 1651 515 angelum
1681 440 1837 496 indu-
1869 444 1916 501 Α
1948 440 2135 501 tiores,
2177 441 2417 493 scientiae
2445 453 2503 493 se
2548 438 2820 494 aestimant
2859 437 3180 509 egentiores.
3213 438 3418 507 Quibus
3445 450 3530 496 est

242 550 346 605 hie
376 556 623 612 noverat,
661 544 829 599 audit.
860 542 925 595 Et
954 554 1071 609 qua:
1100 553 1263 593 causa
1297 545 1496 601 motus,
1528 549 1648 605 quae
1677 547 1844 589 causa

247 636 592 694 turbarum?
635 634 749 689 Etsi
781 629 966 686 mirari
1006 627 1202 697 potuit,
1250 634 1310 680 ut
1357 635 1598 694 putatur,
1640 621 1848 678 turbari

249 742 372 783 non
411 725 618 781 debuit.
659 722 767 777 Res
803 727 888 775 est
931 733 1053 787 qua:
1100 716 1232 770 viris
1274 716 1437 769 etiam
1484 712 1848 769 sanctissimis

253 816 492 872 multum
519 822 708 885 argute
738 808 985 878 subripit,
1015 816 1074 860 ut
1099 820 1220 860 cum
1246 803 1496 858 videlicet
1518 799 1848 856 ab'instabili

256 921 376 961 non
406 905 523 960 sine
549 901 855 958 adulatione
879 896 1165 963 aliquoties
1184 894 1343 963 vulgo
1368 892 1674 954 laudantur,
1707 890 1849 946 illico

258 998 391 1052 illac
432 1011 570 1067 pene
603 991 1028 1065 prazcordialiter
1071 987 1433 1041 iuflectantur.
1463 985 1529 1036 At
1557 997 1685 1036 vero
1718 983 1851 1035 istac

260 1087 415 1141 omni
445 1086 581 1139 miro
606 1081 902 1138 mirabilius
934 1087 1016 1133 est
1045 1076 1186 1145 quod
1217 1074 1439 1143 angelus
1472 1087 1566 1142 per
1597 1086 1653 1125 sc
1686 1070 1851 1124 nude-

261 1191 484 1246 cunque
513 1189 697 1236 verax,
729 1186 794 1227 ex
822 1170 1004 1224 divina
1026 1169 1073 1222 ei
1098 1168 1259 1221 etiam
1288 1163 1555 1220 sententia
1579 1160 1853 1231 proloqui-

266 1279 382 1333 tur,
423 1277 478 1323 et
536 1275 712 1321 tamen
761 1277 922 1331 super
954 1269 1100 1314 tanta
1161 1256 1451 1312 tcSTimonii
1498 1255 1696 1307 latione
1736 1262 1849 1305 tur-

266 1362 451 1416 batur.

344 1453 440 1506 Est
476 1464 605 1521 ergo
642 1448 717 1502 rei
765 1443 925 1513 hujus
969 1440 1244 1497 attentiori
1280 1438 1460 1493 animo
1501 1431 1854 1503 contemplari

269 1540 576 1596 materiam.
622 1534 1011 1591 Perfectissimi
1052 1531 1176 1586 boni
1204 1537 1396 1583 natura
1444 1534 1555 1590 est,
1594 1539 1700 1594 quo
1740 1535 1855 1575 am-

271 1634 431 1703 pliori
459 1644 642 1685 amore
670 1626 883 1681 virtutis
908 1626 1175 1686 inaestuat,
1204 1631 1351 1676 tanto
1382 1620 1479 1673 sibi
1511 1602 1724 1672 misc'ria
1747 1614 1857 1670 fra-

274 1723 520 1794 gilitatis,
544 1730 633 1775 aut
662 1719 1000 1790 perminima:
1028 1730 1181 1770 noxas
1204 1711 1528 1783 cujuspiam,
1555 1710 1639 1764 cui
1665 1707 1855 1776 subjici

1950 529 2383 601 philosophicnm
2417 529 2545 585 illud
2584 546 2598 584 :
2639 549 2656 580 ι
2702 530 2814 585 Hoc
2848 540 3055 584 tantum
3093 532 3230 598 seio,
3262 534 3404 603 quod
3437 545 3531 587 ne-

1950 624 2085 678 scio.
2122 638 2141 673 ι
2196 620 2365 675 Porro
2395 622 2485 689 qui
2530 621 2664 676 alios
2710 622 3044 690 contemptui
3097 622 3304 690 primus
3353 623 3528 688 duxit,

1949 713 2177 768 sublime
2208 726 2369 766 omne
2402 711 2660 781 quidquid
2690 720 2794 778 est,
2826 712 2992 766 videt.
3037 711 3189 767 Unde
3222 722 3277 767 et
3306 715 3530 767 verbum

1950 804 2091 874 quod
2118 813 2202 859 est
2228 802 2527 871 despicere,
2566 803 2617 856 id
2645 810 2727 856 est
2757 803 3008 857 deorsum
3038 802 3283 873 aspicere
3310 804 3530 870 dicitur,

1950 897 2074 966 quia
2126 894 2266 949 infra
2313 909 2372 949 se
2415 894 2609 962 aspicit
2650 909 2786 962 quos
2839 895 3158 950 contemnit.
3191 896 3355 964 Virgo
3402 910 3533 964 ergo

1951 985 2097 1039 omni
2139 992 2391 1038 creatura
2438 981 2813 1048 excellentior,
2846 983 3064 1038 insolito
3107 977 3418 1055 archangeli
3453 984 3534 1038 fa-

1950 1089 2082 1128 vore
2111 1075 2378 1139 turbatur,
2403 1089 2522 1142 quae
2541 1082 2746 1141 quanto
2773 1073 3060 1142 copiosiori
3092 1077 3232 1144 apud
3260 1090 3317 1129 se
3344 1077 3536 1128 merito

1954 1177 2263 1232 coornatur,
2295 1175 2445 1220 tanto
2488 1166 2589 1220 sibi
2630 1166 2897 1234 indignior
2924 1180 2990 1218 ex
3019 1180 3113 1220 sua
3144 1168 3299 1235 quasi
3330 1167 3535 1221 inutili-

1956 1267 2067 1313 late
2104 1266 2363 1329 putatur:
2396 1258 2509 1327 ipsa
2541 1256 2685 1311 enim
2736 1270 2855 1325 quae
2895 1256 3221 1325 singularius
3255 1259 3398 1310 omni
3433 1272 3534 1311 au-

1955 1349 2074 1420 gelo
2137 1363 2199 1402 ac
2244 1348 2463 1402 homine
2499 1347 2710 1401 Domini
2761 1346 3001 1415 pedibus,
3032 1342 3196 1416 294.
3231 1343 3383 1412 juxta
3410 1347 3540 1400 illud

1956 1437 2289 1499 Mosaicum,
2343 1436 2817 1506 appropinquavit,
2875 1435 3161 1505 specialius
3216 1436 3428 1489 ueteris
3474 1436 3541 1489 de

1956 1530 2128 1600 ipsius
2174 1530 2419 1583 doctrina
2471 1528 2708 1597 accepit,
2758 1542 2877 1595 qua:
2908 1543 3013 1580 non
3044 1526 3144 1579 nisi
3176 1526 3539 1580 humilitatem

1957 1621 2079 1676 Filii
2110 1623 2192 1677 sui
2225 1622 2388 1676 verbo
2412 1636 2474 1676 ac
2496 1634 2660 1690 opere
2685 1619 2886 1683 sonuit,
2918 1618 2985 1672 ab
3009 1634 3071 1672 eo
3088 1617 3230 1672 enim
3258 1617 3402 1670 mitis
3425 1631 3545 1670 esse

1963 1728 2027 1768 ac
2057 1713 2276 1767 humilis
2301 1714 2466 1767 corde
2497 1712 2777 1767 didicerat.
2812 1709 2979 1778 Cujus
3010 1709 3396 1791 plenitudinem
3422 1726 3547 1779 gra-

276 1815 453 1868 adhuc
486 1828 544 1866 se
586 1813 838 1873 aestimat,
871 1808 923 1862 in
956 1804 1386 1861 consideratione
1415 1799 1680 1856 redundat
1713 1813 1727 1851 :
1759 1812 1859 1852 nec
1891 1798 1933 1858 Β
1964 1806 2051 1858 lite
2082 1813 2369 1871 antequam
2398 1812 2712 1857 nasceretur
2740 1818 2805 1856 ex
2849 1802 2964 1871 ipsa
3009 1796 3366 1855 eoinhibcrat.

274 1901 561 1973 perpendit
589 1900 717 1967 quid
748 1899 963 1969 habeat,
991 1899 1082 1951 sed
1111 1894 1195 1949 cui
1222 1889 1530 1947 necessitati
1560 1887 1853 1953 subjaceat.

278 1994 349 2047 Et
388 2007 510 2047 cum
564 1986 733 2044 divini
777 1988 1067 2040 instinctus
1114 1999 1307 2054 sapore
1338 1990 1591 2036 nectarco
1636 1976 1862 2031 interius

278 2086 558 2142 irremisse
613 2088 887 2152 pascatur,
926 2091 1268 2147 nequaquam
1309 2077 1377 2129 de
1424 2073 1509 2128 his
1540 2087 1661 2142 qua:
1708 2067 1859 2137 adja-

280 2188 407 2231 cent
435 2174 770 2246 gratulatur,
803 2172 854 2224 id
881 2169 1060 2239 potius
1091 2166 1354 2221 tantillum
1382 2164 1526 2233 quod
1566 2162 1743 2217 adhuc
1779 2160 1861 2213 vi-

284 2268 436 2321 detur
487 2263 722 2327 ofﬁcere,
766 2260 1118 2313 lamentatur.
1154 2255 1306 2311 Unde
1354 2253 1520 2307 David
1565 2267 1623 2307 se
1675 2252 1865 2305 crebro

284 2370 512 2425 egenum
539 2360 592 2406 ct
615 2344 1113 2421 pauperem-(Paul.
1146 2358 1330 2407 LXXXI,
1360 2342 1438 2412 Il).
1467 2341 1729 2396 Jeremias
1758 2340 1867 2394 cla-

287 2453 438 2498 tnat.
472 2441 582 2511 Ego
616 2442 692 2495 vir
726 2440 906 2492 videns
948 2445 1502 2505 paupertatem'meatn
1535 2429 1751 2499 (Thr-en.
1782 2442 1863 2492 ut,

287 2536 363 2601 Ι).
386 2535 552 2589 Plane
579 2534 715 2586 alter
744 2529 990 2584 audierat
1021 2544 1034 2581 :
1064 2524 1245 2578 Inveni
1273 2524 1438 2577 virum
1467 2520 1751 2575 secundum
1779 2534 1870 2572 cor

287 2641 456 2679 meum
483 2625 622 2694 (Act.
651 2619 767 2687 xlii,
791 2618 906 2690 22),
941 2616 1078 2671 alter
1105 2614 1291 2686 procul
1324 2613 1519 2677 dubio;
1548 2609 1867 2680 Priusquam

290 2717 456 2769 exire:
502 2714 568 2767 de
610 2711 759 2766 vulva
789 2708 1113 2777 sanctiﬁcavi
1156 2718 1204 2761 te
1253 2705 1387 2777 (Jer.
1420 2719 1461 2769 ι,
1487 2702 1562 2772 5).
1592 2700 1657 2755 Et
1691 2711 1869 2754 tamen

289 2814 517 2874 uterque
541 2801 738 2872 quibus
756 2812 816 2854 se
844 2796 1243 2853 humilitatibus
1263 2793 1585 2849 addixerunt
1612 2792 1663 2843 in
1692 2803 1873 2859 prom-

290 2905 382 2965 ptu
406 2903 507 2948 est.
536 2892 798 2947 Joannem
823 2903 926 2942 non
950 2884 1428 2955 latebatqnidquid
1450 2883 1518 2936 ab
1541 2880 1871 2949 archangelo

292 3001 427 3056 pene
472 2983 570 3054 ipsi
613 2981 830 3037 Christo
877 2976 1126 3048 supparia
1169 2976 1233 3030 de
1270 2988 1328 3029 se
1366 2973 1509 3028 dicta
1553 2970 1786 3033 fuerant,
1818 2977 1874 3024 et

294 3084 474 3129 tamen
505 3072 672 3127 verbo
699 3086 764 3127 ac
794 3083 978 3141 opere,
1006 3081 1112 3137 quo
1142 3064 1430 3120 humiliora
1452 3070 1663 3132 poterat
1686 3060 1874 3129 ριιερΐθ-

292 3169 467 3223 rebat.

364 3262 575 3327 Quanto
604 3260 719 3331 quis
752 3259 1030 3315 sanctitate
1057 3253 1352 3317 sublimior,
1378 3259 1525 3305 tanto
1549 3250 1603 3303 in
1627 3266 1679 3303 se
1699 3247 1873 3301 Itami-

294 3352 413 3405 lior.
445 3379 515 3389 -ο
558 3348 664 3403 Sed
703 3346 1034 3418 impossibile
1079 3343 1295 3398 videtur
1332 3340 1605 3409 aliquibus
1654 3346 1713 3391 ut
1755 3351 1877 3390 cum

293 3443 413 3496 aliis
444 3440 665 3494 meliora
713 3438 835 3507 quis
877 3433 1130 3506 gesserit,
1157 3430 1427 3487 deteriora
1457 3428 1524 3482 de
1560 3442 1618 3481 se
1657 3425 1875 3481 sentiat.

294 3535 449 3603 Quod
480 3531 742 3600 exemplis
779 3529 1028 3585 l'acilibus
1064 3526 1155 3581 sic
1196 3523 1477 3593 probatur.
1518 3519 1675 3574 Vides
1704 3517 1880 3572 homi—

294 3642 392 3681 nes
445 3624 793 3694 pecnniarum
843 3619 1078 3679 avidum,
1120 3615 1268 3685 gazis
1307 3612 1609 3666 exuberare
1639 3607 1880 3663 sublimi-

294 3715 414 3773 bus.
449 3724 501 3769 et
527 3712 658 3766 nulli
686 3710 907 3764 utilibus
942 3709 1217 3762 exundare
1250 3702 1474 3759 divitiis.
1524 3700 1623 3766 Qui
1654 3714 1757 3767 quo
1788 3712 1879 3751 cas

296 3804 705 3873 multipliciores
732 3801 982 3865 attendit,
1014 3813 1079 3853 eo
1108 3812 1168 3852 se
1194 3797 1259 3850 ad
1297 3795 1546 3850 habenda
1578 3792 1882 3861 proripiens
1960 3838 1963 3843 ,

297 3898 476 3949 animo
498 3893 805 3962 egentiores
833 3890 1073 3951 festinat,
1107 3897 1162 3942 et
1194 3886 1376 3941 habita
1404 3899 1508 3938 non
1546 3882 1883 3952 appretiatur
1959 3906 1963 3910 ~

254 3944 264 4063 ξ
296 3985 423 4035 dum
454 3981 716 4035 hanendis
745 3979 967 4048 aspirat.
992 3978 1110 4043 Quo
1130 3990 1261 4045 ergo
1284 3983 1367 4029 est
1395 3974 1558 4027 ditior
1588 3983 1881 4040 pauperem

295 4087 359 4124 se
408 4078 635 4139 reputat,
687 4070 812 4123 dum
861 4067 1035 4120 aliena
1079 4064 1317 4118 affectat.
1366 4062 1431 4115 Et
1464 4061 1719 4114 aliorsum
1757 4057 1879 4113 vide

295 4161 564 4230 quispiam
591 4161 642 4213 in
673 4167 826 4228 gestu
852 4171 1121 4216 amorum,
1158 4156 1210 4208 in
1251 4154 1549 4208 directione
1576 4150 1881 4212 missilium,

296 4254 353 4306 in
386 4265 575 4306 vocum
615 4249 958 4314 discrimine,
994 4247 1049 4300 in
1080 4243 1416 4299 anfractibus
1447 4251 1540 4297 aut
1569 4240 1882 4295 ehoraulica

295 4343 612 4413 disciplina,
659 4350 735 4407 et,
784 4356 854 4396 ne
892 4354 1095 4406 morer,
1123 4336 1304 4395 omnis
1336 4350 1439 4391 non
1470 4333 1643 4389 solum
1690 4334 1780 4401 qui
1831 4332 1883 4385 in

296 4436 544 4505 qualibet
585 4433 727 4498 utili,
776 4431 872 4488 sed
918 4431 1010 4501 qui
1048 4438 1274 4485 vexatur
1308 4428 1361 4481 in
1392 4434 1509 4480 arte
1546 4424 1771 4487 ludicra,
1816 4438 1881 4477 ex

297 4543 418 4591 sua,
451 4526 696 4595 quamvis
734 4523 976 4594 ignobili,
1010 4524 1373 4576 intumescere
1408 4516 1709 4581 consuevit,
1742 4525 1789 4568 et
1825 4530 1881 4569 se

298 4618 423 4673 aliis
450 4619 613 4672 etiam
638 4616 886 4671 honestis
912 4614 1173 4683 praeferre
1204 4613 1454 4667 scientia.
1483 4609 1539 4662 Si
1565 4608 1726 4675 igitur
1750 4622 1878 4660 ava-

298 4725 396 4764 rus
421 4709 571 4775 quasi
590 4723 661 4761 ex
679 4706 846 4775 copiis
869 4704 1231 4774 pauperaseit,
1256 4702 1472 4755 virtutis
1501 4714 1652 4752 amor
1676 4707 1881 4752 tractus

298 4801 514 4854 interna
552 4796 835 4851 dulcedine
865 4805 1067 4864 quanto
1115 4792 1345 4861 amplius
1373 4789 1510 4859 apud
1558 4803 1616 4843 se
1654 4801 1753 4841 suo
1798 4787 1880 4839 i.,-

300 4889 443 4943 tuitu
470 4886 776 4942 iuanescit?
821 4885 878 4940 Si
914 4885 1056 4940 enim
1090 4898 1277 4937 verum
1305 4890 1410 4944 est,
1438 4880 1579 4948 quod
1621 4890 1725 4943 est,
1756 4876 1880 4945 quia

300 4979 393 5035 ιώἰ
426 4976 725 5033 intenderis
756 4976 1057 5048 ingenium,
1091 4973 1164 5027 ibi
1189 4973 1352 5038 valet,
1385 4973 1510 5041 quia
1539 4971 1766 5039 quisque
1790 4976 1883 5021 aut

300 5085 454 5136 vera,
480 5078 573 5123 aut
600 5067 733 5124 falsa
762 5067 1066 5122 intentione
1095 5080 1152 5120 se
1181 5065 1412 5128 dehriat,
1443 5063 1496 5115 in
1524 5060 1641 5129 ejus
1669 5061 1742 5115 rei
1770 5070 1885 5115 stu-

303 5163 394 5218 dio
440 5162 652 5217 cameris
685 5169 945 5231 praestare
980 5173 1038 5213 se
1082 5164 1255 5227 putat.
1304 5155 1439 5209 Dum
1486 5155 1631 5210 enim
1683 5154 1887 5207 adhoc

302 5251 479 5307 solum
506 5250 719 5304 oculum
751 5248 955 5317 dirigit,
986 5247 1038 5300 in
1072 5261 1180 5314 quo
1206 5244 1291 5298 vel
1333 5242 1565 5296 inaniter
1594 5241 1696 5296 sibi
1726 5239 1884 5309 quasi

302 5342 661 5413 praemittere
707 5340 942 5401 videtur,
973 5338 1098 5391 dum
1140 5336 1367 5389 aliorum
1424 5333 1745 5387 utilitatibus
1792 5332 1884 5385 de-

304 5430 598 5498 spiciendis
649 5427 1003 5498 supersedet,
1052 5442 1116 5481 ex
1174 5423 1391 5495 propria
1444 5422 1751 5491 arrogantia
1791 5421 1883 5475 dc-

304 5530 599 5576 mentatur.

377 5612 610 5668 Summw
648 5613 701 5666 in
743 5611 806 5665 Β.
848 5610 1054 5682 Virgine
1100 5608 1411 5663 humilitatis
1454 5605 1714 5665 ratio.j—
1750 5602 1887 5656 Sunt

306 5707 491 5776 itaque
521 5704 867 5759 valentissimi
899 5716 952 5760 et
992 5703 1253 5768 illustres,
1283 5700 1373 5771 qui
1421 5714 1527 5770 quo
1557 5706 1681 5753 sunt
1713 5696 1882 5751 Scien-

2031 1939 2088 1993 ln
2117 1939 2294 2007 angeli
2336 1938 2518 2005 itaque
2555 1952 2661 1991 non
2684 1937 2920 2005 qvisione,
2951 1936 3045 1991 sed
3074 1948 3325 1990 sermone
3359 1930 3543 1985 turba-

1966 2039 2072 2093 tur,
2102 2043 2221 2097 qute
2260 2026 2393 2081 nihil
2423 2016 2611 2082 eorum
2646 2042 2767 2096 qua:
2803 2022 3135 2089 ferebantur,
3172 2025 3223 2077 in
3268 2038 3324 2078 se
3358 2020 3545 2076 haberi

1965 2116 2290 2172 omnimodis
2331 2116 2648 2170 arbitratur.
2679 2114 2788 2170 Nec
2818 2125 2973 2183 putes
3007 2113 3149 2183 quod
3176 2113 3346 2182 ipsam
3377 2111 3545 2165 etiam

1966 2209 2069 2265 sibi
2102 2210 2356 2263 virtutem
2390 2208 2711 2263 humilitatis
2749 2208 3013 2271 ascribat,
3038 2220 3214 2274 quam
3244 2202 3553 2271 respexisse

1968 2299 2139 2354 Deum
2168 2300 2337 2364 dicat,
2369 2298 2461 2353 sed
2490 2297 2851 2352 humilitatem
2874 2278 3039 2365 (Luc.
3081 2310 3120 2359 ι,
3147 2292 3260 2362 48),
3297 2306 3402 2344 non
3446 2290 3551 2345 nisi

1969 2391 2051 2445 sui
2076 2391 2247 2460 ipsius
2273 2389 2536 2444 vilitatem
2573 2388 2826 2457 appellat.
2857 2387 3150 2450 Turbatur,
3180 2385 3418 2451 inquam,
3448 2396 3553 2435 cu-

1962 2479 2054 2549 jus
2095 2480 2214 2535 laus
2251 2480 2413 2534 etiam
2457 2493 2692 2548 superna
2728 2492 2835 2532 non
2861 2483 3110 2547 penetrat
3134 2471 3550 2529 conscientiam.

1970 2574 2014 2630 0
2046 2573 2316 2628 infinitum
2349 2572 2515 2627 robur
2559 2572 2747 2637 animi,
2802 2571 2886 2626 cui
2931 2570 2976 2624 si
3012 2567 3193 2623 vellet.
3251 2574 3397 2621 certe
3445 2579 3554 2619 non

1969 2674 2154 2735 posset
2196 2663 2554 2734 arehangelus
2584 2663 2823 2717 adulari!
2856 2678 2888 2716 ο
2936 2660 3264 2716 beatissima:
3312 2657 3554 2712 insolens

1971 2757 2162 2821 robur,
2196 2771 2315 2824 quae
2337 2754 2503 2808 etiam
2534 2771 2601 2809 ex
2631 2754 2800 2824 ipsius
2831 2753 2924 2807 Dei
2964 2750 3353 2821 approbatione
3387 2763 3555 2803 vexa-

1973 2854 2090 2913 tur;
2122 2848 2213 2901 sed
2238 2846 2364 2901 licet
2393 2862 2578 2900 coram
2612 2844 2723 2899 Deo
2756 2843 2894 2913 apud
2919 2857 2977 2898 se
2998 2842 3124 2897 dum
3155 2839 3333 2895 efferri
3360 2854 3421 2895 se
3462 2854 3559 2893 an.

1974 2938 2076 3002 dit,
2099 2937 2359 3007 pudorem
2386 2938 2528 2990 unde
2558 2937 2808 2989 turbatur
2830 2935 2914 3004 pia
2940 2934 3177 3003 patiatur
3196 2931 3442 2995 intentio,
3468 2946 3563 2985 co-

1954 3030 2109 3102 gitat
2158 3038 2338 3083 tamen
2387 3027 2563 3098 qualis
2622 3027 2690 3081 sit
2753 3027 2854 3080 ista
2906 3025 3159 3080 salutatio
3223 3024 3408 3095 (ibid.,
3442 3024 3559 3094 29),

1902 3151 1947 3212 Ο
1977 3119 2151 3174 virtus
2181 3119 2323 3173 enim
2351 3118 2622 3173 insensala
2657 3131 2757 3171 nec
2784 3117 2909 3181 dici,
2936 3131 3036 3171 nec
3057 3125 3237 3185 potest
3265 3131 3403 3170 esse.
3432 3116 3563 3181 Qua:

1978 3209 2079 3264 etsi
2112 3209 2254 3277 quod
2279 3207 2527 3261 laudatur
2550 3208 2847 3260 exhorrerc
2878 3220 2983 3260 non
3015 3213 3212 3271 cessat,
3251 3206 3563 3259 accidentes

1979 3309 2161 3355 tamen
2205 3315 2269 3355 ex
2322 3299 2534 3354 meritis
2564 3312 2759 3352 causas
2794 3303 2894 3352 sub
2934 3297 3115 3351 divina
3152 3297 3236 3366 agi
3281 3296 3565 3363 aliquoties

1980 3389 2334 3459 dispositione
2369 3396 2652 3442 retractat.
2706 3388 2837 3453 Quae
2888 3386 3048 3455 plane
3091 3372 3211 3461 Dei:
3240 3386 3563 3455 sapientiam

1979 3480 2220 3551 paritura
2255 3478 2450 3542 fuerat,
2476 3492 2583 3531 non
2619 3478 2685 3531 ad
2716 3476 2975 3532 stolidum
2998 3475 3201 3545 sapuit,
3234 3475 3328 3528 sed
3361 3474 3414 3527 in
3444 3476 3565 3535 dis-

1980 3570 2247 3625 cutiendis
2279 3570 2583 3643 divinarum
2630 3566 3033 3633 ordinationum
3070 3565 3352 3621 eventibus
3375 3563 3564 3618 fuitex

1981 3661 2097 3730 ipsa
2129 3658 2447 3713 mirabiliter
2487 3656 2793 3711 humilitate
2825 3654 3042 3710 subtilis
3065 3695 3081 3720 ,
3127 3652 3266 3723 quod
3315 3654 3478 3707 etiam
3511 3661 3567 3706 et

1981 3758 2084 3815 est,
2117 3756 2169 3801 et
2192 3747 2443 3816 competit
2471 3747 2522 3799 in
2546 3744 2797 3801 omnibus
2826 3745 3029 3799 sanctis
3048 3744 3209 3807 viris;
3240 3743 3340 3797 etsi
3368 3755 3565 3810 nempe

1981 3839 2290 3895 beatissima
2323 3838 2408 3891 illa
2430 3845 2629 3891 statum
2658 3851 2812 3890 suum
2840 3834 3233 3904 parvipendere
3256 3831 3561 3894 videbatur,

1984 3945 2087 3984 non
2122 3938 2300 3982 tamen
2336 3928 2495 3981 inane
2530 3925 2864 3989 aestimabat,
2918 3924 3060 3993 quod
3110 3922 3367 3991 peculiari
3402 3935 3566 3989 super

1982 4033 2172 4075 omnes
2204 4020 2255 4073 in
2301 4034 2361 4074 se
2391 4018 2557 4072 divini
2603 4015 2806 4070 amoris
2847 4030 3070 4069 munere
3114 4013 3427 4083 gerebatur.
3452 4010 3565 4064 Nisi

1960 4114 2115 4169 sane
2141 4127 2262 4181 qua}
2293 4110 2435 4164 intra
2466 4125 2521 4164 se
2554 4107 2855 4178 agebantur
2886 4107 2952 4159 ad
2983 4104 3245 4173 liquidum
3282 4105 3561 4157 discerne-

1985 4214 2090 4268 ret,
2123 4217 2344 4271 compos
2369 4200 2587 4254 virtutis
2634 4198 2836 4252 inlitus:
2874 4195 3182 4249 nullatenus
3211 4203 3389 4258 esset;
3444 4207 3566 4262 qua:

1984 4294 2301 4350 contuenda:
2331 4308 2440 4348 sua:
2470 4292 2634 4344 menti
2679 4289 2813 4343 adeo
2857 4285 3197 4354 majestativa
3245 4285 3566 4338 auctoritate

1984 4386 2256 4456 pnesedit,
2299 4396 2358 4438 ut
2402 4366 2617 4435 fiducia
2643 4394 2754 4433 sua:
2802 4374 3385 4446 incomprehensibilis,
3414 4372 3567 4438 cujus

1913 4490 1958 4547 D
1988 4478 2085 4532 sibi
2120 4476 2355 4539 conscia,
2383 4471 2658 4527 munditiae
2682 4470 2825 4523 dicto
2849 4467 3007 4522 citius
3030 4466 3285 4537 angelicae
3309 4463 3566 4536 legationi

1988 4568 2374 4623 subscriberet.

2065 4701 2252 4757 Gratia
2290 4715 2384 4768 pro
2431 4697 2735 4753 remissione
2785 4700 3116 4763 peccatorum
3178 4691 3423 4744 sumitur.
3477 4684 3570 4744 Se-

1989 4794 2221 4847 cundum
2268 4789 2539 4843 Platonem
2565 4788 2709 4854 prius
2739 4793 2984 4839 creantur
3016 4782 3229 4851 spiritus
3259 4796 3416 4852 quam
3446 4794 3567 4833 cor-

1988 4900 2138 4953 pora.
2172 4912 2235 4920 —
2264 4881 2331 4933 At
2358 4894 2489 4933 vero
2532 4878 2669 4931 elabi
2703 4891 2807 4930 non
2838 4875 2994 4929 debet
3038 4873 3165 4943 quid
3210 4872 3282 4926 sit
3329 4884 3449 4940 qua:
3493 4868 3568 4922 illi

1987 4973 2313 5043 pra-dicatur
2340 4966 2506 5022 affore
2534 4968 2730 5037 gratia.
2756 4965 2888 5031 Quae
2911 4965 3076 5018 etiam
3112 4962 3350 5032 ejusdem
3379 4959 3569 5028 gratia:

1987 5061 2289 5130 plenitudo.
2335 5056 2526 5112 Gratia
2558 5071 2654 5125 pro
2686 5056 3005 5109 remissione
3052 5052 3272 5120 ponitur
3312 5054 3565 5116 peccato-

1987 5165 2132 5215 rum,
2160 5159 2218 5202 ut
2246 5157 2329 5203 est
2360 5148 2414 5202 in
2443 5145 2755 5217 apostolicis
2786 5144 2983 5198 litteris
3010 5158 3023 5194 :
3062 5139 3266 5197 Gratia,
3299 5137 3490 5205 inquit,
3520 5146 3568 5188 et

1986 5256 2092 5311 pax
2119 5239 2259 5292 vobis
2286 5236 2640 5306 mutiplicetur
2668 5234 2718 5305 (I
2748 5233 2904 5287 Petr.‘
2932 5249 2972 5297 ι,
3008 5230 3085 5300 2).
3137 5227 3398 5281 Retuissis
3423 5225 3567 5279 enim

1987 5328 2227 5397 peccatis
2255 5326 2606 5394 pacificamur
2639 5325 2766 5377 Deo.
2817 5321 2872 5374 Si
2912 5320 2979 5374 de
3021 5327 3245 5387 peccato
3280 5316 3365 5369 vel
3394 5317 3568 5384 origi-

1987 5419 2122 5482 nili,
2153 5417 2232 5471 vel
2269 5416 2464 5470 actuali
2510 5414 2627 5483 ejus
2658 5414 2855 5480 agitur,
2896 5424 2991 5479 per
3030 5416 3281 5462 sanctum
3308 5406 3399 5476 qui
3424 5406 3473 5459 ei
3499 5421 3567 5460 ex

1988 5519 2144 5564 utero
2165 5507 2367 5577 coaluit
2391 5504 2675 5574 Spiritum,
2712 5501 2763 5554 id
2796 5507 3079 5569 purgatur.
3120 5494 3176 5551 Si
3219 5496 3305 5550 via
3334 5496 3445 5549 Deo
3475 5509 3570 5562 per

1988 5613 2150 5667 quam
2179 5597 2245 5650 ad
2284 5610 2379 5649 cor
2408 5593 2587 5647 veniat
2629 5588 2889 5658 cujusque
2922 5587 3093 5643 tidelis
3120 5586 3301 5656 parari
3322 5583 3567 5655 jubetur,

1990 5697 2164 5743 mater
2199 5686 2283 5741 cui
2328 5698 2385 5740 se
2416 5681 2781 5755 generandum
2811 5678 3035 5735 contulit
3068 5677 3305 5746 squalori
3338 5685 3389 5731 et
3418 5674 3571 5728 incu-
