  <div class='ocr_page' id='page_1' title='image "/cluster/home/n/w/nwhite01/storage/ocr_20150623/156/hvd.32044010683712/281.png"; bbox 0 0 4038 6330; ppageno 0'>
   <div class='ocr_carea' id='block_1_1' title="bbox 532 2124 565 2255">
    <p class='ocr_par' dir='ltr' id='par_1_1' title="bbox 532 2124 565 2255">
     <span class='ocr_line' id='line_1_1' title="bbox 532 2124 565 2255; baseline 0 -28"><span class='ocrx_word' id='word_1_1' title='bbox 532 2124 565 2255; x_wconf 63' lang='grc' dir='ltr'>ξ</span> 
     </span>
    </p>
   </div>
   <div class='ocr_carea' id='block_1_2' title="bbox 626 331 722 391">
    <p class='ocr_par' dir='ltr' id='par_1_2' title="bbox 626 331 722 391">
     <span class='ocr_line' id='line_1_2' title="bbox 626 331 722 391; baseline 0.01 -1"><span class='ocrx_word' id='word_1_2' title='bbox 626 331 722 391; x_wconf 66' lang='lat' dir='ltr'><strong>[iiii</strong></span> 
     </span>
    </p>
   </div>
   <div class='ocr_carea' id='block_1_3' title="bbox 1405 338 3051 407">
    <p class='ocr_par' dir='ltr' id='par_1_3' title="bbox 1405 338 3051 407">
     <span class='ocr_line' id='line_1_3' title="bbox 1405 338 3051 407; baseline 0.007 -11"><span class='ocrx_word' id='word_1_3' title='bbox 1405 341 1463 396; x_wconf 88' lang='lat' dir='ltr'><strong>V.</strong></span> <span class='ocrx_word' id='word_1_4' title='bbox 1489 342 1814 398; x_wconf 81' lang='lat' dir='ltr'><strong>GUIBERTI</strong></span> <span class='ocrx_word' id='word_1_5' title='bbox 1842 338 2135 399; x_wconf 77' lang='lat' dir='ltr'><strong>ABBATIS</strong></span> <span class='ocrx_word' id='word_1_6' title='bbox 2184 342 2241 398; x_wconf 84' lang='lat' dir='ltr'><strong>S.</strong></span> <span class='ocrx_word' id='word_1_7' title='bbox 2275 342 2513 397; x_wconf 61' lang='lat' dir='ltr'><strong>Mtllle</strong></span> <span class='ocrx_word' id='word_1_8' title='bbox 2540 346 2624 401; x_wconf 89' lang='lat' dir='ltr'><strong>DE</strong></span> <span class='ocrx_word' id='word_1_9' title='bbox 2656 343 3051 407; x_wconf 78' lang='lat' dir='ltr'><strong>NOVIGENTO</strong></span> 
     </span>
    </p>
   </div>
   <div class='ocr_carea' id='block_1_4' title="bbox 3742 364 3815 421">
    <p class='ocr_par' dir='ltr' id='par_1_4' title="bbox 3742 364 3815 421">
     <span class='ocr_line' id='line_1_4' title="bbox 3742 364 3815 421; baseline 0.027 -2"><span class='ocrx_word' id='word_1_10' title='bbox 3742 364 3815 421; x_wconf 66' lang='grc' dir='ltr'><strong>ὅδὲ</strong></span> 
     </span>
    </p>
   </div>
   <div class='ocr_carea' id='block_1_5' title="bbox 624 450 3815 538">
    <p class='ocr_par' dir='ltr' id='par_1_5' title="bbox 624 450 3815 538">
     <span class='ocr_line' id='line_1_5' title="bbox 624 450 3815 538; baseline 0.013 -33"><span class='ocrx_word' id='word_1_11' title='bbox 624 453 719 506; x_wconf 75' lang='lat' dir='ltr'><strong>ria:</strong></span> <span class='ocrx_word' id='word_1_12' title='bbox 746 450 1083 505; x_wconf 72' lang='lat' dir='ltr'><strong>dimittetur?</strong></span> <span class='ocrx_word' id='word_1_13' title='bbox 1114 467 1260 507; x_wconf 83' lang='lat' dir='ltr'><strong>verm</strong></span> <span class='ocrx_word' id='word_1_14' title='bbox 1286 456 1456 524; x_wconf 86' lang='lat' dir='ltr'><strong>gratia</strong></span> <span class='ocrx_word' id='word_1_15' title='bbox 1486 455 1623 529; x_wconf 69' lang='grc' dir='ltr'><strong>(ἳῦ).</strong></span> <span class='ocrx_word' id='word_1_16' title='bbox 1648 457 1809 514; x_wconf 82' lang='lat' dir='ltr'><strong>Certe</strong></span> <span class='ocrx_word' id='word_1_17' title='bbox 1832 461 1876 515; x_wconf 89' lang='lat' dir='ltr'><strong>si</strong></span> <span class='ocrx_word' id='word_1_18' title='bbox 1908 462 2203 517; x_wconf 88' lang='lat' dir='ltr'><strong>secundum</strong></span> <span class='ocrx_word' id='word_1_19' title='bbox 2234 468 2279 522; x_wconf 84' lang='lat' dir='ltr'><strong>A</strong></span> <span class='ocrx_word' id='word_1_20' title='bbox 2310 462 2421 529; x_wconf 69' lang='lat' dir='ltr'><strong>pari</strong></span> <span class='ocrx_word' id='word_1_21' title='bbox 2450 462 2670 516; x_wconf 79' lang='lat' dir='ltr'><strong>0mnino</strong></span> <span class='ocrx_word' id='word_1_22' title='bbox 2723 480 2842 520; x_wconf 74' lang='lat' dir='ltr'><strong>sese</strong></span> <span class='ocrx_word' id='word_1_23' title='bbox 2880 467 3124 521; x_wconf 72' lang='lat' dir='ltr'><strong>Cibomm</strong></span> <span class='ocrx_word' id='word_1_24' title='bbox 3152 466 3318 537; x_wconf 77' lang='lat'><strong>295</strong></span> <span class='ocrx_word' id='word_1_25' title='bbox 3343 471 3630 538; x_wconf 69' lang='grc' dir='ltr'><strong>ατηηιῑιιιιε</strong></span> <span class='ocrx_word' id='word_1_26' title='bbox 3659 477 3815 533; x_wconf 61' lang='lat' dir='ltr'><strong>(15$an-</strong></span> 
     </span>
    </p>
   </div>
   <div class='ocr_carea' id='block_1_6' title="bbox 622 546 2200 623">
    <p class='ocr_par' dir='ltr' id='par_1_6' title="bbox 622 546 2200 623">
     <span class='ocr_line' id='line_1_6' title="bbox 622 546 2200 623; baseline 0.008 -25"><span class='ocrx_word' id='word_1_27' title='bbox 622 546 955 599; x_wconf 86' lang='lat' dir='ltr'><strong>Platonicam</strong></span> <span class='ocrx_word' id='word_1_28' title='bbox 986 548 1309 600; x_wconf 84' lang='lat' dir='ltr'><strong>sententiain</strong></span> <span class='ocrx_word' id='word_1_29' title='bbox 1352 550 1575 617; x_wconf 75' lang='lat' dir='ltr'><strong>spiritus</strong></span> <span class='ocrx_word' id='word_1_30' title='bbox 1617 553 1787 607; x_wconf 86' lang='lat' dir='ltr'><strong>nostri</strong></span> <span class='ocrx_word' id='word_1_31' title='bbox 1818 555 1968 623; x_wconf 91' lang='lat' dir='ltr'><strong>prius</strong></span> <span class='ocrx_word' id='word_1_32' title='bbox 2006 571 2200 610; x_wconf 82' lang='lat' dir='ltr'><strong>crean-</strong></span> 
     </span>
    </p>
   </div>
   <div class='ocr_carea' id='block_1_7' title="bbox 622 639 2195 714">
    <p class='ocr_par' dir='ltr' id='par_1_7' title="bbox 622 639 2195 714">
     <span class='ocr_line' id='line_1_7' title="bbox 622 639 2195 714; baseline 0.007 -25"><span class='ocrx_word' id='word_1_33' title='bbox 622 645 711 689; x_wconf 87' lang='lat' dir='ltr'><strong>tur</strong></span> <span class='ocrx_word' id='word_1_34' title='bbox 741 651 899 704; x_wconf 91' lang='lat' dir='ltr'><strong>quam</strong></span> <span class='ocrx_word' id='word_1_35' title='bbox 924 650 1172 703; x_wconf 89' lang='lat' dir='ltr'><strong>corpora,</strong></span> <span class='ocrx_word' id='word_1_36' title='bbox 1209 648 1392 706; x_wconf 87' lang='lat' dir='ltr'><strong>posset</strong></span> <span class='ocrx_word' id='word_1_37' title='bbox 1420 639 1560 694; x_wconf 87' lang='lat' dir='ltr'><strong>Deus</strong></span> <span class='ocrx_word' id='word_1_38' title='bbox 1583 642 1818 710; x_wconf 81' lang='lat' dir='ltr'><strong>cuipiam</strong></span> <span class='ocrx_word' id='word_1_39' title='bbox 1849 645 2065 713; x_wconf 84' lang='lat' dir='ltr'><strong>spiritui</strong></span> <span class='ocrx_word' id='word_1_40' title='bbox 2096 661 2195 714; x_wconf 84' lang='lat' dir='ltr'><strong>op-</strong></span> 
     </span>
    </p>
   </div>
   <div class='ocr_carea' id='block_1_8' title="bbox 622 726 2197 803">
    <p class='ocr_par' dir='ltr' id='par_1_8' title="bbox 622 726 2197 803">
     <span class='ocr_line' id='line_1_8' title="bbox 622 726 2197 803; baseline 0.009 -26"><span class='ocrx_word' id='word_1_41' title='bbox 622 736 823 779; x_wconf 82' lang='lat' dir='ltr'><strong>tionem</strong></span> <span class='ocrx_word' id='word_1_42' title='bbox 850 726 979 780; x_wconf 91' lang='lat' dir='ltr'><strong>dare</strong></span> <span class='ocrx_word' id='word_1_43' title='bbox 1008 742 1111 796; x_wconf 91' lang='lat' dir='ltr'><strong>qua</strong></span> <span class='ocrx_word' id='word_1_44' title='bbox 1141 727 1302 782; x_wconf 83' lang='lat' dir='ltr'><strong>vellet</strong></span> <span class='ocrx_word' id='word_1_45' title='bbox 1328 731 1605 798; x_wconf 86' lang='lat' dir='ltr'><strong>procreari</strong></span> <span class='ocrx_word' id='word_1_46' title='bbox 1635 746 1702 786; x_wconf 79' lang='lat' dir='ltr'><strong>ex</strong></span> <span class='ocrx_word' id='word_1_47' title='bbox 1740 744 1935 789; x_wconf 84' lang='lat' dir='ltr'><strong>matre.</strong></span> <span class='ocrx_word' id='word_1_48' title='bbox 1965 736 2117 803; x_wconf 83' lang='lat' dir='ltr'><strong>Quod</strong></span> <span class='ocrx_word' id='word_1_49' title='bbox 2151 738 2197 793; x_wconf 86' lang='lat' dir='ltr'><strong>si</strong></span> 
     </span>
    </p>
   </div>
   <div class='ocr_carea' id='block_1_9' title="bbox 620 816 2197 894">
    <p class='ocr_par' dir='ltr' id='par_1_9' title="bbox 620 816 2197 894">
     <span class='ocr_line' id='line_1_9' title="bbox 620 816 2197 894; baseline 0.009 -25"><span class='ocrx_word' id='word_1_50' title='bbox 620 816 796 876; x_wconf 86' lang='lat' dir='ltr'><strong>ﬁeret.</strong></span> <span class='ocrx_word' id='word_1_51' title='bbox 828 833 989 886; x_wconf 87' lang='lat' dir='ltr'><strong>quam</strong></span> <span class='ocrx_word' id='word_1_52' title='bbox 1014 828 1173 888; x_wconf 89' lang='lat' dir='ltr'><strong>putas</strong></span> <span class='ocrx_word' id='word_1_53' title='bbox 1201 820 1289 874; x_wconf 93' lang='lat' dir='ltr'><strong>ille</strong></span> <span class='ocrx_word' id='word_1_54' title='bbox 1316 836 1600 890; x_wconf 86' lang='lat' dir='ltr'><strong>personam</strong></span> <span class='ocrx_word' id='word_1_55' title='bbox 1632 823 1734 878; x_wconf 91' lang='lat' dir='ltr'><strong>sibi</strong></span> <span class='ocrx_word' id='word_1_56' title='bbox 1762 825 1863 894; x_wconf 91' lang='lat' dir='ltr'><strong>ipsi</strong></span> <span class='ocrx_word' id='word_1_57' title='bbox 1892 829 2197 883; x_wconf 86' lang='lat' dir='ltr'><strong>consciret?</strong></span> 
     </span>
    </p>
   </div>
   <div class='ocr_carea' id='block_1_10' title="bbox 614 908 2196 983">
    <p class='ocr_par' dir='ltr' id='par_1_10' title="bbox 614 908 2196 983">
     <span class='ocr_line' id='line_1_10' title="bbox 614 908 2196 983; baseline 0.008 -21"><span class='ocrx_word' id='word_1_58' title='bbox 614 908 693 963; x_wconf 91' lang='lat' dir='ltr'><strong>De</strong></span> <span class='ocrx_word' id='word_1_59' title='bbox 723 910 965 980; x_wconf 90' lang='lat' dir='ltr'><strong>corporis</strong></span> <span class='ocrx_word' id='word_1_60' title='bbox 987 909 1158 964; x_wconf 87' lang='lat' dir='ltr'><strong>forma</strong></span> <span class='ocrx_word' id='word_1_61' title='bbox 1191 926 1254 967; x_wconf 90' lang='lat' dir='ltr'><strong>ac</strong></span> <span class='ocrx_word' id='word_1_62' title='bbox 1284 912 1599 969; x_wconf 84' lang='lat' dir='ltr'><strong>habitudine</strong></span> <span class='ocrx_word' id='word_1_63' title='bbox 1629 915 1835 970; x_wconf 90' lang='lat' dir='ltr'><strong>sileam.</strong></span> <span class='ocrx_word' id='word_1_64' title='bbox 1864 917 2003 983; x_wconf 87' lang='lat' dir='ltr'><strong>Quid</strong></span> <span class='ocrx_word' id='word_1_65' title='bbox 2027 920 2196 975; x_wconf 88' lang='lat' dir='ltr'><strong>hone-</strong></span> 
     </span>
    </p>
   </div>
   <div class='ocr_carea' id='block_1_11' title="bbox 612 999 2193 1074">
    <p class='ocr_par' dir='ltr' id='par_1_11' title="bbox 612 999 2193 1074">
     <span class='ocr_line' id='line_1_11' title="bbox 612 999 2193 1074; baseline 0.007 -20"><span class='ocrx_word' id='word_1_66' title='bbox 612 999 793 1066; x_wconf 82' lang='lat' dir='ltr'><strong>statis,</strong></span> <span class='ocrx_word' id='word_1_67' title='bbox 820 1000 948 1069; x_wconf 82' lang='lat' dir='ltr'><strong>quid</strong></span> <span class='ocrx_word' id='word_1_68' title='bbox 977 1000 1283 1070; x_wconf 64' lang='lat' dir='ltr'><strong>prudentiae</strong></span> <span class='ocrx_word' id='word_1_69' title='bbox 1316 1002 1499 1057; x_wconf 91' lang='lat' dir='ltr'><strong>animo</strong></span> <span class='ocrx_word' id='word_1_70' title='bbox 1526 1004 1643 1074; x_wconf 87' lang='lat' dir='ltr'><strong>ejus</strong></span> <span class='ocrx_word' id='word_1_71' title='bbox 1674 1021 1738 1060; x_wconf 91' lang='lat' dir='ltr'><strong>ac</strong></span> <span class='ocrx_word' id='word_1_72' title='bbox 1769 1008 2010 1063; x_wconf 90' lang='lat' dir='ltr'><strong>moribus</strong></span> <span class='ocrx_word' id='word_1_73' title='bbox 2041 1024 2193 1064; x_wconf 88' lang='lat' dir='ltr'><strong>com-</strong></span> 
     </span>
    </p>
   </div>
   <div class='ocr_carea' id='block_1_12' title="bbox 611 1090 2191 1168">
    <p class='ocr_par' dir='ltr' id='par_1_12' title="bbox 611 1090 2191 1168">
     <span class='ocr_line' id='line_1_12' title="bbox 611 1090 2191 1168; baseline 0.009 -27"><span class='ocrx_word' id='word_1_74' title='bbox 611 1098 877 1158; x_wconf 88' lang='lat' dir='ltr'><strong>portaret,</strong></span> <span class='ocrx_word' id='word_1_75' title='bbox 928 1090 1003 1144; x_wconf 93' lang='lat' dir='ltr'><strong>nil</strong></span> <span class='ocrx_word' id='word_1_76' title='bbox 1053 1091 1244 1160; x_wconf 92' lang='lat' dir='ltr'><strong>procul</strong></span> <span class='ocrx_word' id='word_1_77' title='bbox 1283 1091 1448 1148; x_wconf 84' lang='lat' dir='ltr'><strong>duluo</strong></span> <span class='ocrx_word' id='word_1_78' title='bbox 1478 1094 1552 1147; x_wconf 93' lang='lat' dir='ltr'><strong>illi</strong></span> <span class='ocrx_word' id='word_1_79' title='bbox 1600 1095 1888 1162; x_wconf 87' lang='lat' dir='ltr'><strong>adimeret,</strong></span> <span class='ocrx_word' id='word_1_80' title='bbox 1934 1114 2041 1168; x_wconf 92' lang='lat' dir='ltr'><strong>quo</strong></span> <span class='ocrx_word' id='word_1_81' title='bbox 2076 1099 2191 1168; x_wconf 87' lang='lat' dir='ltr'><strong>ipsa</strong></span> 
     </span>
    </p>
   </div>
   <div class='ocr_carea' id='block_1_13' title="bbox 611 1181 2188 1261">
    <p class='ocr_par' dir='ltr' id='par_1_13' title="bbox 611 1181 2188 1261">
     <span class='ocr_line' id='line_1_13' title="bbox 611 1181 2188 1261; baseline 0.008 -27"><span class='ocrx_word' id='word_1_82' title='bbox 611 1181 732 1236; x_wconf 89' lang='lat' dir='ltr'><strong>aliis</strong></span> <span class='ocrx_word' id='word_1_83' title='bbox 769 1183 1033 1242; x_wconf 84' lang='lat' dir='ltr'><strong>invidiosa</strong></span> <span class='ocrx_word' id='word_1_84' title='bbox 1075 1199 1182 1238; x_wconf 90' lang='lat' dir='ltr'><strong>non</strong></span> <span class='ocrx_word' id='word_1_85' title='bbox 1232 1195 1394 1241; x_wconf 87' lang='lat' dir='ltr'><strong>esset.</strong></span> <span class='ocrx_word' id='word_1_86' title='bbox 1445 1186 1502 1242; x_wconf 88' lang='lat' dir='ltr'><strong>Si</strong></span> <span class='ocrx_word' id='word_1_87' title='bbox 1552 1188 1629 1243; x_wconf 93' lang='lat' dir='ltr'><strong>sic</strong></span> <span class='ocrx_word' id='word_1_88' title='bbox 1676 1190 1912 1246; x_wconf 88' lang='lat' dir='ltr'><strong>hominis</strong></span> <span class='ocrx_word' id='word_1_89' title='bbox 1945 1193 2188 1261; x_wconf 90' lang='lat' dir='ltr'><strong>spiritus,</strong></span> 
     </span>
    </p>
   </div>
   <div class='ocr_carea' id='block_1_14' title="bbox 610 1271 2187 1345">
    <p class='ocr_par' dir='ltr' id='par_1_14' title="bbox 610 1271 2187 1345">
     <span class='ocr_line' id='line_1_14' title="bbox 610 1271 2187 1345; baseline 0.008 -20"><span class='ocrx_word' id='word_1_90' title='bbox 610 1271 891 1326; x_wconf 88' lang='lat' dir='ltr'><strong>civitatem</strong></span> <span class='ocrx_word' id='word_1_91' title='bbox 920 1273 1198 1342; x_wconf 79' lang='lat' dir='ltr'><strong>virginalis</strong></span> <span class='ocrx_word' id='word_1_92' title='bbox 1226 1275 1385 1342; x_wconf 90' lang='lat' dir='ltr'><strong>uteri,</strong></span> <span class='ocrx_word' id='word_1_93' title='bbox 1418 1291 1579 1345; x_wconf 90' lang='lat' dir='ltr'><strong>quam</strong></span> <span class='ocrx_word' id='word_1_94' title='bbox 1623 1278 1724 1333; x_wconf 83' lang='lat' dir='ltr'><strong>sibi</strong></span> <span class='ocrx_word' id='word_1_95' title='bbox 1754 1278 1944 1335; x_wconf 86' lang='lat' dir='ltr'><strong>fundat</strong></span> <span class='ocrx_word' id='word_1_96' title='bbox 1972 1280 2187 1337; x_wconf 85' lang='lat' dir='ltr'><strong>Altissi-</strong></span> 
     </span>
    </p>
   </div>
   <div class='ocr_carea' id='block_1_15' title="bbox 610 1365 2191 1445">
    <p class='ocr_par' dir='ltr' id='par_1_15' title="bbox 610 1365 2191 1445">
     <span class='ocr_line' id='line_1_15' title="bbox 610 1365 2191 1445; baseline 0.01 -31"><span class='ocrx_word' id='word_1_97' title='bbox 610 1377 752 1427; x_wconf 88' lang='lat' dir='ltr'><strong>mus,</strong></span> <span class='ocrx_word' id='word_1_98' title='bbox 799 1378 907 1432; x_wconf 89' lang='lat' dir='ltr'><strong>quo</strong></span> <span class='ocrx_word' id='word_1_99' title='bbox 953 1365 1228 1433; x_wconf 88' lang='lat' dir='ltr'><strong>potentior</strong></span> <span class='ocrx_word' id='word_1_100' title='bbox 1274 1374 1387 1431; x_wconf 91' lang='lat' dir='ltr'><strong>est,</strong></span> <span class='ocrx_word' id='word_1_101' title='bbox 1443 1382 1622 1423; x_wconf 91' lang='lat' dir='ltr'><strong>nonne</strong></span> <span class='ocrx_word' id='word_1_102' title='bbox 1669 1370 1763 1425; x_wconf 92' lang='lat' dir='ltr'><strong>Dei</strong></span> <span class='ocrx_word' id='word_1_103' title='bbox 1814 1372 1983 1428; x_wconf 92' lang='lat' dir='ltr'><strong>multo</strong></span> <span class='ocrx_word' id='word_1_104' title='bbox 2021 1376 2191 1445; x_wconf 81' lang='lat' dir='ltr'><strong>magis</strong></span> 
     </span>
    </p>
   </div>
   <div class='ocr_carea' id='block_1_16' title="bbox 607 1454 2189 1534">
    <p class='ocr_par' dir='ltr' id='par_1_16' title="bbox 607 1454 2189 1534">
     <span class='ocr_line' id='line_1_16' title="bbox 607 1454 2189 1534; baseline 0.011 -31"><span class='ocrx_word' id='word_1_105' title='bbox 607 1462 867 1519; x_wconf 89' lang='lat' dir='ltr'><strong>perornat</strong></span> <span class='ocrx_word' id='word_1_106' title='bbox 923 1454 1195 1522; x_wconf 84' lang='lat' dir='ltr'><strong>Spiritus?</strong></span> <span class='ocrx_word' id='word_1_107' title='bbox 1242 1456 1481 1513; x_wconf 90' lang='lat' dir='ltr'><strong>Securus</strong></span> <span class='ocrx_word' id='word_1_108' title='bbox 1510 1460 1651 1525; x_wconf 93' lang='lat' dir='ltr'><strong>dico,</strong></span> <span class='ocrx_word' id='word_1_109' title='bbox 1682 1462 1725 1516; x_wconf 90' lang='lat' dir='ltr'><strong>si</strong></span> <span class='ocrx_word' id='word_1_110' title='bbox 1756 1462 1954 1517; x_wconf 83' lang='lat' dir='ltr'><strong>civium</strong></span> <span class='ocrx_word' id='word_1_111' title='bbox 1986 1468 2189 1534; x_wconf 82' lang='lat' dir='ltr'><strong>pariter</strong></span> 
     </span>
    </p>
   </div>
   <div class='ocr_carea' id='block_1_17' title="bbox 608 1546 2189 1625">
    <p class='ocr_par' dir='ltr' id='par_1_17' title="bbox 608 1546 2189 1625">
     <span class='ocr_line' id='line_1_17' title="bbox 608 1546 2189 1625; baseline 0.01 -32"><span class='ocrx_word' id='word_1_112' title='bbox 608 1554 964 1608; x_wconf 84' lang='lat' dir='ltr'><strong>supernorum</strong></span> <span class='ocrx_word' id='word_1_113' title='bbox 1014 1546 1191 1600; x_wconf 88' lang='lat' dir='ltr'><strong>cordis</strong></span> <span class='ocrx_word' id='word_1_114' title='bbox 1247 1546 1362 1614; x_wconf 86' lang='lat' dir='ltr'><strong>ejus</strong></span> <span class='ocrx_word' id='word_1_115' title='bbox 1398 1558 1714 1619; x_wconf 84' lang='lat' dir='ltr'><strong>apparatum</strong></span> <span class='ocrx_word' id='word_1_116' title='bbox 1748 1553 2023 1622; x_wconf 82' lang='lat' dir='ltr'><strong>explicare</strong></span> <span class='ocrx_word' id='word_1_117' title='bbox 2066 1571 2189 1625; x_wconf 89' lang='lat' dir='ltr'><strong>pro-</strong></span> 
     </span>
    </p>
   </div>
   <div class='ocr_carea' id='block_1_18' title="bbox 605 1639 2189 1711">
    <p class='ocr_par' dir='ltr' id='par_1_18' title="bbox 605 1639 2189 1711">
     <span class='ocr_line' id='line_1_18' title="bbox 605 1639 2189 1711; baseline 0.012 -29"><span class='ocrx_word' id='word_1_118' title='bbox 605 1640 874 1698; x_wconf 88' lang='lat' dir='ltr'><strong>ponerent</strong></span> <span class='ocrx_word' id='word_1_119' title='bbox 926 1648 1153 1703; x_wconf 86' lang='lat' dir='ltr'><strong>organa,</strong></span> <span class='ocrx_word' id='word_1_120' title='bbox 1206 1649 1331 1690; x_wconf 87' lang='lat' dir='ltr'><strong>ante</strong></span> <span class='ocrx_word' id='word_1_121' title='bbox 1381 1639 1675 1694; x_wconf 88' lang='lat' dir='ltr'><strong>deﬁcerent</strong></span> <span class='ocrx_word' id='word_1_122' title='bbox 1728 1658 1887 1711; x_wconf 90' lang='lat' dir='ltr'><strong>quam</strong></span> <span class='ocrx_word' id='word_1_123' title='bbox 1944 1646 2189 1701; x_wconf 90' lang='lat' dir='ltr'><strong>dicerent</strong></span> 
     </span>
    </p>
   </div>
   <div class='ocr_carea' id='block_1_19' title="bbox 603 1717 2183 1805">
    <p class='ocr_par' dir='ltr' id='par_1_19' title="bbox 603 1717 2183 1805">
     <span class='ocr_line' id='line_1_19' title="bbox 603 1717 2183 1805; baseline 0.013 -34"><span class='ocrx_word' id='word_1_124' title='bbox 603 1717 782 1787; x_wconf 84' lang='lat' dir='ltr'><strong>digna.</strong></span> <span class='ocrx_word' id='word_1_125' title='bbox 817 1718 950 1774; x_wconf 88' lang='lat' dir='ltr'><strong>Nam</strong></span> <span class='ocrx_word' id='word_1_126' title='bbox 976 1722 1018 1775; x_wconf 96' lang='lat' dir='ltr'><strong>si</strong></span> <span class='ocrx_word' id='word_1_127' title='bbox 1041 1722 1195 1792; x_wconf 82' lang='lat' dir='ltr'><strong>juxta</strong></span> <span class='ocrx_word' id='word_1_128' title='bbox 1215 1724 1557 1793; x_wconf 87' lang='lat' dir='ltr'><strong>Apostolum,</strong></span> <span class='ocrx_word' id='word_1_129' title='bbox 1584 1730 1978 1799; x_wconf 87' lang='lat' dir='ltr'><strong>principatibus</strong></span> <span class='ocrx_word' id='word_1_130' title='bbox 2004 1746 2057 1789; x_wconf 92' lang='lat' dir='ltr'><strong>et</strong></span> <span class='ocrx_word' id='word_1_131' title='bbox 2086 1752 2183 1805; x_wconf 91' lang='lat' dir='ltr'><strong>po-</strong></span> 
     </span>
    </p>
   </div>
   <div class='ocr_carea' id='block_1_20' title="bbox 2305 551 3815 630">
    <p class='ocr_par' dir='ltr' id='par_1_20' title="bbox 2305 551 3815 630">
     <span class='ocr_line' id='line_1_20' title="bbox 2305 551 3815 630; baseline 0.015 -28"><span class='ocrx_word' id='word_1_132' title='bbox 2305 551 2465 613; x_wconf 89' lang='lat' dir='ltr'><strong>duut,</strong></span> <span class='ocrx_word' id='word_1_133' title='bbox 2514 552 2587 605; x_wconf 88' lang='lat' dir='ltr'><strong>ita</strong></span> <span class='ocrx_word' id='word_1_134' title='bbox 2640 552 2732 608; x_wconf 88' lang='lat' dir='ltr'><strong>Dei</strong></span> <span class='ocrx_word' id='word_1_135' title='bbox 2790 556 3021 625; x_wconf 81' lang='lat' dir='ltr'><strong>gratiam</strong></span> <span class='ocrx_word' id='word_1_136' title='bbox 3073 557 3228 626; x_wconf 80' lang='lat' dir='ltr'><strong>longe</strong></span> <span class='ocrx_word' id='word_1_137' title='bbox 3300 560 3615 630; x_wconf 88' lang='lat' dir='ltr'><strong>dispariliori</strong></span> <span class='ocrx_word' id='word_1_138' title='bbox 3659 580 3815 627; x_wconf 79' lang='lat' dir='ltr'><strong>mentes</strong></span> 
     </span>
    </p>
   </div>
   <div class='ocr_carea' id='block_1_21' title="bbox 2300 640 3815 728">
    <p class='ocr_par' dir='ltr' id='par_1_21' title="bbox 2300 640 3815 728">
     <span class='ocr_line' id='line_1_21' title="bbox 2300 640 3815 728; baseline 0.015 -36"><span class='ocrx_word' id='word_1_139' title='bbox 2300 640 2685 699; x_wconf 83' lang='lat' dir='ltr'><strong>distributione</strong></span> <span class='ocrx_word' id='word_1_140' title='bbox 2731 657 3083 716; x_wconf 86' lang='lat' dir='ltr'><strong>cognoscunt.</strong></span> <span class='ocrx_word' id='word_1_141' title='bbox 3133 648 3252 715; x_wconf 85' lang='lat' dir='ltr'><strong>Quo</strong></span> <span class='ocrx_word' id='word_1_142' title='bbox 3306 666 3500 720; x_wconf 89' lang='lat' dir='ltr'><strong>nempe</strong></span> <span class='ocrx_word' id='word_1_143' title='bbox 3544 654 3628 709; x_wconf 85' lang='lat' dir='ltr'><strong>Dei</strong></span> <span class='ocrx_word' id='word_1_144' title='bbox 3672 660 3815 728; x_wconf 59' lang='grc' dir='ltr'><strong>πηιλοιὶ</strong></span> 
     </span>
    </p>
   </div>
   <div class='ocr_carea' id='block_1_22' title="bbox 2300 732 3816 818">
    <p class='ocr_par' dir='ltr' id='par_1_22' title="bbox 2300 732 3816 818">
     <span class='ocr_line' id='line_1_22' title="bbox 2300 732 3816 818; baseline 0.017 -37"><span class='ocrx_word' id='word_1_145' title='bbox 2300 732 2420 797; x_wconf 88' lang='lat' dir='ltr'><strong>quis</strong></span> <span class='ocrx_word' id='word_1_146' title='bbox 2468 748 2652 788; x_wconf 89' lang='lat' dir='ltr'><strong>amore</strong></span> <span class='ocrx_word' id='word_1_147' title='bbox 2691 738 3033 806; x_wconf 86' lang='lat' dir='ltr'><strong>examplatur</strong></span> <span class='ocrx_word' id='word_1_148' title='bbox 3085 738 3186 810; x_wconf 66' lang='lat'><strong>[[2,</strong></span> <span class='ocrx_word' id='word_1_149' title='bbox 3229 744 3639 818; x_wconf 87' lang='lat' dir='ltr'><strong>exampliatur],</strong></span> <span class='ocrx_word' id='word_1_150' title='bbox 3673 763 3742 811; x_wconf 84' lang='lat' dir='ltr'><strong>eo,</strong></span> <span class='ocrx_word' id='word_1_151' title='bbox 3777 766 3816 807; x_wconf 92' lang='lat' dir='ltr'><strong>ut</strong></span> 
     </span>
    </p>
   </div>
   <div class='ocr_carea' id='block_1_23' title="bbox 2300 822 3815 904">
    <p class='ocr_par' dir='ltr' id='par_1_23' title="bbox 2300 822 3815 904">
     <span class='ocr_line' id='line_1_23' title="bbox 2300 822 3815 904; baseline 0.015 -30"><span class='ocrx_word' id='word_1_152' title='bbox 2300 822 2379 876; x_wconf 90' lang='lat' dir='ltr'><strong>sic</strong></span> <span class='ocrx_word' id='word_1_153' title='bbox 2409 823 2608 885; x_wconf 86' lang='lat' dir='ltr'><strong>dicam,</strong></span> <span class='ocrx_word' id='word_1_154' title='bbox 2643 829 2934 882; x_wconf 85' lang='lat' dir='ltr'><strong>concavior</strong></span> <span class='ocrx_word' id='word_1_155' title='bbox 2964 833 3204 900; x_wconf 82' lang='lat' dir='ltr'><strong>receptui</strong></span> <span class='ocrx_word' id='word_1_156' title='bbox 3230 833 3422 888; x_wconf 90' lang='lat' dir='ltr'><strong>divino</strong></span> <span class='ocrx_word' id='word_1_157' title='bbox 3449 835 3699 904; x_wconf 85' lang='lat' dir='ltr'><strong>probatur.</strong></span> <span class='ocrx_word' id='word_1_158' title='bbox 3721 843 3815 897; x_wconf 81' lang='lat' dir='ltr'><strong>Aliis</strong></span> 
     </span>
    </p>
   </div>
   <div class='ocr_carea' id='block_1_24' title="bbox 2296 917 3815 1001">
    <p class='ocr_par' dir='ltr' id='par_1_24' title="bbox 2296 917 3815 1001">
     <span class='ocr_line' id='line_1_24' title="bbox 2296 917 3815 1001; baseline 0.013 -36"><span class='ocrx_word' id='word_1_159' title='bbox 2296 917 2422 966; x_wconf 63' lang='lat' dir='ltr'><strong>solre</strong></span> <span class='ocrx_word' id='word_1_160' title='bbox 2449 919 2922 984; x_wconf 85' lang='lat' dir='ltr'><strong>compunctionum</strong></span> <span class='ocrx_word' id='word_1_161' title='bbox 2955 922 3204 977; x_wconf 64' lang='lat' dir='ltr'><strong>scintillae</strong></span> <span class='ocrx_word' id='word_1_162' title='bbox 3228 923 3531 989; x_wconf 82' lang='lat' dir='ltr'><strong>suﬂiciunt;</strong></span> <span class='ocrx_word' id='word_1_163' title='bbox 3564 928 3644 983; x_wconf 89' lang='lat' dir='ltr'><strong>alii</strong></span> <span class='ocrx_word' id='word_1_164' title='bbox 3677 947 3815 1001; x_wconf 77' lang='lat' dir='ltr'><strong>super-</strong></span> 
     </span>
    </p>
   </div>
   <div class='ocr_carea' id='block_1_25' title="bbox 2296 1001 3815 1071">
    <p class='ocr_par' dir='ltr' id='par_1_25' title="bbox 2296 1001 3815 1071">
     <span class='ocr_line' id='line_1_25' title="bbox 2296 1001 3815 1071; baseline 0.013 -21"><span class='ocrx_word' id='word_1_165' title='bbox 2296 1014 2378 1051; x_wconf 61' lang='lat' dir='ltr'><strong>nae</strong></span> <span class='ocrx_word' id='word_1_166' title='bbox 2413 1001 2886 1070; x_wconf 85' lang='lat' dir='ltr'><strong>contemplationis</strong></span> <span class='ocrx_word' id='word_1_167' title='bbox 2913 1005 3063 1062; x_wconf 90' lang='lat' dir='ltr'><strong>focos</strong></span> <span class='ocrx_word' id='word_1_168' title='bbox 3100 1007 3302 1063; x_wconf 91' lang='lat' dir='ltr'><strong>ferunt.</strong></span> <span class='ocrx_word' id='word_1_169' title='bbox 3348 1008 3455 1065; x_wconf 92' lang='lat' dir='ltr'><strong>Pro</strong></span> <span class='ocrx_word' id='word_1_170' title='bbox 3494 1014 3726 1071; x_wconf 87' lang='lat' dir='ltr'><strong>tenuitate</strong></span> <span class='ocrx_word' id='word_1_171' title='bbox 3747 1020 3815 1070; x_wconf 73' lang='lat' dir='ltr'><strong>it:-</strong></span> 
     </span>
    </p>
   </div>
   <div class='ocr_carea' id='block_1_26' title="bbox 2294 1090 3813 1179">
    <p class='ocr_par' dir='ltr' id='par_1_26' title="bbox 2294 1090 3813 1179">
     <span class='ocr_line' id='line_1_26' title="bbox 2294 1090 3813 1179; baseline 0.014 -42"><span class='ocrx_word' id='word_1_172' title='bbox 2294 1102 2397 1155; x_wconf 92' lang='lat' dir='ltr'><strong>que</strong></span> <span class='ocrx_word' id='word_1_173' title='bbox 2427 1090 2731 1149; x_wconf 88' lang='lat' dir='ltr'><strong>intellectus</strong></span> <span class='ocrx_word' id='word_1_174' title='bbox 2753 1104 2807 1150; x_wconf 91' lang='lat' dir='ltr'><strong>et</strong></span> <span class='ocrx_word' id='word_1_175' title='bbox 2838 1097 2961 1151; x_wconf 88' lang='lat' dir='ltr'><strong>ﬁdei</strong></span> <span class='ocrx_word' id='word_1_176' title='bbox 2987 1100 3153 1169; x_wconf 92' lang='lat' dir='ltr'><strong>aliqui</strong></span> <span class='ocrx_word' id='word_1_177' title='bbox 3183 1117 3354 1171; x_wconf 83' lang='lat' dir='ltr'><strong>parvo</strong></span> <span class='ocrx_word' id='word_1_178' title='bbox 3377 1104 3674 1172; x_wconf 83' lang='lat' dir='ltr'><strong>implentur,</strong></span> <span class='ocrx_word' id='word_1_179' title='bbox 3696 1109 3813 1179; x_wconf 64' lang='lat' dir='ltr'><strong>aliqui</strong></span> 
     </span>
    </p>
   </div>
   <div class='ocr_carea' id='block_1_27' title="bbox 2293 1185 3814 1257">
    <p class='ocr_par' dir='ltr' id='par_1_27' title="bbox 2293 1185 3814 1257">
     <span class='ocr_line' id='line_1_27' title="bbox 2293 1185 3814 1257; baseline 0.016 -28"><span class='ocrx_word' id='word_1_180' title='bbox 2293 1193 2390 1245; x_wconf 90' lang='lat' dir='ltr'><strong>pro</strong></span> <span class='ocrx_word' id='word_1_181' title='bbox 2413 1192 2602 1249; x_wconf 89' lang='lat' dir='ltr'><strong>captus</strong></span> <span class='ocrx_word' id='word_1_182' title='bbox 2626 1185 2982 1254; x_wconf 89' lang='lat' dir='ltr'><strong>amplitudine</strong></span> <span class='ocrx_word' id='word_1_183' title='bbox 3009 1205 3103 1257; x_wconf 91' lang='lat' dir='ltr'><strong>per</strong></span> <span class='ocrx_word' id='word_1_184' title='bbox 3133 1190 3349 1246; x_wconf 89' lang='lat' dir='ltr'><strong>inﬁnita</strong></span> <span class='ocrx_word' id='word_1_185' title='bbox 3376 1197 3671 1249; x_wconf 88' lang='lat' dir='ltr'><strong>tenduntur.</strong></span> <span class='ocrx_word' id='word_1_186' title='bbox 3698 1194 3814 1252; x_wconf 72' lang='lat' dir='ltr'><strong>Vides</strong></span> 
     </span>
    </p>
   </div>
   <div class='ocr_carea' id='block_1_28' title="bbox 2292 1273 3814 1357">
    <p class='ocr_par' dir='ltr' id='par_1_28' title="bbox 2292 1273 3814 1357">
     <span class='ocr_line' id='line_1_28' title="bbox 2292 1273 3814 1357; baseline 0.014 -35"><span class='ocrx_word' id='word_1_187' title='bbox 2292 1285 2421 1338; x_wconf 79' lang='lat' dir='ltr'><strong>ergo</strong></span> <span class='ocrx_word' id='word_1_188' title='bbox 2465 1273 2804 1330; x_wconf 77' lang='lat' dir='ltr'><strong>benedictam</strong></span> <span class='ocrx_word' id='word_1_189' title='bbox 2858 1280 2998 1333; x_wconf 87' lang='lat' dir='ltr'><strong>inter</strong></span> <span class='ocrx_word' id='word_1_190' title='bbox 3051 1292 3337 1338; x_wconf 88' lang='lat' dir='ltr'><strong>creaturas</strong></span> <span class='ocrx_word' id='word_1_191' title='bbox 3392 1284 3656 1355; x_wconf 77' lang='lat' dir='ltr'><strong>Virginem</strong></span> <span class='ocrx_word' id='word_1_192' title='bbox 3696 1304 3814 1357; x_wconf 80' lang='lat' dir='ltr'><strong>quam</strong></span> 
     </span>
    </p>
   </div>
   <div class='ocr_carea' id='block_1_29' title="bbox 2293 1362 3811 1448">
    <p class='ocr_par' dir='ltr' id='par_1_29' title="bbox 2293 1362 3811 1448">
     <span class='ocr_line' id='line_1_29' title="bbox 2293 1362 3811 1448; baseline 0.014 -37"><span class='ocrx_word' id='word_1_193' title='bbox 2293 1362 2571 1428; x_wconf 81' lang='lat' dir='ltr'><strong>peregrina</strong></span> <span class='ocrx_word' id='word_1_194' title='bbox 2604 1364 2746 1420; x_wconf 91' lang='lat' dir='ltr'><strong>inter</strong></span> <span class='ocrx_word' id='word_1_195' title='bbox 2793 1368 2928 1423; x_wconf 91' lang='lat' dir='ltr'><strong>alios</strong></span> <span class='ocrx_word' id='word_1_196' title='bbox 2973 1372 3272 1440; x_wconf 80' lang='lat' dir='ltr'><strong>gratiarum</strong></span> <span class='ocrx_word' id='word_1_197' title='bbox 3320 1373 3642 1443; x_wconf 86' lang='lat' dir='ltr'><strong>plenitudine</strong></span> <span class='ocrx_word' id='word_1_198' title='bbox 3679 1380 3811 1448; x_wconf 86' lang='lat' dir='ltr'><strong>pollet,</strong></span> 
     </span>
    </p>
   </div>
   <div class='ocr_carea' id='block_1_30' title="bbox 2291 1449 3814 1528">
    <p class='ocr_par' dir='ltr' id='par_1_30' title="bbox 2291 1449 3814 1528">
     <span class='ocr_line' id='line_1_30' title="bbox 2291 1449 3814 1528; baseline 0.018 -30"><span class='ocrx_word' id='word_1_199' title='bbox 2291 1449 2547 1504; x_wconf 83' lang='lat' dir='ltr'><strong>nimirum</strong></span> <span class='ocrx_word' id='word_1_200' title='bbox 2575 1468 2693 1522; x_wconf 73' lang='lat' dir='ltr'><strong>qua:</strong></span> <span class='ocrx_word' id='word_1_201' title='bbox 2725 1457 2889 1513; x_wconf 89' lang='lat' dir='ltr'><strong>totius</strong></span> <span class='ocrx_word' id='word_1_202' title='bbox 2911 1462 3100 1528; x_wconf 77' lang='lat' dir='ltr'><strong>gratia:</strong></span> <span class='ocrx_word' id='word_1_203' title='bbox 3121 1462 3420 1518; x_wconf 79' lang='lat' dir='ltr'><strong>Auctorem</strong></span> <span class='ocrx_word' id='word_1_204' title='bbox 3445 1464 3595 1521; x_wconf 88' lang='lat' dir='ltr'><strong>beata</strong></span> <span class='ocrx_word' id='word_1_205' title='bbox 3616 1468 3719 1523; x_wconf 88' lang='lat' dir='ltr'><strong>alvo</strong></span> <span class='ocrx_word' id='word_1_206' title='bbox 3737 1486 3814 1525; x_wconf 75' lang='lat' dir='ltr'><strong>cte-</strong></span> 
     </span>
    </p>
   </div>
   <div class='ocr_carea' id='block_1_31' title="bbox 2278 1537 2863 1603">
    <p class='ocr_par' dir='ltr' id='par_1_31' title="bbox 2278 1537 2863 1603">
     <span class='ocr_line' id='line_1_31' title="bbox 2278 1537 2863 1603; baseline 0.026 -15"><span class='ocrx_word' id='word_1_207' title='bbox 2278 1537 2398 1591; x_wconf 86' lang='lat' dir='ltr'><strong>lum</strong></span> <span class='ocrx_word' id='word_1_208' title='bbox 2433 1541 2575 1597; x_wconf 69' lang='lat' dir='ltr'><strong>facta</strong></span> <span class='ocrx_word' id='word_1_209' title='bbox 2602 1548 2863 1603; x_wconf 91' lang='lat' dir='ltr'><strong>continet.</strong></span> 
     </span>
    </p>
   </div>
   <div class='ocr_carea' id='block_1_32' title="bbox 2362 1630 3813 1713">
    <p class='ocr_par' dir='ltr' id='par_1_32' title="bbox 2362 1630 3813 1713">
     <span class='ocr_line' id='line_1_32' title="bbox 2362 1630 3813 1713; baseline 0.014 -29"><span class='ocrx_word' id='word_1_210' title='bbox 2362 1630 2489 1693; x_wconf 70' lang='lat' dir='ltr'><strong>Nec</strong></span> <span class='ocrx_word' id='word_1_211' title='bbox 2520 1635 2648 1691; x_wconf 91' lang='lat' dir='ltr'><strong>illud</strong></span> <span class='ocrx_word' id='word_1_212' title='bbox 2673 1638 2926 1708; x_wconf 90' lang='lat' dir='ltr'><strong>denique,</strong></span> <span class='ocrx_word' id='word_1_213' title='bbox 2961 1641 3085 1697; x_wconf 92' lang='lat' dir='ltr'><strong>licet</strong></span> <span class='ocrx_word' id='word_1_214' title='bbox 3131 1660 3368 1713; x_wconf 85' lang='lat' dir='ltr'><strong>parvum</strong></span> <span class='ocrx_word' id='word_1_215' title='bbox 3419 1648 3669 1712; x_wconf 83' lang='lat' dir='ltr'><strong>videatur,</strong></span> <span class='ocrx_word' id='word_1_216' title='bbox 3696 1650 3813 1705; x_wconf 90' lang='lat' dir='ltr'><strong>omit-</strong></span> 
     </span>
    </p>
   </div>
   <div class='ocr_carea' id='block_1_33' title="bbox 2291 1729 3809 1803">
    <p class='ocr_par' dir='ltr' id='par_1_33' title="bbox 2291 1729 3809 1803">
     <span class='ocr_line' id='line_1_33' title="bbox 2291 1729 3809 1803; baseline 0.011 -25"><span class='ocrx_word' id='word_1_217' title='bbox 2291 1738 2421 1789; x_wconf 85' lang='lat' dir='ltr'><strong>tam,</strong></span> <span class='ocrx_word' id='word_1_218' title='bbox 2467 1730 2612 1795; x_wconf 89' lang='lat' dir='ltr'><strong>quod</strong></span> <span class='ocrx_word' id='word_1_219' title='bbox 2659 1729 2857 1797; x_wconf 76' lang='lat' dir='ltr'><strong>virgini</strong></span> <span class='ocrx_word' id='word_1_220' title='bbox 2910 1733 2977 1786; x_wconf 91' lang='lat' dir='ltr'><strong>ab</strong></span> <span class='ocrx_word' id='word_1_221' title='bbox 3016 1736 3207 1803; x_wconf 80' lang='lat' dir='ltr'><strong>angelo</strong></span> <span class='ocrx_word' id='word_1_222' title='bbox 3245 1737 3531 1792; x_wconf 86' lang='lat' dir='ltr'><strong>Elisabeth</strong></span> <span class='ocrx_word' id='word_1_223' title='bbox 3568 1741 3693 1794; x_wconf 83' lang='lat' dir='ltr'><strong>senis</strong></span> <span class='ocrx_word' id='word_1_224' title='bbox 3718 1757 3809 1794; x_wconf 85' lang='lat' dir='ltr'><strong>cou-</strong></span> 
     </span>
    </p>
   </div>
   <div class='ocr_carea' id='block_1_34' title="bbox 603 1808 2188 1899">
    <p class='ocr_par' dir='ltr' id='par_1_34' title="bbox 603 1808 2188 1882">
     <span class='ocr_line' id='line_1_34' title="bbox 603 1808 2188 1882; baseline 0.012 -23"><span class='ocrx_word' id='word_1_225' title='bbox 603 1808 890 1863; x_wconf 90' lang='lat' dir='ltr'><strong>testatibus</strong></span> <span class='ocrx_word' id='word_1_226' title='bbox 920 1809 1155 1865; x_wconf 90' lang='lat' dir='ltr'><strong>innotuit</strong></span> <span class='ocrx_word' id='word_1_227' title='bbox 1203 1828 1301 1882; x_wconf 85' lang='lat' dir='ltr'><strong>per</strong></span> <span class='ocrx_word' id='word_1_228' title='bbox 1350 1815 1651 1871; x_wconf 84' lang='lat' dir='ltr'><strong>Ecclesiam</strong></span> <span class='ocrx_word' id='word_1_229' title='bbox 1710 1820 2056 1877; x_wconf 81' lang='lat' dir='ltr'><strong>multiformis</strong></span> <span class='ocrx_word' id='word_1_230' title='bbox 2098 1841 2188 1880; x_wconf 85' lang='lat' dir='ltr'><strong>sa-</strong></span> 
     </span>
    </p>
   </div>
   <div class='ocr_carea' id='block_1_35' title="bbox 2275 1808 3810 1899">
    <p class='ocr_par' dir='ltr' id='par_1_35' title="bbox 2290 1820 3810 1899">
     <span class='ocr_line' id='line_1_35' title="bbox 2290 1820 3810 1899; baseline 0.011 -30"><span class='ocrx_word' id='word_1_231' title='bbox 2290 1827 2497 1885; x_wconf 90' lang='lat' dir='ltr'><strong>ceptus,</strong></span> <span class='ocrx_word' id='word_1_232' title='bbox 2544 1834 2608 1873; x_wconf 89' lang='lat' dir='ltr'><strong>ac</strong></span> <span class='ocrx_word' id='word_1_233' title='bbox 2637 1820 2681 1873; x_wconf 88' lang='lat' dir='ltr'><strong>si</strong></span> <span class='ocrx_word' id='word_1_234' title='bbox 2729 1837 2826 1888; x_wconf 85' lang='lat' dir='ltr'><strong>pro</strong></span> <span class='ocrx_word' id='word_1_235' title='bbox 2869 1828 3157 1879; x_wconf 82' lang='lat' dir='ltr'><strong>astruenda</strong></span> <span class='ocrx_word' id='word_1_236' title='bbox 3206 1828 3315 1882; x_wconf 89' lang='lat' dir='ltr'><strong>ﬁde</strong></span> <span class='ocrx_word' id='word_1_237' title='bbox 3346 1832 3669 1898; x_wconf 85' lang='lat' dir='ltr'><strong>proponitur,</strong></span> <span class='ocrx_word' id='word_1_238' title='bbox 3707 1833 3810 1899; x_wconf 88' lang='lat' dir='ltr'><strong>quod</strong></span> 
     </span>
    </p>
   </div>
   <div class='ocr_carea' id='block_1_36' title="bbox 598 1896 2187 1981">
    <p class='ocr_par' dir='ltr' id='par_1_36' title="bbox 598 1896 2187 1981">
     <span class='ocr_line' id='line_1_36' title="bbox 598 1896 2187 1981; baseline 0.013 -31"><span class='ocrx_word' id='word_1_239' title='bbox 598 1896 803 1966; x_wconf 87' lang='lat' dir='ltr'><strong>pienlia</strong></span> <span class='ocrx_word' id='word_1_240' title='bbox 844 1899 937 1955; x_wconf 88' lang='lat' dir='ltr'><strong>Dei</strong></span> <span class='ocrx_word' id='word_1_241' title='bbox 966 1900 1185 1971; x_wconf 79' lang='lat' dir='ltr'><strong>(Ephes.</strong></span> <span class='ocrx_word' id='word_1_242' title='bbox 1214 1920 1297 1969; x_wconf 82' lang='lat' dir='ltr'><strong>Ill,</strong></span> <span class='ocrx_word' id='word_1_243' title='bbox 1333 1906 1444 1976; x_wconf 79' lang='lat' dir='ltr'><strong>lO),</strong></span> <span class='ocrx_word' id='word_1_244' title='bbox 1478 1910 1798 1977; x_wconf 87' lang='lat' dir='ltr'><strong>mysterium</strong></span> <span class='ocrx_word' id='word_1_245' title='bbox 1831 1914 1972 1981; x_wconf 89' lang='lat' dir='ltr'><strong>quod</strong></span> <span class='ocrx_word' id='word_1_246' title='bbox 1996 1914 2048 1968; x_wconf 91' lang='lat' dir='ltr'><strong>in</strong></span> <span class='ocrx_word' id='word_1_247' title='bbox 2076 1915 2187 1969; x_wconf 84' lang='lat' dir='ltr'><strong>Ma-</strong></span> 
     </span>
    </p>
   </div>
   <div class='ocr_carea' id='block_1_37' title="bbox 600 1988 2185 2069">
    <p class='ocr_par' dir='ltr' id='par_1_37' title="bbox 600 1988 2185 2069">
     <span class='ocr_line' id='line_1_37' title="bbox 600 1988 2185 2069; baseline 0.013 -27"><span class='ocrx_word' id='word_1_248' title='bbox 600 1988 679 2042; x_wconf 90' lang='lat' dir='ltr'><strong>ria</strong></span> <span class='ocrx_word' id='word_1_249' title='bbox 708 2001 886 2045; x_wconf 91' lang='lat' dir='ltr'><strong>actum</strong></span> <span class='ocrx_word' id='word_1_250' title='bbox 912 2000 1014 2058; x_wconf 92' lang='lat' dir='ltr'><strong>est,</strong></span> <span class='ocrx_word' id='word_1_251' title='bbox 1045 1993 1201 2061; x_wconf 90' lang='lat' dir='ltr'><strong>cujus</strong></span> <span class='ocrx_word' id='word_1_252' title='bbox 1226 1998 1609 2064; x_wconf 90' lang='lat' dir='ltr'><strong>perminimam</strong></span> <span class='ocrx_word' id='word_1_253' title='bbox 1640 2002 1996 2069; x_wconf 79' lang='lat' dir='ltr'><strong>quaestionem</strong></span> <span class='ocrx_word' id='word_1_254' title='bbox 2022 2004 2185 2061; x_wconf 84' lang='lat' dir='ltr'><strong>Joan-</strong></span> 
     </span>
    </p>
   </div>
   <div class='ocr_carea' id='block_1_38' title="bbox 598 2080 2182 2163">
    <p class='ocr_par' dir='ltr' id='par_1_38' title="bbox 598 2080 2182 2163">
     <span class='ocr_line' id='line_1_38' title="bbox 598 2080 2182 2163; baseline 0.012 -32"><span class='ocrx_word' id='word_1_255' title='bbox 598 2093 697 2133; x_wconf 87' lang='lat' dir='ltr'><strong>nes</strong></span> <span class='ocrx_word' id='word_1_256' title='bbox 733 2080 786 2133; x_wconf 91' lang='lat' dir='ltr'><strong>in</strong></span> <span class='ocrx_word' id='word_1_257' title='bbox 819 2082 963 2136; x_wconf 90' lang='lat' dir='ltr'><strong>natis</strong></span> <span class='ocrx_word' id='word_1_258' title='bbox 1003 2083 1289 2139; x_wconf 90' lang='lat' dir='ltr'><strong>mulierum</strong></span> <span class='ocrx_word' id='word_1_259' title='bbox 1319 2086 1491 2156; x_wconf 87' lang='lat' dir='ltr'><strong>major</strong></span> <span class='ocrx_word' id='word_1_260' title='bbox 1520 2089 1809 2146; x_wconf 87' lang='lat' dir='ltr'><strong>enucleare</strong></span> <span class='ocrx_word' id='word_1_261' title='bbox 1851 2107 1958 2147; x_wconf 91' lang='lat' dir='ltr'><strong>non</strong></span> <span class='ocrx_word' id='word_1_262' title='bbox 2004 2104 2182 2163; x_wconf 86' lang='lat' dir='ltr'><strong>potest</strong></span> 
     </span>
    </p>
   </div>
   <div class='ocr_carea' id='block_1_39' title="bbox 598 2166 2179 2255">
    <p class='ocr_par' dir='ltr' id='par_1_39' title="bbox 598 2166 2179 2255">
     <span class='ocr_line' id='line_1_39' title="bbox 598 2166 2179 2255; baseline 0.015 -36"><span class='ocrx_word' id='word_1_263' title='bbox 598 2166 815 2237; x_wconf 79' lang='lat' dir='ltr'><strong>(Matth.</strong></span> <span class='ocrx_word' id='word_1_264' title='bbox 850 2186 931 2237; x_wconf 82' lang='lat' dir='ltr'><strong>xl,</strong></span> <span class='ocrx_word' id='word_1_265' title='bbox 968 2171 1083 2242; x_wconf 79' lang='grc'><strong>11),</strong></span> <span class='ocrx_word' id='word_1_266' title='bbox 1131 2177 1403 2244; x_wconf 90' lang='lat' dir='ltr'><strong>quomodo</strong></span> <span class='ocrx_word' id='word_1_267' title='bbox 1440 2179 1581 2250; x_wconf 91' lang='lat' dir='ltr'><strong>apud</strong></span> <span class='ocrx_word' id='word_1_268' title='bbox 1626 2180 1774 2250; x_wconf 92' lang='lat' dir='ltr'><strong>ipsos</strong></span> <span class='ocrx_word' id='word_1_269' title='bbox 1827 2186 2179 2255; x_wconf 77' lang='lat' dir='ltr'><strong>expressibile</strong></span> 
     </span>
    </p>
   </div>
   <div class='ocr_carea' id='block_1_40' title="bbox 594 2257 2175 2342">
    <p class='ocr_par' dir='ltr' id='par_1_40' title="bbox 594 2257 2175 2342">
     <span class='ocr_line' id='line_1_40' title="bbox 594 2257 2175 2342; baseline 0.013 -33"><span class='ocrx_word' id='word_1_270' title='bbox 594 2258 717 2310; x_wconf 88' lang='lat' dir='ltr'><strong>est?</strong></span> <span class='ocrx_word' id='word_1_271' title='bbox 752 2257 807 2312; x_wconf 89' lang='lat' dir='ltr'><strong>Si</strong></span> <span class='ocrx_word' id='word_1_272' title='bbox 844 2275 909 2313; x_wconf 83' lang='lat' dir='ltr'><strong>ex</strong></span> <span class='ocrx_word' id='word_1_273' title='bbox 944 2260 1028 2316; x_wconf 91' lang='lat' dir='ltr'><strong>his</strong></span> <span class='ocrx_word' id='word_1_274' title='bbox 1055 2278 1175 2331; x_wconf 74' lang='lat' dir='ltr'><strong>qua:</strong></span> <span class='ocrx_word' id='word_1_275' title='bbox 1202 2265 1345 2320; x_wconf 89' lang='lat' dir='ltr'><strong>circa</strong></span> <span class='ocrx_word' id='word_1_276' title='bbox 1376 2281 1473 2322; x_wconf 87' lang='lat' dir='ltr'><strong>nos</strong></span> <span class='ocrx_word' id='word_1_277' title='bbox 1507 2266 1637 2324; x_wconf 89' lang='lat' dir='ltr'><strong>fecit</strong></span> <span class='ocrx_word' id='word_1_278' title='bbox 1660 2285 1757 2339; x_wconf 87' lang='lat' dir='ltr'><strong>per</strong></span> <span class='ocrx_word' id='word_1_279' title='bbox 1783 2271 1978 2329; x_wconf 90' lang='lat' dir='ltr'><strong>Filium</strong></span> <span class='ocrx_word' id='word_1_280' title='bbox 2011 2275 2175 2342; x_wconf 90' lang='lat' dir='ltr'><strong>Deus,</strong></span> 
     </span>
    </p>
   </div>
   <div class='ocr_carea' id='block_1_41' title="bbox 592 2350 2176 2437">
    <p class='ocr_par' dir='ltr' id='par_1_41' title="bbox 592 2350 2176 2437">
     <span class='ocr_line' id='line_1_41' title="bbox 592 2350 2176 2437; baseline 0.015 -38"><span class='ocrx_word' id='word_1_281' title='bbox 592 2363 712 2416; x_wconf 74' lang='lat' dir='ltr'><strong>qua:</strong></span> <span class='ocrx_word' id='word_1_282' title='bbox 742 2350 1033 2419; x_wconf 86' lang='lat' dir='ltr'><strong>aliquando</strong></span> <span class='ocrx_word' id='word_1_283' title='bbox 1057 2354 1389 2424; x_wconf 91' lang='lat' dir='ltr'><strong>neseierant,</strong></span> <span class='ocrx_word' id='word_1_284' title='bbox 1419 2358 1748 2428; x_wconf 90' lang='lat' dir='ltr'><strong>didicerunt,</strong></span> <span class='ocrx_word' id='word_1_285' title='bbox 1774 2379 1894 2433; x_wconf 68' lang='lat' dir='ltr'><strong>qua:</strong></span> <span class='ocrx_word' id='word_1_286' title='bbox 1917 2367 1969 2420; x_wconf 90' lang='lat' dir='ltr'><strong>in</strong></span> <span class='ocrx_word' id='word_1_287' title='bbox 1995 2368 2176 2437; x_wconf 90' lang='lat' dir='ltr'><strong>seipso</strong></span> 
     </span>
    </p>
   </div>
   <div class='ocr_carea' id='block_1_42' title="bbox 592 2438 1887 2520">
    <p class='ocr_par' dir='ltr' id='par_1_42' title="bbox 592 2438 1887 2520">
     <span class='ocr_line' id='line_1_42' title="bbox 592 2438 1887 2520; baseline 0.015 -29"><span class='ocrx_word' id='word_1_288' title='bbox 592 2438 842 2495; x_wconf 86' lang='lat' dir='ltr'><strong>Christus</strong></span> <span class='ocrx_word' id='word_1_289' title='bbox 875 2444 1043 2512; x_wconf 84' lang='lat' dir='ltr'><strong>egerit</strong></span> <span class='ocrx_word' id='word_1_290' title='bbox 1085 2448 1354 2513; x_wconf 91' lang='lat' dir='ltr'><strong>quomodo</strong></span> <span class='ocrx_word' id='word_1_291' title='bbox 1384 2453 1887 2520; x_wconf 86' lang='lat' dir='ltr'><strong>comprehendent?</strong></span> 
     </span>
    </p>
   </div>
   <div class='ocr_carea' id='block_1_43' title="bbox 665 2549 2173 2636">
    <p class='ocr_par' dir='ltr' id='par_1_43' title="bbox 665 2549 2173 2636">
     <span class='ocr_line' id='line_1_43' title="bbox 665 2549 2173 2636; baseline 0.015 -35"><span class='ocrx_word' id='word_1_292' title='bbox 665 2549 909 2604; x_wconf 86' lang='lat' dir='ltr'><strong>Gratiam</strong></span> <span class='ocrx_word' id='word_1_293' title='bbox 939 2566 1068 2622; x_wconf 76' lang='lat' dir='ltr'><strong>ergo</strong></span> <span class='ocrx_word' id='word_1_294' title='bbox 1113 2554 1193 2609; x_wconf 89' lang='lat' dir='ltr'><strong>sic</strong></span> <span class='ocrx_word' id='word_1_295' title='bbox 1235 2558 1606 2627; x_wconf 86' lang='lat' dir='ltr'><strong>accipiamus,</strong></span> <span class='ocrx_word' id='word_1_296' title='bbox 1652 2570 1713 2616; x_wconf 91' lang='lat' dir='ltr'><strong>ut</strong></span> <span class='ocrx_word' id='word_1_297' title='bbox 1750 2564 2010 2634; x_wconf 83' lang='lat' dir='ltr'><strong>quidquid</strong></span> <span class='ocrx_word' id='word_1_298' title='bbox 2060 2567 2173 2636; x_wconf 85' lang='lat' dir='ltr'><strong>ipsa</strong></span> 
     </span>
    </p>
   </div>
   <div class='ocr_carea' id='block_1_44' title="bbox 594 2639 2173 2715">
    <p class='ocr_par' dir='ltr' id='par_1_44' title="bbox 594 2639 2173 2715">
     <span class='ocr_line' id='line_1_44' title="bbox 594 2639 2173 2715; baseline 0.014 -22"><span class='ocrx_word' id='word_1_299' title='bbox 594 2639 714 2703; x_wconf 89' lang='lat' dir='ltr'><strong>fuit,</strong></span> <span class='ocrx_word' id='word_1_300' title='bbox 756 2642 1105 2713; x_wconf 80' lang='lat' dir='ltr'><strong>singulariter</strong></span> <span class='ocrx_word' id='word_1_301' title='bbox 1145 2642 1401 2703; x_wconf 90' lang='lat' dir='ltr'><strong>selectum</strong></span> <span class='ocrx_word' id='word_1_302' title='bbox 1433 2652 1502 2706; x_wconf 85' lang='lat' dir='ltr'><strong>ab</strong></span> <span class='ocrx_word' id='word_1_303' title='bbox 1531 2654 1677 2708; x_wconf 90' lang='lat' dir='ltr'><strong>omni</strong></span> <span class='ocrx_word' id='word_1_304' title='bbox 1721 2655 1956 2712; x_wconf 89' lang='lat' dir='ltr'><strong>humana</strong></span> <span class='ocrx_word' id='word_1_305' title='bbox 1990 2664 2173 2715; x_wconf 90' lang='lat' dir='ltr'><strong>tradu-</strong></span> 
     </span>
    </p>
   </div>
   <div class='ocr_carea' id='block_1_45' title="bbox 592 2734 2171 2812">
    <p class='ocr_par' dir='ltr' id='par_1_45' title="bbox 592 2734 2171 2812">
     <span class='ocr_line' id='line_1_45' title="bbox 592 2734 2171 2812; baseline 0.02 -31"><span class='ocrx_word' id='word_1_306' title='bbox 592 2734 771 2787; x_wconf 72' lang='lat' dir='ltr'><strong>ctione</strong></span> <span class='ocrx_word' id='word_1_307' title='bbox 820 2736 1126 2803; x_wconf 92' lang='lat' dir='ltr'><strong>credamus,</strong></span> <span class='ocrx_word' id='word_1_308' title='bbox 1182 2748 1238 2792; x_wconf 93' lang='lat' dir='ltr'><strong>ut</strong></span> <span class='ocrx_word' id='word_1_309' title='bbox 1295 2750 1419 2809; x_wconf 88' lang='lat' dir='ltr'><strong>pote</strong></span> <span class='ocrx_word' id='word_1_310' title='bbox 1456 2758 1616 2812; x_wconf 89' lang='lat' dir='ltr'><strong>quam</strong></span> <span class='ocrx_word' id='word_1_311' title='bbox 1668 2746 1911 2804; x_wconf 89' lang='lat' dir='ltr'><strong>inaudito</strong></span> <span class='ocrx_word' id='word_1_312' title='bbox 1960 2754 2171 2811; x_wconf 61' lang='lat' dir='ltr'><strong>saeculis</strong></span> 
     </span>
    </p>
   </div>
   <div class='ocr_carea' id='block_1_46' title="bbox 590 2825 2167 2916">
    <p class='ocr_par' dir='ltr' id='par_1_46' title="bbox 590 2825 2167 2916">
     <span class='ocr_line' id='line_1_46' title="bbox 590 2825 2167 2916; baseline 0.016 -41"><span class='ocrx_word' id='word_1_313' title='bbox 590 2825 869 2895; x_wconf 84' lang='lat' dir='ltr'><strong>privilegio</strong></span> <span class='ocrx_word' id='word_1_314' title='bbox 900 2841 927 2879; x_wconf 89' lang='lat' dir='ltr'><strong>a</strong></span> <span class='ocrx_word' id='word_1_315' title='bbox 960 2826 1119 2883; x_wconf 88' lang='lat' dir='ltr'><strong>Patre</strong></span> <span class='ocrx_word' id='word_1_316' title='bbox 1157 2838 1207 2882; x_wconf 93' lang='lat' dir='ltr'><strong>et</strong></span> <span class='ocrx_word' id='word_1_317' title='bbox 1237 2845 1267 2884; x_wconf 90' lang='lat' dir='ltr'><strong>a</strong></span> <span class='ocrx_word' id='word_1_318' title='bbox 1303 2847 1362 2887; x_wconf 88' lang='lat' dir='ltr'><strong>se</strong></span> <span class='ocrx_word' id='word_1_319' title='bbox 1396 2835 1495 2889; x_wconf 91' lang='lat' dir='ltr'><strong>sibi</strong></span> <span class='ocrx_word' id='word_1_320' title='bbox 1533 2846 1758 2891; x_wconf 89' lang='lat' dir='ltr'><strong>noverat</strong></span> <span class='ocrx_word' id='word_1_321' title='bbox 1798 2841 2167 2916; x_wconf 80' lang='lat' dir='ltr'><strong>delegandam,</strong></span> 
     </span>
    </p>
   </div>
   <div class='ocr_carea' id='block_1_47' title="bbox 590 2917 2170 3004">
    <p class='ocr_par' dir='ltr' id='par_1_47' title="bbox 590 2917 2170 3004">
     <span class='ocr_line' id='line_1_47' title="bbox 590 2917 2170 3004; baseline 0.015 -38"><span class='ocrx_word' id='word_1_322' title='bbox 590 2930 687 2985; x_wconf 83' lang='lat' dir='ltr'><strong>per</strong></span> <span class='ocrx_word' id='word_1_323' title='bbox 722 2926 969 2971; x_wconf 89' lang='lat' dir='ltr'><strong>sanctum</strong></span> <span class='ocrx_word' id='word_1_324' title='bbox 1027 2917 1289 2988; x_wconf 88' lang='lat' dir='ltr'><strong>Spiritum</strong></span> <span class='ocrx_word' id='word_1_325' title='bbox 1329 2924 1494 2979; x_wconf 89' lang='lat' dir='ltr'><strong>tantis</strong></span> <span class='ocrx_word' id='word_1_326' title='bbox 1544 2925 1733 2981; x_wconf 82' lang='lat' dir='ltr'><strong>ofﬁciis</strong></span> <span class='ocrx_word' id='word_1_327' title='bbox 1781 2930 2170 3004; x_wconf 75' lang='lat' dir='ltr'><strong>aﬁ’ectandam,</strong></span> 
     </span>
    </p>
   </div>
   <div class='ocr_carea' id='block_1_48' title="bbox 590 3006 2166 3093">
    <p class='ocr_par' dir='ltr' id='par_1_48' title="bbox 590 3006 2166 3093">
     <span class='ocr_line' id='line_1_48' title="bbox 590 3006 2166 3093; baseline 0.014 -36"><span class='ocrx_word' id='word_1_328' title='bbox 590 3006 731 3059; x_wconf 85' lang='lat' dir='ltr'><strong>haud</strong></span> <span class='ocrx_word' id='word_1_329' title='bbox 763 3008 1006 3075; x_wconf 88' lang='lat' dir='ltr'><strong>dubium,</strong></span> <span class='ocrx_word' id='word_1_330' title='bbox 1052 3009 1096 3063; x_wconf 92' lang='lat' dir='ltr'><strong>si</strong></span> <span class='ocrx_word' id='word_1_331' title='bbox 1148 3011 1375 3067; x_wconf 92' lang='lat' dir='ltr'><strong>audeam</strong></span> <span class='ocrx_word' id='word_1_332' title='bbox 1405 3014 1624 3080; x_wconf 90' lang='lat' dir='ltr'><strong>dicere,</strong></span> <span class='ocrx_word' id='word_1_333' title='bbox 1673 3021 1815 3087; x_wconf 92' lang='lat' dir='ltr'><strong>quod</strong></span> <span class='ocrx_word' id='word_1_334' title='bbox 1862 3030 1918 3076; x_wconf 94' lang='lat' dir='ltr'><strong>et</strong></span> <span class='ocrx_word' id='word_1_335' title='bbox 1969 3023 2166 3093; x_wconf 84' lang='lat' dir='ltr'><strong>dicam,</strong></span> 
     </span>
    </p>
   </div>
   <div class='ocr_carea' id='block_1_49' title="bbox 589 3096 2164 3181">
    <p class='ocr_par' dir='ltr' id='par_1_49' title="bbox 589 3096 2164 3181">
     <span class='ocr_line' id='line_1_49' title="bbox 589 3096 2164 3181; baseline 0.015 -35"><span class='ocrx_word' id='word_1_336' title='bbox 589 3096 717 3164; x_wconf 83' lang='lat' dir='ltr'><strong>quin</strong></span> <span class='ocrx_word' id='word_1_337' title='bbox 762 3098 813 3151; x_wconf 94' lang='lat' dir='ltr'><strong>in</strong></span> <span class='ocrx_word' id='word_1_338' title='bbox 851 3101 1117 3155; x_wconf 87' lang='lat' dir='ltr'><strong>creaturis</strong></span> <span class='ocrx_word' id='word_1_339' title='bbox 1142 3103 1394 3159; x_wconf 82' lang='lat' dir='ltr'><strong>omnibus</strong></span> <span class='ocrx_word' id='word_1_340' title='bbox 1444 3107 1545 3161; x_wconf 90' lang='lat' dir='ltr'><strong>sibi</strong></span> <span class='ocrx_word' id='word_1_341' title='bbox 1594 3109 1694 3164; x_wconf 92' lang='lat' dir='ltr'><strong>soli</strong></span> <span class='ocrx_word' id='word_1_342' title='bbox 1742 3110 1795 3165; x_wconf 92' lang='lat' dir='ltr'><strong>in</strong></span> <span class='ocrx_word' id='word_1_343' title='bbox 1833 3122 1997 3181; x_wconf 91' lang='lat' dir='ltr'><strong>terra,</strong></span> <span class='ocrx_word' id='word_1_344' title='bbox 2040 3119 2164 3171; x_wconf 88' lang='lat' dir='ltr'><strong>dum</strong></span> 
     </span>
    </p>
   </div>
   <div class='ocr_carea' id='block_1_50' title="bbox 2290 1913 3810 1985">
    <p class='ocr_par' dir='ltr' id='par_1_50' title="bbox 2290 1913 3810 1985">
     <span class='ocr_line' id='line_1_50' title="bbox 2290 1913 3810 1985; baseline 0.012 -27"><span class='ocrx_word' id='word_1_345' title='bbox 2290 1922 2567 1977; x_wconf 87' lang='lat' dir='ltr'><strong>nunquam</strong></span> <span class='ocrx_word' id='word_1_346' title='bbox 2617 1913 2848 1982; x_wconf 83' lang='lat' dir='ltr'><strong>exempli</strong></span> <span class='ocrx_word' id='word_1_347' title='bbox 2920 1917 3100 1985; x_wconf 85' lang='lat' dir='ltr'><strong>gratia</strong></span> <span class='ocrx_word' id='word_1_348' title='bbox 3144 1919 3213 1973; x_wconf 89' lang='lat' dir='ltr'><strong>ab</strong></span> <span class='ocrx_word' id='word_1_349' title='bbox 3275 1920 3471 1974; x_wconf 83' lang='lat' dir='ltr'><strong>eodem</strong></span> <span class='ocrx_word' id='word_1_350' title='bbox 3532 1921 3810 1976; x_wconf 82' lang='lat' dir='ltr'><strong>induceretur</strong></span> 
     </span>
    </p>
   </div>
   <div class='ocr_carea' id='block_1_51' title="bbox 2284 1997 3805 2077">
    <p class='ocr_par' dir='ltr' id='par_1_51' title="bbox 2284 1997 3805 2077">
     <span class='ocr_line' id='line_1_51' title="bbox 2284 1997 3805 2077; baseline 0.011 -28"><span class='ocrx_word' id='word_1_351' title='bbox 2284 1997 2387 2050; x_wconf 84' lang='lat' dir='ltr'><strong>nisi</strong></span> <span class='ocrx_word' id='word_1_352' title='bbox 2425 2007 2481 2050; x_wconf 89' lang='lat' dir='ltr'><strong>ut</strong></span> <span class='ocrx_word' id='word_1_353' title='bbox 2521 2014 2776 2068; x_wconf 81' lang='lat' dir='ltr'><strong>magnum</strong></span> <span class='ocrx_word' id='word_1_354' title='bbox 2825 2004 3020 2074; x_wconf 83' lang='lat' dir='ltr'><strong>virgini</strong></span> <span class='ocrx_word' id='word_1_355' title='bbox 3055 2007 3355 2062; x_wconf 84' lang='lat' dir='ltr'><strong>videretur.</strong></span> <span class='ocrx_word' id='word_1_356' title='bbox 3390 2010 3558 2064; x_wconf 88' lang='lat' dir='ltr'><strong>Porro</strong></span> <span class='ocrx_word' id='word_1_357' title='bbox 3594 2012 3689 2066; x_wconf 85' lang='lat' dir='ltr'><strong>Deo</strong></span> <span class='ocrx_word' id='word_1_358' title='bbox 3712 2013 3805 2077; x_wconf 87' lang='lat' dir='ltr'><strong>quid</strong></span> 
     </span>
    </p>
   </div>
   <div class='ocr_carea' id='block_1_52' title="bbox 2282 2090 3803 2168">
    <p class='ocr_par' dir='ltr' id='par_1_52' title="bbox 2282 2090 3803 2168">
     <span class='ocr_line' id='line_1_52' title="bbox 2282 2090 3803 2168; baseline 0.012 -31"><span class='ocrx_word' id='word_1_359' title='bbox 2282 2100 2537 2155; x_wconf 83' lang='lat' dir='ltr'><strong>magnum</strong></span> <span class='ocrx_word' id='word_1_360' title='bbox 2572 2090 2673 2142; x_wconf 90' lang='lat' dir='ltr'><strong>luit</strong></span> <span class='ocrx_word' id='word_1_361' title='bbox 2700 2091 2744 2145; x_wconf 89' lang='lat' dir='ltr'><strong>si</strong></span> <span class='ocrx_word' id='word_1_362' title='bbox 2776 2095 3003 2163; x_wconf 82' lang='lat' dir='ltr'><strong>virginis</strong></span> <span class='ocrx_word' id='word_1_363' title='bbox 3029 2111 3095 2150; x_wconf 85' lang='lat' dir='ltr'><strong>ex</strong></span> <span class='ocrx_word' id='word_1_364' title='bbox 3129 2096 3341 2165; x_wconf 89' lang='lat' dir='ltr'><strong>Spiritu</strong></span> <span class='ocrx_word' id='word_1_365' title='bbox 3375 2109 3561 2154; x_wconf 82' lang='lat' dir='ltr'><strong>venter</strong></span> <span class='ocrx_word' id='word_1_366' title='bbox 3587 2102 3803 2168; x_wconf 84' lang='lat' dir='ltr'><strong>intumuit,</strong></span> 
     </span>
    </p>
   </div>
   <div class='ocr_carea' id='block_1_53' title="bbox 2281 2178 3804 2259">
    <p class='ocr_par' dir='ltr' id='par_1_53' title="bbox 2281 2178 3804 2259">
     <span class='ocr_line' id='line_1_53' title="bbox 2281 2178 3804 2259; baseline 0.014 -31"><span class='ocrx_word' id='word_1_367' title='bbox 2281 2178 2373 2244; x_wconf 81' lang='lat' dir='ltr'><strong>qui</strong></span> <span class='ocrx_word' id='word_1_368' title='bbox 2427 2178 2554 2232; x_wconf 91' lang='lat' dir='ltr'><strong>olim</strong></span> <span class='ocrx_word' id='word_1_369' title='bbox 2589 2190 2646 2234; x_wconf 93' lang='lat' dir='ltr'><strong>ut</strong></span> <span class='ocrx_word' id='word_1_370' title='bbox 2684 2196 2776 2237; x_wconf 90' lang='lat' dir='ltr'><strong>eas</strong></span> <span class='ocrx_word' id='word_1_371' title='bbox 2825 2184 3145 2242; x_wconf 88' lang='lat' dir='ltr'><strong>fecundaret</strong></span> <span class='ocrx_word' id='word_1_372' title='bbox 3181 2190 3343 2259; x_wconf 85' lang='lat' dir='ltr'><strong>aquis</strong></span> <span class='ocrx_word' id='word_1_373' title='bbox 3385 2192 3657 2246; x_wconf 87' lang='lat' dir='ltr'><strong>incubuit?</strong></span> <span class='ocrx_word' id='word_1_374' title='bbox 3700 2198 3804 2249; x_wconf 78' lang='grc' dir='ltr'><strong>Διιυὶ</strong></span> 
     </span>
    </p>
   </div>
   <div class='ocr_carea' id='block_1_54' title="bbox 2280 2267 3801 2354">
    <p class='ocr_par' dir='ltr' id='par_1_54' title="bbox 2280 2267 3801 2354">
     <span class='ocr_line' id='line_1_54' title="bbox 2280 2267 3801 2354; baseline 0.014 -35"><span class='ocrx_word' id='word_1_375' title='bbox 2280 2267 2413 2321; x_wconf 89' lang='lat' dir='ltr'><strong>dare</strong></span> <span class='ocrx_word' id='word_1_376' title='bbox 2474 2282 2797 2341; x_wconf 90' lang='lat' dir='ltr'><strong>conceptum</strong></span> <span class='ocrx_word' id='word_1_377' title='bbox 2849 2290 2959 2330; x_wconf 93' lang='lat' dir='ltr'><strong>non</strong></span> <span class='ocrx_word' id='word_1_378' title='bbox 3009 2278 3209 2334; x_wconf 89' lang='lat' dir='ltr'><strong>minori</strong></span> <span class='ocrx_word' id='word_1_379' title='bbox 3265 2281 3527 2338; x_wconf 77' lang='lat' dir='ltr'><strong>facilitate</strong></span> <span class='ocrx_word' id='word_1_380' title='bbox 3573 2284 3801 2354; x_wconf 83' lang='lat' dir='ltr'><strong>subjaeuit.</strong></span> 
     </span>
    </p>
   </div>
   <div class='ocr_carea' id='block_1_55' title="bbox 2276 2355 3801 2446">
    <p class='ocr_par' dir='ltr' id='par_1_55' title="bbox 2276 2355 3801 2446">
     <span class='ocr_line' id='line_1_55' title="bbox 2276 2355 3801 2446; baseline 0.014 -39"><span class='ocrx_word' id='word_1_381' title='bbox 2276 2355 2343 2408; x_wconf 91' lang='lat' dir='ltr'><strong>At</strong></span> <span class='ocrx_word' id='word_1_382' title='bbox 2395 2356 2537 2411; x_wconf 89' lang='lat' dir='ltr'><strong>inter</strong></span> <span class='ocrx_word' id='word_1_383' title='bbox 2563 2375 2664 2415; x_wconf 90' lang='lat' dir='ltr'><strong>nos</strong></span> <span class='ocrx_word' id='word_1_384' title='bbox 2691 2376 2798 2417; x_wconf 88' lang='lat' dir='ltr'><strong>non</strong></span> <span class='ocrx_word' id='word_1_385' title='bbox 2855 2365 3140 2421; x_wconf 88' lang='lat' dir='ltr'><strong>minimum</strong></span> <span class='ocrx_word' id='word_1_386' title='bbox 3175 2384 3266 2425; x_wconf 89' lang='lat' dir='ltr'><strong>res</strong></span> <span class='ocrx_word' id='word_1_387' title='bbox 3307 2372 3413 2427; x_wconf 85' lang='lat' dir='ltr'><strong>ista</strong></span> <span class='ocrx_word' id='word_1_388' title='bbox 3455 2377 3801 2446; x_wconf 78' lang='lat' dir='ltr'><strong>constringitur,</strong></span> 
     </span>
    </p>
   </div>
   <div class='ocr_carea' id='block_1_56' title="bbox 2277 2446 3802 2537">
    <p class='ocr_par' dir='ltr' id='par_1_56' title="bbox 2277 2446 3802 2537">
     <span class='ocr_line' id='line_1_56' title="bbox 2277 2446 3802 2537; baseline 0.018 -40"><span class='ocrx_word' id='word_1_389' title='bbox 2277 2446 2367 2499; x_wconf 78' lang='lat' dir='ltr'><strong>ubi</strong></span> <span class='ocrx_word' id='word_1_390' title='bbox 2426 2448 2712 2509; x_wconf 75' lang='lat' dir='ltr'><strong>difﬁcultas</strong></span> <span class='ocrx_word' id='word_1_391' title='bbox 2783 2462 2948 2537; x_wconf 82' lang='lat' dir='ltr'><strong>totius</strong></span> <span class='ocrx_word' id='word_1_392' title='bbox 2990 2468 3242 2527; x_wconf 72' lang='lat' dir='ltr'><strong>naturae,</strong></span> <span class='ocrx_word' id='word_1_393' title='bbox 3308 2464 3420 2519; x_wconf 88' lang='lat' dir='ltr'><strong>imo</strong></span> <span class='ocrx_word' id='word_1_394' title='bbox 3465 2468 3802 2537; x_wconf 65' lang='lat' dir='ltr'><strong>impossibilia:</strong></span> 
     </span>
    </p>
   </div>
   <div class='ocr_carea' id='block_1_57' title="bbox 2277 2532 3802 2626">
    <p class='ocr_par' dir='ltr' id='par_1_57' title="bbox 2277 2532 3802 2626">
     <span class='ocr_line' id='line_1_57' title="bbox 2277 2532 3802 2626; baseline 0.016 -37"><span class='ocrx_word' id='word_1_395' title='bbox 2277 2536 2585 2594; x_wconf 87' lang='lat' dir='ltr'><strong>denotatur.</strong></span> <span class='ocrx_word' id='word_1_396' title='bbox 2631 2540 2689 2596; x_wconf 90' lang='lat' dir='ltr'><strong>Si</strong></span> <span class='ocrx_word' id='word_1_397' title='bbox 2731 2532 2877 2599; x_wconf 85' lang='lat' dir='ltr'><strong>enim</strong></span> <span class='ocrx_word' id='word_1_398' title='bbox 2924 2547 3086 2619; x_wconf 81' lang='lat' dir='ltr'><strong>Virgo</strong></span> <span class='ocrx_word' id='word_1_399' title='bbox 3128 2566 3197 2605; x_wconf 87' lang='lat' dir='ltr'><strong>ex</strong></span> <span class='ocrx_word' id='word_1_400' title='bbox 3243 2553 3359 2610; x_wconf 89' lang='lat' dir='ltr'><strong>Deo</strong></span> <span class='ocrx_word' id='word_1_401' title='bbox 3406 2532 3718 2626; x_wconf 79' lang='lat' dir='ltr'><strong>fecundatur,</strong></span> <span class='ocrx_word' id='word_1_402' title='bbox 3748 2561 3802 2615; x_wconf 88' lang='lat' dir='ltr'><strong>nil</strong></span> 
     </span>
    </p>
   </div>
   <div class='ocr_carea' id='block_1_58' title="bbox 2274 2628 3801 2715">
    <p class='ocr_par' dir='ltr' id='par_1_58' title="bbox 2274 2628 3801 2715">
     <span class='ocr_line' id='line_1_58' title="bbox 2274 2628 3801 2715; baseline 0.019 -36"><span class='ocrx_word' id='word_1_403' title='bbox 2274 2628 2473 2683; x_wconf 79' lang='lat' dir='ltr'><strong>mirum</strong></span> <span class='ocrx_word' id='word_1_404' title='bbox 2532 2641 2616 2687; x_wconf 90' lang='lat' dir='ltr'><strong>est</strong></span> <span class='ocrx_word' id='word_1_405' title='bbox 2658 2636 2781 2704; x_wconf 89' lang='lat' dir='ltr'><strong>quia</strong></span> <span class='ocrx_word' id='word_1_406' title='bbox 2836 2649 3213 2697; x_wconf 86' lang='lat' dir='ltr'><strong>creaturarum</strong></span> <span class='ocrx_word' id='word_1_407' title='bbox 3268 2661 3392 2715; x_wconf 67' lang='lat' dir='ltr'><strong>quae</strong></span> <span class='ocrx_word' id='word_1_408' title='bbox 3439 2650 3555 2705; x_wconf 90' lang='lat' dir='ltr'><strong>sine</strong></span> <span class='ocrx_word' id='word_1_409' title='bbox 3604 2656 3801 2708; x_wconf 80' lang='lat' dir='ltr'><strong>masculis</strong></span> 
     </span>
    </p>
   </div>
   <div class='ocr_carea' id='block_1_59' title="bbox 2273 2728 3798 2812">
    <p class='ocr_par' dir='ltr' id='par_1_59' title="bbox 2273 2728 3798 2812">
     <span class='ocr_line' id='line_1_59' title="bbox 2273 2728 3798 2812; baseline 0.017 -41"><span class='ocrx_word' id='word_1_410' title='bbox 2273 2733 2537 2788; x_wconf 83' lang='lat' dir='ltr'><strong>generant</strong></span> <span class='ocrx_word' id='word_1_411' title='bbox 2591 2728 2841 2797; x_wconf 75' lang='lat' dir='ltr'><strong>exemplo</strong></span> <span class='ocrx_word' id='word_1_412' title='bbox 2896 2730 3185 2802; x_wconf 84' lang='lat' dir='ltr'><strong>levigatur.</strong></span> <span class='ocrx_word' id='word_1_413' title='bbox 3259 2739 3388 2792; x_wconf 88' lang='lat' dir='ltr'><strong>Sola</strong></span> <span class='ocrx_word' id='word_1_414' title='bbox 3462 2752 3579 2810; x_wconf 86' lang='lat' dir='ltr'><strong>post</strong></span> <span class='ocrx_word' id='word_1_415' title='bbox 3634 2758 3798 2812; x_wconf 53' lang='lat' dir='ltr'><strong>partum</strong></span> 
     </span>
    </p>
   </div>
   <div class='ocr_carea' id='block_1_60' title="bbox 2272 2808 3799 2899">
    <p class='ocr_par' dir='ltr' id='par_1_60' title="bbox 2272 2808 3799 2899">
     <span class='ocr_line' id='line_1_60' title="bbox 2272 2808 3799 2899; baseline 0.016 -40"><span class='ocrx_word' id='word_1_416' title='bbox 2272 2808 2599 2877; x_wconf 81' lang='lat' dir='ltr'><strong>virginitatis</strong></span> <span class='ocrx_word' id='word_1_417' title='bbox 2664 2821 3011 2875; x_wconf 88' lang='lat' dir='ltr'><strong>conservatio</strong></span> <span class='ocrx_word' id='word_1_418' title='bbox 3090 2825 3279 2893; x_wconf 85' lang='lat' dir='ltr'><strong>magni</strong></span> <span class='ocrx_word' id='word_1_419' title='bbox 3360 2808 3799 2899; x_wconf 80' lang='lat' dir='ltr'><strong>incomparabiliter</strong></span> 
     </span>
    </p>
   </div>
   <div class='ocr_carea' id='block_1_61' title="bbox 2270 2900 3798 2989">
    <p class='ocr_par' dir='ltr' id='par_1_61' title="bbox 2270 2900 3798 2989">
     <span class='ocr_line' id='line_1_61' title="bbox 2270 2900 3798 2989; baseline 0.016 -39"><span class='ocrx_word' id='word_1_420' title='bbox 2270 2900 2592 2957; x_wconf 72' lang='lat' dir='ltr'><strong>azstimatur.</strong></span> <span class='ocrx_word' id='word_1_421' title='bbox 2637 2902 2716 2959; x_wconf 85' lang='lat' dir='ltr'><strong>Illi</strong></span> <span class='ocrx_word' id='word_1_422' title='bbox 2769 2907 2902 2961; x_wconf 88' lang='lat' dir='ltr'><strong>nihil</strong></span> <span class='ocrx_word' id='word_1_423' title='bbox 2954 2912 3177 2968; x_wconf 91' lang='lat' dir='ltr'><strong>omnino</strong></span> <span class='ocrx_word' id='word_1_424' title='bbox 3212 2919 3578 2986; x_wconf 89' lang='lat' dir='ltr'><strong>componitur,</strong></span> <span class='ocrx_word' id='word_1_425' title='bbox 3620 2923 3721 2989; x_wconf 84' lang='lat' dir='ltr'><strong>quia</strong></span> <span class='ocrx_word' id='word_1_426' title='bbox 3760 2932 3798 2975; x_wconf 82' lang='lat' dir='ltr'><strong>el</strong></span> 
     </span>
    </p>
   </div>
   <div class='ocr_carea' id='block_1_62' title="bbox 2271 2988 3797 3079">
    <p class='ocr_par' dir='ltr' id='par_1_62' title="bbox 2271 2988 3797 3079">
     <span class='ocr_line' id='line_1_62' title="bbox 2271 2988 3797 3079; baseline 0.016 -38"><span class='ocrx_word' id='word_1_427' title='bbox 2271 2988 2511 3046; x_wconf 90' lang='lat' dir='ltr'><strong>divinum</strong></span> <span class='ocrx_word' id='word_1_428' title='bbox 2559 3006 2642 3050; x_wconf 91' lang='lat' dir='ltr'><strong>est</strong></span> <span class='ocrx_word' id='word_1_429' title='bbox 2679 3001 2819 3066; x_wconf 87' lang='lat' dir='ltr'><strong>quod</strong></span> <span class='ocrx_word' id='word_1_430' title='bbox 2870 3014 3211 3070; x_wconf 90' lang='lat' dir='ltr'><strong>procreatur,</strong></span> <span class='ocrx_word' id='word_1_431' title='bbox 3264 3018 3323 3064; x_wconf 90' lang='lat' dir='ltr'><strong>et</strong></span> <span class='ocrx_word' id='word_1_432' title='bbox 3348 3011 3545 3079; x_wconf 84' lang='lat' dir='ltr'><strong>prodit,</strong></span> <span class='ocrx_word' id='word_1_433' title='bbox 3575 2988 3703 3066; x_wconf 77' lang='lat' dir='ltr'><strong>etin</strong></span> <span class='ocrx_word' id='word_1_434' title='bbox 3727 3029 3797 3065; x_wconf 85' lang='lat' dir='ltr'><strong>na-</strong></span> 
     </span>
    </p>
   </div>
   <div class='ocr_carea' id='block_1_63' title="bbox 2272 3083 3795 3159">
    <p class='ocr_par' dir='ltr' id='par_1_63' title="bbox 2272 3083 3795 3159">
     <span class='ocr_line' id='line_1_63' title="bbox 2272 3083 3795 3159; baseline 0.016 -27"><span class='ocrx_word' id='word_1_435' title='bbox 2272 3083 2407 3137; x_wconf 88' lang='lat' dir='ltr'><strong>turis</strong></span> <span class='ocrx_word' id='word_1_436' title='bbox 2473 3100 2582 3139; x_wconf 91' lang='lat' dir='ltr'><strong>non</strong></span> <span class='ocrx_word' id='word_1_437' title='bbox 2634 3091 3087 3159; x_wconf 76' lang='lat' dir='ltr'><strong>exenq&#39;ilificatur.</strong></span> <span class='ocrx_word' id='word_1_438' title='bbox 3163 3097 3218 3152; x_wconf 90' lang='lat' dir='ltr'><strong>In</strong></span> <span class='ocrx_word' id='word_1_439' title='bbox 3276 3102 3497 3157; x_wconf 79' lang='lat' dir='ltr'><strong>senibus</strong></span> <span class='ocrx_word' id='word_1_440' title='bbox 3556 3114 3709 3159; x_wconf 84' lang='lat' dir='ltr'><strong>autem</strong></span> <span class='ocrx_word' id='word_1_441' title='bbox 3755 3115 3795 3158; x_wconf 80' lang='lat' dir='ltr'><strong>et</strong></span> 
     </span>
    </p>
   </div>
   <div class='ocr_carea' id='block_1_64' title="bbox 587 3172 2188 3265">
    <p class='ocr_par' dir='ltr' id='par_1_64' title="bbox 587 3186 2166 3261">
     <span class='ocr_line' id='line_1_64' title="bbox 587 3186 2166 3261; baseline 0.017 -26"><span class='ocrx_word' id='word_1_442' title='bbox 587 3186 884 3253; x_wconf 75' lang='lat' dir='ltr'><strong>adviveret,</strong></span> <span class='ocrx_word' id='word_1_443' title='bbox 913 3196 968 3242; x_wconf 94' lang='lat' dir='ltr'><strong>et</strong></span> <span class='ocrx_word' id='word_1_444' title='bbox 993 3191 1214 3245; x_wconf 90' lang='lat' dir='ltr'><strong>nuncin</strong></span> <span class='ocrx_word' id='word_1_445' title='bbox 1247 3193 1387 3248; x_wconf 88' lang='lat' dir='ltr'><strong>coelo</strong></span> <span class='ocrx_word' id='word_1_446' title='bbox 1421 3198 1739 3254; x_wconf 90' lang='lat' dir='ltr'><strong>secundam.</strong></span> <span class='ocrx_word' id='word_1_447' title='bbox 1773 3200 1960 3259; x_wconf 87' lang='lat' dir='ltr'><strong>Gratia</strong></span> <span class='ocrx_word' id='word_1_448' title='bbox 1987 3215 2166 3261; x_wconf 72' lang='lat' dir='ltr'><strong>autem</strong></span> 
     </span>
    </p>
   </div>
   <div class='ocr_carea' id='block_1_65' title="bbox 2275 3172 3794 3265">
    <p class='ocr_par' dir='ltr' id='par_1_65' title="bbox 2275 3172 3794 3265">
     <span class='ocr_line' id='line_1_65' title="bbox 2275 3172 3794 3265; baseline 0.016 -40"><span class='ocrx_word' id='word_1_449' title='bbox 2275 3172 2431 3228; x_wconf 78' lang='lat' dir='ltr'><strong>eﬁ‘eto</strong></span> <span class='ocrx_word' id='word_1_450' title='bbox 2475 3192 2701 3247; x_wconf 79' lang='lat' dir='ltr'><strong>corpore</strong></span> <span class='ocrx_word' id='word_1_451' title='bbox 2760 3198 2790 3235; x_wconf 91' lang='lat' dir='ltr'><strong>a</strong></span> <span class='ocrx_word' id='word_1_452' title='bbox 2835 3186 3054 3253; x_wconf 82' lang='lat' dir='ltr'><strong>genitali</strong></span> <span class='ocrx_word' id='word_1_453' title='bbox 3108 3194 3354 3259; x_wconf 92' lang='lat' dir='ltr'><strong>potentia</strong></span> <span class='ocrx_word' id='word_1_454' title='bbox 3410 3198 3672 3265; x_wconf 87' lang='lat' dir='ltr'><strong>utrobique</strong></span> <span class='ocrx_word' id='word_1_455' title='bbox 3696 3197 3794 3251; x_wconf 82' lang='lat' dir='ltr'><strong>sub-</strong></span> 
     </span>
    </p>
   </div>
   <div class='ocr_carea' id='block_1_66' title="bbox 588 3273 2167 3366">
    <p class='ocr_par' dir='ltr' id='par_1_66' title="bbox 588 3273 2167 3366">
     <span class='ocr_line' id='line_1_66' title="bbox 588 3273 2167 3366; baseline 0.016 -39"><span class='ocrx_word' id='word_1_456' title='bbox 588 3273 691 3329; x_wconf 85' lang='lat' dir='ltr'><strong>lioc</strong></span> <span class='ocrx_word' id='word_1_457' title='bbox 721 3284 914 3343; x_wconf 91' lang='lat' dir='ltr'><strong>totum,</strong></span> <span class='ocrx_word' id='word_1_458' title='bbox 956 3277 1083 3334; x_wconf 87' lang='lat' dir='ltr'><strong>licet</strong></span> <span class='ocrx_word' id='word_1_459' title='bbox 1110 3282 1425 3339; x_wconf 88' lang='lat' dir='ltr'><strong>omnimodo</strong></span> <span class='ocrx_word' id='word_1_460' title='bbox 1449 3287 1708 3344; x_wconf 85' lang='lat' dir='ltr'><strong>virtutum</strong></span> <span class='ocrx_word' id='word_1_461' title='bbox 1737 3294 1939 3349; x_wconf 91' lang='lat' dir='ltr'><strong>ambitu</strong></span> <span class='ocrx_word' id='word_1_462' title='bbox 1965 3295 2016 3350; x_wconf 92' lang='lat' dir='ltr'><strong>id</strong></span> <span class='ocrx_word' id='word_1_463' title='bbox 2045 3312 2167 3366; x_wconf 77' lang='lat' dir='ltr'><strong>pro-</strong></span> 
     </span>
    </p>
   </div>
   <div class='ocr_carea' id='block_1_67' title="bbox 585 3369 2168 3447">
    <p class='ocr_par' dir='ltr' id='par_1_67' title="bbox 585 3369 2168 3447">
     <span class='ocr_line' id='line_1_67' title="bbox 585 3369 2168 3447; baseline 0.017 -32"><span class='ocrx_word' id='word_1_464' title='bbox 585 3374 923 3435; x_wconf 88' lang='lat' dir='ltr'><strong>sequeretur,</strong></span> <span class='ocrx_word' id='word_1_465' title='bbox 973 3369 1096 3436; x_wconf 90' lang='lat' dir='ltr'><strong>fuit,</strong></span> <span class='ocrx_word' id='word_1_466' title='bbox 1127 3372 1253 3441; x_wconf 87' lang='lat' dir='ltr'><strong>quia</strong></span> <span class='ocrx_word' id='word_1_467' title='bbox 1285 3375 1429 3430; x_wconf 89' lang='lat' dir='ltr'><strong>nulla</strong></span> <span class='ocrx_word' id='word_1_468' title='bbox 1472 3379 1661 3447; x_wconf 83' lang='lat' dir='ltr'><strong>virtus,</strong></span> <span class='ocrx_word' id='word_1_469' title='bbox 1708 3383 1913 3439; x_wconf 92' lang='lat' dir='ltr'><strong>nullum</strong></span> <span class='ocrx_word' id='word_1_470' title='bbox 1957 3388 2168 3442; x_wconf 85' lang='lat' dir='ltr'><strong>exerci-</strong></span> 
     </span>
    </p>
   </div>
   <div class='ocr_carea' id='block_1_68' title="bbox 589 3453 2168 3542">
    <p class='ocr_par' dir='ltr' id='par_1_68' title="bbox 589 3453 2168 3542">
     <span class='ocr_line' id='line_1_68' title="bbox 589 3453 2168 3542; baseline 0.016 -36"><span class='ocrx_word' id='word_1_471' title='bbox 589 3453 745 3521; x_wconf 89' lang='lat' dir='ltr'><strong>tium,</strong></span> <span class='ocrx_word' id='word_1_472' title='bbox 791 3472 900 3511; x_wconf 91' lang='lat' dir='ltr'><strong>non</strong></span> <span class='ocrx_word' id='word_1_473' title='bbox 942 3457 1313 3531; x_wconf 87' lang='lat' dir='ltr'><strong>cujuscunque</strong></span> <span class='ocrx_word' id='word_1_474' title='bbox 1356 3467 1536 3521; x_wconf 90' lang='lat' dir='ltr'><strong>meriti</strong></span> <span class='ocrx_word' id='word_1_475' title='bbox 1575 3468 1727 3525; x_wconf 90' lang='lat' dir='ltr'><strong>labor</strong></span> <span class='ocrx_word' id='word_1_476' title='bbox 1774 3472 2069 3542; x_wconf 90' lang='lat' dir='ltr'><strong>impensus,</strong></span> <span class='ocrx_word' id='word_1_477' title='bbox 2102 3477 2168 3532; x_wconf 88' lang='lat' dir='ltr'><strong>ad</strong></span> 
     </span>
    </p>
   </div>
   <div class='ocr_carea' id='block_1_69' title="bbox 567 3548 2167 3634">
    <p class='ocr_par' dir='ltr' id='par_1_69' title="bbox 567 3548 2167 3634">
     <span class='ocr_line' id='line_1_69' title="bbox 567 3548 2167 3634; baseline 0.015 -35"><span class='ocrx_word' id='word_1_478' title='bbox 567 3548 932 3602; x_wconf 78' lang='lat' dir='ltr'><strong>emerendam</strong></span> <span class='ocrx_word' id='word_1_479' title='bbox 956 3552 1189 3620; x_wconf 90' lang='lat' dir='ltr'><strong>cuipiam</strong></span> <span class='ocrx_word' id='word_1_480' title='bbox 1217 3552 1431 3611; x_wconf 72' lang='lat' dir='ltr'><strong>femina:</strong></span> <span class='ocrx_word' id='word_1_481' title='bbox 1467 3560 1559 3616; x_wconf 92' lang='lat' dir='ltr'><strong>Dei</strong></span> <span class='ocrx_word' id='word_1_482' title='bbox 1592 3566 1998 3634; x_wconf 89' lang='lat' dir='ltr'><strong>conceptionem</strong></span> <span class='ocrx_word' id='word_1_483' title='bbox 2022 3568 2167 3622; x_wconf 86' lang='lat' dir='ltr'><strong>suﬁi-</strong></span> 
     </span>
    </p>
   </div>
   <div class='ocr_carea' id='block_1_70' title="bbox 585 3639 2165 3723">
    <p class='ocr_par' dir='ltr' id='par_1_70' title="bbox 585 3639 2165 3723">
     <span class='ocr_line' id='line_1_70' title="bbox 585 3639 2165 3723; baseline 0.018 -35"><span class='ocrx_word' id='word_1_484' title='bbox 585 3648 757 3701; x_wconf 90' lang='lat' dir='ltr'><strong>ceret,</strong></span> <span class='ocrx_word' id='word_1_485' title='bbox 788 3639 890 3692; x_wconf 88' lang='lat' dir='ltr'><strong>nisi</strong></span> <span class='ocrx_word' id='word_1_486' title='bbox 918 3643 1117 3709; x_wconf 84' lang='lat' dir='ltr'><strong>gratia,</strong></span> <span class='ocrx_word' id='word_1_487' title='bbox 1165 3651 1220 3697; x_wconf 90' lang='lat' dir='ltr'><strong>et</strong></span> <span class='ocrx_word' id='word_1_488' title='bbox 1256 3645 1369 3701; x_wconf 61' lang='lat' dir='ltr'><strong>haec</strong></span> <span class='ocrx_word' id='word_1_489' title='bbox 1397 3665 1502 3704; x_wconf 91' lang='lat' dir='ltr'><strong>non</strong></span> <span class='ocrx_word' id='word_1_490' title='bbox 1534 3654 1693 3707; x_wconf 90' lang='lat' dir='ltr'><strong>modo</strong></span> <span class='ocrx_word' id='word_1_491' title='bbox 1731 3654 2041 3723; x_wconf 86' lang='lat' dir='ltr'><strong>ineffabilis,</strong></span> <span class='ocrx_word' id='word_1_492' title='bbox 2070 3662 2165 3716; x_wconf 89' lang='lat' dir='ltr'><strong>sed</strong></span> 
     </span>
    </p>
   </div>
   <div class='ocr_carea' id='block_1_71' title="bbox 583 3726 2162 3814">
    <p class='ocr_par' dir='ltr' id='par_1_71' title="bbox 583 3726 2162 3814">
     <span class='ocr_line' id='line_1_71' title="bbox 583 3726 2162 3814; baseline 0.016 -35"><span class='ocrx_word' id='word_1_493' title='bbox 583 3726 1014 3795; x_wconf 82' lang='lat' dir='ltr'><strong>inexcogilabilis</strong></span> <span class='ocrx_word' id='word_1_494' title='bbox 1039 3733 1185 3785; x_wconf 89' lang='lat' dir='ltr'><strong>omni</strong></span> <span class='ocrx_word' id='word_1_495' title='bbox 1224 3747 1421 3801; x_wconf 71' lang='lat' dir='ltr'><strong>prmter</strong></span> <span class='ocrx_word' id='word_1_496' title='bbox 1464 3740 1632 3795; x_wconf 92' lang='lat' dir='ltr'><strong>Deum</strong></span> <span class='ocrx_word' id='word_1_497' title='bbox 1680 3752 1889 3800; x_wconf 68' lang='lat' dir='ltr'><strong>natura:</strong></span> <span class='ocrx_word' id='word_1_498' title='bbox 1924 3750 2162 3814; x_wconf 78' lang='lat' dir='ltr'><strong>praeiret.</strong></span> 
     </span>
    </p>
   </div>
   <div class='ocr_carea' id='block_1_72' title="bbox 657 3817 2160 3907">
    <p class='ocr_par' dir='ltr' id='par_1_72' title="bbox 657 3817 2160 3907">
     <span class='ocr_line' id='line_1_72' title="bbox 657 3817 2160 3907; baseline 0.016 -37"><span class='ocrx_word' id='word_1_499' title='bbox 657 3817 762 3870; x_wconf 81' lang='lat' dir='ltr'><strong>Sed</strong></span> <span class='ocrx_word' id='word_1_500' title='bbox 794 3818 906 3884; x_wconf 88' lang='lat' dir='ltr'><strong>ipsa</strong></span> <span class='ocrx_word' id='word_1_501' title='bbox 937 3820 1211 3887; x_wconf 87' lang='lat' dir='ltr'><strong>plenitudo</strong></span> <span class='ocrx_word' id='word_1_502' title='bbox 1240 3843 1359 3894; x_wconf 61' lang='lat' dir='ltr'><strong>qua:</strong></span> <span class='ocrx_word' id='word_1_503' title='bbox 1388 3830 1480 3894; x_wconf 89' lang='lat' dir='ltr'><strong>sit,</strong></span> <span class='ocrx_word' id='word_1_504' title='bbox 1511 3832 1715 3900; x_wconf 86' lang='lat' dir='ltr'><strong>pariter</strong></span> <span class='ocrx_word' id='word_1_505' title='bbox 1742 3836 2160 3907; x_wconf 78' lang='lat' dir='ltr'><strong>attendendum;</strong></span> 
     </span>
    </p>
   </div>
   <div class='ocr_carea' id='block_1_73' title="bbox 583 3906 2164 3999">
    <p class='ocr_par' dir='ltr' id='par_1_73' title="bbox 583 3906 2164 3999">
     <span class='ocr_line' id='line_1_73' title="bbox 583 3906 2164 3999; baseline 0.018 -42"><span class='ocrx_word' id='word_1_506' title='bbox 583 3922 707 3960; x_wconf 90' lang='lat' dir='ltr'><strong>nam</strong></span> <span class='ocrx_word' id='word_1_507' title='bbox 740 3906 967 3963; x_wconf 83' lang='lat' dir='ltr'><strong>forsitan</strong></span> <span class='ocrx_word' id='word_1_508' title='bbox 994 3911 1093 3981; x_wconf 92' lang='lat' dir='ltr'><strong>ipsi</strong></span> <span class='ocrx_word' id='word_1_509' title='bbox 1118 3918 1429 3985; x_wconf 87' lang='lat' dir='ltr'><strong>specialitas</strong></span> <span class='ocrx_word' id='word_1_510' title='bbox 1472 3921 1669 3976; x_wconf 80' lang='lat' dir='ltr'><strong>deferri</strong></span> <span class='ocrx_word' id='word_1_511' title='bbox 1696 3941 1798 3977; x_wconf 91' lang='lat' dir='ltr'><strong>non</strong></span> <span class='ocrx_word' id='word_1_512' title='bbox 1825 3938 2020 3994; x_wconf 89' lang='lat' dir='ltr'><strong>potest,</strong></span> <span class='ocrx_word' id='word_1_513' title='bbox 2044 3906 2164 3999; x_wconf 65' lang='lat' dir='ltr'><strong>quae</strong></span> 
     </span>
    </p>
   </div>
   <div class='ocr_carea' id='block_1_74' title="bbox 585 3996 2161 4092">
    <p class='ocr_par' dir='ltr' id='par_1_74' title="bbox 585 3996 2161 4092">
     <span class='ocr_line' id='line_1_74' title="bbox 585 3996 2161 4092; baseline 0.018 -43"><span class='ocrx_word' id='word_1_514' title='bbox 585 3996 772 4051; x_wconf 90' lang='lat' dir='ltr'><strong>multis</strong></span> <span class='ocrx_word' id='word_1_515' title='bbox 808 3999 1118 4057; x_wconf 86' lang='lat' dir='ltr'><strong>ascribitur.</strong></span> <span class='ocrx_word' id='word_1_516' title='bbox 1161 4004 1218 4061; x_wconf 93' lang='lat' dir='ltr'><strong>Si</strong></span> <span class='ocrx_word' id='word_1_517' title='bbox 1248 4008 1394 4062; x_wconf 89' lang='lat' dir='ltr'><strong>enim</strong></span> <span class='ocrx_word' id='word_1_518' title='bbox 1427 4010 1541 4066; x_wconf 67' lang='lat' dir='ltr'><strong>haec</strong></span> <span class='ocrx_word' id='word_1_519' title='bbox 1570 4012 1723 4081; x_wconf 88' lang='lat' dir='ltr'><strong>plena</strong></span> <span class='ocrx_word' id='word_1_520' title='bbox 1753 4015 1905 4085; x_wconf 87' lang='lat' dir='ltr'><strong>(Luc.</strong></span> <span class='ocrx_word' id='word_1_521' title='bbox 1959 4035 2000 4085; x_wconf 82' lang='grc' dir='ltr'><strong>ι,</strong></span> <span class='ocrx_word' id='word_1_522' title='bbox 2046 3996 2161 4092; x_wconf 57' lang='grc' dir='ltr'><strong>ἒὸ),</strong></span> 
     </span>
    </p>
   </div>
   <div class='ocr_carea' id='block_1_75' title="bbox 580 4088 2163 4179">
    <p class='ocr_par' dir='ltr' id='par_1_75' title="bbox 580 4088 2163 4179">
     <span class='ocr_line' id='line_1_75' title="bbox 580 4088 2163 4179; baseline 0.015 -38"><span class='ocrx_word' id='word_1_523' title='bbox 580 4096 634 4141; x_wconf 86' lang='lat' dir='ltr'><strong>el</strong></span> <span class='ocrx_word' id='word_1_524' title='bbox 660 4088 932 4145; x_wconf 88' lang='lat' dir='ltr'><strong>Elisabeth</strong></span> <span class='ocrx_word' id='word_1_525' title='bbox 959 4092 1161 4148; x_wconf 89' lang='lat' dir='ltr'><strong>dicitur</strong></span> <span class='ocrx_word' id='word_1_526' title='bbox 1196 4097 1402 4168; x_wconf 90' lang='lat' dir='ltr'><strong>repleta</strong></span> <span class='ocrx_word' id='word_1_527' title='bbox 1436 4101 1624 4169; x_wconf 81' lang='lat' dir='ltr'><strong>(ibid.,</strong></span> <span class='ocrx_word' id='word_1_528' title='bbox 1662 4102 1774 4173; x_wconf 72' lang='lat' dir='ltr'><strong>ti),</strong></span> <span class='ocrx_word' id='word_1_529' title='bbox 1806 4115 1862 4161; x_wconf 86' lang='lat' dir='ltr'><strong>et</strong></span> <span class='ocrx_word' id='word_1_530' title='bbox 1903 4108 1968 4163; x_wconf 92' lang='lat' dir='ltr'><strong>de</strong></span> <span class='ocrx_word' id='word_1_531' title='bbox 1997 4088 2163 4179; x_wconf 64' lang='lat' dir='ltr'><strong>plur};</strong></span> 
     </span>
    </p>
   </div>
   <div class='ocr_carea' id='block_1_76' title="bbox 581 4176 2163 4267">
    <p class='ocr_par' dir='ltr' id='par_1_76' title="bbox 581 4176 2163 4267">
     <span class='ocr_line' id='line_1_76' title="bbox 581 4176 2163 4267; baseline 0.016 -37"><span class='ocrx_word' id='word_1_532' title='bbox 581 4176 685 4231; x_wconf 85' lang='lat' dir='ltr'><strong>niis</strong></span> <span class='ocrx_word' id='word_1_533' title='bbox 716 4178 850 4232; x_wconf 88' lang='lat' dir='ltr'><strong>alias</strong></span> <span class='ocrx_word' id='word_1_534' title='bbox 876 4180 1014 4235; x_wconf 88' lang='lat' dir='ltr'><strong>idem</strong></span> <span class='ocrx_word' id='word_1_535' title='bbox 1063 4184 1269 4239; x_wconf 74' lang='lat' dir='ltr'><strong>affatim</strong></span> <span class='ocrx_word' id='word_1_536' title='bbox 1299 4190 1586 4257; x_wconf 90' lang='lat' dir='ltr'><strong>reperitur,</strong></span> <span class='ocrx_word' id='word_1_537' title='bbox 1620 4195 1712 4247; x_wconf 91' lang='lat' dir='ltr'><strong>sed</strong></span> <span class='ocrx_word' id='word_1_538' title='bbox 1754 4195 1945 4251; x_wconf 78' lang='lat' dir='ltr'><strong>harum</strong></span> <span class='ocrx_word' id='word_1_539' title='bbox 1993 4201 2163 4267; x_wconf 87' lang='lat' dir='ltr'><strong>pleni-</strong></span> 
     </span>
    </p>
   </div>
   <div class='ocr_carea' id='block_1_77' title="bbox 582 4267 2159 4355">
    <p class='ocr_par' dir='ltr' id='par_1_77' title="bbox 582 4267 2159 4355">
     <span class='ocr_line' id='line_1_77' title="bbox 582 4267 2159 4355; baseline 0.015 -35"><span class='ocrx_word' id='word_1_540' title='bbox 582 4267 830 4322; x_wconf 88' lang='lat' dir='ltr'><strong>tudinutn</strong></span> <span class='ocrx_word' id='word_1_541' title='bbox 882 4278 1027 4325; x_wconf 87' lang='lat' dir='ltr'><strong>tanta</strong></span> <span class='ocrx_word' id='word_1_542' title='bbox 1086 4288 1209 4329; x_wconf 88' lang='lat' dir='ltr'><strong>esse</strong></span> <span class='ocrx_word' id='word_1_543' title='bbox 1261 4276 1598 4346; x_wconf 82' lang='lat' dir='ltr'><strong>dignoscitur</strong></span> <span class='ocrx_word' id='word_1_544' title='bbox 1650 4297 1789 4351; x_wconf 89' lang='lat' dir='ltr'><strong>pene</strong></span> <span class='ocrx_word' id='word_1_545' title='bbox 1848 4286 2159 4355; x_wconf 79' lang='lat' dir='ltr'><strong>diversitas,</strong></span> 
     </span>
    </p>
   </div>
   <div class='ocr_carea' id='block_1_78' title="bbox 552 4360 2157 4445">
    <p class='ocr_par' dir='ltr' id='par_1_78' title="bbox 552 4360 2157 4445">
     <span class='ocr_line' id='line_1_78' title="bbox 552 4360 2157 4445; baseline 0.016 -37"><span class='ocrx_word' id='word_1_546' title='bbox 552 4360 780 4423; x_wconf 84' lang='lat' dir='ltr'><strong>quanta</strong></span> <span class='ocrx_word' id='word_1_547' title='bbox 834 4360 1100 4417; x_wconf 90' lang='lat' dir='ltr'><strong>bonorum</strong></span> <span class='ocrx_word' id='word_1_548' title='bbox 1147 4365 1457 4422; x_wconf 90' lang='lat' dir='ltr'><strong>animorum</strong></span> <span class='ocrx_word' id='word_1_549' title='bbox 1512 4379 1596 4426; x_wconf 88' lang='lat' dir='ltr'><strong>est</strong></span> <span class='ocrx_word' id='word_1_550' title='bbox 1656 4373 1856 4445; x_wconf 90' lang='lat' dir='ltr'><strong>ubique</strong></span> <span class='ocrx_word' id='word_1_551' title='bbox 1904 4380 2157 4435; x_wconf 89' lang='lat' dir='ltr'><strong>varietas.</strong></span> 
     </span>
    </p>
   </div>
   <div class='ocr_carea' id='block_1_79' title="bbox 576 4446 2160 4534">
    <p class='ocr_par' dir='ltr' id='par_1_79' title="bbox 576 4446 2160 4534">
     <span class='ocr_line' id='line_1_79' title="bbox 576 4446 2160 4534; baseline 0.016 -33"><span class='ocrx_word' id='word_1_552' title='bbox 576 4446 765 4513; x_wconf 62' lang='lat' dir='ltr'><strong>Quota:</strong></span> <span class='ocrx_word' id='word_1_553' title='bbox 794 4449 951 4519; x_wconf 88' lang='lat' dir='ltr'><strong>plane</strong></span> <span class='ocrx_word' id='word_1_554' title='bbox 991 4463 1116 4509; x_wconf 91' lang='lat' dir='ltr'><strong>sunt</strong></span> <span class='ocrx_word' id='word_1_555' title='bbox 1144 4455 1616 4516; x_wconf 88' lang='lat' dir='ltr'><strong>innumerabilium</strong></span> <span class='ocrx_word' id='word_1_556' title='bbox 1642 4467 1973 4534; x_wconf 87' lang='lat' dir='ltr'><strong>eapacitates</strong></span> <span class='ocrx_word' id='word_1_557' title='bbox 2004 4486 2160 4526; x_wconf 78' lang='lat' dir='ltr'><strong>vaso-</strong></span> 
     </span>
    </p>
   </div>
   <div class='ocr_carea' id='block_1_80' title="bbox 2270 3265 3793 3358">
    <p class='ocr_par' dir='ltr' id='par_1_80' title="bbox 2270 3265 3793 3358">
     <span class='ocr_line' id='line_1_80' title="bbox 2270 3265 3793 3358; baseline 0.014 -40"><span class='ocrx_word' id='word_1_558' title='bbox 2270 3265 2467 3334; x_wconf 89' lang='lat' dir='ltr'><strong>ductis,</strong></span> <span class='ocrx_word' id='word_1_559' title='bbox 2523 3271 2599 3324; x_wconf 92' lang='lat' dir='ltr'><strong>nil</strong></span> <span class='ocrx_word' id='word_1_560' title='bbox 2653 3272 2831 3327; x_wconf 91' lang='lat' dir='ltr'><strong>minus</strong></span> <span class='ocrx_word' id='word_1_561' title='bbox 2870 3280 3149 3347; x_wconf 88' lang='lat' dir='ltr'><strong>appretior</strong></span> <span class='ocrx_word' id='word_1_562' title='bbox 3194 3282 3239 3337; x_wconf 91' lang='lat' dir='ltr'><strong>si</strong></span> <span class='ocrx_word' id='word_1_563' title='bbox 3291 3298 3567 3355; x_wconf 82' lang='lat' dir='ltr'><strong>generem,</strong></span> <span class='ocrx_word' id='word_1_564' title='bbox 3608 3303 3740 3358; x_wconf 87' lang='lat' dir='ltr'><strong>quam</strong></span> <span class='ocrx_word' id='word_1_565' title='bbox 3760 3288 3793 3341; x_wconf 84' lang='lat' dir='ltr'><strong>si</strong></span> 
     </span>
    </p>
   </div>
   <div class='ocr_carea' id='block_1_81' title="bbox 2269 3358 3793 3449">
    <p class='ocr_par' dir='ltr' id='par_1_81' title="bbox 2269 3358 3793 3449">
     <span class='ocr_line' id='line_1_81' title="bbox 2269 3358 3793 3449; baseline 0.012 -36"><span class='ocrx_word' id='word_1_566' title='bbox 2269 3358 2366 3415; x_wconf 89' lang='lat' dir='ltr'><strong>ﬁat</strong></span> <span class='ocrx_word' id='word_1_567' title='bbox 2420 3364 2728 3433; x_wconf 89' lang='lat' dir='ltr'><strong>bujusmodi</strong></span> <span class='ocrx_word' id='word_1_568' title='bbox 2777 3376 3164 3430; x_wconf 89' lang='lat' dir='ltr'><strong>commercium</strong></span> <span class='ocrx_word' id='word_1_569' title='bbox 3210 3377 3396 3435; x_wconf 88' lang='lat' dir='ltr'><strong>fertile</strong></span> <span class='ocrx_word' id='word_1_570' title='bbox 3442 3381 3494 3434; x_wconf 91' lang='lat' dir='ltr'><strong>in</strong></span> <span class='ocrx_word' id='word_1_571' title='bbox 3547 3380 3793 3449; x_wconf 81' lang='lat' dir='ltr'><strong>itnpubibus</strong></span> 
     </span>
    </p>
   </div>
   <div class='ocr_carea' id='block_1_82' title="bbox 2246 3452 3790 3540">
    <p class='ocr_par' dir='ltr' id='par_1_82' title="bbox 2246 3452 3790 3540">
     <span class='ocr_line' id='line_1_82' title="bbox 2246 3452 3790 3540; baseline 0.014 -39"><span class='ocrx_word' id='word_1_572' title='bbox 2246 3452 2445 3511; x_wconf 9' lang='lat' dir='ltr'><strong>(annis.</strong></span> <span class='ocrx_word' id='word_1_573' title='bbox 2499 3454 2571 3509; x_wconf 82' lang='lat' dir='ltr'><strong>At</strong></span> <span class='ocrx_word' id='word_1_574' title='bbox 2619 3458 2786 3513; x_wconf 84' lang='lat' dir='ltr'><strong>multo</strong></span> <span class='ocrx_word' id='word_1_575' title='bbox 2840 3463 3056 3526; x_wconf 86' lang='lat' dir='ltr'><strong>minus;</strong></span> <span class='ocrx_word' id='word_1_576' title='bbox 3108 3484 3234 3522; x_wconf 89' lang='lat' dir='ltr'><strong>nam</strong></span> <span class='ocrx_word' id='word_1_577' title='bbox 3277 3472 3333 3525; x_wconf 91' lang='lat' dir='ltr'><strong>in</strong></span> <span class='ocrx_word' id='word_1_578' title='bbox 3405 3471 3580 3540; x_wconf 89' lang='lat' dir='ltr'><strong>pueris</strong></span> <span class='ocrx_word' id='word_1_579' title='bbox 3624 3480 3790 3524; x_wconf 85' lang='lat' dir='ltr'><strong>natura-</strong></span> 
     </span>
    </p>
   </div>
   <div class='ocr_carea' id='block_1_83' title="bbox 2268 3546 3792 3632">
    <p class='ocr_par' dir='ltr' id='par_1_83' title="bbox 2268 3546 3792 3632">
     <span class='ocr_line' id='line_1_83' title="bbox 2268 3546 3792 3632; baseline 0.011 -33"><span class='ocrx_word' id='word_1_580' title='bbox 2268 3546 2393 3601; x_wconf 91' lang='lat' dir='ltr'><strong>liter</strong></span> <span class='ocrx_word' id='word_1_581' title='bbox 2437 3551 2694 3607; x_wconf 88' lang='lat' dir='ltr'><strong>coalescit</strong></span> <span class='ocrx_word' id='word_1_582' title='bbox 2750 3556 2912 3612; x_wconf 90' lang='lat' dir='ltr'><strong>calor.</strong></span> <span class='ocrx_word' id='word_1_583' title='bbox 2969 3571 3025 3615; x_wconf 90' lang='lat' dir='ltr'><strong>et</strong></span> <span class='ocrx_word' id='word_1_584' title='bbox 3067 3563 3295 3632; x_wconf 86' lang='lat' dir='ltr'><strong>physice</strong></span> <span class='ocrx_word' id='word_1_585' title='bbox 3345 3578 3696 3621; x_wconf 88' lang='lat' dir='ltr'><strong>veteranorum</strong></span> <span class='ocrx_word' id='word_1_586' title='bbox 3734 3564 3792 3616; x_wconf 87' lang='lat' dir='ltr'><strong>in-</strong></span> 
     </span>
    </p>
   </div>
   <div class='ocr_carea' id='block_1_84' title="bbox 2267 3637 3790 3726">
    <p class='ocr_par' dir='ltr' id='par_1_84' title="bbox 2267 3637 3790 3726">
     <span class='ocr_line' id='line_1_84' title="bbox 2267 3637 3790 3726; baseline 0.009 -36"><span class='ocrx_word' id='word_1_587' title='bbox 2267 3637 2564 3695; x_wconf 76' lang='lat' dir='ltr'><strong>eﬁicaciam</strong></span> <span class='ocrx_word' id='word_1_588' title='bbox 2612 3644 2682 3698; x_wconf 90' lang='lat' dir='ltr'><strong>ad</strong></span> <span class='ocrx_word' id='word_1_589' title='bbox 2735 3646 3063 3716; x_wconf 84' lang='lat' dir='ltr'><strong>gignendum</strong></span> <span class='ocrx_word' id='word_1_590' title='bbox 3095 3652 3271 3721; x_wconf 88' lang='lat' dir='ltr'><strong>juvat,</strong></span> <span class='ocrx_word' id='word_1_591' title='bbox 3329 3656 3457 3711; x_wconf 91' lang='lat' dir='ltr'><strong>dum</strong></span> <span class='ocrx_word' id='word_1_592' title='bbox 3497 3656 3626 3726; x_wconf 90' lang='lat' dir='ltr'><strong>quod</strong></span> <span class='ocrx_word' id='word_1_593' title='bbox 3661 3655 3702 3707; x_wconf 91' lang='lat' dir='ltr'><strong>in</strong></span> <span class='ocrx_word' id='word_1_594' title='bbox 3730 3652 3790 3705; x_wconf 71' lang='lat' dir='ltr'><strong>his</strong></span> 
     </span>
    </p>
   </div>
   <div class='ocr_carea' id='block_1_85' title="bbox 2265 3729 3788 3815">
    <p class='ocr_par' dir='ltr' id='par_1_85' title="bbox 2265 3729 3788 3815">
     <span class='ocr_line' id='line_1_85' title="bbox 2265 3729 3788 3815; baseline 0.012 -36"><span class='ocrx_word' id='word_1_595' title='bbox 2265 3729 2568 3795; x_wconf 76' lang='lat' dir='ltr'><strong>congelatio</strong></span> <span class='ocrx_word' id='word_1_596' title='bbox 2622 3736 2901 3802; x_wconf 81' lang='lat' dir='ltr'><strong>sanguinis</strong></span> <span class='ocrx_word' id='word_1_597' title='bbox 2931 3738 3174 3810; x_wconf 90' lang='lat' dir='ltr'><strong>impedit,</strong></span> <span class='ocrx_word' id='word_1_598' title='bbox 3230 3743 3289 3797; x_wconf 90' lang='lat' dir='ltr'><strong>in</strong></span> <span class='ocrx_word' id='word_1_599' title='bbox 3331 3746 3515 3800; x_wconf 89' lang='lat' dir='ltr'><strong>alteris</strong></span> <span class='ocrx_word' id='word_1_600' title='bbox 3557 3746 3788 3815; x_wconf 67' lang='lat' dir='ltr'><strong>primaavus</strong></span> 
     </span>
    </p>
   </div>
   <div class='ocr_carea' id='block_1_86' title="bbox 2264 3816 3787 3906">
    <p class='ocr_par' dir='ltr' id='par_1_86' title="bbox 2264 3816 3787 3906">
     <span class='ocr_line' id='line_1_86' title="bbox 2264 3816 3787 3906; baseline 0.016 -37"><span class='ocrx_word' id='word_1_601' title='bbox 2264 3816 2447 3873; x_wconf 84' lang='lat' dir='ltr'><strong>fervor</strong></span> <span class='ocrx_word' id='word_1_602' title='bbox 2484 3822 2739 3893; x_wconf 76' lang='lat' dir='ltr'><strong>explicat.</strong></span> <span class='ocrx_word' id='word_1_603' title='bbox 2789 3826 2846 3882; x_wconf 89' lang='lat' dir='ltr'><strong>In</strong></span> <span class='ocrx_word' id='word_1_604' title='bbox 2905 3844 3118 3888; x_wconf 87' lang='lat' dir='ltr'><strong>summe</strong></span> <span class='ocrx_word' id='word_1_605' title='bbox 3156 3849 3287 3904; x_wconf 80' lang='lat' dir='ltr'><strong>ergo</strong></span> <span class='ocrx_word' id='word_1_606' title='bbox 3333 3838 3609 3906; x_wconf 85' lang='lat' dir='ltr'><strong>decrepitis</strong></span> <span class='ocrx_word' id='word_1_607' title='bbox 3651 3832 3787 3892; x_wconf 72' lang='lat' dir='ltr'><strong>resﬁl</strong></span> 
     </span>
    </p>
   </div>
   <div class='ocr_carea' id='block_1_87' title="bbox 2265 3914 3788 3984">
    <p class='ocr_par' dir='ltr' id='par_1_87' title="bbox 2265 3914 3788 3984">
     <span class='ocr_line' id='line_1_87' title="bbox 2265 3914 3788 3984; baseline 0.009 -21"><span class='ocrx_word' id='word_1_608' title='bbox 2265 3920 2519 3979; x_wconf 81' lang='lat' dir='ltr'><strong>prompta</strong></span> <span class='ocrx_word' id='word_1_609' title='bbox 2578 3914 2866 3984; x_wconf 90' lang='lat' dir='ltr'><strong>miraculo,</strong></span> <span class='ocrx_word' id='word_1_610' title='bbox 2918 3920 3046 3976; x_wconf 91' lang='lat' dir='ltr'><strong>dum</strong></span> <span class='ocrx_word' id='word_1_611' title='bbox 3110 3924 3240 3980; x_wconf 90' lang='lat' dir='ltr'><strong>hinc</strong></span> <span class='ocrx_word' id='word_1_612' title='bbox 3288 3927 3598 3983; x_wconf 89' lang='lat' dir='ltr'><strong>mulieribus</strong></span> <span class='ocrx_word' id='word_1_613' title='bbox 3638 3934 3788 3980; x_wconf 59' lang='lat' dir='ltr'><strong>tremeo</strong></span> 
     </span>
    </p>
   </div>
   <div class='ocr_carea' id='block_1_88' title="bbox 2262 4001 3784 4089">
    <p class='ocr_par' dir='ltr' id='par_1_88' title="bbox 2262 4001 3784 4089">
     <span class='ocr_line' id='line_1_88' title="bbox 2262 4001 3784 4089; baseline 0.009 -35"><span class='ocrx_word' id='word_1_614' title='bbox 2262 4001 2445 4057; x_wconf 87' lang='lat' dir='ltr'><strong>bundo</strong></span> <span class='ocrx_word' id='word_1_615' title='bbox 2490 4003 2604 4073; x_wconf 89' lang='lat' dir='ltr'><strong>jam</strong></span> <span class='ocrx_word' id='word_1_616' title='bbox 2656 4011 2809 4065; x_wconf 91' lang='lat' dir='ltr'><strong>senio</strong></span> <span class='ocrx_word' id='word_1_617' title='bbox 2860 4027 2968 4067; x_wconf 93' lang='lat' dir='ltr'><strong>non</strong></span> <span class='ocrx_word' id='word_1_618' title='bbox 3018 4015 3281 4073; x_wconf 88' lang='lat' dir='ltr'><strong>incidenti</strong></span> <span class='ocrx_word' id='word_1_619' title='bbox 3322 4018 3499 4089; x_wconf 87' lang='lat' dir='ltr'><strong>aliqua</strong></span> <span class='ocrx_word' id='word_1_620' title='bbox 3533 4018 3784 4073; x_wconf 81' lang='lat' dir='ltr'><strong>inﬁrmitate</strong></span> 
     </span>
    </p>
   </div>
   <div class='ocr_carea' id='block_1_89' title="bbox 2264 4096 3782 4166">
    <p class='ocr_par' dir='ltr' id='par_1_89' title="bbox 2264 4096 3782 4166">
     <span class='ocr_line' id='line_1_89' title="bbox 2264 4096 3782 4166; baseline 0.009 -20"><span class='ocrx_word' id='word_1_621' title='bbox 2264 4096 2606 4163; x_wconf 87' lang='lat' dir='ltr'><strong>vacantibus,</strong></span> <span class='ocrx_word' id='word_1_622' title='bbox 2646 4100 2795 4156; x_wconf 88' lang='lat' dir='ltr'><strong>illinc</strong></span> <span class='ocrx_word' id='word_1_623' title='bbox 2824 4104 3033 4161; x_wconf 89' lang='lat' dir='ltr'><strong>viribus</strong></span> <span class='ocrx_word' id='word_1_624' title='bbox 3062 4122 3090 4160; x_wconf 92' lang='lat' dir='ltr'><strong>a</strong></span> <span class='ocrx_word' id='word_1_625' title='bbox 3115 4108 3277 4164; x_wconf 91' lang='lat' dir='ltr'><strong>solito</strong></span> <span class='ocrx_word' id='word_1_626' title='bbox 3309 4112 3490 4166; x_wconf 88' lang='lat' dir='ltr'><strong>calore</strong></span> <span class='ocrx_word' id='word_1_627' title='bbox 3524 4127 3582 4165; x_wconf 87' lang='lat' dir='ltr'><strong>ac</strong></span> <span class='ocrx_word' id='word_1_628' title='bbox 3609 4111 3782 4163; x_wconf 83' lang='lat' dir='ltr'><strong>humore</strong></span> 
     </span>
    </p>
   </div>
   <div class='ocr_carea' id='block_1_90' title="bbox 2262 4186 3827 4273">
    <p class='ocr_par' dir='ltr' id='par_1_90' title="bbox 2262 4186 3827 4273">
     <span class='ocr_line' id='line_1_90' title="bbox 2262 4186 3827 4273; baseline 0.006 -32"><span class='ocrx_word' id='word_1_629' title='bbox 2262 4186 2561 4255; x_wconf 83' lang='lat' dir='ltr'><strong>exhaustis,</strong></span> <span class='ocrx_word' id='word_1_630' title='bbox 2609 4194 2743 4247; x_wconf 86' lang='lat' dir='ltr'><strong>nihil</strong></span> <span class='ocrx_word' id='word_1_631' title='bbox 2787 4205 2871 4251; x_wconf 91' lang='lat' dir='ltr'><strong>est</strong></span> <span class='ocrx_word' id='word_1_632' title='bbox 2915 4198 3159 4267; x_wconf 89' lang='lat' dir='ltr'><strong>profecto</strong></span> <span class='ocrx_word' id='word_1_633' title='bbox 3196 4203 3403 4259; x_wconf 89' lang='lat' dir='ltr'><strong>residui</strong></span> <span class='ocrx_word' id='word_1_634' title='bbox 3454 4204 3587 4273; x_wconf 90' lang='lat' dir='ltr'><strong>quod</strong></span> <span class='ocrx_word' id='word_1_635' title='bbox 3626 4210 3781 4256; x_wconf 85' lang='lat' dir='ltr'><strong>motum</strong></span> <span class='ocrx_word' id='word_1_636' title='bbox 3823 4223 3827 4227; x_wconf 58' lang='grc' dir='ltr'><strong><em>ι</em></strong></span> 
     </span>
    </p>
   </div>
   <div class='ocr_carea' id='block_1_91' title="bbox 2264 4275 3781 4360">
    <p class='ocr_par' dir='ltr' id='par_1_91' title="bbox 2264 4275 3781 4360">
     <span class='ocr_line' id='line_1_91' title="bbox 2264 4275 3781 4360; baseline 0.007 -31"><span class='ocrx_word' id='word_1_637' title='bbox 2264 4275 2602 4347; x_wconf 75' lang='lat' dir='ltr'><strong>cuiuspiam,</strong></span> <span class='ocrx_word' id='word_1_638' title='bbox 2658 4298 2763 4338; x_wconf 94' lang='lat' dir='ltr'><strong>non</strong></span> <span class='ocrx_word' id='word_1_639' title='bbox 2811 4288 2936 4342; x_wconf 90' lang='lat' dir='ltr'><strong>dico</strong></span> <span class='ocrx_word' id='word_1_640' title='bbox 2979 4289 3275 4360; x_wconf 90' lang='lat' dir='ltr'><strong>voluptatis</strong></span> <span class='ocrx_word' id='word_1_641' title='bbox 3372 4294 3464 4350; x_wconf 87' lang='lat' dir='ltr'><strong>sed</strong></span> <span class='ocrx_word' id='word_1_642' title='bbox 3516 4293 3589 4346; x_wconf 85' lang='lat' dir='ltr'><strong>vel</strong></span> <span class='ocrx_word' id='word_1_643' title='bbox 3626 4288 3781 4344; x_wconf 81' lang='lat' dir='ltr'><strong>tenuis-</strong></span> 
     </span>
    </p>
   </div>
   <div class='ocr_carea' id='block_1_92' title="bbox 2263 4368 3781 4440">
    <p class='ocr_par' dir='ltr' id='par_1_92' title="bbox 2263 4368 3781 4440">
     <span class='ocr_line' id='line_1_92' title="bbox 2263 4368 3781 4440; baseline 0.011 -19"><span class='ocrx_word' id='word_1_644' title='bbox 2263 4368 2418 4424; x_wconf 67' lang='lat' dir='ltr'><strong>simae</strong></span> <span class='ocrx_word' id='word_1_645' title='bbox 2456 4373 2750 4431; x_wconf 89' lang='lat' dir='ltr'><strong>voluntatis</strong></span> <span class='ocrx_word' id='word_1_646' title='bbox 2777 4381 3095 4436; x_wconf 85' lang='lat' dir='ltr'><strong>exsuscitet.</strong></span> <span class='ocrx_word' id='word_1_647' title='bbox 3129 4383 3284 4440; x_wconf 91' lang='lat' dir='ltr'><strong>Unde</strong></span> <span class='ocrx_word' id='word_1_648' title='bbox 3329 4385 3529 4440; x_wconf 86' lang='lat' dir='ltr'><strong>Paulus</strong></span> <span class='ocrx_word' id='word_1_649' title='bbox 3556 4383 3690 4438; x_wconf 85' lang='lat' dir='ltr'><strong>ﬁdem</strong></span> <span class='ocrx_word' id='word_1_650' title='bbox 3715 4392 3781 4432; x_wconf 79' lang='lat' dir='ltr'><strong>stl-</strong></span> 
     </span>
    </p>
   </div>
   <div class='ocr_carea' id='block_1_93' title="bbox 2264 4462 3778 4547">
    <p class='ocr_par' dir='ltr' id='par_1_93' title="bbox 2264 4462 3778 4547">
     <span class='ocr_line' id='line_1_93' title="bbox 2264 4462 3778 4547; baseline 0.017 -34"><span class='ocrx_word' id='word_1_651' title='bbox 2264 4474 2361 4528; x_wconf 93' lang='lat' dir='ltr'><strong>per</strong></span> <span class='ocrx_word' id='word_1_652' title='bbox 2421 4462 2526 4517; x_wconf 86' lang='lat' dir='ltr'><strong>hoc</strong></span> <span class='ocrx_word' id='word_1_653' title='bbox 2587 4465 2821 4523; x_wconf 67' lang='lat' dir='ltr'><strong>Abrahae</strong></span> <span class='ocrx_word' id='word_1_654' title='bbox 2886 4470 2971 4525; x_wconf 87' lang='lat' dir='ltr'><strong>vel</strong></span> <span class='ocrx_word' id='word_1_655' title='bbox 3014 4473 3360 4541; x_wconf 89' lang='lat' dir='ltr'><strong>potissimum</strong></span> <span class='ocrx_word' id='word_1_656' title='bbox 3414 4476 3612 4547; x_wconf 86' lang='lat' dir='ltr'><strong>probat,</strong></span> <span class='ocrx_word' id='word_1_657' title='bbox 3673 4464 3778 4537; x_wconf 73' lang='grc' dir='ltr'><strong>(ιιιοά</strong></span> 
     </span>
    </p>
   </div>
   <div class='ocr_carea' id='block_1_94' title="bbox 579 4535 2188 4626">
    <p class='ocr_par' dir='ltr' id='par_1_94' title="bbox 579 4543 2152 4614">
     <span class='ocr_line' id='line_1_94' title="bbox 579 4543 2152 4614; baseline 0.015 -23"><span class='ocrx_word' id='word_1_658' title='bbox 579 4554 716 4605; x_wconf 92' lang='lat' dir='ltr'><strong>rum,</strong></span> <span class='ocrx_word' id='word_1_659' title='bbox 761 4551 837 4595; x_wconf 91' lang='lat' dir='ltr'><strong>tot</strong></span> <span class='ocrx_word' id='word_1_660' title='bbox 873 4543 986 4598; x_wconf 87' lang='lat' dir='ltr'><strong>fere</strong></span> <span class='ocrx_word' id='word_1_661' title='bbox 1020 4559 1274 4604; x_wconf 88' lang='lat' dir='ltr'><strong>constant</strong></span> <span class='ocrx_word' id='word_1_662' title='bbox 1322 4551 1463 4605; x_wconf 90' lang='lat' dir='ltr'><strong>modi</strong></span> <span class='ocrx_word' id='word_1_663' title='bbox 1515 4562 1751 4609; x_wconf 84' lang='lat' dir='ltr'><strong>statuunt</strong></span> <span class='ocrx_word' id='word_1_664' title='bbox 1797 4557 2152 4614; x_wconf 82' lang='lat' dir='ltr'><strong>internarum.</strong></span> 
     </span>
    </p>
   </div>
   <div class='ocr_carea' id='block_1_95' title="bbox 2275 4535 3777 4626">
    <p class='ocr_par' dir='ltr' id='par_1_95' title="bbox 2275 4560 3777 4626">
     <span class='ocr_line' id='line_1_95' title="bbox 2275 4560 3777 4626; baseline 0.01 -23"><span class='ocrx_word' id='word_1_665' title='bbox 2275 4565 2555 4608; x_wconf 71' lang='lat' dir='ltr'><strong>emortuum</strong></span> <span class='ocrx_word' id='word_1_666' title='bbox 2590 4572 2778 4626; x_wconf 75' lang='lat' dir='ltr'><strong>corpus</strong></span> <span class='ocrx_word' id='word_1_667' title='bbox 2827 4576 2980 4614; x_wconf 75' lang='lat' dir='ltr'><strong>suum</strong></span> <span class='ocrx_word' id='word_1_668' title='bbox 3016 4574 3062 4616; x_wconf 83' lang='lat' dir='ltr'><strong>et</strong></span> <span class='ocrx_word' id='word_1_669' title='bbox 3108 4577 3404 4620; x_wconf 81' lang='lat' dir='ltr'><strong>emortuam</strong></span> <span class='ocrx_word' id='word_1_670' title='bbox 3448 4566 3634 4619; x_wconf 78' lang='lat' dir='ltr'><strong>vulvam</strong></span> <span class='ocrx_word' id='word_1_671' title='bbox 3665 4560 3777 4614; x_wconf 69' lang='lat' dir='ltr'><strong>Sam</strong></span> 
     </span>
    </p>
   </div>
   <div class='ocr_carea' id='block_1_96' title="bbox 579 4623 2153 4712">
    <p class='ocr_par' dir='ltr' id='par_1_96' title="bbox 579 4623 2153 4712">
     <span class='ocr_line' id='line_1_96' title="bbox 579 4623 2153 4712; baseline 0.017 -37"><span class='ocrx_word' id='word_1_672' title='bbox 579 4623 887 4680; x_wconf 81' lang='lat' dir='ltr'><strong>Secundum</strong></span> <span class='ocrx_word' id='word_1_673' title='bbox 944 4645 1215 4700; x_wconf 80' lang='lat' dir='ltr'><strong>propriam</strong></span> <span class='ocrx_word' id='word_1_674' title='bbox 1269 4637 1471 4691; x_wconf 91' lang='lat' dir='ltr'><strong>etenim</strong></span> <span class='ocrx_word' id='word_1_675' title='bbox 1537 4639 1801 4710; x_wconf 88' lang='lat' dir='ltr'><strong>cujusque</strong></span> <span class='ocrx_word' id='word_1_676' title='bbox 1856 4644 2153 4712; x_wconf 86' lang='lat' dir='ltr'><strong>virtutem,</strong></span> 
     </span>
    </p>
   </div>
   <div class='ocr_carea' id='block_1_97' title="bbox 572 4711 2155 4802">
    <p class='ocr_par' dir='ltr' id='par_1_97' title="bbox 572 4711 2155 4802">
     <span class='ocr_line' id='line_1_97' title="bbox 572 4711 2155 4802; baseline 0.017 -38"><span class='ocrx_word' id='word_1_677' title='bbox 572 4711 726 4780; x_wconf 85' lang='lat' dir='ltr'><strong>juxta</strong></span> <span class='ocrx_word' id='word_1_678' title='bbox 763 4714 1112 4787; x_wconf 84' lang='lat' dir='ltr'><strong>Evangelium</strong></span> <span class='ocrx_word' id='word_1_679' title='bbox 1163 4724 1231 4780; x_wconf 91' lang='lat' dir='ltr'><strong>de</strong></span> <span class='ocrx_word' id='word_1_680' title='bbox 1264 4726 1482 4783; x_wconf 87' lang='lat' dir='ltr'><strong>talentis</strong></span> <span class='ocrx_word' id='word_1_681' title='bbox 1532 4730 1749 4799; x_wconf 82' lang='lat' dir='ltr'><strong>(Matth.</strong></span> <span class='ocrx_word' id='word_1_682' title='bbox 1778 4749 1904 4797; x_wconf 83' lang='lat' dir='ltr'><strong>xxv,</strong></span> <span class='ocrx_word' id='word_1_683' title='bbox 1937 4736 2047 4802; x_wconf 81' lang='grc'><strong>15),</strong></span> <span class='ocrx_word' id='word_1_684' title='bbox 2090 4711 2155 4790; x_wconf 47' lang='lat' dir='ltr'><strong>li?</strong></span> 
     </span>
    </p>
   </div>
   <div class='ocr_carea' id='block_1_98' title="bbox 578 4806 2153 4897">
    <p class='ocr_par' dir='ltr' id='par_1_98' title="bbox 578 4806 2153 4897">
     <span class='ocr_line' id='line_1_98' title="bbox 578 4806 2153 4897; baseline 0.015 -38"><span class='ocrx_word' id='word_1_685' title='bbox 578 4806 796 4875; x_wconf 88' lang='lat' dir='ltr'><strong>deique,</strong></span> <span class='ocrx_word' id='word_1_686' title='bbox 830 4807 987 4877; x_wconf 82' lang='lat' dir='ltr'><strong>juxta</strong></span> <span class='ocrx_word' id='word_1_687' title='bbox 1015 4813 1356 4882; x_wconf 87' lang='lat' dir='ltr'><strong>Apostolum,</strong></span> <span class='ocrx_word' id='word_1_688' title='bbox 1389 4833 1699 4875; x_wconf 85' lang='lat' dir='ltr'><strong>mensuram</strong></span> <span class='ocrx_word' id='word_1_689' title='bbox 1731 4822 1910 4893; x_wconf 86' lang='lat' dir='ltr'><strong>(Rom.</strong></span> <span class='ocrx_word' id='word_1_690' title='bbox 1940 4841 2041 4891; x_wconf 83' lang='lat' dir='ltr'><strong>xu,</strong></span> <span class='ocrx_word' id='word_1_691' title='bbox 2073 4827 2153 4897; x_wconf 78' lang='grc'><strong>5),</strong></span> 
     </span>
    </p>
   </div>
   <div class='ocr_carea' id='block_1_99' title="bbox 576 4895 2151 4983">
    <p class='ocr_par' dir='ltr' id='par_1_99' title="bbox 576 4895 2151 4983">
     <span class='ocr_line' id='line_1_99' title="bbox 576 4895 2151 4983; baseline 0.013 -33"><span class='ocrx_word' id='word_1_692' title='bbox 576 4895 627 4950; x_wconf 90' lang='lat' dir='ltr'><strong>id</strong></span> <span class='ocrx_word' id='word_1_693' title='bbox 657 4906 741 4953; x_wconf 91' lang='lat' dir='ltr'><strong>est</strong></span> <span class='ocrx_word' id='word_1_694' title='bbox 759 4900 1057 4955; x_wconf 90' lang='lat' dir='ltr'><strong>secundum</strong></span> <span class='ocrx_word' id='word_1_695' title='bbox 1088 4905 1230 4972; x_wconf 89' lang='lat' dir='ltr'><strong>quod</strong></span> <span class='ocrx_word' id='word_1_696' title='bbox 1260 4921 1531 4979; x_wconf 88' lang='lat' dir='ltr'><strong>quemque</strong></span> <span class='ocrx_word' id='word_1_697' title='bbox 1550 4926 1746 4982; x_wconf 89' lang='lat' dir='ltr'><strong>capere</strong></span> <span class='ocrx_word' id='word_1_698' title='bbox 1774 4916 2026 4983; x_wconf 89' lang='lat' dir='ltr'><strong>possibile</strong></span> <span class='ocrx_word' id='word_1_699' title='bbox 2049 4895 2151 4982; x_wconf 86' lang='lat' dir='ltr'><strong>est,</strong></span> 
     </span>
    </p>
   </div>
   <div class='ocr_carea' id='block_1_100' title="bbox 575 4990 2151 5081">
    <p class='ocr_par' dir='ltr' id='par_1_100' title="bbox 575 4990 2151 5081">
     <span class='ocr_line' id='line_1_100' title="bbox 575 4990 2151 5081; baseline 0.016 -38"><span class='ocrx_word' id='word_1_700' title='bbox 575 4990 946 5048; x_wconf 87' lang='lat' dir='ltr'><strong>muniﬁcentia</strong></span> <span class='ocrx_word' id='word_1_701' title='bbox 989 4993 1083 5049; x_wconf 91' lang='lat' dir='ltr'><strong>Dei</strong></span> <span class='ocrx_word' id='word_1_702' title='bbox 1117 5006 1221 5051; x_wconf 88' lang='lat' dir='ltr'><strong>est.</strong></span> <span class='ocrx_word' id='word_1_703' title='bbox 1267 4998 1400 5070; x_wconf 77' lang='lat' dir='ltr'><strong>lpsze</strong></span> <span class='ocrx_word' id='word_1_704' title='bbox 1430 5018 1644 5073; x_wconf 91' lang='lat' dir='ltr'><strong>quoque</strong></span> <span class='ocrx_word' id='word_1_705' title='bbox 1687 5009 2015 5076; x_wconf 86' lang='lat' dir='ltr'><strong>capacitates</strong></span> <span class='ocrx_word' id='word_1_706' title='bbox 2055 5027 2151 5081; x_wconf 83' lang='lat' dir='ltr'><strong>pro</strong></span> 
     </span>
    </p>
   </div>
   <div class='ocr_carea' id='block_1_101' title="bbox 572 5086 2154 5174">
    <p class='ocr_par' dir='ltr' id='par_1_101' title="bbox 572 5086 2154 5174">
     <span class='ocr_line' id='line_1_101' title="bbox 572 5086 2154 5174; baseline 0.016 -43"><span class='ocrx_word' id='word_1_707' title='bbox 572 5095 862 5150; x_wconf 82' lang='lat' dir='ltr'><strong>corporum</strong></span> <span class='ocrx_word' id='word_1_708' title='bbox 906 5086 1321 5159; x_wconf 88' lang='lat' dir='ltr'><strong>animorumque</strong></span> <span class='ocrx_word' id='word_1_709' title='bbox 1364 5094 1638 5174; x_wconf 74' lang='lat' dir='ltr'><strong>aetatibus,</strong></span> <span class='ocrx_word' id='word_1_710' title='bbox 1684 5108 1774 5152; x_wconf 90' lang='lat' dir='ltr'><strong>aut</strong></span> <span class='ocrx_word' id='word_1_711' title='bbox 1820 5100 2154 5156; x_wconf 85' lang='lat' dir='ltr'><strong>deterioran-</strong></span> 
     </span>
    </p>
   </div>
   <div class='ocr_carea' id='block_1_102' title="bbox 575 5178 2150 5250">
    <p class='ocr_par' dir='ltr' id='par_1_102' title="bbox 575 5178 2150 5250">
     <span class='ocr_line' id='line_1_102' title="bbox 575 5178 2150 5250; baseline 0.019 -29"><span class='ocrx_word' id='word_1_712' title='bbox 575 5178 690 5235; x_wconf 89' lang='lat' dir='ltr'><strong>tur,</strong></span> <span class='ocrx_word' id='word_1_713' title='bbox 746 5180 841 5228; x_wconf 88' lang='lat' dir='ltr'><strong>aut</strong></span> <span class='ocrx_word' id='word_1_714' title='bbox 881 5186 1149 5236; x_wconf 89' lang='lat' dir='ltr'><strong>crescunt.</strong></span> <span class='ocrx_word' id='word_1_715' title='bbox 1201 5179 1371 5237; x_wconf 87' lang='lat' dir='ltr'><strong>Aliter</strong></span> <span class='ocrx_word' id='word_1_716' title='bbox 1419 5184 1563 5238; x_wconf 90' lang='lat' dir='ltr'><strong>enim</strong></span> <span class='ocrx_word' id='word_1_717' title='bbox 1606 5188 1776 5242; x_wconf 91' lang='lat' dir='ltr'><strong>sensit</strong></span> <span class='ocrx_word' id='word_1_718' title='bbox 1828 5188 2061 5247; x_wconf 79' lang='lat' dir='ltr'><strong>Joannes</strong></span> <span class='ocrx_word' id='word_1_719' title='bbox 2093 5194 2150 5250; x_wconf 87' lang='lat' dir='ltr'><strong>in</strong></span> 
     </span>
    </p>
   </div>
   <div class='ocr_carea' id='block_1_103' title="bbox 572 5263 2150 5341">
    <p class='ocr_par' dir='ltr' id='par_1_103' title="bbox 572 5263 2150 5341">
     <span class='ocr_line' id='line_1_103' title="bbox 572 5263 2150 5341; baseline 0.02 -32"><span class='ocrx_word' id='word_1_720' title='bbox 572 5275 760 5326; x_wconf 84' lang='lat' dir='ltr'><strong>puero,</strong></span> <span class='ocrx_word' id='word_1_721' title='bbox 809 5263 968 5319; x_wconf 89' lang='lat' dir='ltr'><strong>aliter</strong></span> <span class='ocrx_word' id='word_1_722' title='bbox 1015 5282 1246 5337; x_wconf 91' lang='lat' dir='ltr'><strong>corpore</strong></span> <span class='ocrx_word' id='word_1_723' title='bbox 1298 5272 1564 5328; x_wconf 82' lang='lat' dir='ltr'><strong>intellexit</strong></span> <span class='ocrx_word' id='word_1_724' title='bbox 1616 5277 1819 5335; x_wconf 89' lang='lat' dir='ltr'><strong>adulto.</strong></span> <span class='ocrx_word' id='word_1_725' title='bbox 1865 5282 2150 5341; x_wconf 90' lang='lat' dir='ltr'><strong>Plenitudo</strong></span> 
     </span>
    </p>
   </div>
   <div class='ocr_carea' id='block_1_104' title="bbox 574 5346 2144 5439">
    <p class='ocr_par' dir='ltr' id='par_1_104' title="bbox 574 5346 2144 5439">
     <span class='ocr_line' id='line_1_104' title="bbox 574 5346 2144 5439; baseline 0.023 -41"><span class='ocrx_word' id='word_1_726' title='bbox 574 5346 851 5419; x_wconf 84' lang='lat' dir='ltr'><strong>igiturpro</strong></span> <span class='ocrx_word' id='word_1_727' title='bbox 872 5357 1223 5423; x_wconf 89' lang='lat' dir='ltr'><strong>qualitatibus</strong></span> <span class='ocrx_word' id='word_1_728' title='bbox 1251 5365 1513 5419; x_wconf 87' lang='lat' dir='ltr'><strong>mentium</strong></span> <span class='ocrx_word' id='word_1_729' title='bbox 1544 5368 1727 5424; x_wconf 90' lang='lat' dir='ltr'><strong>multis</strong></span> <span class='ocrx_word' id='word_1_730' title='bbox 1757 5373 1978 5439; x_wconf 90' lang='lat' dir='ltr'><strong>accidit,</strong></span> <span class='ocrx_word' id='word_1_731' title='bbox 2015 5377 2144 5433; x_wconf 89' lang='lat' dir='ltr'><strong>dum</strong></span> 
     </span>
    </p>
   </div>
   <div class='ocr_carea' id='block_1_105' title="bbox 542 5437 2151 5533">
    <p class='ocr_par' dir='ltr' id='par_1_105' title="bbox 542 5437 2151 5533">
     <span class='ocr_line' id='line_1_105' title="bbox 542 5437 2151 5533; baseline 0.021 -47"><span class='ocrx_word' id='word_1_732' title='bbox 542 5466 543 5469; x_wconf 60' lang='grc' dir='ltr'><strong>η</strong></span> <span class='ocrx_word' id='word_1_733' title='bbox 572 5437 802 5507; x_wconf 85' lang='lat' dir='ltr'><strong>quisque</strong></span> <span class='ocrx_word' id='word_1_734' title='bbox 830 5458 930 5511; x_wconf 87' lang='lat' dir='ltr'><strong>pro</strong></span> <span class='ocrx_word' id='word_1_735' title='bbox 962 5445 1055 5500; x_wconf 86' lang='lat' dir='ltr'><strong>Dei</strong></span> <span class='ocrx_word' id='word_1_736' title='bbox 1085 5464 1327 5519; x_wconf 90' lang='lat' dir='ltr'><strong>munere,</strong></span> <span class='ocrx_word' id='word_1_737' title='bbox 1362 5464 1414 5508; x_wconf 91' lang='lat' dir='ltr'><strong>et</strong></span> <span class='ocrx_word' id='word_1_738' title='bbox 1441 5472 1539 5510; x_wconf 84' lang='lat' dir='ltr'><strong>sua</strong></span> <span class='ocrx_word' id='word_1_739' title='bbox 1567 5463 1854 5518; x_wconf 88' lang='lat' dir='ltr'><strong>devotione</strong></span> <span class='ocrx_word' id='word_1_740' title='bbox 1903 5464 2022 5533; x_wconf 92' lang='lat' dir='ltr'><strong>plus</strong></span> <span class='ocrx_word' id='word_1_741' title='bbox 2051 5467 2151 5520; x_wconf 87' lang='lat' dir='ltr'><strong>mi-</strong></span> 
     </span>
    </p>
   </div>
   <div class='ocr_carea' id='block_1_106' title="bbox 570 5534 2151 5615">
    <p class='ocr_par' dir='ltr' id='par_1_106' title="bbox 570 5534 2151 5615">
     <span class='ocr_line' id='line_1_106' title="bbox 570 5534 2151 5615; baseline 0.023 -36"><span class='ocrx_word' id='word_1_742' title='bbox 570 5542 744 5585; x_wconf 82' lang='lat' dir='ltr'><strong>nusve</strong></span> <span class='ocrx_word' id='word_1_743' title='bbox 775 5534 988 5601; x_wconf 87' lang='lat' dir='ltr'><strong>recipit.</strong></span> <span class='ocrx_word' id='word_1_744' title='bbox 1014 5536 1165 5593; x_wconf 89' lang='lat' dir='ltr'><strong>Sicut</strong></span> <span class='ocrx_word' id='word_1_745' title='bbox 1187 5542 1333 5597; x_wconf 90' lang='lat' dir='ltr'><strong>enim</strong></span> <span class='ocrx_word' id='word_1_746' title='bbox 1363 5547 1769 5605; x_wconf 82' lang='lat' dir='ltr'><strong>eomedentium</strong></span> <span class='ocrx_word' id='word_1_747' title='bbox 1804 5564 2023 5612; x_wconf 86' lang='lat' dir='ltr'><strong>ventres</strong></span> <span class='ocrx_word' id='word_1_748' title='bbox 2045 5557 2151 5615; x_wconf 87' lang='lat' dir='ltr'><strong>dis-</strong></span> 
     </span>
    </p>
   </div>
   <div class='ocr_carea' id='block_1_107' title="bbox 642 5684 1773 5776">
    <p class='ocr_par' dir='ltr' id='par_1_107' title="bbox 642 5684 1773 5776">
     <span class='ocr_line' id='line_1_107' title="bbox 642 5684 1773 5776; baseline 0.019 -38"><span class='ocrx_word' id='word_1_749' title='bbox 642 5684 755 5755; x_wconf 68' lang='lat'><strong>(25)</strong></span> <span class='ocrx_word' id='word_1_750' title='bbox 793 5689 920 5745; x_wconf 72' lang='lat' dir='ltr'><strong>Vide</strong></span> <span class='ocrx_word' id='word_1_751' title='bbox 947 5702 1128 5749; x_wconf 87' lang='lat' dir='ltr'><strong>notam</strong></span> <span class='ocrx_word' id='word_1_752' title='bbox 1154 5698 1167 5727; x_wconf 72' lang='grc' dir='ltr'>ί</span> <span class='ocrx_word' id='word_1_753' title='bbox 1200 5698 1265 5752; x_wconf 86' lang='lat' dir='ltr'><strong>ad</strong></span> <span class='ocrx_word' id='word_1_754' title='bbox 1294 5700 1493 5757; x_wconf 87' lang='lat' dir='ltr'><strong>calcem</strong></span> <span class='ocrx_word' id='word_1_755' title='bbox 1520 5705 1773 5776; x_wconf 83' lang='lat' dir='ltr'><strong>Operum.</strong></span> 
     </span>
    </p>
   </div>
   <div class='ocr_carea' id='block_1_108' title="bbox 2257 4644 3774 4726">
    <p class='ocr_par' dir='ltr' id='par_1_108' title="bbox 2257 4644 3774 4726">
     <span class='ocr_line' id='line_1_108' title="bbox 2257 4644 3774 4726; baseline 0.006 -29"><span class='ocrx_word' id='word_1_756' title='bbox 2257 4644 2459 4716; x_wconf 87' lang='lat' dir='ltr'><strong>(Rom.</strong></span> <span class='ocrx_word' id='word_1_757' title='bbox 2521 4662 2598 4713; x_wconf 89' lang='lat' dir='ltr'><strong>1v,</strong></span> <span class='ocrx_word' id='word_1_758' title='bbox 2654 4650 2765 4721; x_wconf 73' lang='lat' dir='ltr'><strong>i9)</strong></span> <span class='ocrx_word' id='word_1_759' title='bbox 2829 4652 3045 4720; x_wconf 88' lang='lat' dir='ltr'><strong>viderit,</strong></span> <span class='ocrx_word' id='word_1_760' title='bbox 3094 4664 3151 4709; x_wconf 90' lang='lat' dir='ltr'><strong>et</strong></span> <span class='ocrx_word' id='word_1_761' title='bbox 3202 4669 3391 4712; x_wconf 88' lang='lat' dir='ltr'><strong>contra</strong></span> <span class='ocrx_word' id='word_1_762' title='bbox 3444 4671 3583 4726; x_wconf 90' lang='lat' dir='ltr'><strong>spem</strong></span> <span class='ocrx_word' id='word_1_763' title='bbox 3624 4654 3667 4707; x_wconf 91' lang='lat' dir='ltr'><strong>in</strong></span> <span class='ocrx_word' id='word_1_764' title='bbox 3705 4660 3774 4716; x_wconf 79' lang='lat' dir='ltr'><strong>spe</strong></span> 
     </span>
    </p>
   </div>
   <div class='ocr_carea' id='block_1_109' title="bbox 2254 4735 3774 4818">
    <p class='ocr_par' dir='ltr' id='par_1_109' title="bbox 2254 4735 3774 4818">
     <span class='ocr_line' id='line_1_109' title="bbox 2254 4735 3774 4818; baseline 0.002 -29"><span class='ocrx_word' id='word_1_765' title='bbox 2254 4735 2571 4791; x_wconf 89' lang='lat' dir='ltr'><strong>crediderit.</strong></span> <span class='ocrx_word' id='word_1_766' title='bbox 2622 4738 2679 4793; x_wconf 92' lang='lat' dir='ltr'><strong>Si</strong></span> <span class='ocrx_word' id='word_1_767' title='bbox 2742 4749 2941 4809; x_wconf 71' lang='lat' dir='ltr'><strong>praeter</strong></span> <span class='ocrx_word' id='word_1_768' title='bbox 3010 4754 3220 4800; x_wconf 80' lang='lat' dir='ltr'><strong>natura:</strong></span> <span class='ocrx_word' id='word_1_769' title='bbox 3272 4747 3416 4818; x_wconf 88' lang='lat' dir='ltr'><strong>leges</strong></span> <span class='ocrx_word' id='word_1_770' title='bbox 3463 4748 3528 4801; x_wconf 91' lang='lat' dir='ltr'><strong>ab</strong></span> <span class='ocrx_word' id='word_1_771' title='bbox 3578 4741 3774 4799; x_wconf 82' lang='lat' dir='ltr'><strong>omnibus</strong></span> 
     </span>
    </p>
   </div>
   <div class='ocr_carea' id='block_1_110' title="bbox 2254 4830 3771 4909">
    <p class='ocr_par' dir='ltr' id='par_1_110' title="bbox 2254 4830 3771 4909">
     <span class='ocr_line' id='line_1_110' title="bbox 2254 4830 3771 4909; baseline 0.001 -27"><span class='ocrx_word' id='word_1_772' title='bbox 2254 4830 2557 4883; x_wconf 69' lang='lat' dir='ltr'><strong>mstimatur</strong></span> <span class='ocrx_word' id='word_1_773' title='bbox 2594 4832 2738 4900; x_wconf 89' lang='lat' dir='ltr'><strong>quod</strong></span> <span class='ocrx_word' id='word_1_774' title='bbox 2788 4836 2930 4902; x_wconf 88' lang='lat' dir='ltr'><strong>apud</strong></span> <span class='ocrx_word' id='word_1_775' title='bbox 2961 4834 3353 4909; x_wconf 78' lang='lat' dir='ltr'><strong>Hieronymum</strong></span> <span class='ocrx_word' id='word_1_776' title='bbox 3403 4855 3532 4909; x_wconf 91' lang='lat' dir='ltr'><strong>puer</strong></span> <span class='ocrx_word' id='word_1_777' title='bbox 3565 4830 3771 4891; x_wconf 82' lang='lat' dir='ltr'><strong>novennis</strong></span> 
     </span>
    </p>
   </div>
   <div class='ocr_carea' id='block_1_111' title="bbox 2255 4920 3771 4995">
    <p class='ocr_par' dir='ltr' id='par_1_111' title="bbox 2255 4920 3771 4995">
     <span class='ocr_line' id='line_1_111' title="bbox 2255 4920 3771 4995; baseline 0.003 -22"><span class='ocrx_word' id='word_1_778' title='bbox 2255 4935 2379 4974; x_wconf 93' lang='lat' dir='ltr'><strong>cum</strong></span> <span class='ocrx_word' id='word_1_779' title='bbox 2410 4921 2729 4978; x_wconf 88' lang='lat' dir='ltr'><strong>muliercula</strong></span> <span class='ocrx_word' id='word_1_780' title='bbox 2766 4925 2964 4993; x_wconf 89' lang='lat' dir='ltr'><strong>coisse,</strong></span> <span class='ocrx_word' id='word_1_781' title='bbox 2999 4937 3058 4982; x_wconf 92' lang='lat' dir='ltr'><strong>et</strong></span> <span class='ocrx_word' id='word_1_782' title='bbox 3087 4929 3295 4995; x_wconf 90' lang='lat' dir='ltr'><strong>prolem</strong></span> <span class='ocrx_word' id='word_1_783' title='bbox 3338 4930 3589 4985; x_wconf 86' lang='lat' dir='ltr'><strong>extulisse</strong></span> <span class='ocrx_word' id='word_1_784' title='bbox 3612 4920 3771 4980; x_wconf 77' lang='lat' dir='ltr'><strong>descri—</strong></span> 
     </span>
    </p>
   </div>
   <div class='ocr_carea' id='block_1_112' title="bbox 2256 5008 3765 5085">
    <p class='ocr_par' dir='ltr' id='par_1_112' title="bbox 2256 5008 3765 5085">
     <span class='ocr_line' id='line_1_112' title="bbox 2256 5008 3765 5085; baseline 0.005 -19"><span class='ocrx_word' id='word_1_785' title='bbox 2256 5011 2425 5078; x_wconf 89' lang='lat' dir='ltr'><strong>bitur,</strong></span> <span class='ocrx_word' id='word_1_786' title='bbox 2474 5015 2665 5078; x_wconf 90' lang='lat' dir='ltr'><strong>multo,</strong></span> <span class='ocrx_word' id='word_1_787' title='bbox 2712 5024 2771 5070; x_wconf 92' lang='lat' dir='ltr'><strong>ut</strong></span> <span class='ocrx_word' id='word_1_788' title='bbox 2810 5017 2891 5072; x_wconf 91' lang='lat' dir='ltr'><strong>sic</strong></span> <span class='ocrx_word' id='word_1_789' title='bbox 2925 5016 3126 5085; x_wconf 90' lang='lat' dir='ltr'><strong>dicam,</strong></span> <span class='ocrx_word' id='word_1_790' title='bbox 3172 5020 3533 5076; x_wconf 86' lang='lat' dir='ltr'><strong>exnaturalius</strong></span> <span class='ocrx_word' id='word_1_791' title='bbox 3566 5008 3765 5082; x_wconf 74' lang='lat' dir='ltr'><strong>estquotl</strong></span> 
     </span>
    </p>
   </div>
   <div class='ocr_carea' id='block_1_113' title="bbox 2257 5096 3766 5178">
    <p class='ocr_par' dir='ltr' id='par_1_113' title="bbox 2257 5096 3766 5178">
     <span class='ocr_line' id='line_1_113' title="bbox 2257 5096 3766 5178; baseline 0.003 -22"><span class='ocrx_word' id='word_1_792' title='bbox 2257 5102 2312 5156; x_wconf 82' lang='lat' dir='ltr'><strong>lii</strong></span> <span class='ocrx_word' id='word_1_793' title='bbox 2342 5143 2355 5167; x_wconf 94' lang='lat'><strong>,</strong></span> <span class='ocrx_word' id='word_1_794' title='bbox 2408 5105 2608 5173; x_wconf 89' lang='lat' dir='ltr'><strong>quibus</strong></span> <span class='ocrx_word' id='word_1_795' title='bbox 2651 5108 2829 5162; x_wconf 90' lang='lat' dir='ltr'><strong>omnis</strong></span> <span class='ocrx_word' id='word_1_796' title='bbox 2879 5108 3155 5178; x_wconf 82' lang='lat' dir='ltr'><strong>ingenitus</strong></span> <span class='ocrx_word' id='word_1_797' title='bbox 3205 5111 3383 5166; x_wconf 87' lang='lat' dir='ltr'><strong>fervor</strong></span> <span class='ocrx_word' id='word_1_798' title='bbox 3442 5108 3669 5169; x_wconf 86' lang='lat' dir='ltr'><strong>refrixit,</strong></span> <span class='ocrx_word' id='word_1_799' title='bbox 3717 5096 3766 5153; x_wconf 68' lang='lat' dir='ltr'><strong>ad</strong></span> 
     </span>
    </p>
   </div>
   <div class='ocr_carea' id='block_1_114' title="bbox 2254 5192 3764 5270">
    <p class='ocr_par' dir='ltr' id='par_1_114' title="bbox 2254 5192 3764 5270">
     <span class='ocr_line' id='line_1_114' title="bbox 2254 5192 3764 5270; baseline 0.007 -23"><span class='ocrx_word' id='word_1_800' title='bbox 2254 5192 2522 5264; x_wconf 84' lang='lat' dir='ltr'><strong>integrum</strong></span> <span class='ocrx_word' id='word_1_801' title='bbox 2592 5211 2692 5251; x_wconf 89' lang='lat' dir='ltr'><strong>nec</strong></span> <span class='ocrx_word' id='word_1_802' title='bbox 2743 5200 3057 5255; x_wconf 78' lang='lat' dir='ltr'><strong>alterutrius</strong></span> <span class='ocrx_word' id='word_1_803' title='bbox 3120 5203 3382 5258; x_wconf 90' lang='lat' dir='ltr'><strong>vivacitas</strong></span> <span class='ocrx_word' id='word_1_804' title='bbox 3460 5205 3617 5270; x_wconf 70' lang='lat' dir='ltr'><strong>potest</strong></span> <span class='ocrx_word' id='word_1_805' title='bbox 3671 5205 3764 5258; x_wconf 69' lang='lat'><strong>509‘</strong></span> 
     </span>
    </p>
   </div>
   <div class='ocr_carea' id='block_1_115' title="bbox 2253 5269 3763 5362">
    <p class='ocr_par' dir='ltr' id='par_1_115' title="bbox 2253 5269 3763 5362">
     <span class='ocr_line' id='line_1_115' title="bbox 2253 5269 3763 5362; baseline 0.009 -25"><span class='ocrx_word' id='word_1_806' title='bbox 2253 5269 2414 5351; x_wconf 85' lang='lat' dir='ltr'><strong>pleri,</strong></span> <span class='ocrx_word' id='word_1_807' title='bbox 2450 5295 2680 5354; x_wconf 88' lang='lat' dir='ltr'><strong>utroque</strong></span> <span class='ocrx_word' id='word_1_808' title='bbox 2732 5297 2980 5358; x_wconf 88' lang='lat' dir='ltr'><strong>torpente</strong></span> <span class='ocrx_word' id='word_1_809' title='bbox 3024 5306 3123 5362; x_wconf 89' lang='lat' dir='ltr'><strong>per</strong></span> <span class='ocrx_word' id='word_1_810' title='bbox 3165 5294 3392 5349; x_wconf 87' lang='lat' dir='ltr'><strong>alterum</strong></span> <span class='ocrx_word' id='word_1_811' title='bbox 3443 5269 3763 5362; x_wconf 64' lang='lat' dir='ltr'><strong>expergiﬁcuu‘</strong></span> 
     </span>
    </p>
   </div>
   <div class='ocr_carea' id='block_1_116' title="bbox 2254 5376 2703 5434">
    <p class='ocr_par' dir='ltr' id='par_1_116' title="bbox 2254 5376 2703 5434">
     <span class='ocr_line' id='line_1_116' title="bbox 2254 5376 2703 5434; baseline 0.009 -4"><span class='ocrx_word' id='word_1_812' title='bbox 2254 5386 2343 5431; x_wconf 90' lang='lat' dir='ltr'><strong>tur</strong></span> <span class='ocrx_word' id='word_1_813' title='bbox 2383 5379 2449 5433; x_wconf 89' lang='lat' dir='ltr'><strong>ad</strong></span> <span class='ocrx_word' id='word_1_814' title='bbox 2478 5376 2666 5434; x_wconf 87' lang='lat' dir='ltr'><strong>fetum.</strong></span> <span class='ocrx_word' id='word_1_815' title='bbox 2700 5388 2703 5389; x_wconf 67' lang='lat'><strong><em>&#39;</em></strong></span> 
     </span>
    </p>
   </div>
   <div class='ocr_carea' id='block_1_117' title="bbox 2323 5467 3756 5548">
    <p class='ocr_par' dir='ltr' id='par_1_117' title="bbox 2323 5467 3756 5548">
     <span class='ocr_line' id='line_1_117' title="bbox 2323 5467 3756 5548; baseline 0.008 -26"><span class='ocrx_word' id='word_1_816' title='bbox 2323 5467 2441 5523; x_wconf 84' lang='lat' dir='ltr'><strong>Non</strong></span> <span class='ocrx_word' id='word_1_817' title='bbox 2474 5470 2638 5540; x_wconf 82' lang='lat' dir='ltr'><strong>igitur</strong></span> <span class='ocrx_word' id='word_1_818' title='bbox 2682 5472 2750 5526; x_wconf 87' lang='lat' dir='ltr'><strong>ab</strong></span> <span class='ocrx_word' id='word_1_819' title='bbox 2789 5487 2849 5528; x_wconf 90' lang='lat' dir='ltr'><strong>re</strong></span> <span class='ocrx_word' id='word_1_820' title='bbox 2901 5472 3177 5531; x_wconf 87' lang='lat' dir='ltr'><strong>Elisabeth</strong></span> <span class='ocrx_word' id='word_1_821' title='bbox 3222 5485 3441 5548; x_wconf 85' lang='lat' dir='ltr'><strong>cognata</strong></span> <span class='ocrx_word' id='word_1_822' title='bbox 3474 5469 3633 5527; x_wconf 65' lang='lat' dir='ltr'><strong>Mariae</strong></span> <span class='ocrx_word' id='word_1_823' title='bbox 3668 5474 3756 5532; x_wconf 73' lang='grc' dir='ltr'><strong>Ρτο·</strong></span> 
     </span>
    </p>
   </div>
   <div class='ocr_carea' id='block_1_118' title="bbox 2254 5560 3751 5641">
    <p class='ocr_par' dir='ltr' id='par_1_118' title="bbox 2254 5560 3751 5641">
     <span class='ocr_line' id='line_1_118' title="bbox 2254 5560 3751 5641; baseline -0.003 -28"><span class='ocrx_word' id='word_1_824' title='bbox 2254 5562 2493 5631; x_wconf 87' lang='lat' dir='ltr'><strong>ponitur,</strong></span> <span class='ocrx_word' id='word_1_825' title='bbox 2542 5564 2668 5635; x_wconf 85' lang='lat' dir='ltr'><strong>quia</strong></span> <span class='ocrx_word' id='word_1_826' title='bbox 2705 5566 2810 5623; x_wconf 86' lang='lat' dir='ltr'><strong>nisi</strong></span> <span class='ocrx_word' id='word_1_827' title='bbox 2846 5569 3172 5627; x_wconf 81' lang='lat' dir='ltr'><strong>omnimodis</strong></span> <span class='ocrx_word' id='word_1_828' title='bbox 3219 5572 3357 5641; x_wconf 87' lang='lat' dir='ltr'><strong>apud</strong></span> <span class='ocrx_word' id='word_1_829' title='bbox 3394 5573 3595 5624; x_wconf 84' lang='lat' dir='ltr'><strong>cunctos</strong></span> <span class='ocrx_word' id='word_1_830' title='bbox 3625 5560 3751 5624; x_wconf 74' lang='lat' dir='ltr'><strong>iuspo</strong></span> 
     </span>
    </p>
   </div>
  </div>
