4038 6330
248 351 367 410 553

1538 339 1628 395 DE
1662 333 1893 395 LAUDE
1924 334 1985 392 S.
2027 333 2292 390 MARUE.

3432 337 3542 394 554

245 438 374 525 rata
412 468 638 542 physica
674 452 953 521 obnitente
999 473 1087 514 res
1120 464 1286 521 esset,
1334 470 1608 526 nunquam
1641 454 1842 509 Zacha-
1872 453 1920 510 Α
2020 450 2290 515 Secunda,
2345 447 2485 520 quod
2533 463 2632 520 per
2681 449 2901 505 laticem
2941 462 3041 504 suo
3095 462 3160 505 ex
3204 448 3374 506 latere
3408 467 3538 522 pro-

248 564 370 618 rias
421 562 587 619 verba
631 556 899 614 Gabrielis
971 563 1079 608 tam
1145 552 1417 607 obstinate
1481 548 1840 603 discrederet.

247 654 370 709 Nec
430 654 483 708 in
532 649 780 719 exemplo
828 645 1071 700 adhibito
1115 657 1325 697 naevum
1377 641 1664 711 quisquam
1713 639 1846 693 bea-

252 748 487 803 tissima;
544 743 747 814 Virgini
798 740 951 811 quasi
984 739 1053 793 ad
1100 736 1429 792 credendum
1480 732 1711 801 alicujus
1754 732 1849 787 de-

253 837 547 895 tractionis
577 838 782 901 inurat,
817 847 981 903 quam
1012 845 1110 885 nos
1141 845 1249 885 non
1280 826 1551 883 immerito
1596 841 1693 896 pro
1724 825 1848 880 fidei

254 931 528 988 facilitate
575 929 828 983 laudasse
861 923 1243 987 meminimus;
1287 921 1381 976 sed
1423 920 1559 975 sciat
1599 918 1848 989 angelum

255 1041 327 1081 ex
374 1023 671 1081 abundanti
714 1023 917 1076 factum
974 1017 1029 1073 in
1081 1018 1261 1070 vetula
1312 1013 1560 1069 retulisse
1610 1012 1848 1066 miracu-

258 1116 397 1183 lum,
445 1126 505 1172 ut
545 1125 602 1172 et
632 1114 754 1170 fidei
801 1111 918 1181 ejus
946 1105 1332 1164 adminiculum
1380 1104 1738 1168 ministraret,
1794 1111 1850 1157 et

258 1207 330 1263 de
399 1208 569 1263 tantis
630 1210 749 1277 ipsa
816 1211 1063 1276 cognata:
1130 1197 1483 1270 proventibus
1530 1196 1845 1251 exsultaret.

257 1300 404 1367 Quin
450 1311 505 1358 et
550 1312 741 1355 mutuo
776 1299 971 1371 pudori
1008 1295 1379 1358 consulerent,
1417 1291 1560 1362 quod
1600 1289 1853 1344 videlicet

260 1394 379 1468 ipsa
417 1385 506 1461 eo,
549 1395 635 1450 cui
675 1394 1000 1464 deSponsata
1032 1390 1231 1453 fuerat,
1275 1387 1447 1442 inscio
1490 1384 1846 1453 concepisset,

260 1489 369 1546 ista
409 1505 542 1545 vero
588 1489 725 1543 citra
774 1486 1017 1541 omnium
1062 1497 1211 1553 spem
1237 1480 1498 1552 juvenilia
1540 1477 1847 1549 repetisset.

261 1582 421 1640 Unde
451 1591 505 1639 et
545 1583 635 1637 illa
680 1597 803 1637 cum
855 1578 1203 1634 festinatione
1248 1577 1301 1630 in
1335 1586 1588 1630 montana
1628 1586 1854 1644 progre-

261 1674 431 1739 ditur,
483 1689 635 1731 mora
676 1673 901 1728 latitura
951 1671 1094 1741 apud
1136 1682 1257 1723 eam
1310 1666 1596 1730 trimestri,
1645 1664 1745 1719 ista
1784 1677 1851 1717 ne

260 1775 542 1836 stuporem
588 1765 893 1821 videntibus
928 1764 1141 1831 sibique
1176 1762 1428 1814 ruborem
1464 1766 1703 1828 pareret,
1756 1770 1850 1809 sex

258 1857 544 1912 mensibus
588 1856 914 1912 occultatur.
962 1854 1029 1909 Et
1079 1854 1214 1919 haec,
1263 1850 1458 1919 inquit,
1520 1857 1575 1903 et
1626 1848 1720 1902 tibi
1786 1861 1849 1900 ac

260 1951 390 2007 anui
425 1951 502 2005 illi
535 1951 754 2006 indubie
783 1957 1113 2022 proventura
1167 1946 1507 2016 cognoveris,
1562 1944 1685 2013 quia
1740 1958 1859 2023 non

260 2044 372 2099 erit
421 2043 753 2113 impossibile
796 2060 957 2099 omne
993 2044 1219 2100 verbum
1276 2045 1417 2110 apud
1454 2042 1623 2095 Deum
1676 2037 1844 2108 (Luc.

259 2153 303 2200 ι,
328 2138 393 2191 57
414 2136 458 2202 ),
487 2136 577 2205 qui
601 2138 868 2208 virginem
897 2151 1048 2208 aeque
1076 2144 1136 2191 ut
1162 2135 1428 2202 sterilem,
1456 2147 1577 2187 cum
1603 2131 1847 2195 libuerit,

262 2227 429 2284 solvit
462 2228 517 2283 in
551 2235 785 2298 partum.

884 2319 1112 2377 CAPUT
1161 2320 1248 2375 VI.

334 2414 460 2469 Dies
508 2425 582 2470 est
615 2416 679 2470 Β.
713 2416 909 2471 Μανία.
946 2447 1008 2457 -
1035 2414 1160 2471 Haec
1192 2415 1358 2485 igitur
1395 2413 1708 2468 beatissima
1739 2413 1853 2465 dies

263 2513 349 2561 est
399 2504 459 2557 Β.
521 2504 712 2571 Maria,
770 2521 934 2575 quam
986 2505 1115 2560 fecit
1159 2504 1474 2575 specialiter
1540 2502 1848 2566 Dominus;

262 2596 601 2653 exsultemus
640 2608 697 2653 et
734 2598 980 2670 laetemur
1012 2599 1064 2653 in
1096 2613 1157 2654 ea
1196 2616 1210 2651 :
1261 2614 1382 2653 cum
1428 2596 1571 2651 enim
1624 2596 1689 2651 dc
1720 2596 1855 2649 Filio

265 2688 522 2758 dixisset,
561 2706 626 2746 ac
674 2690 720 2745 si
779 2691 845 2745 de
875 2690 1053 2760 lapide
1100 2690 1191 2759 qui
1247 2689 1423 2742 factus
1458 2697 1541 2743 est
1587 2688 1640 2741 in
1693 2694 1856 2755 caput

262 2781 449 2851 anguli
499 2781 736 2843 (Matth.
769 2798 859 2836 xx:
929 2780 1066 2848 4‘2),
1098 2790 1153 2835 et
1200 2782 1306 2835 hoc
1355 2779 1604 2835 mirabile
1661 2779 1716 2832 in
1758 2793 1855 2831 no-

264 2876 396 2931 stris
441 2875 614 2930 oculis
667 2875 863 2946 (Psal.
900 2872 1232 2945 cxvn,‘25),
1280 2889 1310 2927 a
1370 2872 1595 2927 Domino
1652 2869 1855 2924 factum

266 2968 652 3037 perhibuisset,
695 2968 763 3023 ad
792 2969 932 3022 hanc
959 2968 1100 3021 illico
1128 2966 1294 3021 verba
1326 2964 1686 3034 transposuit;
1718 2963 1855 3028 haec,

269 3060 513 3130 inquam,
559 3060 675 3114 dies
703 3068 808 3124 est,
854 3075 973 3129 quae
1009 3059 1175 3113 solem
1220 3057 1447 3128 justitiae
1484 3055 1733 3126 protulit,
1765 3053 1855 3123 qui

267 3151 336 3205 de
379 3150 493 3206 suis
528 3149 911 3205 munificentiis
958 3149 1403 3220 praeclarissimas
1436 3146 1755 3217 dignitatum
1802 3147 1854 3199 in

267 3242 513 3298 Ecclesia
559 3244 726 3298 horas
757 3242 1014 3297 instituit.
1056 3240 1173 3312 ipsa
1224 3250 1307 3297 cst
1346 3241 1512 3295 etiam
1542 3247 1693 3310 porta
1724 3238 1852 3293 Jesu

265 3335 510 3402 Domini,
558 3349 655 3405 per
686 3349 848 3405 quam
880 3332 1012 3404 justi
1059 3334 1306 3399 intrant;
1356 3332 1490 3389 nulli
1524 3333 1668 3386 enim
1690 3330 1853 3399 justi-

264 3427 402 3482 tiam
444 3434 829 3497 assequuntur,
865 3426 972 3481 nisi
1004 3440 1102 3496 per
1126 3425 1287 3481 fidem
1315 3423 1704 3479 incarnationis
1739 3424 1855 3493 ejus

265 3517 565 3573 introeant.
611 3517 786 3589 Super
825 3517 987 3571 limen
1035 3524 1207 3587 porta:
1259 3513 1419 3584 hujus
1471 3516 1722 3584 princeps
1769 3514 1856 3569 ille

265 3608 413 3679 apud
458 3608 798 3665 Ezechielem
837 3610 1000 3680 paulo
1037 3619 1165 3665 ante
1202 3625 1233 3663 a
1263 3610 1420 3665 nobis
1466 3609 1765 3679 expositus,
1802 3616 1859 3663 et

265 3700 451 3755 adhuc
476 3702 848 3770 exponendas,
902 3702 1097 3756 adorat
1123 3718 1137 3766 ;
1181 3701 1273 3772 qui
1302 3716 1407 3756 non
1439 3700 1857 3771 superliminare

267 3791 573 3861 dignitatis,
607 3791 700 3847 sed
732 3792 897 3847 limen
924 3792 1042 3863 ejus
1077 3792 1399 3848 humilitatis
1429 3791 1572 3863 quod
1602 3791 1855 3847 omnibus

265 3893 355 3938 est
391 3884 635 3952 pervium
688 3884 998 3950 adorantes,
1046 3884 1097 3940 id
1145 3895 1229 3940 est
1260 3886 1311 3939 in
1350 3884 1660 3939 omnimoda
1694 3898 1857 3939 vene-

267 3975 484 4030 ratione
536 3975 798 4030 habentes
847 3975 1099 4045 inspirat.
1156 3976 1270 4031 lloc
1324 3976 1486 4046 plane
1542 3976 1682 4028 Deus
1733 3972 1857 4041 jure

266 4064 455 4119 facere
513 4066 734 4132 dicitur,
791 4067 935 4136 quod
1004 4065 1241 4121 flendum
1296 4065 1417 4120 aliis
1484 4063 1851 4118 administrat.

269 4156 380 4214 Sed
430 4159 666 4229 praefatae
714 4159 818 4215 diei
868 4160 1157 4214 redeamus
1216 4159 1284 4212 ad
1331 4162 1519 4213 horas.
1570 4156 1716 4220 Haec,
1774 4156 1856 4209 in-

266 4265 458 4320 quam,
496 4249 883 4306 florentissima
915 4251 1031 4305 dies
1077 4258 1369 4321 postquam
1406 4249 1673 4303 luminare
1724 4246 1854 4301 illud

267 4342 469 4411 majus,
510 4343 653 4413 quod
689 4353 744 4399 et
778 4344 1011 4414 seipsam’
1039 4342 1408 4413 potissimum,
1454 4350 1508 4396 et
1533 4340 1716 4395 lunam
1749 4339 1854 4394 Ec-

265 4435 471 4495 clesiae,
528 4435 820 4505 stellasque
866 4434 1104 4489 fidelium
1160 4433 1428 4488 mirabilis
1484 4432 1853 4501 intelligentiae

266 4523 437 4577 radiis
489 4523 776 4589 illuminat,
820 4524 1054 4579 ediderit
1092 4541 1107 4579 :
1139 4524 1489 4579 attendamus
1525 4531 1850 4593 quantarum
1882 4538 1935 4598 ι)

262 4615 473 4684 pariter
518 4613 839 4670 felicitatum
871 4616 1356 4671 determinationes
1394 4615 1717 4680 admiserit;
1757 4615 1854 4669 lia-

264 4720 388 4758 rum
429 4720 623 4777 nempe
659 4716 767 4762 tam
804 4708 956 4779 origo
1003 4723 1167 4779 quam
1218 4707 1463 4763 officialis
1495 4721 1660 4762 causa
1701 4706 1802 4762 fuit
1835 4724 1849 4762 :

262 4814 375 4853 non
425 4799 571 4854 enim
615 4800 777 4857 aliter
809 4802 1000 4869 voluit,
1046 4804 1156 4859 imo
1205 4804 1393 4860 debuit
1424 4801 1594 4857 Filius
1645 4802 1740 4857 Dei
1784 4804 1855 4859 ad

264 4907 368 4947 nos
412 4892 618 4963 egredi,
652 4906 754 4947 nec
798 4895 1014 4963 potuit;
1060 4895 1187 4965 quia
1236 4910 1337 4949 nec
1373 4894 1558 4949 debuit
1586 4892 1856 4949 violenter

262 4990 433 5063 296
472 4991 774 5060 irrumpere
818 4989 943 5058 jura
1004 4990 1242 5056 diaboli,
1312 4991 1397 5045 cui
1444 4998 1639 5061 sponte
1688 4990 1854 5045 homo

265 5096 462 5135 manus
499 5081 721 5137 dederat
776 5097 790 5135 :
849 5082 965 5150 sed,
1004 5080 1162 5151 juxta
1206 5081 1349 5136 dicta
1414 5082 1557 5137 beati
1606 5080 1847 5136 Leonis:

263 5173 466 5245 Magno
524 5175 784 5246 aequitatis
825 5175 950 5246 jure
987 5176 1116 5230 inibi
1172 5176 1365 5229 certari
1413 5176 1629 5245 dignum
1653 5177 1850 5246 fuerat.

264 5267 421 5323 lianc
465 5282 597 5340 ergo
644 5284 711 5323 ex
763 5285 870 5340 qua
915 5277 1197 5326 crearetur
1254 5268 1456 5338 objecit
1502 5269 1737 5335 diabolo,
1795 5279 1855 5324 ut

263 5376 390 5415 cum
440 5376 566 5416 eum
618 5372 967 5432 capesseret,
1027 5363 1103 5417 nil
1155 5362 1297 5416 aliud
1342 5368 1641 5434 putaretur;
1687 5379 1852 5434 quam

260 5453 451 5510 homo.

336 5547 631 5601 Duodecim
682 5547 857 5619 felices
896 5550 1053 5604 horas
1084 5548 1326 5620 protulit.
1353 5580 1424 5590 —
1448 5548 1632 5604 Prima
1688 5550 1854 5621 igitur

263 5641 403 5697 hora
452 5650 558 5706 est,
607 5644 751 5713 quod
798 5644 1096 5716 principem
1148 5643 1333 5699 mundi
1381 5644 1633 5709 extrusit,
1689 5660 1850 5699 mun-

263 5735 507 5809 dumque
542 5738 697 5805 vicit,
754 5746 809 5793 et
856 5738 960 5795 hoc
987 5740 1139 5796 cruci
1187 5754 1244 5794 se
1274 5737 1594 5803 addicendo,
1644 5751 1851 5808 nosque

264 5829 410 5890 hosti
441 5833 741 5905 praeripuit.

511 5947 788 6009 Parnm.
823 5947 1033 6014 CLVI.

1949 544 2206 599 fluentem
2261 545 2313 598 in
2381 545 2571 599 eadem
2627 559 2790 600 cruce
2837 543 3109 614 baptisma
3165 545 3415 600 saucivit.
3480 547 3539 601 In

1947 654 2055 709 qua
2122 637 2383 708 passione
2435 638 2488 691 in
2535 645 2740 693 tantum
2808 636 3025 691 diabolo
3080 636 3225 717 vires
3285 639 3539 711 antiquas

1948 729 2195 792 extorsit,
2241 737 2303 783 ut
2345 736 2472 783 ante
2500 727 2692 797 judicii
2731 730 2871 784 diem
2906 727 3022 798 jam
3066 731 3246 800 puniri
3300 732 3541 803 incoepc-

1952 822 2025 876 rit
2056 839 2069 875 :
2102 821 2233 875 dicit
2262 822 2406 875 enim
2439 836 2665 892 magnus
2711 821 2975 891 Origenes
3028 824 3171 892 quod
3204 833 3329 894 post
3362 825 3537 894 ipsam

1950 914 2284 982 passionem,
2330 921 2619 984 postquam
2651 922 2874 968 sanctus
2904 914 3176 984 quispiam
3208 926 3416 987 martyr
3446 926 3542 972 aut

1950 1004 2231 1059 confessor
2288 1004 2354 1058 de
2405 1005 2658 1074 praesenti
2714 1004 2887 1058 victor
2942 1006 3136 1060 saeculo
3183 1007 3481 1077 emigraret
3519 1049 3535 1074 ,

1951 1099 2092 1155 sicut
2142 1099 2256 1169 ipse
2293 1098 2359 1152 ad
2400 1112 2657 1153 coronam
2698 1098 2896 1162 exiret,
2951 1098 3029 1152 sic
3077 1099 3251 1155 hostis
3302 1101 3393 1156 illc
3445 1103 3536 1171 qui

1952 1205 2075 1246 eum
2122 1189 2477 1261 spiritualiter
2539 1189 2917 1260 impugnarat,
2973 1190 3156 1243 statim
3210 1191 3264 1245 in
3332 1202 3537 1248 {eterna

1954 1291 2223 1338 tormenta
2252 1282 2384 1336 nulli
2428 1282 2604 1337 denuo
2637 1283 2917 1337 nociturus
2950 1281 3292 1347 intraret,'et
3323 1285 3374 1338 id
3418 1300 3540 1340 esse

1953 1375 2095 1445 quod
2136 1375 2202 1428 ab
2255 1374 2389 1444 ipsis
2418 1372 2754 1427 daemonibus
2794 1372 3027 1428 Domino
3066 1372 3390 1429 dicebatur:
3437 1374 3539 1428 Ve-

1954 1465 2098 1531 nisti,
2161 1464 2431 1534 inquiunt,
2486 1475 2607 1518 ante
2642 1475 2842 1535 tempus
2893 1475 3131 1535 torquere
3159 1482 3251 1519 nos
3305 1466 3537 1536 (Matth.

1952 1574 2075 1622 vni,
2105 1556 2238 1627 29).
2283 1557 2407 1611 inde
2452 1558 2614 1611 etiam
2668 1565 2849 1611 tantas
2913 1572 3048 1626 quas
3104 1572 3363 1614 exercere
3413 1559 3540 1614 olim

1955 1658 2354 1705 consueverant
2420 1647 2766 1705 fortitudines
2810 1650 3035 1704 obtusas
3094 1649 3381 1716 videmus;
3441 1666 3543 1707 nec

1957 1742 2155 1796 mirum
2206 1756 2329 1795 cmn
2386 1749 2509 1811 post
2555 1749 2633 1795 tot
2666 1748 2980 1796 sanctorum
3019 1741 3297 1807 victorias,
3351 1752 3430 1799 tot
3475 1744 3544 1798 de

1952 1834 2348 1905 potentioribus
2379 1834 2679 1905 ‘daemoniis
2742 1834 2797 1889 in
2851 1848 3040 1904 poenas
3095 1835 3368 1891 decidisse
3420 1851 3540 1892 cre-

1952 1928 2166 1983 damus.

2025 2042 2231 2107 Tertia,
2262 2042 2385 2098 dum
2412 2057 2511 2112 per
2535 2042 2987 2097 resurrectionem
3019 2042 3221 2099 electos
3258 2045 3326 2099 ab
3375 2046 3545 2103 nferts

1953 2137 2119 2199 eruit,
2172 2136 2328 2205 cujus
2362 2135 2547 2207 gloriae
2574 2143 2783 2189 tantum
2829 2148 3045 2204 quoque
3086 2137 3355 2207 privilegii
3387 2139 3543 2194 addi—

1953 2225 2055 2290 dit,
2086 2234 2166 2291 ut,
2194 2224 2348 2293 juxta
2376 2225 2755 2292 Prudentium,
2800 2224 2976 2279 virum
3021 2235 3270 2280 sanctum
3301 2237 3355 2281 et
3386 2230 3543 2284 nobi-

1954 2314 2083 2377 lem,
2121 2316 2229 2369 sint
2270 2325 2326 2369 et
2372 2315 2657 2382 Spiritibus
2710 2330 2851 2385 sape
2893 2316 3214 2372 nocentibus
3262 2334 3543 2388 poenarum

1957 2405 2200 2460 celebres
2233 2406 2333 2460 sub
2365 2416 2516 2478 styge
2556 2405 2723 2460 feriae.
2754 2405 2848 2460 illa
2880 2415 3041 2461 nocte
3066 2422 3223 2462 sacer
3245 2423 3351 2478 qua
3386 2410 3547 2465 rediit

1957 2498 2101 2552 Deus
2130 2497 2335 2567 stagnis
2380 2498 2447 2551 ad
2487 2512 2713 2566 superos
2747 2512 2814 2553 ex
2840 2497 3220 2554 Acberonteis.

2028 2602 2257 2678 Quarta',
2305 2612 2447 2681 quod
2494 2626 2591 2682 per
2644 2611 2892 2666 eamdem
2939 2612 3153 2682 aperuit
3192 2615 3547 2686 credentibus

1957 2718 2125 2775 regna
2161 2703 2444 2760 carlorum.

2030 2817 2229 2884 Quinta
2263 2858 2277 2883 ,
2328 2818 2472 2888 quod
2548 2818 2944 2875 humanitatem
3012 2828 3264 2877 nostram
3328 2821 3544 2890 Verbo,

1959 2912 2103 2980 quod
2147 2911 2259 2980 ipse
2304 2921 2405 2972 est,
2472 2912 2834 2982 personaliter
2885 2912 3269 2970 identificatam
3308 2925 3547 2987 paterna:

1958 3003 2196 3059 dexterae
2225 3006 2582 3073 comparavit.

2032 3095 2242 3159 Sexta,
2301 3096 2443 3163 quod
2502 3097 2593 3165 qui
2674 3112 2894 3155 carnem
2967 3113 3033 3152 ex
3089 3100 3247 3155 nobis
3302 3116 3548 3172 sumpsc«

1884 3185 1924 3242 C
1960 3196 2067 3253 rat,
2108 3186 2444 3241 divinitatem
2472 3201 2648 3253 suam,
2683 3188 2825 3257 quod
2854 3196 2937 3244 est
2958 3189 3194 3258 Spiritus
3221 3191 3359 3261 ejus.
3391 3192 3547 3248 nobis

1957 3282 2211 3338 reddidit.

2030 3374 2315 3444 Septima,
2372 3374 2516 3445 quod
2579 3375 2827 3429 eumdem
2891 3374 3152 3447 Spiritum
3210 3392 3317 3431 non
3372 3378 3545 3434 solum

1960 3466 2247 3523 fruendum
2309 3468 2597 3531 attribuit,
2653 3468 2748 3522 sed
2804 3468 2968 3522 etiam
3013 3482 3111 3538 per
3168 3483 3363 3525 manus
3417 3487 3549 3541 apo-

1959 3560 2218 3625 stolicas,
2271 3569 2327 3614 et
2382 3574 2450 3614 ex
2513 3574 2580 3615 eo
2626 3559 2965 3630 pontificales
3067 3561 3191 3616 aliis
3244 3563 3361 3617 dari
3413 3558 3565 3620 con?

1958 3653 2152 3709 stituit.

2028 3745 2250 3813 Octava,
2289 3747 2431 3817 quod
2462 3762 2561 3818 per
2603 3747 2895 3818 magistros
2940 3748 3220 3816 Ecclesiae,
3253 3751 3399 3820 quod
3443 3750 3546 3807 soli

1961 3840 2067 3896 sibi
2103 3840 2435 3909 pertinebat,
2473 3849 2695 3910 peccata
2722 3839 2925 3895 dimitti
2954 3842 3186 3896 censuit.

2031 3929 2206 3995 Noua,
2259 3921 2403 4000 quod
2432 3928 2615 3997 i’etro,
2648 3940 2707 3985 et
2751 3930 2806 3985 in
2855 3930 3019 3987 Petro
3046 3932 3350 3989 rectoribus
3392 3934 3543 4005 regni

1959 4021 2220 4077 caelorum
2257 4020 2438 4077 claves
2480 4029 2789 4092 praerogat;
2832 4020 2974 4075 unde
3010 4030 3065 4075 et
3090 4020 3276 4079 Romae
3308 4024 3546 4094 quodam

1959 4114 2015 4170 in
2057 4114 2175 4171 loco
2201 4115 2250 4170 ei
2283 4115 2673 4185 prtescribitur.

2068 4208 2277 4263 Terruit
2303 4208 2566 4278 angelicas
2607 4208 2747 4262 acies
2777 4206 2971 4262 collata
3000 4217 3225 4278 potestas

2072 4300 2241 4355 Tanta
2269 4300 2448 4367 Petro,
2484 4316 2717 4355 reserare
2742 4301 2915 4371 polos,
2941 4310 2990 4354 et
3018 4318 3233 4370 pascere
3258 4303 3464 4358 caulas.

2030 4396 2274 4452 Decima.
2334 4395 2476 4465 quod
2532 4411 2637 4449 non
2685 4394 2892 4462 angelis
2935 4397 3270 4450 commiserit
3302 4397 3548 4467 corporis

1961 4502 2025 4544 ac
2076 4488 2357 4558 sanguinis
2407 4489 2487 4543 sui
2547 4487 2832 4543 tractanda
2884 4487 3174 4557 mysteria,
3221 4488 3315 4543 sed
3370 4489 3547 4545 homi-

1960 4579 2140 4643 nibus,
2199 4580 2301 4634 etsi
2355 4578 2769 4649 peccatoribus;
2839 4578 2982 4647 quod
3033 4586 3093 4633 et
3148 4580 3215 4635 de
3275 4580 3547 4650 baptismo

1959 4669 2145 4727 itidem
2184 4670 2383 4726 factum
2427 4680 2511 4726 est

2031 4762 2349 4830 Undecima,
2381 4764 2522 4833 quod
2555 4777 2753 4835 corpus
2781 4770 3029 4821 nostrmn
3057 4764 3111 4818 in
3144 4766 3548 4824 resurrectione

1957 4856 2320 4926 conﬁgurabit
2345 4857 2562 4927 corpori
2610 4857 2879 4914 claritatis
2909 4872 3042 4914 suae.

2033 4969 2386 5038 Duodecima,
2436 4971 2581 5042 quod
2625 4971 2679 5026 in
2721 4971 2911 5027 eadem
2960 4971 3397 5036 resurrectione,
3444 4971 3547 5026 sic-

1956 5071 2021 5117 ut
2077 5079 2297 5120 carnem
2348 5073 2587 5121 nostram
2634 5065 2688 5120 in
2719 5065 2942 5121 Filioiet
2970 5072 3163 5129 matre,
3188 5064 3369 5118 omnis
3393 5063 3546 5132 prin-

1957 5156 2171 5227 cipatus
2232 5170 2395 5227 atque
2437 5167 2680 5229 potestas
2710 5159 2787 5227 :in
2848 5158 2989 5215 coelo
3045 5157 3418 5223 venerabitur,
3489 5166 3545 5212 et

1957 5249 2241 5305 adorabit:
2284 5249 2357 5303 ita
2387 5256 2600 5320 Quoque
2639 5251 2691 5304 hi
2722 5251 2811 5321 qui
2842 5250 2896 5303 in
2932 5248 3141 5302 Christo
3194 5257 3337 5302 sunt.
3368 5265 3543 5302 resur-

1954 5351 2070 5411 gent
2101 5341 2258 5412 primi
2309 5340 2373 5413 (Ι
2399 5342 2549 5396 Thes.
2592 5358 2665 5408 IV,
2696 5341 2824 5409 15).
2871 5339 2999 5394 inde
3038 5347 3124 5394 est
3156 5340 3301 5408 quod
3346 5355 3543 5411 procu~

1956 5442 2107 5489 rator
2153 5433 2564 5506 patrisfamilias
2603 5449 2633 5487 a
2696 5432 3006 5487 novissimis
3070 5432 3380 5486 denarium'
3411 5446 3542 5489 dare
3618 5444 3621 5445 '

1956 5528 2141 5597 cmpit.
2178 5528 2317 5583 Huic
2347 5527 2631 5582 sententiae
2677 5524 2887 5578 accedit
2930 5524 3073 5579 uuod
3120 5540 3317 5579 nomen
3348 5540 3537 5580 eorum

1954 5635 2140 5677 coram
2192 5619 2310 5689 ipso
2362 5616 2679 5672 honorabile
2726 5614 2968 5669 futurum
3019 5614 3232 5685 legitur.
3288 5615 3439 5681 Quod
3484 5610 3539 5671 ἐἰ

1955 5725 2150 5771 nomen
2202 5709 2568 5766 Christianum
2601 5708 2701 5764 sub
2744 5716 2896 5762 tanto
2946 5716 3169 5762 auctore
3198 5707 3569 5779 honoratur,

1957 5806 2188 5878 intelligi
2237 5803 2486 5877 profecto
2532 5817 2756 5859 necesse
2785 5811 2870 5859 est
2918 5800 3065 5872 quod
3103 5800 3239 5856 alias
3286 5803 3409 5873 jure
3458 5801 3541 5861 his

3024 5938 3100 6001 18
