4014 6324
431 284 585 349 ’555

1230 283 1293 336 ν.
1332 281 1657 338 GUIBERTI
1693 278 1988 335 ABBATIS
2028 278 2087 333 S.
2132 277 2375 332 MARLE
2415 277 2503 331 DE
2536 277 2933 333 NOVIGENTO

3634 294 3727 353 556

482 408 753 471 omnibus,
800 406 890 475 qui
945 405 1082 457 bene
1118 401 1305 454 vixere
1362 400 1462 453 sub
1526 399 1701 468 gratia
1780 397 2144 468 gloriosiorA
2173 396 2291 464 ipso
2335 395 2619 461 tribuitur;
2682 397 2794 464 ipse
2845 396 2897 449 in
2947 395 3116 452 Matre
3168 407 3416 456 naturam
3458 410 3724 485 propriam,

482 501 893 558 retributionem
928 493 1285 567 praerogativa
1323 492 1601 546 reddatur.

554 592 735 647 Nubes
750 598 822 644 est
840 588 964 641 lenis
985 600 1101 656 qua:
1126 582 1329 653 pluvias
1358 583 1565 651 effudit.
1593 581 1765 647 Quam
1791 582 2069 637 sublimem

480 689 744 761 possideat
800 656 1044 753 gloriam.
1100 709 1170 719 —
1216 676 1511 733 Videamus
1591 677 1755 748 igitur
1800 693 1908 747 quo
1967 676 2069 745 piae

482 775 913 849 compunctionis
936 770 1131 840 jubilo,
1165 769 1271 824 diei
1304 769 1413 834 isti,
1448 770 1579 836 quae
1604 777 1714 821 tam
1743 767 1906 820 rutilo
1932 766 2065 830 sole,

480 870 640 933 caelo,
686 864 898 926 inferis,
943 873 1212 931 terraeque
1262 858 1632 930 perfunditur,
1686 857 2065 927 gratulemur:

475 979 577 1034 per
618 974 781 1031 quam
816 958 944 1012 dum
996 954 1278 1009 introitum
1324 951 1554 1031 sol_ille
1582 951 1649 1005 ad
1708 964 1805 1005 nos
1856 948 2064 1011 habuit,

478 1058 546 1108 ad
596 1047 1005 1105 infinitam'diei
1050 1047 1220 1115 ipsius
1248 1044 1581 1105 claritatem,
1612 1050 1665 1095 et
1696 1042 1796 1095 sub
1834 1041 1947 1110 ipsa
1980 1041 2068 1095 die

477 1145 789 1213 degentium
820 1139 1296 1213 glorificationem,
1342 1144 1614 1207 perpetuae
1643 1150 1755 1190 sua:
1784 1143 1839 1187 et
1870 1144 2069 1188 nostras

476 1237 781 1297 nobilitatis
809 1235 1068 1292 donativa
1106 1230 1464 1289 circumtulit.
1493 1228 1618 1284 Haec
1650 1237 1735 1283 est
1778 1227 1951 1280 nubes
1978 1227 2064 1280 illa

476 1334 633 1397 levis,
684 1346 847 1402 quam
876 1328 957 1383 sol
984 1341 1144 1382 verus
1173 1327 1275 1380 iste
1305 1322 1638 1384 conscendit,
1660 1318 1816 1387 juxta
1850 1319 2066 1381 Isaiam,

477 1437 541 1483 ut
568 1426 913 1481 tenebrosam
975 1420 1161 1475 mundi
1206 1415 1368 1486 hujus
1426 1415 1723 1469 illustraret
1768 1409 2066 1481 A‘lgyptum

485 1521 636 1593 (Isa.
694 1533 807 1583 xxx,
867 1516 940 1586 i)
994 1533 1006 1567 :
1057 1528 1179 1583 quae
1244 1510 1422 1581 pluvia
1496 1508 1656 1562 letius
1720 1506 2069 1562 fecunditatis

479 1614 709 1668 interna:
731 1620 1074 1665 terrenorum
1101 1612 1381 1675 pectorum
1428 1602 1610 1673 glebas
1641 1600 1866 1655 emolliit
1903 1615 1917 1653 :
1952 1600 2066 1667 ipsa

479 1706 624 1762 enim
682 1703 980 1759 salubrium
1028 1699 1268 1755 omnium
1336 1696 1705 1751 doctrinarum
1761 1701 2069 1748 cataractas

2176 488 2316 542 unde
2344 503 2408 541 ex
2437 488 2618 542 debito
2663 487 2765 542 sibi
2796 488 3063 545 obnoxius
3088 500 3193 552 est.
3225 509 3330 548 non
3375 502 3727 566 venerabitur?

2173 580 2280 636 Pro
2308 597 2415 652 quo
2454 581 2573 636 aliis
2620 581 2978 651 longtevitatis
3022 586 3303 654 praemium
3334 602 3671 661 praerogatur,
3706 614 3731 652 a

2174 690 2279 743 qua
2308 688 2497 743 passus
2522 684 2603 729 est
2632 674 2877 745 accipere
2900 676 3043 744 quod
3072 677 3234 732 homo
3260 681 3513 734 vocatur?
3536 681 3587 736 Si
3609 688 3732 754 apud

2174 763 2325 819 illum
2354 765 2544 819 honori
2575 774 2777 835 exstat,
2819 781 2981 836 aquo
3009 773 3180 821 totum
3205 769 3463 839 quidquid
3497 781 3573 826 est
3606 788 3733 831 sum-

2173 857 2305 926 psit,
2336 856 2491 911 nobis
2535 865 2687 912 tanto
2733 858 3055 927 pr0pensius
3086 857 3419 917 honorabilis
3444 877 3558 918 esse
3576 866 3731 934 debet,

2174 958 2379 1018 quanto
2410 964 2519 1002 sum
2547 948 3031 1019 universorumque
3070 950 3227 1021 saluti
3258 965 3376 1005 eam
3424 958 3733 1014 necessario-

2174 1056 2289 1096 rem
2330 1038 2583 1096 feminam
2626 1054 2844 1109 sperare
2892 1044 3014 1110 quis
3058 1042 3335 1108 praevalet.
3388 1042 3557 1113 Super
3593 1046 3735 1105 limen

2174 1150 2302 1204 ergo
2330 1143 2498 1205 porta:
2526 1134 2665 1202 apud
2689 1132 3030 1189 Ezechielem
3057 1134 3247 1188 adorat
3275 1132 3490 1204 (Ezech.
3508 1153 3642 1204 sua,
3669 1140 3737 1209 2),

2175 1241 2299 1281 cum
2326 1241 2421 1296 per
2444 1226 2699 1279 humilem
2727 1227 3089 1281 obedientiam
3115 1226 3230 1294 ejus
3266 1228 3433 1282 menti
3460 1231 3739 1299 specialiter

2175 1318 2437 1382 insidens,
2468 1318 2704 1387 seipsum
2736 1317 2789 1370 in
2815 1318 2980 1385 ipsius
3005 1316 3395 1386 glorificatione
3420 1318 3677 1373 mirificat.

2247 1409 2485 1477 Iujurt'as
2508 1410 2607 1461 sibi
2651 1416 2714 1461 ab
2742 1410 2998 1462 lurreticis
3027 1419 3073 1462 et
3110 1409 3263 1463 malis
3296 1409 3473 1463 illatas
3502 1409 3743 1466 ulciscitur

2175 1499 2243 1555 B.
2283 1500 2460 1571 Virgo.
2496 1530 2567 1541 —-—
2615 1499 2817 1555 Deinde
2867 1502 3135 1572 egreditur
3178 1500 3397 1574 (llud),
3456 1503 3579 1571 quia
3622 1505 3744 1572 quod

2176 1593 2318 1663 apud
2348 1608 2405 1647 se
2435 1592 2771 1647 benedictum
2806 1592 2946 1646 illam
2987 1591 3144 1647 beata
3189 1593 3551 1648 interioritate
3578 1612 3745 1664 prove-

2176 1684 2275 1748 xit,
2306 1682 2612 1750 manifesta,
2647 1686 2773 1750 inm,
2805 1694 2860 1737 ut
2910 1685 2982 1738 ita
3015 1684 3270 1752 dixerim,
3298 1684 3535 1741 secunda
3563 1698 3671 1756 post
3697 1704 3746 1743 se

481 1797 717 1868 aperuit,
772 1794 1079 1865 prmsertim
1114 1805 1234 1861 quae
1263 1804 1459 1859 panem
1506 1786 1823 1857 angelorum
1873 1782 2075 1838 mundo
2108 1752 2154 1806 Β
2182 1775 2587 1844 omnipotentiae
2611 1777 2747 1845 apud
2777 1777 3025 1831 homines
3052 1779 3375 1833 auctoritate
3398 1779 3611 1833 retexit.
3633 1780 3746 1847 Quis

480 1888 752 1959 exposuit.
783 1886 914 1953 Quae
945 1893 1150 1938 tantam
1197 1898 1226 1935 a
1262 1879 1470 1950 peccati
1502 1878 1680 1933 omnis
1704 1877 2077 1931 additamento

481 1979 537 2033 in
587 1994 644 2033 se
675 1978 953 2031 levitatem
981 1973 1191 2041 habuit,
1225 1979 1485 2043 quautam
1520 1975 1884 2023 sacrosanctae
1914 1966 2071 2021 Chri-

481 2072 553 2128 sti
589 2071 821 2142 diguitas
857 2068 1037 2124 carnis
1066 2067 1367 2136 anima‘que
1397 2062 1738 2118 commeruit.
1773 2060 1885 2129 Ipsa
1914 2060 2077 2130 igitur

481 2180 548 2219 ex
598 2180 703 2234 qua
746 2171 923 2217 tantos
973 2160 1166 2214 anima:
1213 2173 1277 2212 ac
1306 2156 1548 2226 corporis
1592 2155 1872 2209 haurimus
1907 2154 2078 2206 hono-

480 2272 571 2312 res
600 2254 728 2324 quid
756 2252 1091 2309 excellentia:
1146 2251 1363 2316 habeat,
1397 2248 1539 2320 quod
1594 2247 1687 2300 Dei
1724 2246 1916 2300 Filium
1952 2260 2074 2299 cor-

479 2348 744 2418 poraliter
786 2348 839 2402 in
875 2361 971 2401 sua
1023 2358 1187 2399 carne
1241 2340 1553 2406 contulerit,
1600 2342 1962 2392 attendamus.
2016 2337 2077 2390 Si

479 2450 604 2513 post
671 2442 995 2494 exhaustam
1058 2434 1359 2492 beatissimi
1420 2432 1623 2487 ventris
1676 2430 1852 2485 aulam
1898 2431 2077 2484 minus

480 2530 691 2596 habuit,
733 2528 957 2583 forsitan
1022 2524 1236 2594 aliquod
1281 2523 1661 2577 detrimentum
1730 2518 1864 2587 ejus,
1912 2532 2073 2585 quam

483 2621 551 2674 ad
584 2618 798 2689 plenum
829 2624 1159 2689 gustaverat,
1193 2613 1376 2685 glOl‘itC
1416 2613 1604 2665 sensit.
1650 2609 1838 2664 Absit!
1903 2607 2075 2662 Secu-

483 2725 578 2763 rus
628 2723 693 2762 ex
738 2708 852 2777 ipsa
884 2706 1095 2775 loquar,
1129 2704 1172 2758 si
1210 2704 1327 2755 lmta
1359 2701 1462 2754 fuit
1494 2715 1614 2755 cmn
1666 2699 1879 2752 tolleret
1934 2696 2074 2765 quod

483 2817 714 2871 usquam
746 2811 1009 2856 creatura:
1041 2814 1144 2852 non
1172 2797 1344 2861 licuit;
1372 2795 1546 2849 laetior
1568 2794 1728 2863 plane
1748 2807 1869 2847 cum
1907 2790 2077 2862 gloria

485 2903 539 2949 et
584 2893 789 2946 honore
845 2898 1164 2946 coronatum
1210 2886 1452 2941 assidere
1494 2886 1640 2938 Patri
1699 2892 1901 2937 aeterno
1952 2896 2076 2935 cum

484 2986 743 3057 apostolis
771 2984 939 3049 vidit;
986 2991 1039 3037 et
1075 2982 1311 3052 quandiu
1343 2978 1650 3035 meminerit
1683 2993 1741 3031 se
1803 2975 2079 3045 peperisse

483 3077 677 3143 Deum,
724 3090 1000 3144 nunquam
1041 3088 1109 3127 ne
1137 3072 1203 3126 ad
1248 3081 1512 3141 punctum
1548 3067 1793 3122 imminui
1828 3067 2073 3129 sentiret,
2105 3106 2149 3163 Ο

484 3185 645 3241 quem
702 3169 756 3223 in
813 3165 1169 3237 concipiendo
1224 3163 1412 3218 habuit
1466 3162 1663 3215 lzetitite
1710 3160 1963 3214 fructum.
2016 3158 2075 3212 Si

490 3262 745 3317 Christus
799 3261 939 3315 Deus
971 3260 1097 3328 quia
1155 3272 1211 3313 se
1264 3255 1569 3309 humiliavit
1620 3252 1906 3315 exaltatur,
1952 3264 2081 3321 ergo

484 3353 599 3423 ipsa
639 3351 858 3422 perenni
892 3350 1106 3405 residuo
1148 3348 1332 3418 glorim
1361 3347 1503 3416 quod
1534 3353 1705 3399 totum
1751 3344 1917 3397 Deum
1950 3358 2080 3398 eon-

484 3444 608 3497 tulit
668 3443 900 3513 potitur;
949 3441 1059 3495 imo
1111 3439 1413 3494 clariﬁeato
1472 3436 1811 3506 provehitur,
1873 3445 2081 3505 quanto

484 3537 688 3607 reginae
720 3536 922 3591 clarius
950 3542 1032 3589 est
1065 3532 1259 3587 Filium
1313 3532 1498 3586 videre
1541 3539 1859 3600 regnantem
1914 3545 2081 3599 quam

484 3643 553 3683 ex
584 3643 649 3683 eo
689 3644 746 3682 se
783 3628 925 3683 scire
954 3633 1346 3694 przegnantem.

561 3720 740 3789 Super
802 3719 968 3772 limen
1020 3716 1205 3784 itaque
1251 3715 1413 3785 hujus
1460 3722 1633 3784 portae
1674 3727 1926 3783 princeps
1981 3714 2079 3766 ad-

492 3822 641 3877 oret,
683 3812 735 3866 id
761 3820 845 3866 est
875 3811 928 3864 in
955 3810 1148 3879 spiritu
1178 3816 1232 3861 et
1259 3808 1489 3861 veritate
1515 3807 1804 3861 adorantes
1832 3807 2076 3873 inspiret.

487 3904 643 3959 Unde
668 3912 748 3958 est
780 3918 794 3956 :
832 3904 1064 3960 Adorate
1111 3900 1395 3955 scabellum
1428 3884 1619 3969 pedum
1659 3900 1795 3968 ejus,
1825 3900 2078 3968 quoniam

485 4006 726 4052 sanctum
778 4008 851 4048 est
894 3993 1085 4065 (Psal.
1144 4006 1330 4056 xcvul,
1383 3991 1475 4059 5).
1524 3990 1580 4044 Si
1623 3992 1766 4043 enim
1813 3990 1878 4043 de
1920 3989 2080 4043 Chri-

488 4097 576 4142 sto
638 4086 855 4141 homine
904 4084 1101 4138 dicitur
1154 4100 1166 4135 :
1220 4082 1451 4135 Adorate
1502 4096 1639 4146 eum,
1681 4096 1857 4133 omnes
1909 4080 2083 4150 angeli

488 4180 651 4250 297
678 4179 790 4249 ejus
823 4176 994 4245 (Psal.
1029 4190 1173 4240 XCVI,
1197 4176 1274 4245 7),
1303 4175 1371 4229 de
1398 4175 1510 4228 Deo
1539 4173 1668 4227 nulli
1696 4173 1917 4227 duhimn
1949 4174 2081 4243 quin

488 4274 733 4329 adorent.
764 4272 902 4340 Quid
948 4273 1216 4335 sanctius,
1266 4271 1396 4341 quid
1434 4284 1498 4324 ea
1532 4268 1862 4324 adorabilius
1893 4285 2076 4337 carne,

486 4382 552 4422 ex
603 4384 707 4437 qua
754 4367 1002 4423 Christus
1058 4365 1320 4435 gignitur,
1360 4379 1481 4435 qua:
1526 4366 1692 4420 habet
1740 4364 2080 4419 identitatem

2184 1869 2326 1923 enim
2357 1868 2437 1922 vel
2470 1870 2635 1924 hebes
2667 1872 2871 1925 nesciat
2909 1872 3050 1940 quod
3101 1872 3215 1942 ipsa
3249 1882 3331 1928 est
3387 1889 3507 1941 qua:
3537 1890 3625 1943 per
3677 1872 3727 1927 Fi

2184 1964 2314 2017 lium
2339 1965 2476 2018 caelo
2504 1965 2810 2033 prmsideat,
2839 1965 3002 2020 terris
3035 1965 3285 2034 imperet,
3319 1966 3524 2022 inferos
3551 1969 3748 2037 urgeat?

2183 2054 2445 2126 Princeps
2481 2072 2611 2127 ergo
2640 2058 2936 2127 egreditur,
2975 2074 3097 2112 cum
3122 2074 3216 2127 per
3245 2058 3553 2129 Principem
3585 2058 3747 2117 Matris

2183 2150 2445 2218 principis
2472 2150 2642 2205 virtus
2670 2151 2960 2208 emittitur.
2992 2148 3157 2204 Porta
3195 2161 3369 2205 autent
3413 2169 3519 2205 non
3565 2152 3741 2209 claude-

2185 2253 2271 2296 tur
2295 2261 2454 2314 usque
2480 2245 2549 2297 at!
2593 2262 2859 2312 vesperam
2910 2244 3120 2313 (Ibid.).
3174 2244 3389 2301 Clausio
3441 2248 3528 2302 hic
3570 2266 3665 2303 non
3695 2250 3751 2304 ad

2183 2335 2574 2406 virginitatem,
2645 2353 2764 2406 quze
2819 2337 3017 2407 smpius
3076 2347 3158 2390 cst
3215 2340 3472 2408 repetita,
3522 2339 3747 2395 refertur.

2184 2425 2349 2481 Porta
2388 2427 2551 2497 igitur
2572 2444 2747 2497 usque
2795 2429 2859 2482 ad
2896 2444 3173 2498 vesperam
3211 2430 3311 2482 ista
3346 2446 3456 2483 non
3488 2427 3751 2497 clauditur,

2184 2520 2312 2590 quia
2343 2520 2644 2575 clementiae
2684 2519 2800 2589 ejus
2856 2522 3033 2576 aditus
3082 2537 3254 2592 usque
3304 2523 3355 2576 in
3406 2521 3568 2577 finem
3597 2523 3753 2577 szcculi

2184 2611 2315 2666 nulli
2362 2611 2447 2679 pie
2487 2611 2689 2681 petenti
2732 2611 3058 2667 obstruitur.
3112 2610 3228 2668 Non
3262 2612 3549 2670 claudetnr
3598 2626 3751 2669 autem

2185 2701 2405 2768 dicitur,
2434 2704 2735 2771 aperietur;
2774 2704 2889 2774 ipsa
2920 2706 3064 2759 enim
3087 2721 3205 2776 qum
3240 2717 3361 2777 post
3392 2708 3568 2763 sancti
3611 2707 3758 2779 Spiri-

2186 2804 2274 2852 tus
2298 2797 2569 2852 dationem
2601 2798 2817 2869 cognita
2847 2807 2931 2853 est
2959 2810 3200 2855 nostram
3231 2804 3479 2857 omnium
3506 2801 3661 2873 Virgo
3689 2802 3757 2857 fu-

2186 2886 2329 2941 disse
2361 2887 2613 2953 salutem,
2654 2888 2707 2942 in
2756 2903 2867 2943 suae
2895 2891 3267 2959 propalalione
3317 2892 3528 2963 gloriae,
3579 2893 3755 2947 nullam

2186 2977 2443 3048 deinceps
2488 2995 2647 3048 passa
2694 2988 2777 3034 est
2826 2990 3188 3049 vetusmtem;
3228 2984 3319 3038 sed
3353 2986 3497 3040 sicut
3532 2982 3648 3040 Filii
3690 2983 3758 3042 sui

2184 3071 2319 3126 ﬁdes
2349 3071 2509 3126 nullis
2540 3073 2979 3142 perseeutionmn
3036 3084 3153 3131 acta
3210 3075 3521 3131 turbinibus
3565 3078 3758 3132 destitui

2184 3163 2383 3233 potuit,
2410 3168 2517 3218 imo
2540 3164 2845 3233 promoveri
2869 3181 2975 3220 non
2998 3166 3177 3231 desiit,
3200 3167 3277 3222 sic
3294 3166 3593 3223 benedicta:
3615 3169 3761 3239 ipsius

2187 3252 2380 3309 Matris
2417 3256 2590 3309 honor
2617 3272 2721 3310 non
2750 3255 2871 3311 dico
2901 3257 3163 3325 tepefieri,
3196 3258 3289 3312 sed
3322 3259 3373 3312 in
3398 3258 3518 3314 dies
3541 3276 3633 3329 pro
3658 3276 3763 3314 suc-

2187 3361 2342 3400 cessu
2398 3354 2697 3415 temporum
2745 3362 2850 3400 non
2906 3362 3122 3416 semper
3177 3346 3407 3403 exaltari
3464 3350 3669 3404 nesciit.
3713 3347 3760 3403 Si

2186 3438 2329 3492 enim
2360 3438 2412 3491 in
2463 3437 2687 3507 singulis
2722 3436 2957 3492 fidelium
3013 3438 3266 3494 aetatibus
3296 3438 3613 3496 Christiana
3658 3456 3763 3496 sen-

2189 3531 2379 3595 tentia,
2406 3546 2511 3599 quo
2533 3530 2764 3599 amplius
2790 3533 3104 3599 ventilatur,
3128 3534 3410 3602 astruitur,
3440 3544 3498 3592 et
3541 3536 3762 3592 discussa

2186 3620 2261 3674 nil
2313 3621 2458 3686 aliud
2498 3637 2660 3691 quam
2714 3622 2945 3676 solidum
2989 3624 3317 3693 respondere
3371 3625 3651 3695 addidicit,
3699 3628 3766 3682 sic

2188 3713 2358 3783 ipsius
2389 3715 2442 3768 in
2471 3715 2727 3769 smculum
2774 3715 3121 3771 clarificanda
3172 3719 3483 3789 virginitas,
3533 3730 3587 3775 et
3626 3720 3766 3775 nullis

2132 3868 2135 3873 γ
2186 3804 2487 3859 Ιιαξιθδίιηιε
2518 3805 2910 3876 devirginanda
2938 3807 3244 3865 lecunditas
3270 3810 3354 3865 vel
3387 3823 3766 3876 momentanea:

2188 3896 2593 3951 obumbrationi
2645 3898 2953 3965 succubuit,
2988 3900 3094 3954 imo
3137 3901 3591 3971 imperiosissitne
3619 3906 3765 3960 ultrix

2189 3987 2511 4057 iujuriarum
2566 4005 2788 4043 suarmn
2849 4004 2945 4060 per
3003 3991 3367 4048 revolutiones
3454 4006 3763 4067 temporum,

2188 4081 2329 4134 unde
2361 4089 2415 4135 et
2438 4081 2635 4151 ubique
2656 4090 2918 4152 quantum
2952 4093 3205 4153 regnaret
3228 4087 3575 4144 mirabilibus
3602 4098 3766 4144 osten-

2188 4177 2263 4232 sis
2294 4177 2527 4246 aperuit.

2262 4269 2545 4342 Proprium
2591 4271 2690 4340 ipsi
2734 4279 2808 4326 est
2835 4271 3090 4337 misereri,
3124 4283 3297 4344 utpote
3344 4288 3616 4346 sequester
3650 4278 3771 4330 inter

2188 4365 2357 4419 Deum
2396 4376 2444 4419 et
2491 4365 2744 4419 homines.
2788 4395 2860 4404 —
2897 4365 3048 4420 Unde
3086 4368 3332 4437 sequitur
3369 4385 3381 4421 :
3419 4369 3491 4423 Et
3543 4368 3769 4423 adorabit

488 4474 611 4514 cum
652 4459 785 4528 ipsa,
821 4458 1120 4525 eademque
1154 4457 1246 4511 Dei
1296 4456 1433 4511 Filio
1471 4457 1687 4511 unitur?
1738 4457 1804 4511 Et
1850 4464 1998 4512 certe
2026 4456 2079 4510 in
2107 4475 2160 4535 ι)
2186 4459 2356 4511 omnis
2370 4456 2763 4527 papulusterra:
2786 4457 2856 4510 ad
2871 4458 3062 4510 ostium
3076 4468 3240 4528 porta:
3263 4458 3548 4531 (Ibid.,5).
3575 4461 3630 4513 Si
3643 4461 3773 4528 priu-

487 4553 691 4606 mundo
720 4552 928 4619 positus
959 4551 1001 4605 si
1032 4565 1166 4619 puer
1189 4551 1506 4619 parentibus
1546 4551 1791 4606 subditus
1835 4549 1986 4620 (Luc.
2016 4565 2078 4615 ιι,

489 4643 603 4710 5i),
625 4641 782 4709 juxta
825 4642 967 4711 quod
992 4641 1227 4695 tulerant
1256 4656 1365 4696 suae
1396 4643 1561 4713 ipsius
1586 4643 1722 4698 scita
1756 4642 1907 4713 legis,
1938 4642 2084 4713 ipsos

488 4733 754 4797 honorat;
796 4748 899 4787 non
934 4741 1016 4787 est
1050 4732 1210 4801 plane
1235 4733 1433 4788 mirum
1479 4734 1522 4788 si
1571 4735 1622 4788 id
1656 4736 1829 4803 ipsum
1858 4735 2001 4803 quod
2029 4736 2083 4789 in

490 4840 553 4878 ea
578 4824 793 4878 virtutis
836 4833 891 4878 et
944 4824 1127 4894 gloriae
1164 4824 1376 4888 indidit,
1435 4827 1576 4894 quod
1625 4826 2085 4897 signiﬁcatportaa

488 4916 672 4980 limen,
727 4917 936 4970 adorat.
988 4916 1232 4971 Adorare
1262 4932 1501 4986 namque
1548 4918 1689 4972 sicut
1738 4932 1838 4985 pro
1900 4917 2083 4972 divino

491 5008 663 5073 cultu,
708 5007 788 5062 sic
820 5007 1107 5076 aliquoties
1134 5022 1234 5076 pro
1266 5006 1571 5061 reverentia
1616 5006 1682 5059 ad
1712 5005 1964 5060 homines
1988 5021 2085 5074 po-

490 5100 659 5167 nitur,
693 5102 833 5157 sicut
861 5099 1074 5154 Nathan
1110 5099 1372 5169 propheta
1404 5098 1573 5152 David
1603 5098 1859 5152 adorasse
1890 5098 2085 5158 scribié

490 5202 580 5248 tur
612 5193 732 5249 (ΙΙΙ
761 5193 891 5264 Reg.
924 5210 964 5259 ι,
986 5194 1100 5258 ‘23).
1144 5190 1299 5245 Unde
1319 5199 1375 5244 et
1401 5190 1567 5244 Jacob
1617 5189 1890 5260 fastigium
1920 5192 2084 5260 virga:

489 5285 691 5356 Ioseph
739 5288 808 5341 ab
848 5284 1107 5355 Apostolo
1134 5283 1394 5337 adorasse
1438 5282 1637 5338 dicitur
1664 5281 1850 5353 (Hebr.
1876 5300 1938 5349 ιι,
1965 5285 2079 5356 21).

491 5380 645 5447 Quod
672 5389 756 5435 est
787 5381 841 5433 in
890 5391 1085 5445 magna
1117 5378 1465 5432 veneratione
1512 5377 1766 5433 habuisse
1814 5394 2081 5436 summam

491 5470 609 5539 ejus
635 5470 913 5541 potentiae,
938 5483 1058 5537 quae
1083 5471 1160 5524 sic
1184 5468 1621 5538 inseparabiliter
1645 5484 1674 5522 a
1698 5468 1807 5525 Deo
1834 5480 2078 5539 paratur.

493 5562 549 5617 Si
580 5564 647 5618 de
674 5561 882 5616 sanctis
923 5558 1118 5629 quibus
1167 5559 1259 5615 Dei
1306 5558 1493 5614 liliatio
1538 5559 2080 5630 promittitur,quod

491 5653 808 5717 honorabile
831 5651 902 5706 sit
923 5667 1114 5719 nomen
1127 5668 1313 5708 eorum
1338 5667 1521 5706 coram
1550 5652 1668 5720 ipso
1682 5653 1879 5707 dicitur
1902 5650 2077 5722 (Psal.

480 5764 645 5817 tam.
670 5748 779 5815 id),
807 5749 932 5805 dum
978 5750 1028 5805 id
1059 5750 1109 5805 in
1141 5750 1219 5806 eis
1258 5747 1504 5806 Christus
1534 5751 1787 5817 honorat,
1835 5750 1976 5821 quod
2011 5750 2077 5806 ab

2188 4565 2315 4620 ceps
2341 4551 2443 4604 hoc
2480 4550 2620 4619 quod
2667 4564 2735 4604 ex
2781 4564 2843 4604 ea
2869 4552 3104 4620 accepit,
3142 4552 3194 4605 id
3230 4561 3314 4607 est
3349 4553 3769 4623 integumentum

2188 4641 2420 4711 propriae
2462 4641 2816 4696 humanitatis
2861 4643 3075 4708 adorat,
3130 4643 3389 4698 membris
3421 4645 3634 4699 scilicet
3671 4643 3770 4698 suis

2191 4734 2522 4788 adorandum
2571 4733 2829 4799 insinuat,
2860 4734 3162 4789 rectissime
3202 4735 3429 4806 populus
3460 4747 3643 4801 terra},
3673 4749 3770 4791 non

2191 4824 2448 4893 pulveris,
2480 4824 2584 4879 ﬁde
2605 4826 2814 4881 stabilis
2839 4834 3003 4895 atque
3032 4825 3369 4883 fructificans
3394 4843 3502 4884 non
3526 4828 3767 4887 volatilis,

2191 4914 2363 4983 ipsam
2419 4914 2793 4984 gloriosiorem
2846 4918 3327 4986 supercmlestibus
3366 4922 3662 4985 creaturis,
3696 4928 3771 4974 ut-

2191 5014 2315 5075 pote
2341 5021 2461 5074 quae
2483 5007 2713 5071 auctrix,
2747 5016 2802 5061 et
2839 5023 2991 5062 nova:
3018 5009 3111 5062 Dei
3151 5007 3271 5063 Filii
3300 5020 3569 5065 creatura:
3600 5010 3768 5065 alitrix

2191 5107 2293 5164 est,
2329 5113 2433 5151 non
2467 5100 2623 5152 modo
2646 5107 2703 5152 ut
2726 5107 2949 5154 caeteros
2977 5110 3197 5155 sanctos
3224 5101 3479 5167 honorat,
3505 5104 3601 5157 sed
3624 5100 3767 5173 quasi

2190 5203 2539 5260 superparem
2564 5190 2765 5245 Christi
2796 5191 3149 5247 humanitatis
3176 5193 3381 5247 adorat.
3411 5193 3628 5249 Ostium
3652 5209 3768 5249 vero

2188 5289 2271 5335 est
2295 5282 2359 5335 ad
2390 5288 2600 5349 portam
2624 5281 2805 5336 aditus
2831 5282 3223 5352 patentissima:
3251 5283 3509 5339 omnibus
3540 5283 3767 5340 dulcedi-

2187 5373 2272 5428 nis
2293 5372 2359 5427 ad
2390 5373 2635 5428 Mariam.
2670 5374 2807 5439 Quid
2837 5374 2980 5427 enim
3029 5375 3437 5430 miserationum
3490 5376 3567 5430 illi
3614 5378 3768 5431 benc-

2186 5468 2344 5522 dictze
2369 5484 2472 5522 non
2504 5467 2712 5533 inﬂuat,
2753 5484 2948 5543 exqua
2975 5469 3097 5525 fons
3136 5476 3300 5533 totius
3323 5472 3388 5525 ad
3427 5480 3658 5525 cunctos
3684 5468 3767 5539 qui

2188 5569 2375 5615 tenere
2404 5562 2668 5631 poeniteat
2696 5571 3013 5631 peccatores
3050 5562 3319 5632 largitatis
3354 5572 3403 5617 et
3433 5563 3631 5631 gratiae
3658 5575 3767 5615 ma-

2186 5654 2316 5708 nat?
2346 5652 2443 5706 Cui
2473 5654 2615 5706 cnim
2651 5662 2824 5708 totum
2851 5654 2994 5723 quod
3025 5662 3110 5710 est
3140 5654 3513 5711 misericordia
3552 5669 3612 5709 se
3642 5651 3767 5707 infuc

2158 5788 2161 5791 .
2192 5744 2290 5809 dit,
2320 5744 2589 5813 quomodo
2619 5744 2903 5802 dissentiet
2932 5745 2999 5802 ab
3024 5761 3089 5803 eo
3129 5747 3272 5816 quod
3302 5748 3354 5802 in
3393 5762 3453 5802 se
3486 5746 3765 5801 continens
