4038 6330
582 354 686 418 559

1424 347 1477 407 ν.
1508 320 2146 407 (ΞΗΙΒΕΒΤΙἈΒΒᾹΤΙΞ
2177 349 2182 400 τ

2282 338 2512 405 ΗΑῙὶἸᾹΞ
2542 338 2640 404 DE
2670 340 3078 404 ’NOVIGENTO
3718 351 3797 413 ιω

582 468 800 541 Domini
814 467 1057 524 audiebat
1074 464 1280 520 verbum
1302 462 1807 535 illius(Luc.x,59).
1834 463 2177 535 Secuspedes
2206 467 2252 525 Α
2284 463 2515 520 interna:
2560 463 2727 534 quieti
2754 462 2868 533 jam
2896 470 3010 527 est,
3037 463 3093 517 in
3120 468 3230 532 quo
3253 461 3493 518 laborum
3526 473 3576 521 et
3608 465 3796 525 dolorum

584 564 747 628 sedit,
771 578 893 618 eum
919 562 969 616 in
1001 558 1199 615 Christi
1235 558 1588 613 humanitatis
1621 558 1963 628 susceptione
1991 558 2170 612 debita

586 669 707 712 sese
727 652 1028 709 humilitate
1054 650 1352 720 depressit;
1386 650 1575 704 sedere
1596 650 1739 703 enim
1765 648 2036 703 humiliari
2067 657 2169 703 est.

584 745 741 803 Unde
760 753 880 798 est:
916 742 1148 813 Surgite,
1174 753 1449 813 postquam
1486 741 1723 796 sederitis
1775 740 1948 809 (Psat.
1990 756 2170 805 cxxw,

583 836 661 909 2).
707 836 878 891 Porro
903 836 1064 906 pedes
1094 835 1332 900 Domini,
1364 834 1531 904 ipsius
1558 843 1685 889 Sunt
1713 834 2042 898 humanitas,
2072 834 2178 889 sic-

583 938 645 985 ut
691 936 853 999 caput
898 928 1172 982 divinitas.
1224 925 1353 982 Inde
1381 935 1435 982 et
1466 925 1755 980 scabellum
1806 926 1922 994 ipsa
1949 934 2176 980 vocatur

584 1018 758 1093 (Psal.
790 1035 899 1084 cur,
930 1019 1007 1089 ί),
1060 1018 1386 1087 adorarique
1438 1018 1489 1071 in
1532 1017 1740 1087 psalmo
1759 1016 2173 1086 jubetur(t’sal.

583 1129 735 1177 cvm,
761 1112 841 1183 5).
875 1112 929 1167 ln
965 1127 1068 1182 qua
1093 1110 1294 1166 Christi
1317 1125 1444 1165 caro
1474 1111 1628 1180 quasi
1672 1110 1915 1181 quaedam
1944 1110 2059 1179 ejus
2085 1125 2177 1164 ex-

582 1207 833 1262 tremitas
882 1204 1209 1275 explicatur.
1235 1201 1351 1257 Non
1383 1203 1654 1258 immerito
1704 1204 1864 1273 igitur
1893 1204 2175 1258 benedicta

586 1297 677 1351 illa
707 1311 867 1352 secus
896 1297 994 1350 hos
1020 1296 1186 1364 pedes
1211 1295 1474 1359 consedit,
1530 1294 1678 1364 quia,
1721 1296 1845 1349 dum
1896 1296 2179 1365 perpendit

586 1396 824 1458 quantus
854 1404 883 1441 a
914 1401 973 1442 se
1010 1387 1313 1457 concipitur
1344 1386 1748 1455 incomparabili
1779 1402 1889 1441 sua:
1918 1386 2181 1456 dejectio-

587 1480 676 1535 nis
708 1479 923 1543 intuitu,
952 1478 1066 1547 ejus
1091 1493 1251 1548 quem
1302 1478 1471 1548 gignit
1516 1487 1609 1531 aut
1638 1476 1863 1546 bajulat,
1895 1480 2050 1549 quasi
2069 1488 2177 1533 ‘ex-

590 1574 779 1629 tremis
806 1571 1147 1627 contactibus
1179 1572 1366 1627 haeret.
1395 1571 1560 1641 Cujus
1590 1578 1795 1641 quanto
1827 1573 2065 1642 proniori
2094 1587 2180 1627 re-

584 1662 834 1720 verantia
868 1670 1065 1717 tractat
1084 1677 1330 1727 carnem,
1364 1670 1514 1716 tanto
1540 1663 1876 1732 spiritualius
1902 1664 2181 1719 acumina-

585 1763 675 1810 tur
721 1754 790 1809 ad
819 1753 1033 1817 divinae,
1076 1768 1195 1823 qua:
1243 1762 1326 1807 cst
1354 1753 1613 1816 Verbum,
1668 1753 1979 1808 substantia:
2018 1754 2181 1809 visio-

2278 558 2519 621 detentio
2549 551 2739 613 crebra
2788 557 2925 612 hanc
2953 555 3184 611 obsidet.
3228 556 3298 609 Et
3329 557 3449 625 quia
3479 574 3571 629 pro
3596 558 3670 613 his
3693 560 3798 618 illam

2276 660 2483 708 certum
2516 660 2601 706 est
2634 658 2787 706 extra
2843 664 2933 715 se,
2965 649 3094 704 velit
3135 648 3290 708 nolit,
3326 648 3461 712 fieri,
3494 650 3614 717 juhe
3636 666 3731 706 eam
3754 656 3800 710 ad

2276 757 2442 796 unum
2500 740 2834 796 actualitatis
2873 738 3107 796 ollicium
3151 739 3421 794 cohiberi.
3453 738 3582 794 Nulli
3621 757 3801 814 namque

2278 832 2498 888 dubium
2521 840 2607 887 est
2636 832 2778 903 quod
2809 832 2861 886 in
2886 832 3051 887 corde
3083 830 3412 887 beatissima:
3434 829 3651 900 Virginis
3678 837 3804 889 maxi-

2279 939 2369 979 ma
2426 925 2569 978 inter
2613 933 2904 994 utrumque
2964 932 3165 978 statum
3231 937 3397 992 super
3450 923 3546 976 hoc
3582 922 3805 979 altercatio

2256 1015 2462 1080 fuerit,
2495 1016 2621 1071 dum
2664 1016 2790 1070 hinc
2825 1016 2878 1070 in
2930 1014 3040 1071 Deo
3084 1014 3323 1069 videndo
3353 1014 3666 1080 delectatur,
3699 1016 3805 1071 illinc

2280 1108 2552 1179 corporali
2593 1106 2710 1177 ejus
2758 1125 2885 1164 cura
2943 1107 3289 1163 distrahitur.
3338 1106 3443 1163 Sed
3486 1110 3805 1181 attendendum

2281 1202 2429 1272 quod
2457 1201 2657 1258 dicitur
2712 1201 2901 1257 solam.
2956 1200 3012 1257 Si
3074 1203 3189 1257 sola
3239 1202 3526 1259 actualitas
3575 1202 3806 1267 ministrat,

2280 1291 2524 1363 profecto
2551 1294 2937 1364 contemplatio
2970 1303 3150 1349 vacat.
3183 1294 3319 1363 Quae
3346 1296 3530 1365 utique
3554 1294 3594 1348 si
3624 1292 3809 1362 aliquan-

2282 1383 2351 1439 do
2398 1385 2695 1440 actualitati
2739 1385 3049 1449 inﬂectitur,
3102 1386 3290 1456 procul
3342 1384 3501 1441 dubio
3542 1385 3805 1440 annnllatur.

2282 1476 2412 1546 Qute
2440 1494 2570 1548 ergo
2610 1480 2727 1534 sine
2754 1480 2965 1534 interna
2992 1480 3173 1549 quiete
3207 1479 3283 1533 nil
3309 1494 3469 1549 agere
3505 1478 3695 1543 sinitur,
3717 1476 3807 1530 dum

2282 1585 2410 1641 erga
2452 1571 2682 1641 plurima
2718 1573 3099 1637 conturbatur,
3141 1572 3209 1626 ad
3238 1571 3538 1642 spiritualia
3574 1586 3665 1625 non
3703 1571 3808 1625 lera-

2285 1670 2391 1718 tur.
2425 1663 2707 1730 Quomodo
2736 1666 2918 1736 itaque
2939 1665 3029 1719 illa
3056 1680 3178 1735 quae
3208 1681 3269 1720 se
3296 1664 3466 1720 solam
3497 1663 3699 1733 relinqui
3718 1677 3810 1733 que-

2286 1757 2447 1823 ritur,
2468 1758 2535 1811 ab
2564 1772 2625 1812 ea
2653 1773 2772 1827 qua:
2794 1758 2940 1813 inter
2959 1758 3240 1813 molestias
3264 1756 3410 1812 nulla
3434 1766 3535 1822 est,
3557 1754 3808 1825 adiuvatur?

585 1860 734 1901 nem.
766 1843 823 1899 Si
855 1844 998 1899 enim
1031 1859 1058 1896 a
1096 1821 1301 1898 sanctis
1326 1844 1458 1899 viris
1483 1844 1607 1898 dum
1639 1843 1839 1899 Christi
1873 1846 2181 1899 humanitas
2212 1821 2256 1881 Β
2289 1846 2397 1903 Sed
2438 1821 2563 1920 ipsa
2603 1821 2889 1906 actualitas
2938 1867 2967 1904 a
2996 1850 3459 1922 contemplatione
3486 1821 3715 1904 auxilium
3739 1848 3807 1900 ha-

584 1934 1017 2006 prarcordialiter
1040 1942 1255 1988 amatur
1276 1942 1325 1988 et
1345 1933 1606 2000 creditur,
1631 1935 1698 1989 ad
1714 1935 2180 2005 contemplaudam

587 2030 788 2086 sensim
822 2028 1121 2083 divinitatis
1169 2029 1286 2096 ejus
1342 2028 1576 2097 speciem
1625 2029 1958 2097 pervenitur,
2010 2028 2177 2093 illam,

587 2138 710 2192 qua:
741 2121 910 2177 Deum
935 2128 989 2175 et
1018 2120 1293 2175 hominem
1337 2120 1390 2174 in
1434 2136 1493 2175 se
1537 2121 1847 2192 congenuit,
1902 2128 2182 2189 totumque

586 2217 730 2272 intra
771 2230 829 2269 se
859 2212 1234 2269 indiﬂerenter
1277 2213 1486 2278 habuit,
1513 2213 1579 2268 de
1609 2214 1702 2268 Dei
1742 2214 1912 2284 gloria
1957 2215 2086 2283 quid
2108 2214 2185 2268 la-

588 2306 725 2361 tuit?
754 2304 920 2374 Cujus
943 2304 997 2359 in
1030 2306 1133 2360 hac
1158 2304 1619 2375 contemplatione
1647 2314 1849 2376 quanto
1879 2305 1978 2360 fuit
2007 2306 2183 2361 beati-

585 2399 719 2453 tudo
756 2398 1039 2463 secretior,
1092 2405 1242 2451 tanto
1294 2396 1605 2452 intellectus
1668 2397 1735 2451 ad
1786 2397 1966 2452 divina
2021 2413 2186 2466 pene-

585 2490 783 2543 tranda
837 2503 903 2542 ex
945 2487 1178 2556 simplici
1225 2495 1280 2542 et
1334 2488 1552 2557 penitus
1601 2487 1827 2542 indivisa
1885 2488 2185 2544 intentione

584 2580 880 2652 profusior.
908 2579 965 2634 In
995 2578 1366 2649 spiritualibus
1398 2593 1504 2633 non
1530 2579 1676 2634 aliud
1698 2589 1778 2634 est
1806 2579 1992 2635 videre
2022 2595 2183 2651 quam

589 2671 806 2736 audire,
860 2670 1051 2725 audire
1097 2685 1261 2740 quam
1309 2670 1515 2726 videre.
1545 2670 1685 2737 Quid
1716 2680 1794 2725 est
1844 2686 1971 2743 ergo
2000 2673 2186 2728 audire

587 2764 851 2827 Verbum,
890 2762 993 2815 nisi
1028 2761 1332 2831 intelligere
1373 2762 1574 2817 Deum?
1605 2762 1814 2818 Sedens
1848 2763 2029 2832 itaque
2065 2781 2186 2820 ver-

583 2854 717 2910 bum
742 2853 914 2916 audit,
946 2851 1071 2920 quia
1104 2866 1201 2921 per
1232 2867 1352 2907 eam
1384 2867 1503 2922 qua:
1541 2853 1838 2909 humilibus
1869 2854 2030 2909 datur
2058 2871 2186 2926 gra-

588 2943 746 3008 tiam,
778 2942 1105 2996 beatissimze
1135 2940 1377 3011 Virginis
1400 2943 1611 3008 matris,
1636 2944 1896 3009 animum,
1924 2960 2029 3000 non
2052 2961 2188 3016 prae-

589 3035 877 3106 gustando,
928 3034 1021 3090 sed
1053 3049 1111 3090 se
1164 3035 1547 3091 universaliter
1591 3037 1888 3109 ingerendo
1933 3039 2187 3096 divinitas

2284 1942 2414 1997 bere
2464 1943 2709 2008 videtur,
2765 1959 2888 1998 cum
2947 1958 3102 1998 mens
3130 1942 3485 1998 uniformiter
3533 1939 3660 2011 quod
3701 1938 3808 1994 inse

2285 2033 2689 2101 praeponderat,
2721 2033 3077 2103 exsequitur;
3107 2049 3237 2088 nam
3265 2049 3390 2089 cum
3409 2030 3671 2088 actualitas
3693 2028 3809 2081 alior-

2287 2138 2405 2177 sum
2445 2124 2649 2186 tendit.
2698 2132 2751 2178 et
2797 2139 2952 2179 mens
3004 2123 3411 2194 contemplandi
3458 2120 3602 2177 avida
3651 2126 3804 2175 secreta

2286 2216 2552 2284 requirit,
2590 2232 2653 2269 ex
2686 2230 2753 2272 eo
2802 2231 2919 2285 Ipso
2946 2230 3054 2285 quo
3086 2217 3151 2270 de
3183 2230 3439 2270 curarum
3486 2210 3808 2281 multiplicitate

2287 2323 2345 2363 se
2371 2308 2631 2373 retrahit,
2665 2309 2819 2378 quasi
2854 2309 3028 2364 sorori
3072 2308 3336 2363 otliciosm
3371 2305 3611 2378 opitulari
3632 2301 3805 2358 desistit.

2290 2400 2478 2469 Itaque
2494 2399 2801 2468 adjuvat-et,
2821 2401 2909 2455 sia
2926 2400 3199 2455 desiderio
3213 2398 3525 2470 speculandi
3546 2396 3803 2467 quiesceret.

2289 2491 2473 2548 Solam
2506 2494 2672 2563 igitur
2695 2509 2803 2548 non
2832 2493 3107 2563 relinquit,
3132 2493 3177 2548 si
3203 2509 3360 2549 mens
3382 2508 3500 2563 qua:
3524 2485 3804 2557 contemplari

2287 2592 2667 2653 proposuerat,
2697 2583 3030 2640 actualitatis
3049 2599 3213 2640 curas
3238 2600 3345 2639 non
3379 2583 3581 2653 refugit.
3613 2580 3804 2635 Contem-

2286 2675 2453 2745 platio
2480 2691 2609 2746 ergo
2641 2677 2881 2746 quandiu
2918 2678 3028 2734 Deo
3059 2678 3399 2748 speculando
3433 2676 3655 2737 feriatur,
3681 2670 3804 2726 solam

2289 2768 2658 2824 actualitatem
2684 2785 2786 2825 non
2813 2770 3052 2840 adjuvat.
3078 2771 3147 2826 At
3168 2787 3325 2827 mens
3351 2771 3395 2826 si
3426 2787 3455 2826 a
3479 2760 3805 2835 contemplandi

2291 2876 2475 2916 amore
2519 2862 2769 2928 fatiscat,
2808 2864 2863 2917 in
2886 2876 2889 2879 ‘
2914 2871 3179 2934 quantum
3212 2866 3281 2919 ab
3312 2880 3377 2920 eo
3409 2862 3613 2925 deﬁcit,
3639 2855 3804 2912 liberius

2285 2952 2395 3022 jam
2426 2954 2785 3009 actionalitati
2817 2956 3040 3021 insistit,
3070 2965 3123 3010 et
3148 2972 3218 3012 ex
3242 2958 3347 3012 hoc
3373 2956 3536 3012 solum
3561 2952 3755 3021 adjuvat.

2365 3046 2486 3100 Nisi
2521 3047 2659 3101 Deus
2688 3064 2743 3101 se
2771 3064 2929 3103 carne
2956 3050 3299 3117 contexisset,
3330 3056 3583 3119 nunquam
3612 3045 3716 3116 ferri
3738 3057 3806 3111 po-

589 3128 806 3183 imbuit.
861 3127 916 3182 Si
978 3127 1122 3183 enim
1182 3127 1358 3183 deitas
1403 3128 1637 3199 seipsam
1699 3130 1870 3186 latere
1898 3140 2099 3202 potest,
2132 3142 2187 3188 et
2213 3175 2254 3232 Ο
2292 3138 2493 3193 tuisset.
2534 3139 2788 3194 Attamen
2834 3140 3093 3196 Dominus
3124 3157 3296 3196 unum
3347 3156 3465 3197 esse
3514 3138 3804 3195 necessarium

590 3219 765 3289 ipsam
791 3217 1090 3273 benedictis
1135 3217 1408 3283 omnibus,
1441 3226 1500 3271 ut
1543 3218 1614 3272 ita
1670 3219 1921 3286 dixerim,
1963 3222 2185 3278 benedi-

591 3310 819 3366 ctiorem
845 3308 1048 3380 aliquid
1076 3307 1317 3363 divinum
1355 3309 1525 3365 latere
1556 3312 1753 3381 potuit,
1782 3313 1935 3382 cujus
1958 3315 2105 3370 cordi
2131 3324 2186 3370 et

590 3409 750 3455 utero
770 3399 1029 3470 quidquid
1053 3398 1182 3454 illud
1206 3409 1311 3465 est,
1341 3401 1488 3470 quod
1520 3401 1666 3457 Deus
1694 3410 1796 3468 est,
1832 3403 1885 3457 in
1917 3404 2064 3461 nullo
2087 3406 2183 3461 de-

590 3491 713 3548 fuit.

665 3586 880 3641 Martha
910 3595 1083 3640 autem
1111 3585 1377 3655 satagebat
1405 3586 1545 3640 circa
1571 3587 1815 3658 frequens
1836 3589 2184 3645 ministerium

592 3679 726 3753 (Luc
756 3696 812 3746 χ,
849 3678 963 3749 40).
992 3678 1275 3746 Frequens
1309 3676 1672 3731 ministerium
1698 3678 1843 3733 circa
1888 3680 2031 3749 quod
2077 3689 2186 3735 sat-

593 3774 729 3846 agit,
759 3775 874 3843 ipsa
897 3770 1302 3827 estsollicitudo
1324 3770 1469 3824 circa
1486 3785 1674 3825 curam
1698 3770 1961 3827 Dominici
1995 3787 2187 3843 corpo-

593 3863 692 3930 ris,
722 3878 886 3934 quam
916 3863 967 3915 iu
1020 3861 1301 3915 benedicta
1333 3860 1557 3929 Virgine
1601 3860 1886 3915 actualitas
1915 3863 1993 3918 sic
2021 3864 2186 3917 mini-

593 3966 733 4012 strat
781 3966 840 4009 ut
891 3953 1180 4010 exterioris
1208 3954 1446 4008 hominis
1498 3954 1759 4023 obsequio
1810 3957 1981 4028 magis
2023 3973 2183 4027 quam

594 4048 1009 4120 contemplanda
1064 4047 1173 4101 Deo
1220 4047 1509 4117 aliquoties
1556 4048 1915 4102 insistendqu
1965 4050 2183 4117 credat;

594 4143 737 4213 quod
760 4141 904 4195 enim
933 4139 1225 4194 carnaliter
1248 4147 1531 4209 genuerat,
1558 4147 1612 4192 et
1638 4154 1749 4209 pra:
1778 4140 1948 4194 oculis
1974 4155 2187 4212 semper

594 4232 860 4293 habebat,
912 4229 1169 4283 nimirum
1219 4228 1534 4283 ferventiori
1578 4230 1758 4285 studio
1817 4231 2188 4288 indesinenter

594 4325 840 4380 ardebat.
877 4321 1030 4389 Quod
1058 4322 1217 4391 plane
1242 4321 1308 4376 ad
1336 4337 1554 4377 manum
1578 4331 1775 4393 praesto
1803 4333 2040 4391 constat,
2072 4326 2189 4381 ani-

593 4432 715 4471 mus
751 4414 923 4469 multo
971 4414 1146 4485 magis
1172 4412 1420 4478 allectat;
1452 4423 1506 4468 et
1555 4415 1697 4485 quod
1731 4416 1909 4471 minus
1937 4416 2187 4473 sensihus

2286 3232 2635 3301 pronuntiat,
2669 3241 2728 3285 ut
2775 3231 2920 3286 enim
2954 3233 3021 3288 de
3069 3232 3311 3303 gloriosa
3356 3233 3444 3287 illa
3473 3232 3651 3287 femina
3678 3238 3804 3283 tacea-

2288 3339 2428 3388 mus,
2459 3339 2580 3393 qua:
2602 3339 2698 3393 per
2726 3325 3111 3394 ministerium,
3135 3331 3284 3396 quod
3310 3327 3457 3382 carni
3483 3326 3552 3381 illi
3587 3337 3803 3380 sacrosan-

2288 3424 2390 3470 cta:
2416 3416 2687 3481 exhibuit,
2719 3418 2787 3472 ad
2820 3417 3119 3473 divinitatis
3150 3435 3409 3489 suprema
3446 3419 3657 3491 pertigit,
3677 3415 3802 3471 omnis

2289 3517 2511 3563 sanctus
2541 3526 2648 3565 non
2682 3511 2785 3566 nisi
2829 3527 2929 3580 per
2954 3512 3113 3568 ﬁdem
3144 3530 3497 3586 amoremque
3521 3509 3801 3569 humanitatis

2292 3601 2358 3654 ad
2394 3600 2683 3655 scientiam
2734 3603 2983 3672 pervenit
3028 3604 3365 3661 divinitatis.
3398 3604 3544 3659 Unde
3576 3613 3644 3659 est
3683 3598 3802 3654 :il'isi

2288 3706 2382 3760 ego
2411 3690 2609 3757 abiero,
2645 3689 2955 3746 Parua/etus
2986 3710 3090 3747 non
3117 3697 3286 3750 ueniet
3315 3696 3492 3767 (Joan.
3527 3709 3623 3759 va,
3652 3691 3710 3761 7).
3734 3686 3798 3744 0f-

2290 3782 2411 3837 ﬁcia
2447 3798 2682 3853 quoque,
2720 3800 2838 3855 quze
2875 3802 2997 3854 suo,
3030 3788 3157 3843 dum
3186 3792 3464 3847 adviveret
3482 3786 3669 3858 corpori
3693 3782 3799 3838 exhi~

2288 3875 2582 3943 bebantur,
2612 3878 2921 3947 approbans
2953 3880 3031 3933 ait
3077 3897 3089 3933 :
3123 3879 3394 3952 Pauperes
3440 3896 3620 3950 semper
3655 3872 3797 3929 habetis

2290 3968 2577 4033 uobiscum,
2634 3985 2716 4023 me
2757 3980 2933 4024 autem
2979 3988 3083 4025 non
3128 3989 3333 4038 semper
3377 3971 3609 4026 habebitis
3639 3962 3795 4037 (Matth-

2289 4077 2436 4126 xxvr,
2457 4065 2476 4115 l
2494 4064 2510 4115 l
2525 4061 2564 4132 ).
2581 4062 2719 4129 Quid
2747 4077 2879 4133 ergo
2900 4064 3196 4119 benedictae
3218 4065 3297 4120 illi
3323 4065 3486 4135 magis
3508 4056 3793 4117 necessarium

2289 4167 2452 4222 quam
2482 4152 2729 4222 corporis
2757 4153 3024 4207 Dominici
3054 4154 3217 4225 300
3246 4139 3793 4226 integumentumqu

2289 4244 2416 4300 dum
2447 4246 2613 4309 texit,
2650 4246 2870 4316 superni
2900 4247 3161 4302 numinis
3186 4256 3602 4304 sacramentum.
3626 4237 3790 4294 multum

2290 4337 2339 4390 ei
2371 4345 2430 4390 ut
2457 4337 2522 4390 ad
2557 4338 2831 4393 internum
2883 4336 3064 4391 lumen
3092 4340 3410 4409 attingeret,
3439 4332 3658 4409 praestitit
3682 4324 3791 4394 adju-

2291 4433 2556 4481 mentum.
2587 4426 2643 4481 Si
2672 4428 2817 4481 enim
2840 4426 3090 4483 Christus
3112 4444 3170 4484 se
3201 4445 3368 4485 carne
3391 4444 3489 4483 non
3516 4425 3701 4494 tegeret.
3721 4428 3789 4484 νυ·

594 4505 827 4575 adjacet,
852 4505 901 4559 id
932 4504 1418 4561 intellectualitatis
1441 4506 1590 4561 acies
1610 4506 1896 4562 difﬁculter
1914 4517 2184 4579 penetrat.
2217 4524 2263 4583 ι)
2291 4530 2386 4570 rus
2426 4515 2514 4570 ille
2559 4517 2779 4572 deitatis
2826 4517 2967 4589 ignis
2996 4533 3104 4588 quo
3131 4534 3191 4575 se
3234 4520 3485 4592 caperet?
3505 4517 3566 4574 Et
3601 4519 3715 4567 certe
3744 4517 3789 4558 ne

592 4598 848 4652 Animum
880 4612 1073 4667 nempe
1101 4597 1353 4669 colligere
1378 4598 1443 4652 ad
1468 4599 2001 4669 contemplationem,
2026 4602 2189 4673 equie-

597 4697 706 4744 tam
739 4689 977 4759 postulat
1007 4704 1037 4742 a
1062 4691 1290 4761 strepitu
1324 4690 1582 4747 forastieo
1621 4695 1997 4750 intentionem.
2031 4694 2188 4751 Unde

594 4793 648 4838 et
675 4791 825 4837 stare
847 4780 1079 4849 dicitur,
1107 4783 1234 4851 quia
1262 4782 1473 4837 crebris
1499 4783 1566 4837 ab
1581 4798 1643 4836 ea
1672 4783 2009 4839 conflictibus
2039 4783 2186 4839 labo-

596 4888 768 4934 ratur.
808 4875 947 4929 Dum
977 4874 1122 4928 enim
1158 4878 1223 4930 ab
1280 4876 1493 4930 Herode
1538 4877 1867 4931 occidendus
1899 4879 2182 4948 quaeritur,

594 4973 721 5028 dum
750 4968 977 5025 Iudaico
1000 4966 1111 5036 jam
1136 4966 1351 5034 juvenis
1373 4966 1540 5023 livore
1567 4968 1864 5038 impetitur,
1887 4971 2015 5023 dum
2044 4986 2183 5039 prm-

593 5062 790 5134 cipicio
819 5061 1145 5123 intentatur,
1171 5058 1297 5112 dum
1328 5058 1581 5112 convitiis
1623 5059 1889 5124 obruitur,
1914 5059 2041 5114 dum
2064 5060 2187 5113 ulti-

595 5170 685 5210 mo
723 5153 871 5209 cruci
933 5151 1225 5215 addicitur,
1260 5148 1429 5204 multo
1475 5148 1762 5206 actualitas
1815 5149 1867 5203 in
1900 5166 1964 5205 ea
2017 5150 2185 5207 animi

594 5246 736 5303 bello
768 5244 1110 5301 distenditur.

668 5337 909 5405 Domine,
952 5337 1145 5407 inquit,
1179 5353 1285 5391 non
1312 5344 1389 5390 est
1419 5335 1513 5389 tibi
1549 5351 1690 5390 curae
1714 5336 1852 5407 quod
1891 5353 2042 5391 soror
2069 5353 2185 5393 mea

594 5427 805 5499 feliquit
840 5446 918 5483 me
967 5430 1134 5518 solam
1179 5428 1738 5501 ministrare?(lbid.)
1771 5430 1925 5496 Quod
1981 5439 2064 5487 est
2117 5432 2185 5487 ad

597 5519 774 5589 ipsum
834 5518 1090 5587 Verbum,
1119 5523 1205 5577 cui
1255 5522 1523 5579 audiendo
1558 5522 1946 5592 contemplatio
2002 5531 2180 5591 vacat,

595 5611 779 5667 dicere
799 5652 820 5665 .
852 5611 986 5668 Cum
1032 5615 1137 5667 sim
1184 5623 1239 5669 et
1268 5615 1511 5671 infantiae
1544 5614 1839 5684 obsequiis,
1870 5623 1923 5670 et
1948 5612 2184 5682 juventa:

596 5701 913 5758 infortuniis
957 5704 1229 5758 coutinuis
1253 5706 1630 5762 vexationibus
1652 5715 1934 5776 occupata,
1962 5718 2017 5761 et
2037 5722 2185 5762 com-

595 5791 849 5862 passione
897 5792 1115 5858 detrita,
1147 5792 1324 5849 nullus
1355 5795 1441 5850 hic
1472 5795 1621 5850 locus
1652 5795 2092 5859 contempiationi
2127 5805 2182 5850 et

2292 4606 2408 4676 ipsa
2439 4606 2658 4675 quidem
2686 4623 2845 4674 caro,
2877 4609 2987 4667 Deo
3016 4609 3070 4663 in
3111 4625 3169 4678 se
3212 4612 3429 4677 latente,
3457 4604 3786 4665 tolerabilises-

2289 4706 2394 4764 set,
2427 4699 2531 4754 nisi
2562 4700 2764 4757 mentis
2791 4699 2911 4770 ejus
2949 4700 3128 4756 sinum
3178 4704 3352 4761 virtus
3392 4693 3784 4759 Altissimiobum'

2286 4791 2490 4847 braret.

2293 4916 2307 4930 ο
2360 4885 2623 4942 Continuo
2656 4886 2753 4942 Dei
2786 4905 2982 4946 visione
3016 4908 3073 4947 m
3104 4902 3243 4948 terra
3267 4894 3431 4965 posita
3471 4897 3536 4944 est
3566 4884 3619 4939 Β.
3656 4876 3783 4965 νίτθθξ

2290 4979 2469 5035 Maria
2509 4982 2759 5052 optimam
2799 4996 3003 5054 partem
3031 4987 3202 5059 elegit,
3230 4963 3346 5059 qua:
3375 5002 3471 5041 non
3501 4963 3781 5059 attf‘”"""_"',b

2286 5089 2349 5127 ea
2380 5051 2620 5143 (Lue.x,
2654 5074 2769 5145 42).
2800 5051 2958 5133 Licet
3006 5051 3172 5150 igitur
3192 5051 3198 5053 Π
3221 5051 3517 5134 beatissima
3540 5070 3673 5136 Virg.)
3708 5051 3782 5109 dul-

2288 5164 2493 5220 cissimi
2524 5164 2646 5220 Filii
2686 5168 3058 5237 corporalibus
3086 5172 3314 5227 nimium
3345 5164 3553 5224 distrahi
3578 5157 3781 5242 νὶάετείξξῖ

2288 5257 2669 5325 incommodis,
2685 5269 2741 5315 et
2760 5262 3125 5319 exterioribus
3156 5264 3484 5319 detineretur
3507 5232 3776 5309 οσίςίὶειηυηί

2288 5358 2473 5405 tamen
2505 5344 2763 5407 credibile
2793 5353 2910 5408 sani
2941 5356 3135 5427 capitis
3164 5356 3419 5411 habeatur
3437 5349 3551 5421 quin
3576 5340 3665 5427 illa,
3694 5338 3776 5427 fl"?

2288 5440 2458 5496 Deum
2504 5442 2884 5498 universitatis
2935 5424 3212 5501 auctorem
3246 5449 3379 5501 intra
3414 5455 3469 5496 se
3517 5424 3773 5515 contulerafl

2286 5548 2527 5604 unquam
2552 5533 2670 5604 ejus
2696 5551 2856 5605 quem
2888 5538 3057 5593 semel
3080 5546 3251 5595 totum
3275 5539 3530 5595 hauserat,
3556 5518 3670 5594 quod
3684 5505 3772 5605 ηιξΠΙ

2287 5624 2540 5680 humanm
2564 5634 2831 5683 creaturae
2857 5637 2942 5684 est
2988 5630 3219 5696 licitum,
3254 5630 3491 5688 continua
3520 5599 3769 5702 contem???

2286 5718 2435 5773 tione
2464 5718 2546 5773 vel
2565 5720 2631 5774 ad
2661 5727 2850 5775 horam
2883 5721 3260 5792 fraudaretur;
3290 5718 3651 5796 quibuscumque
3669 5701 3767 5796 etlll'

2290 5807 2410 5863 Filii
2441 5819 2731 5880 angeretur
2758 5811 3057 5879 doloribus,
3087 5790 3358 5887 nunquam
3387 5818 3543 5866 tamen
3556 5790 3765 5853 ﬁdem“
