4038 6330
316 411 417 467 561

1594 409 1682 468 DE
1710 412 1942 469 LAUDE
1964 414 2021 469 S.
2051 414 2309 472 MARUE.

3485 439 3592 500 562

314 540 476 598 quem
496 524 712 581 indubie
738 525 905 581 Deum
936 526 1383 597 noverat,ferv0r
1406 528 1654 600 intepuit,
1672 545 1901 600 praeser-
1927 532 1978 593 A
2005 535 2313 600 comedenti,
2342 537 2418 591 sic
2439 540 2540 594 erit
2578 542 2791 597 verbum
2834 559 3004 601 meum
3032 550 3170 618 quod
3196 553 3489 622 egredietur
3526 559 3591 613 de

314 618 412 672 tim
444 618 530 672 cui
566 617 983 687 dispensationis
1015 620 1183 690 ipsius
1225 620 1434 676 occulta
1487 621 1771 691 dispositio
1806 638 1900 678 ne-

308 715 584 781 quaquam
614 710 732 765 l'uit.
764 710 900 766 Nam
930 713 1072 782 quod
1103 714 1170 768 de
1195 714 1343 770 nullo
1370 724 1682 770 sanctorum
1727 714 1902 770 credi-

313 810 425 866 tur,
460 802 526 857 de
562 803 651 857 illa
687 804 1045 861 universitate
1086 807 1389 863 divinitatis
1413 816 1619 863 tantum
1651 825 1758 864 non
1803 810 1901 864 du-

304 890 517 947 hitatur
546 893 800 950 habuisse
837 897 1064 963 residui,
1107 906 1169 952 ut
1197 913 1412 969 quaque
1446 915 1663 955 versum
1689 916 1748 956 se
1775 915 1900 970 age-

306 990 413 1048 ret,
448 1000 724 1054 nunquam
753 1002 783 1040 a
806 988 901 1042 Dei
923 989 1131 1045 visione
1157 990 1431 1056 desciret;
1460 1008 1581 1062 quae
1607 992 1752 1047 enim
1778 993 1897 1062 plus

301 1071 496 1129 habuit
548 1075 602 1128 in
645 1084 789 1132 terra
836 1094 998 1148 quam
1052 1080 1311 1152 angelus,
1341 1097 1449 1138 non
1499 1084 1679 1140 minor
1706 1084 1896 1155 angelo

299 1177 429 1219 esse
456 1165 643 1220 debuit
666 1176 789 1237 post
815 1170 949 1225 tanti
978 1171 1325 1227 beatudinem
1354 1184 1561 1244 partus.
1582 1175 1638 1231 Si
1663 1192 1896 1246 namque

296 1252 359 1307 in
388 1254 617 1325 angelis,
654 1258 744 1327 qui
795 1260 863 1315 ad
913 1261 1217 1317 ministeria
1253 1264 1565 1336 diriguntur
1608 1267 1890 1323 salvando-

297 1361 427 1401 rum
472 1350 611 1419 (Act.
638 1367 702 1419 η,
729 1354 811 1424 2),
864 1355 1153 1413 irremotus
1202 1375 1527 1433 quocunque
1578 1380 1638 1420 se
1677 1373 1894 1421 vertant

298 1442 781 1511 contemplationis
835 1455 989 1503 tenor
1040 1449 1307 1523 invigilat,
1336 1454 1464 1523 quid
1509 1456 1561 1510 in
1603 1465 1748 1512 tanta
1782 1467 1889 1513 tam

291 1527 560 1586 ineffabili
588 1534 868 1590 Geuitrice
920 1539 1115 1609 agitur,
1142 1556 1263 1610 qum
1286 1544 1513 1613 proinde
1542 1560 1653 1615 prae
1684 1548 1891 1618 angelis

290 1624 535 1690 regnat?
579 1624 636 1679 ln
673 1637 856 1683 mente
886 1630 1045 1698 plane
1094 1633 1263 1702 ipsius
1299 1646 1509 1704 sancta,
1540 1639 1670 1706 imo,
1711 1649 1769 1695 ut
1810 1642 1884 1697 ita

288 1709 552 1779 dixerim,
578 1717 887 1786 subdivina,
939 1723 1392 1783 absurdissimum
1420 1738 1504 1785 est
1535 1731 1759 1803 intelligi
1792 1750 1887 1804 po-

288 1800 485 1869 tuisse,
511 1815 635 1873 post
659 1809 983 1866 exhaustura
1013 1815 1148 1869 tanti
1171 1820 1400 1874 sacrarii
1426 1820 1626 1888 locum,
1665 1800 1882 1894 aliquod

284 1889 538 1949 incidere
568 1896 981 1969 detrimentum,
1000 1914 1057 1959 ut
1085 1908 1227 1976 quod
1262 1913 1576 1979 parturiens
1602 1889 1878 1984 habuerit,

283 1981 413 2039 fuso
459 1995 617 2054 partu
682 1993 1004 2061 perdiderit.
1046 1997 1115 2053 Et
1173 2001 1441 2071 siquidem
1488 1981 1879 2076 plenitudinem

282 2074 595 2135 divinitatis
633 2085 990 2154 corporaliter
1025 2094 1341 2163 concepisse
1372 2074 1710 2165 dignoscitur
1734 2105 1878 2172 quod

281 2173 465 2223 totum
495 2167 610 2239 jam
641 2174 801 2230 enixa
840 2192 944 2232 non
990 2181 1212 2251 habuit,
1261 2187 1525 2258 quidquid
1579 2167 1766 2248 tamen
1810 2196 1879 2251 ad

277 2258 551 2330 gratiam,
596 2263 935 2338 gloriamque
972 2273 1155 2329 cordis
1208 2279 1478 2346 pertinet,
1519 2282 1668 2338 nullo
1717 2286 1878 2341 modo

276 2351 469 2408 minus
521 2354 777 2415 habuisse
816 2375 846 2415 a
880 2362 1130 2422 fidelibus
1175 2369 1496 2427 mstimatur.
1541 2372 1697 2430 Sicut
1744 2392 1878 2434 sane

276 2451 510 2499 sanctus
541 2445 798 2516 Spiritus,
843 2467 967 2507 cum
1007 2470 1171 2523 super
1194 2461 1467 2528 apostolos
1494 2471 1549 2517 et
1589 2466 1877 2524 credentes

275 2546 383 2619 per
410 2532 623 2606 linguas
648 2542 899 2610 apparuit
927 2544 1067 2614 (Act.
1096 2563 1161 2613 ιι,
1192 2548 1271 2619 5),
1314 2555 1601 2610 recedente
1635 2557 1873 2614 miracu-

273 2618 335 2676 lo
360 2620 417 2677 in
444 2638 633 2680 eorum
684 2631 939 2688 cordibus
969 2650 1067 2705 per
1104 2618 1429 2709 scientiam,
1468 2643 1872 2718 fortitudinem,

278 2720 340 2767 et
380 2729 622 2773 amorem
671 2721 790 2777 sine
837 2726 1218 2787 imminutione
1263 2738 1561 2805 remansit,
1616 2740 1691 2796 ita
1749 2753 1874 2812 post

272 2810 673 2871 exhibitionem
699 2818 941 2878 caelestis
982 2828 1279 2896 puerperii,
1309 2832 1633 2889 excellentia
1675 2810 1870 2893 divinae

271 2902 650 2973 amplitudinis
704 2911 757 2966 in
807 2912 1050 2984 virginea
1104 2930 1307 2989 mente,
1332 2924 1451 2980 sine
1480 2926 1588 2982 ulla
1616 2938 1863 2986 contem-

270 2993 532 3062 plationis
557 3001 799 3068 pristinae
825 3007 1184 3067 minoratione
1213 3017 1436 3072 resedit.

347 3083 516 3142 Recte
541 3089 704 3160 igitur
731 3093 934 3151 dictum
958 3107 1063 3167 est,
1084 3099 1209 3155 Non
1243 3106 1513 3172 auferetur
1533 3110 1597 3163 ab
1623 3129 1684 3165 ea
1710 3111 1863 3181 (Luc.

268 3191 333 3243 ι,
361 3177 479 3250 42),
513 3183 640 3252 quia
669 3185 810 3251 sicut
836 3189 890 3243 in
924 3190 1040 3261 ipsa
1076 3192 1218 3250 facta
1240 3206 1367 3252 sunt
1397 3200 1667 3257 nullorum
1697 3177 1864 3261 saecu-

267 3267 452 3326 lorum
476 3277 760 3334 eventibus
792 3281 1013 3348 similia,
1046 3285 1124 3341 sie
1157 3303 1261 3357 qua
1290 3293 1458 3346 semel
1507 3293 1713 3351 imbuta
1756 3308 1859 3367 est,

266 3359 449 3415 eidem
477 3371 846 3434 perseveravit
875 3374 1044 3429 animi
1065 3378 1645 3456 eminentia;alioquin
1672 3389 1717 3442 si
1746 3399 1866 3459 post

265 3460 489 3520 partum
521 3456 801 3527 desiisset,
830 3464 1089 3532 praedicta
1139 3469 1312 3526 virtus
1340 3473 1621 3534 videretur
1654 3456 1862 3538 functo-

265 3542 373 3597 ria.
425 3544 540 3601 Etsi
569 3564 698 3629 ergo
741 3565 1037 3627 conceptus
1087 3570 1330 3633 tempore
1376 3568 1490 3624 haec
1539 3572 1593 3626 in
1641 3572 1861 3645 Virgine

264 3634 445 3706 viguit
475 3641 672 3709 gratia,
714 3644 818 3701 hac
857 3649 1067 3707 scilicet
1096 3657 1253 3725 quasi
1282 3661 1593 3718 conditione
1623 3673 1681 3719 ut
1712 3634 1857 3737 tepe-

263 3736 473 3795 sceret,
497 3741 590 3787 aut
610 3736 881 3794 desineret
904 3751 1091 3810 postea
1119 3761 1133 3810 ;
1166 3748 1308 3804 unde
1336 3751 1383 3805 ei
1407 3753 1461 3807 in
1485 3756 1639 3811 cuclis
1659 3768 1859 3827 praeter

263 3818 570 3878 humanum
604 3827 821 3884 modum
858 3834 1041 3900 terris,
1091 3845 1145 3891 et
1182 3838 1373 3898 inferis
1401 3851 1552 3901 tanta
1583 3854 1857 3918 potentia?

262 3908 521 3969 Profecto
570 3918 660 3971 ubi
713 3919 925 3977 initium
955 3934 1010 3980 et
1042 3926 1169 3983 finis
1200 3934 1365 3989 tantis
1390 3908 1690 4011 privilegiis
1725 3908 1858 3999 con-1

262 4014 499 4071 venere;
548 4010 725 4063 media
778 4029 1053 4086 nunquam
1102 4019 1279 4079 fateor
1328 4010 1656 4087 detrimento
1691 4034 1854 4091 alicui

261 4102 512 4165 patuere.
541 4100 623 4155 Ad
672 4101 814 4160 hanc
848 4107 1033 4179 itaque
1075 4115 1245 4169 cessit
1272 4118 1491 4187 optima:
1542 4125 1713 4192 partis
1741 4128 1854 4182 ele-

261 4186 410 4251 etio,
448 4190 571 4258 quia
627 4194 1041 4269 quibuscunque
1092 4186 1444 4265 famulatibus
1497 4186 1640 4269 intra
1678 4218 1851 4286 ipsam

263 4273 476 4333 Martha
516 4282 870 4356 discurreret,
913 4291 981 4346 ad
1012 4292 1239 4349 internae
1293 4314 1511 4371 semper
1552 4273 1853 4366 dulcedinis

262 4368 518 4427 nucleum
567 4376 683 4445 ejus
718 4383 1138 4439 convertebatur
1186 4391 1354 4458 optio.
1387 4368 1541 4449 Unde
1588 4406 1642 4451 et
1680 4399 1849 4457 Maria

261 4460 417 4515 stella
446 4466 630 4535 maris,
663 4479 757 4524 aut
781 4472 1137 4531 illuminatrix
1163 4480 1396 4549 dicitur;
1440 4486 1494 4540 in
1524 4489 1663 4543 mari
1693 4506 1845 4548 nem-

256 4566 331 4622 pe
354 4569 421 4609 ex
448 4571 554 4625 quo
579 4563 825 4619 turbatur
848 4582 976 4637 erga
1006 4569 1237 4638 plurima
1285 4576 1439 4630 stella
1491 4590 1546 4635 et
1576 4582 1847 4641 illumina-

255 4646 366 4701 trix
396 4658 502 4715 est,
527 4652 652 4720 quia
701 4656 753 4708 in
802 4659 1189 4719 tentationibus
1221 4667 1427 4737 saeculi,
1453 4686 1589 4741 quas
1618 4677 1847 4733 actuali-

240 4740 357 4799 .tati
387 4740 732 4802 inserviendo
788 4749 1076 4821 aliquoties
1132 4759 1361 4827 patitur,
1387 4740 1504 4834 jugi
1534 4774 1590 4821 et
1642 4769 1844 4827 invicta

255 4830 403 4884 inter
457 4835 700 4892 turbines
742 4843 1125 4911 speculationis
1176 4849 1298 4907 luce
1350 4830 1582 4912 fovetur.
1610 4859 1736 4918 Haec
1775 4865 1841 4920 de

255 4923 500 4991 capitulo
525 4933 777 4997 praesenti
802 4934 1002 4992 dixisse
1023 4941 1274 5009 sufﬁciat,
1299 4955 1359 5000 ut
1381 4949 1634 5008 videlicet
1655 4964 1840 5012 osten-

256 5011 510 5073 deremus
540 5025 807 5088 quomodo
849 5027 1008 5099 hujus
1052 5031 1338 5091 ineffabilis
1375 5037 1617 5100 Dominae
1647 5049 1842 5117 praedi-

255 5108 460 5165 cationi
486 5117 795 5173 conveniat.

859 5212 1086 5273 CAPUT
1126 5217 1238 5275 Vlll

330 5294 598 5354 Praeterea
623 5311 679 5357 et
719 5303 989 5363 lsaianum
1016 5309 1144 5365 illud
1171 5313 1364 5370 discuti
1394 5332 1576 5389 operae
1603 5326 1837 5393 pretium

252 5388 588 5447 aestimamus
628 5395 671 5449 si
705 5396 844 5454 forte
872 5403 1168 5470 praemissis
1218 5408 1458 5465 arrident
1492 5432 1506 5466 :
1534 5413 1834 5487 Quomodo,

253 5478 452 5550 inquit,
483 5483 747 5543 descendit
799 5492 964 5547 imber
983 5506 1030 5549 et
1069 5498 1161 5551 nix
1192 5499 1255 5553 de
1277 5500 1424 5568 caelo,
1448 5514 1496 5558 et
1531 5478 1656 5561 illuc
1695 5478 1838 5567 ultra

250 5586 356 5626 non
383 5580 679 5647 revertitur,
719 5583 809 5637 sed
838 5585 1061 5642 inebriat
1091 5599 1305 5658 terram,
1337 5603 1387 5648 et
1433 5596 1665 5667 infundit
1695 5618 1833 5673 eam,

249 5672 299 5717 et
326 5668 620 5735 germinare
642 5688 759 5728 eam
782 5675 933 5747 facit,
966 5689 1015 5735 et
1042 5684 1131 5737 dat
1155 5700 1330 5741 semen
1359 5692 1551 5746 serenti
1575 5702 1623 5748 et
1648 5711 1836 5779 pauent

320 5823 433 5894 (26)
462 5825 642 5890 Cilfris
666 5838 1046 5901 minutioribus

2004 642 2093 681 ore
2124 645 2258 683 meo.
2291 627 2416 683 Non
2449 643 2737 688 revertetur
2777 636 2847 690 ad
2896 654 2979 693 me
3023 657 3269 710 vacuum,
3298 646 3388 699 sed
3435 648 3592 715 faciet

2000 734 2324 791 qutvcunque
2350 721 2513 789 volui,
2546 735 2594 778 et
2615 729 3009 798 prosperabitur
3037 732 3091 787 in
3128 735 3193 789 iis
3223 738 3291 790 ad
3314 755 3430 808 qua:
3470 742 3591 797 misi

1999 808 2133 863 illud
2161 810 2295 881 (Isa.
2339 830 2428 879 LV,
2466 816 2554 881 lt),
2592 817 2699 887 il).
2739 818 2917 876 Imber
2947 824 3246 895 descendit,
3279 843 3398 885 cum
3425 848 3589 903 ange-

2000 900 2083 957 lus
2122 903 2188 958 ad
2217 904 2494 975 Virginem
2533 909 2699 965 verba
2730 910 3050 971 incarnandi
3082 919 3349 990 deposuit.
3381 922 3484 980 Nix
3500 900 3590 983 ide

1999 995 2137 1050 caelo
2166 997 2331 1063 venit,
2386 1013 2508 1053 cum
2563 1015 2623 1055 se
2650 1016 2681 1055 a
2726 1002 2887 1060 Patre
2918 1018 3145 1065 sanctus
3186 1012 3422 1083 Spiritus
3476 1032 3584 1073 non

1997 1087 2268 1160 virginum
2323 1091 2635 1150 sublaturus
2661 1135 2677 1161 ,
2720 1098 2816 1152 sed
2868 1103 3162 1158 candorem
3202 1109 3479 1164 munditiae
3533 1112 3580 1165 ei
3620 1154 3623 1157 .

1997 1183 2491 1249 superexcellenter
2544 1197 2806 1245 aucturus
2848 1190 3065 1249 infudit.
3099 1194 3199 1261 Qui
3228 1200 3371 1253 enim
3405 1203 3579 1270 potuit

1996 1278 2124 1332 dare
2165 1292 2486 1349 conceptum
2516 1284 2668 1352 prius
2699 1285 2753 1339 in
2781 1301 2846 1341 ea
2894 1302 2991 1357 per
3018 1288 3178 1345 ﬁdem
3210 1292 3421 1364 (126]),
3455 1312 3579 1351 cum

1996 1375 2195 1429 actuali
2224 1377 2456 1432 abolevit
2485 1379 2753 1451 originale
2798 1392 3106 1451 peccatum.
3140 1385 3268 1441 Illuc
3304 1388 3443 1443 ultra
3475 1406 3583 1445 non

1994 1467 2304 1533 revertitur,
2338 1469 2466 1538 quia
2496 1486 2652 1527 mens
2700 1474 3001 1529 benedicta:
3056 1477 3199 1531 illius
3248 1495 3276 1532 a
3328 1491 3581 1551 percepta

1993 1574 2270 1628 nunquam
2327 1561 2627 1631 spiritualis
2674 1564 2865 1634 gratia:
2918 1568 3274 1637 praerogativa
3308 1581 3577 1626 cassatur.

1991 1651 2121 1707 llluc
2147 1668 2343 1724 nempe
2397 1664 2810 1723 reverteretur,
2851 1659 2894 1713 si
2939 1669 3190 1730 suscepta
3251 1661 3302 1715 in
3350 1678 3578 1719 vacuum

1990 1744 2108 1799 sine
2139 1744 2319 1801 fructu
2350 1748 2673 1818 accipientis
2701 1751 2768 1804 ad
2815 1750 2984 1805 Deum
3019 1752 3109 1821 qui
3136 1753 3383 1821 dederat,
3410 1755 3577 1810 refer-

1990 1847 2159 1905 retur,
2199 1848 2252 1895 et
2285 1842 2388 1896 hoc
2409 1852 2491 1897 est
2518 1859 2647 1913 pars
2681 1843 2892 1911 Mariae,
2924 1861 3045 1915 qua:
3076 1847 3144 1902 ab
3173 1862 3233 1901 ea
3268 1864 3375 1902 non
3400 1850 3580 1905 aufer-

1990 1935 2076 1982 tur
2102 1930 2251 1997 (Luc.
2279 1949 2333 1997 x,
2366 1933 2480 2003 42).
2506 1935 2743 1989 lnebriat
2771 1946 2951 1991 autem
2986 1947 3207 2007 terram,
3236 1956 3357 1995 cum
3398 1942 3579 1997 iuseu-

1986 2021 2226 2090 sibilent,
2259 2025 2325 2078 ad
2352 2025 2633 2081 universos
2664 2030 2974 2096 passionum
3004 2031 3345 2085 internarum
3376 2042 3578 2102 motus,

1983 2124 2203 2170 sanctus
2250 2116 2486 2187 Spiritus
2519 2119 2701 2175 Maria:
2735 2122 2913 2176 reddit
2944 2125 3356 2179 conscientiam.
3388 2126 3577 2182 Ebrie—

1982 2215 2066 2262 tas
2094 2208 2239 2262 cnim
2294 2225 2514 2265 sensum
2546 2211 2824 2268 doloribus
2873 2214 3037 2271 illatis
3071 2217 3301 2286 adimit,
3332 2228 3577 2288 postmo-

1981 2299 2107 2353 dum
2140 2300 2390 2369 infundit,
2424 2319 2547 2358 cum
2584 2320 2691 2360 non
2731 2305 2949 2361 aliunde
2978 2309 3072 2363 sed
3103 2324 3167 2363 ex
3201 2322 3259 2363 se
3301 2309 3419 2380 ipso
3443 2326 3576 2366 con-

1980 2402 2260 2461 cepturam
2293 2394 2503 2450 imbuit.
2539 2396 2675 2451 Nota
2724 2397 2950 2453 dictum.
2994 2400 3051 2454 Si
3098 2403 3395 2458 secundum
3425 2403 3572 2460 litte-

1977 2499 2094 2537 ram
2122 2484 2452 2555 loqueretur,
2487 2489 2640 2559 prius
2663 2488 2917 2560 infundit,
2944 2495 3289 2562 postmodum
3314 2495 3568 2567 inebriat,

1973 2586 2291 2646 poneretur.

2044 2670 2200 2739 30.1
2238 2670 2399 2727 Germ
2425 2689 2559 2729 nare
2589 2691 2710 2731 eam
2751 2677 2902 2746 facit,
2935 2696 3058 2737 cum
3090 2684 3209 2740 sine
3240 2688 3450 2744 semine
3473 2704 3571 2746 no-

1972 2769 2100 2816 stra:
2125 2762 2514 2833 redemptionis
2537 2768 2733 2838 pignus
2755 2770 2881 2826 hinc
2903 2772 3071 2829 elicit.
3099 2775 3233 2831 Cum
3258 2779 3568 2850 germinare

1971 2850 2173 2907 dicitur
2209 2855 2327 2910 sine
2366 2857 2663 2925 praemissm
2705 2864 2968 2920 sementis
3008 2868 3293 2934 memoria,
3347 2868 3567 2924 indubie

1971 2940 2218 2997 innuitur
2264 2945 2556 3015 singularis
2607 2950 2910 3008 benedicta:
2968 2954 3151 3012 Maria:
3196 2958 3249 3012 in
3299 2969 3564 3030 conceptu

1968 3035 2253 3091 munditia.
2306 3039 2408 3093 Dat
2436 3056 2625 3097 semen
2658 3046 2856 3100 serenti
2894 3063 3016 3102 cum
3048 3065 3168 3119 qua:
3206 3052 3563 3121 spiritualiter

1968 3131 2249 3202 concepit,
2308 3150 2430 3188 cum
2480 3151 2545 3191 eo
2597 3153 2759 3207 quem
2813 3142 3025 3211 peperit
3079 3144 3361 3213 Spirituale
3395 3145 3562 3199 etiam

1890 3242 1936 3305 ε
1968 3236 2151 3278 semen
2182 3226 2398 3283 emittit.
2429 3227 2627 3283 Semen
2652 3232 2857 3286 serenti
2892 3234 3088 3288 exinde
3126 3235 3288 3289 datur
3309 3236 3442 3306 (Isa.
3472 3253 3559 3302 ιν,

1972 3315 2083 3387 10),
2132 3332 2256 3372 cum
2286 3322 2555 3388 generalis
2579 3333 2892 3380 sanctorum
2928 3328 3239 3395 praedicatio
3263 3344 3330 3384 ex
3355 3329 3558 3386 Christi

1967 3407 2341 3466 incarnatione
2363 3422 2552 3469 exorta
2577 3416 2913 3486 dispergitur
2940 3435 2953 3472 :
2980 3419 3074 3474 sed
3098 3420 3199 3475 hoc
3221 3421 3556 3479 doctoribus.

1964 3500 2032 3556 Et
2058 3517 2251 3572 panem
2290 3507 2595 3561 comedenti
2647 3506 2863 3579 (lbid.),
2906 3509 3057 3564 illum
3088 3510 3336 3567 videlicet
3369 3514 3460 3582 qui
3490 3516 3559 3568 de

1964 3594 2106 3651 cmlo
2146 3595 2423 3651 descendit
2455 3596 2639 3667 (Joan.
2686 3614 2761 3661 vr,
2794 3599 2911 3669 5'5),
2945 3609 2998 3655 et
3031 3601 3121 3671 qui
3150 3602 3498 3672 quotidianus
3524 3621 3556 3659 a

1962 3687 2121 3742 nobis
2145 3688 2369 3757 petitur,
2404 3689 2536 3744 nulli
2569 3690 2660 3746 alii
2692 3692 2957 3761 debitum,
2984 3694 3086 3750 nisi
3117 3695 3209 3765 qui
3235 3696 3392 3751 avida
3418 3712 3553 3761 eum

1962 3778 2141 3835 cordis
2168 3779 2324 3835 fauce
2356 3782 2759 3851 complectitur.

2036 3870 2128 3927 Sic
2176 3872 2284 3927 erit
2312 3874 2537 3929 verbum
2588 3892 2769 3931 meum
2821 3879 2967 3949 quod
3013 3881 3328 3951 egredietur
3357 3882 3422 3937 de
3460 3897 3556 3938 ore

1959 3975 2103 4028 meo,
2131 3963 2293 4019 nullis
2324 3964 2626 4021 dictionum
2669 3970 2907 4027 motibus
2933 3973 3306 4043 explanatum,
3343 3976 3438 4031 sed
3466 3976 3553 4030 in-

1958 4051 2386 4125 circumscriptze
2432 4057 2659 4113 rationis
2706 4074 2909 4116 arcano
2938 4062 3005 4117 ab
3037 4064 3293 4119 humanis
3336 4066 3553 4121 conati-

1955 4139 2057 4195 bus
2084 4143 2442 4213 disparatnm.
2482 4146 2582 4203 Hic
2619 4158 2704 4204 est
2747 4150 2886 4207 liber
2936 4153 3027 4208 ille
3069 4156 3159 4226 qui
3197 4156 3266 4211 ab
3296 4156 3401 4212 hoc
3436 4158 3554 4227 ipso

1956 4234 2219 4302 propheta
2274 4251 2490 4293 sumere
2542 4242 2765 4309 grandis
2813 4242 3060 4311 jubetur.
3109 4246 3291 4312 Sume,
3351 4248 3550 4317 inquit,

1878 4355 1893 4365 ι
1953 4322 2043 4375 tibi
2074 4324 2263 4378 librant
2292 4328 2573 4396 grandem,
2616 4341 2665 4384 et
2713 4334 2881 4386 scribe
2924 4336 2980 4387 in
3025 4351 3085 4389 eo
3136 4338 3271 4406 stylo
3323 4339 3549 4394 hominis

1954 4412 2090 4484 (Isa.
2136 4429 2266 4480 vm,
2318 4415 2393 4487 l).
2433 4417 2547 4473 Hoc
2598 4434 2794 4491 nempe
2836 4423 2978 4478 Deus
3020 4426 3160 4494 apud
3209 4427 3376 4481 Deum
3411 4428 3546 4483 Ver-

1952 4503 2081 4559 bum
2114 4506 2271 4575 stylo,
2304 4509 2355 4561 id
2383 4518 2466 4563 est
2492 4511 2768 4567 intellectu
2794 4515 2960 4571 solius
2998 4519 3088 4575 Dei
3127 4521 3245 4591 capi
3286 4531 3541 4591 poterat;

1875 4608 1925 4668 D
1952 4595 2044 4650 sed
2068 4604 2127 4648 ut
2146 4599 2266 4667 capi
2300 4609 2573 4670 utcunque
2598 4603 2665 4657 ab
2691 4606 2909 4662 homine
2929 4621 3133 4678 pOSset,
3153 4596 3533 4671 circumscribi

1953 4686 2266 4744 humanitus
2305 4690 2493 4747 voluit.
2521 4692 2636 4749 Hoc
2663 4712 2791 4765 ergo
2822 4698 3059 4755 Verbum
3082 4704 3378 4772 egreditur,
3414 4721 3537 4761 cum

1951 4793 2011 4834 se
2033 4779 2247 4836 visibile
2272 4797 2370 4852 per
2396 4800 2617 4840 carnem
2650 4788 2910 4845 exhibere
2939 4792 3232 4862 dignatur;
3260 4806 3313 4851 et
3343 4797 3445 4853 hoc
3472 4799 3539 4853 de

1950 4885 2067 4936 ore,
2102 4871 2153 4927 id
2184 4882 2268 4929 est
2295 4874 2361 4929 de
2388 4875 2612 4946 spiritu;
2642 4893 2737 4934 ore
2763 4881 2906 4937 enim
2936 4885 3185 4955 spiritum
3216 4889 3533 4946 emittimus.

1950 4962 2026 5018 De
2052 4978 2148 5019 ore
2174 4982 2411 5036 namque
2437 4968 2739 5039 egreditur,
2774 4973 2865 5042 qui
2890 4989 2957 5030 ex
2990 4976 3101 5032 sola
3134 4978 3357 5046 spiritus
3386 4984 3537 5047 puri-

1953 5063 2062 5111 tate
2106 5056 2160 5111 in
2204 5058 2427 5130 Virgine
2466 5065 2791 5131 procreatur
2832 5083 2845 5118 :
2882 5064 3007 5121 Non
3049 5079 3332 5123 revertetur
3362 5071 3432 5123 ad
3455 5087 3536 5126 me

1943 5162 2166 5202 uacuum
2206 5149 2352 5219 (Isa.
2401 5169 2500 5219 ιν,
2546 5155 2673 5228 11).
2721 5156 2963 5211 Vacuum
3015 5158 3173 5228 plane
3227 5160 3450 5227 rediret,
3486 5164 3533 5217 si

1944 5235 2039 5291 Dei
2070 5237 2241 5295 Filius
2277 5242 2343 5297 ad
2375 5243 2428 5298 id
2466 5246 2609 5313 quod
2641 5258 2885 5317 coeperat
2926 5247 3175 5303 inellicax
3208 5251 3527 5309 exstitisset.

1942 5326 2078 5385 Nota
2131 5333 2273 5402 quod
2314 5337 2566 5404 superius
2598 5339 2799 5394 dicitur
2824 5355 2932 5395 non
2966 5343 3187 5408 reverti,
3219 5344 3307 5399 hic
3336 5346 3525 5412 etiam,

1942 5421 2036 5475 sed
2075 5436 2181 5477 non
2222 5440 2452 5480 vacuum
2486 5445 2500 5481 :
2549 5444 2580 5482 a
2621 5430 2863 5500 virginea
2892 5432 3037 5487 enim
3065 5447 3124 5490 se
3151 5451 3431 5507 nunquam
3460 5454 3528 5494 ne

1946 5512 2016 5566 ad
2054 5513 2347 5582 modicum,
2388 5525 2569 5573 mente
2619 5522 2856 5586 retorsit,
2912 5524 3009 5579 sed
3057 5526 3272 5596 qualem
3319 5529 3375 5584 in
3418 5528 3528 5585 filio

1946 5604 2318 5667 denuntiando
2349 5612 2573 5680 reperit,
2603 5629 2773 5685 usque
2802 5616 2857 5671 in
2881 5616 3042 5674 liuent
3072 5622 3375 5691 proprium,
3405 5637 3529 5692 per-

1946 5709 2233 5757 severante
2274 5702 2467 5759 eadem
2507 5706 2672 5763 animi
2705 5708 2898 5781 gloria,
2927 5727 3142 5786 semper
3164 5713 3445 5772 florentior
3470 5715 3525 5771 in

1087 5854 1375 5906 revocatur
1406 5848 1604 5913 Lector
1631 5857 1698 5915 ad
1734 5867 1891 5921 notas
1920 5877 2040 5933 qua:
2067 5862 2296 5933 scorsim
2327 5876 2449 5938 post
2487 5866 2661 5944 Opera
2692 5870 2937 5935 Guiberti
2960 5875 3195 5935 eduntur
