4038 6330
565 390 672 446 565
1367 393 1427 448 V.
1461 394 1788 451 GUIBERTI
1826 394 2117 453 ABBATIS
2157 396 2217 453 S.
2257 397 2500 453 MARIAE
2542 398 2629 453 DE
2658 399 3056 458 NOVIGENTO
3699 413 3774 472 ω

571 505 751 573 scipsa
777 503 1006 572 coaluit;
1055 507 1224 570 Filius
1262 518 1442 568 autem
1489 510 1618 566 licet
1647 527 1757 567 non
1787 527 1992 568 vacuus
2023 513 2158 568 diei-
2187 517 2237 577 Α
2261 513 2579 580 confoveat;
2607 513 2767 583 plane
2799 525 2855 569 et
2879 517 2993 586 ipse
3018 517 3160 572 inter
3195 517 3446 573 heroes
3472 533 3618 576 sexus
3644 524 3778 582 visca-

571 603 660 652 tur
693 600 927 664 reverti,
977 600 1104 668 quia
1155 601 1528 658 visibilitatem
1561 618 1721 672 quam
1767 614 2158 676 assumpscrat,

566 685 809 744 dexterae
832 706 1058 746 necesse
1086 701 1204 748 erat
1241 703 1485 762 paterna:
1508 695 1745 751 restitui.
1782 695 1832 752 ls
1861 696 1992 752 facit
2017 713 2162 767 quae-

569 798 785 854 cunque
813 784 978 850 Pater
1008 786 1200 851 voluit,
1255 789 1381 844 dum
1419 789 1648 846 salutem
1710 791 1999 846 humanam
2055 808 2159 846 non

565 877 690 934 time
724 892 822 932 suo
849 892 1047 934 cruore
1076 881 1348 947 exercuit,
1403 891 1458 938 et
1500 882 1604 938 hoc
1641 892 1727 938 est
1762 885 1905 952 quod
1955 900 2159 954 nequa-

565 983 729 1038 quam
785 985 993 1027 vacuus
1047 973 1230 1027 rediit.
1281 973 1340 1028 ln
1379 975 1446 1030 iis
1491 989 1621 1030 vero
1667 975 1735 1028 ad
1778 990 1898 1045 quae
1929 975 2162 1030 mittitur

564 1071 944 1132 prosperatur,
977 1065 1280 1134 praesertim
1331 1083 1452 1122 cum
1486 1082 1516 1120 a
1566 1081 1664 1122 sua
1716 1070 1974 1134 dextera,
2018 1069 2160 1138 quod

565 1161 649 1208 est
701 1155 999 1222 divinitas,
1047 1157 1376 1214 mirabiliter
1426 1160 1744 1224 deducatur,
1802 1161 1929 1230 quia
1982 1175 2046 1214 ex
2096 1176 2160 1216 eo

565 1247 710 1314 quod
763 1263 958 1317 passus
1007 1259 1112 1316 est,
1149 1240 1310 1306 nemo
1359 1253 1414 1308 in
1461 1267 1585 1308 eum
1629 1253 1719 1324 pie
1753 1253 2004 1309 credulus
2053 1269 2158 1308 non

566 1336 834 1392 salvatur.

639 1425 738 1480 Cui
765 1426 894 1482 illud
927 1444 1141 1500 quoque
1167 1431 1313 1486 haud
1341 1433 1570 1488 multum
1599 1434 1863 1490 dissimile
1889 1445 1990 1500 est,
2016 1435 2160 1505 quod

569 1516 713 1572 idem
731 1517 857 1575 alibi
884 1522 960 1576 ait
987 1541 1000 1576 :
1029 1521 1244 1590 Rorate,
1267 1525 1403 1591 caeli,
1441 1527 1686 1598 desuper,
1710 1540 1757 1585 et
1788 1531 1949 1584 nubes
1975 1530 2160 1599 pluunt

564 1609 788 1678 justum,
816 1613 1085 1682 aperiatur
1113 1626 1254 1670 terra
1283 1626 1332 1670 et
1354 1621 1603 1686 germinet
1637 1619 1966 1675 Salvatorth
2011 1619 2158 1691 (Isa.

564 1715 691 1766 xcv,
721 1702 798 1772 8).
845 1705 983 1770 Quid
1025 1718 1152 1762 sunt
1186 1710 1308 1764 coeli
1355 1711 1458 1766 nisi
1495 1728 1695 1768 arcana
1749 1713 1972 1768 consilia
2020 1714 2160 1768 divi-

565 1794 788 1852 nitatis?
826 1799 978 1854 Unde
1008 1801 1360 1870 ipse.Filius:
1403 1804 1545 1875 Ego,
1587 1806 1783 1874 inquit,
1825 1807 1889 1860 de
1922 1807 2160 1876 superni:

565 1902 681 1938 sum
715 1886 897 1955 (Joan.
951 1907 1069 1952 vui,
1123 1891 1235 1960 25).
1271 1892 1408 1949 Coeli
1453 1911 1586 1965 ergo
1634 1911 1823 1950 rorare
1874 1897 2156 1962 dicuntur,
2191 1877 2235 1936 Β

566 1991 692 2031 cum
743 1979 938 2034 divina:
993 1981 1380 2038 miserationes
1435 1986 1745 2042 hominibus
1792 1987 2162 2058 prepitiaturte

564 2067 876 2126 ﬂectuntur.
913 2071 1091 2128 Nubes
1119 2075 1334 2144 pluunt,
1369 2093 1492 2132 cum
1532 2079 1676 2147 quod
1719 2080 1772 2134 in
1822 2094 1880 2134 se
1919 2080 2162 2135 contine-

563 2160 720 2224 bant,
757 2178 919 2232 super
965 2164 1183 2222 Christo
1219 2171 1468 2226 nascitur
1504 2171 1650 2226 dicta
1687 2172 2004 2241 prophetica
2045 2174 2159 2228 evi-

563 2252 756 2306 denter
786 2255 1106 2310 ostendunt.
1150 2255 1320 2312 Terra
1352 2259 1622 2330 aperitur,
1672 2276 1794 2315 cum
1819 2277 1848 2316 a
1878 2255 2162 2317 benedicta

563 2348 785 2418 Virgine
813 2352 994 2406 verbis
1035 2354 1296 2424 angelicis
1345 2355 1646 2412 felicissimi
1680 2359 1848 2424 uteri,
1892 2359 2000 2414 imo
2033 2359 2164 2414 bea-

565 2441 758 2496 tissimi
793 2443 962 2498 animi
1019 2445 1172 2500 sinus
1222 2447 1542 2504 obcdienter
1593 2449 1868 2519 panditur.
1905 2449 2030 2504 Haec
2079 2457 2164 2505 est

564 2533 810 2588 illaterra
843 2536 909 2588 de
931 2552 1038 2605 qua
1064 2537 1264 2593 dicitur
1289 2539 1670 2608 :Benedixisli,
1695 2541 1939 2608 Domine,
1967 2551 2162 2596 terram

565 2633 714 2677 (nam
749 2622 924 2694 (Paul.
957 2643 1182 2694 Lxxxw,
1208 2629 1295 2702 1);
1331 2645 1397 2685 ex
1431 2647 1538 2702 qua
1565 2633 1966 2698 benedictione,
1996 2633 2048 2688 id
2078 2643 2165 2687 est

567 2727 596 2765 a
635 2711 744 2764 Deo
774 2711 1011 2781 ingenita
1061 2713 1442 2772 fructuositate
1489 2719 1777 2788 captivitas
1807 2719 1976 2774 Jacob
2007 2735 2163 2774 avet“

567 2806 716 2861 titur.
748 2806 875 2863 Haec
911 2817 995 2864 est
1035 2809 1220 2876 etiam,
1247 2809 1400 2878 juxta
1431 2810 1630 2864 librum
1665 2809 1976 2880 Sapientiae,
2016 2818 2160 2866 terra

566 2899 740 2967 posita
790 2900 841 2953 in
893 2901 1175 2955 immensa:
1224 2901 1495 2956 castitatis
1559 2902 1742 2966 arido;
1797 2911 1852 2956 et
1895 2917 2157 2971 campus,

567 3007 726 3064 quem
765 2993 944 3048 nulhts
984 2993 1218 3065 conjugii
1259 3009 1448 3048 vomer
1479 2995 1778 3060 exciderat,
1815 3003 2007 3064 sponte
2040 3009 2164 3064 ger-

566 3083 781 3138 minans
823 3099 887 3138 ex
917 3083 1243 3140 humilitatis
1271 3085 1541 3156 profundo
1572 3083 1723 3156 (Sap.
1751 3101 1866 3150 xxx,
1897 3086 1970 3155 7).
2025 3083 2160 3138 Nota

563 3173 951 3244 proprietatem
981 3174 1132 3229 verbi
1165 3176 1291 3246 quia
1332 3191 1440 3231 non
1474 3177 1541 3232 de
1573 3177 1726 3242 satis,
1752 3177 1845 3231 sed
1878 3177 1942 3230 de
1967 3183 2160 3245 sponte

565 3255 912 3321 nascentibus
950 3267 1260 3339 germinare
1292 3269 1491 3325 dicitur
1527 3288 1538 3322 :
1589 3267 1732 3339 quod
1775 3267 1842 3322 ad
1876 3267 2154 3339 Virginem

564 3356 820 3412 refertur.

1177 3453 1407 3512 CAPUT
1448 3455 1541 3510 1X.

635 3541 807 3608 Quam
829 3552 1036 3614 gratum
1067 3554 1142 3600 est
1174 3543 1316 3600 Filio
1350 3555 1568 3600 matrem
1607 3545 1874 3617 Virginem
1913 3545 2158 3600 laudibus

564 3634 834 3690 extollere.
863 3667 934 3676 —
973 3636 1058 3692 Ad
1116 3637 1333 3694 laudem
1393 3638 1696 3692 communis
1736 3623 1989 3692 Domina:
2044 3639 2158 3693 haec

566 3728 773 3784 tantilla
806 3730 1260 3799 perstrinximus;
1316 3731 1369 3784 in
1409 3731 1607 3800 quibus
1635 3732 1741 3786 etsi
1788 3747 1978 3801 parum
2019 3730 2156 3785 feci-

563 3834 709 3886 mus,
733 3818 986 3876 affectum
1011 3821 1360 3877 nihilominus
1386 3822 1743 3877 ostendimus.
1772 3822 1938 3894 Cujus
1971 3821 2156 3893 gloriae

564 3925 832 3966 summam
883 3912 1097 3967 tametsi
1148 3913 1328 3968 anima
1361 3928 1704 3984 nequaquam
1743 3913 2010 3983 capimus,
2055 3927 2154 3967 ne-

563 4004 689 4058 dum
736 3993 916 4074 lingua
957 4004 1252 4071 solvamus,
1305 4014 1560 4062 conatum
1611 4007 1785 4076 ipsum
1827 4014 2006 4062 tamen
2046 4021 2155 4061 non

563 4095 682 4150 sine
713 4097 937 4165 praemio
970 4111 1167 4168 magno
1193 4112 1315 4152 esse
1340 4105 1620 4168 putamus,
1655 4096 1779 4152 licet
1806 4095 1965 4168 plane
1996 4111 2153 4152 men-

562 4185 632 4240 tis
674 4186 1015 4243 devotionem
1066 4189 1216 4244 vocis
1261 4187 1435 4244 olIicia
1476 4189 1622 4244 nulla
1660 4189 2068 4262 commendent,
2100 4197 2154 4244 et

561 4279 627 4333 ad
669 4279 1027 4352 supplendum
1070 4281 1214 4352 quod
1245 4282 1512 4338 sentimus
1556 4281 1788 4338 facultas
1819 4297 1984 4353 parva
2028 4298 2154 4352 sup-

559 4374 787 4444 peditet,
810 4389 999 4430 verum
1025 4373 1284 4431 affectare
1314 4375 1574 4432 feminam
1622 4375 1794 4442 illam,
1821 4382 1877 4429 et
1913 4388 2152 4444 praecor-

560 4464 688 4519 diali
740 4481 924 4521 amore
971 4467 1289 4538 complecti,
1331 4482 1438 4523 non
1490 4467 1651 4523 modo
1693 4465 1794 4537 ipsi
1845 4465 2152 4537 gratificum

2267 623 2385 661 rum
2415 606 2626 676 plenior
2651 623 2772 664 esse
2801 609 2960 664 solet.

2335 697 2746 768 Quamprimum
2801 699 2985 769 igitur,
3035 715 3162 755 cum
3220 701 3296 756 sit
3339 701 3468 766 Deo,
3505 705 3591 771 qui
3620 707 3783 762 miseri-

2259 791 2449 846 cordia
2495 801 2640 848 totus
2685 802 2788 857 est,
2821 793 3004 862 plena,
3055 808 3157 848 nec
3204 802 3402 849 natura
3443 805 3609 861 vacet,
3637 813 3720 866 qua
3741 797 3783 854 lit

2266 882 2562 937 miscrendi
2597 885 2776 938 studio
2803 899 2996 952 prona,
3027 895 3082 938 et
3113 886 3164 939 id
3195 900 3389 939 amare
3423 885 3607 941 debeat
3633 901 3688 941 ex
3716 889 3784 942 de.

2265 972 2398 1040 bito,
2431 989 2528 1043 pro
2565 991 2674 1045 quo
2719 990 2776 1030 se
2813 975 2983 1030 Filius
3033 977 3248 1032 addixit
3302 977 3565 1047 patibulo;
3619 977 3665 1032 in
3703 978 3785 1049 ipsa

2266 1074 2466 1119 nostra:
2514 1065 2834 1120 intentionis
2877 1065 3118 1136 figamus
3164 1067 3497 1131 anchoram,
3545 1067 3680 1136 cujus
3713 1082 3787 1121 vox

2265 1155 2644 1210 universorum
2685 1157 3172 1212 intercessionibus
3213 1165 3440 1227 praestat
3481 1172 3596 1212 cum
3631 1159 3790 1212 veerit

2265 1264 2470 1303 coram.
2503 1249 2570 1302 Et
2598 1265 2722 1303 cum
2757 1265 2924 1320 penes
2955 1248 3238 1305 liberalem
3272 1249 3470 1303 Filium
3511 1249 3560 1302 in
3605 1248 3692 1304 hoc
3719 1263 3790 1304 sa-

2265 1339 2388 1396 culo
2425 1339 2596 1396 soleat
2647 1341 2700 1396 in
2739 1349 2948 1395 tantum
2981 1339 3345 1410 praemittere
3381 1338 3569 1394 matris
3609 1340 3792 1394 auctori-

2265 1444 2394 1500 tate,
2432 1447 2489 1489 ut
2525 1436 2700 1504 magis
2740 1433 2929 1502 jubeat
2961 1449 3124 1504 quam
3160 1443 3385 1496 exoret;
3429 1431 3519 1486 ille
3543 1432 3626 1502 qui
3664 1446 3791 1500 quon-

2265 1527 2388 1580 dam
2421 1541 2479 1580 se
2525 1526 2574 1578 ei
2627 1526 2793 1580 fuisse
2842 1540 2949 1580 non
2979 1523 3243 1578 dilhtetur
3291 1520 3580 1584 subditum,
3611 1535 3700 1575 non
3725 1535 3790 1590 po-

2266 1623 2414 1687 terit,
2465 1638 2692 1678 securus
2748 1622 2891 1684 dico,
2953 1622 3008 1676 in
3056 1621 3206 1674 omni
3258 1633 3318 1673 re
3363 1617 3438 1672 illi
3495 1611 3790 1684 prastabiletl

2261 1729 2464 1785 negare
2491 1715 2756 1784 seipsum;
2786 1722 2837 1768 et
2867 1713 3030 1782 quod,
3065 1721 3122 1766 ut
3152 1709 3472 1768 humanitus
3508 1706 3690 1775 loquar,
3713 1718 3788 1758 non

2264 1820 2450 1874 prece,
2509 1807 2602 1862 sed
2636 1814 2770 1862 nutu
2821 1805 2985 1875 302
3021 1803 3110 1858 illa
3138 1801 3420 1864 intulerit,
3462 1795 3634 1868 procul
3673 1792 3790 1849 dubio

2268 1910 2526 1956 catastans
2572 1902 2713 1966 erit;
2764 1909 2820 1954 et
2850 1899 2975 1969 quis
3023 1906 3340 1954 sanctorum
3390 1892 3480 1948 illa
3513 1888 3790 1962 signiﬁcante

2271 1994 2512 2049 tacebit?
2561 1993 2692 2060 Quae
2749 2008 2870 2047 cum
2939 1991 3085 2046 omni
3139 1984 3598 2060 superctelestium
3642 1977 3790 2050 agmini

2267 2089 2578 2159 spectabilis
2617 2103 2681 2141 ac
2709 2086 3008 2142 reverenda
3045 2084 3332 2146 credatur,
3365 2093 3487 2136 cum
3519 2073 3791 2130 sanctiscte-

2269 2181 2404 2234 teris
2455 2194 2620 2250 super
2660 2179 2776 2234 suis
2831 2175 3187 2246 petitionibus
3236 2173 3382 2228 haud
3438 2181 3636 2225 morosa
3671 2164 3792 2218 abo-

2271 2273 2418 2328 mino
2443 2273 2722 2328 audientia
2751 2287 2858 2326 non
2900 2279 3149 2342 negatur.
3199 2267 3341 2322 Tum
3387 2264 3474 2319 isti
3503 2269 3616 2332 post
3644 2255 3792 2312 Filii!

2268 2380 2432 2436 super
2455 2367 2642 2421 omnia
2669 2364 2974 2420 benedictae
3001 2361 3272 2433 quidquid
3303 2357 3544 2420 libuerit,
3576 2365 3673 2423 prae
3704 2361 3789 2403 cta-

2267 2457 2429 2511 nibus
2450 2463 2660 2526 quanto
2683 2452 3036 2524 praestantior
3063 2449 3148 2506 est
3178 2449 3247 2504 ad
3275 2453 3401 2501 vota
3423 2448 3702 2514 priestatur.

2340 2546 2449 2601 Cur
2469 2524 2627 2600 beata
2661 2541 2821 2614 Virgo
2851 2541 2958 2596 illis
2983 2541 3309 2611 temporibus
3337 2531 3585 2594 miraculo
3603 2524 3790 2586 ediderit.

2265 2669 2336 2680 -—
2358 2637 2486 2692 Inde
2517 2644 2598 2691 est
2643 2635 2788 2705 quod
2832 2633 2996 2688 fidem
3019 2674 3032 2698 ,
3081 2647 3246 2702 quam
3288 2631 3358 2685 de
3385 2628 3501 2698 ejus
3535 2616 3792 2678 excellentia

2268 2729 2553 2793 habemus,
2587 2727 2715 2781 huic
2743 2736 2934 2782 nostro
2973 2723 3208 2794 tempori
3251 2721 3484 2778 ostentis
3511 2712 3790 2788 potissimum

2267 2820 2572 2875 mirabilius
2603 2819 2820 2874 astruit.
2864 2818 2932 2873 Et
2973 2818 3164 2882 corda,
3199 2814 3496 2885 iniquitate
3522 2805 3790 2864 abundante,

2271 2911 2538 2980 torpentia
2565 2925 2632 2966 ex
2661 2911 2726 2965 iis
2765 2909 3134 2975 recaliticans,
3165 2902 3654 2964 munificentiarum
3684 2893 3790 2949 inte-

2267 3003 2485 3058 litarum
2517 3002 2851 3072 impensione
2885 2999 3152 3070 recolligit
3187 3016 3203 3052 :
3246 2999 3367 3052 haec
3395 2995 3575 3051 eadem
3613 2997 3793 3043 nemone

2267 3097 2443 3166 signa,
2493 3111 2614 3164 qua:
2656 3094 2960 3164 antiquitus
3015 3091 3140 3148 ﬁdei
3173 3087 3506 3146 aedificandae
3551 3081 3791 3142 valuerant,

2261 3191 2375 3262 jam
2411 3204 2554 3243 nunc
2579 3189 2757 3243 eidem
2789 3189 2908 3242 sine
2938 3185 3200 3256 operibus
3229 3185 3322 3238 vix
3359 3177 3616 3238 constanti
3640 3182 3791 3229 etmo-

2268 3283 2422 3338 ribus
2445 3281 2723 3351 erigendis
2748 3280 2953 3335 valent.
2980 3277 3135 3334 Unde
3176 3278 3296 3346 ipsa
3340 3272 3580 3346 ingenitae
3604 3262 3790 3335 benigni-2

2265 3374 2394 3429 tatis
2424 3374 2567 3428 haud
2593 3373 2902 3437 immemor,
2927 3385 3035 3425 non
3059 3368 3295 3424 minoris
3325 3365 3484 3421 modo
3513 3359 3676 3433 glorias
3700 3366 3790 3424 por-

2266 3474 2414 3522 tenta
2477 3464 2837 3534 percelebrat,
2895 3476 3058 3532 quam
3109 3460 3386 3530 quondam
3434 3452 3618 3512 mundo
3658 3446 3789 3502 adhuc

2265 3555 2510 3612 ﬁdeliore
2544 3563 2816 3609 sueverat.
2843 3553 2989 3612 Hinc
3013 3567 3072 3608 se
3101 3560 3225 3622 post
3254 3549 3384 3606 Jesu
3422 3540 3619 3604 Domini
3641 3548 3789 3634 nomen

2263 3648 2480 3702 unicam
2531 3646 2617 3701 cui
2661 3645 3049 3714 resipiscamus
3081 3643 3325 3698 edocens
3351 3681 3366 3708 ,
3413 3647 3470 3694 et
3507 3646 3644 3692 suum
3671 3637 3788 3699 qua“

2266 3740 2470 3795 ultimae
2523 3739 2839 3794 necessitati
2887 3750 3216 3793 concursum
3288 3728 3685 3789 necessariorem
3719 3718 3782 3772 ἆθ-

2263 3830 2497 3888 clivibus
2535 3831 2750 3886 smculis
2781 3829 3032 3884 indicans
3058 3845 3072 3894 ;
3114 3827 3240 3897 quia
3269 3826 3420 3882 enim
3449 3819 3598 3878 hodie
3622 3827 3708 3870 non
3727 3813 3786 3863 est

2261 3925 2588 3994 praedicator
2615 3923 2708 3994 qui
2741 3922 2958 3987 mutiat,
2996 3920 3111 3990 ipsa
3157 3918 3395 3988 seipsam
3432 3910 3590 3985 queri
3616 3905 3783 3994 debere,

2263 3989 2429 4086 seque
2477 3989 2649 4071 etiam.
2708 4031 2814 4070 non
2879 3989 3127 4084 rogatam
3177 4009 3434 4082 opitulari
3494 4002 3620 4060 velle
3657 3989 3786 4063 signi!

2262 4108 2529 4164 enuntiat.
2569 4107 2738 4178 Igitur
2775 4105 3034 4176 quoniam
3076 4111 3282 4174 quanta
3343 4102 3435 4166 sit,
3479 4095 3785 4168 quantum“

2260 4201 2538 4256 veteribus
2567 4210 2824 4269 portensa
2860 4197 3148 4269 praeconiis
3187 4195 3499 4265 significare
3529 4183 3777 4278 voluimus:

2262 4294 2484 4365 dignum
2549 4303 2636 4348 est
2673 4294 2842 4348 etiam
2889 4301 2948 4346 ut
2985 4305 3107 4361 quae
3149 4299 3335 4344 nostra
3383 4292 3533 4341 aetate
3573 4273 3782 4348 pel‘esem

2260 4387 2612 4460 intexamusa
2635 4386 2733 4441 Rei
2765 4394 2944 4441 autem
2975 4392 3141 4454 gestae
3183 4381 3358 4446 locus,
3388 4393 3452 4433 ac
3484 4379 3636 4428 testes
3671 4365 3780 4460 lani!

2261 4489 2388 4536 sunt
2433 4455 2796 4549 contiguitate
2843 4474 3174 4546 probabiles,
3203 4487 3307 4528 nec
3336 4485 3432 4526 sua
3459 4455 3781 4522 numerositate

561 4563 680 4625 qua
716 4558 890 4611 ubera
943 4557 1165 4614 infinita:
1198 4558 1418 4630 pietatis
1468 4558 1764 4629 praetendit
1814 4557 1881 4614 ad
1935 4571 2149 4624 omnes,
2180 4570 2568 4646 Βρυιηωιοε,
2617 4579 2677 4624 ut
2735 4567 2992 4638 scrupulo
3042 4565 3128 4620 νει
3195 4565 3424 4621 insanus
3474 4561 3657 4616 [mrem
3699 4555 3777 4600 non

561 4645 656 4700 sed
688 4646 981 4716 singularis
1007 4651 1172 4704 etiam
1202 4659 1259 4706 et
1300 4651 1481 4706 aditus
1525 4665 1622 4722 per
1669 4650 1840 4721 ipsius
1882 4648 2149 4706 honorifi-

560 4735 796 4790 centiam
827 4739 894 4790 ad
922 4735 1144 4805 Filium,
1172 4741 1263 4810 qui
1291 4756 1396 4795 non
1435 4741 1630 4798 minori
1679 4739 1956 4795 voluntate
2003 4753 2150 4794 acce-

560 4835 720 4897 ptare
748 4828 1083 4899 dignoscitur
1104 4832 1364 4902 quidquid
1387 4834 1436 4888 ei
1468 4833 1788 4888 reverentia:
1829 4833 2147 4896 exhibetur,

559 4934 721 4990 quam
751 4921 795 4976 si
822 4936 934 4976 suae
970 4931 1324 4978 cantarentur
1363 4924 1570 4980 laudes.
1601 4923 1658 4979 Si
1690 4925 1833 4979 enim
1865 4923 1921 4978 in
1947 4923 2150 4980 sanctis

559 5014 672 5069 suis
703 5015 846 5070 Deus
869 5013 1080 5070 laudari
1109 5013 1336 5085 jubetur
1363 5012 1538 5084 (Psal.
1572 5031 1657 5080 CL,
1691 5014 1763 5084 l),
1804 5021 1861 5088 et
1891 5014 1996 5072 hoc
2031 5013 2150 5070 ideo

489 5098 496 5103 ’
559 5105 686 5174 quia
722 5108 866 5178 quod
901 5107 969 5164 de
1001 5122 1190 5164 eorum
1229 5106 1432 5162 virtute
1477 5107 1782 5173 retexitur,
1835 5107 1902 5160 ad
1957 5105 2148 5172 Deum,

557 5202 648 5272 qui
695 5204 941 5270 dederat,
978 5219 1084 5259 non
1115 5201 1412 5272 immerito
1437 5208 1768 5272 reportatur.
1799 5199 1856 5254 lu
1899 5199 2004 5254 hac
2031 5197 2148 5267 ejus

558 5291 886 5360 peculiarior
917 5294 1035 5352 laus
1063 5305 1171 5361 est,
1202 5308 1323 5365 quae
1359 5309 1466 5350 non
1497 5291 1672 5350 soluat
1706 5291 1761 5346 in
1801 5306 1864 5346 eo
1889 5288 2152 5361 praecellit

559 5384 704 5454 quod
731 5395 904 5442 mater
929 5397 1033 5454 est,
1067 5390 1162 5445 sed
1193 5389 1336 5460 quod
1365 5389 1433 5445 ad
1461 5386 1746 5444 levandam
1779 5394 2020 5442 nostram
2045 5383 2149 5438 mi-

559 5476 759 5532 seriam
813 5478 1155 5537 ineﬂabiliter
1201 5481 1430 5548 acclinis
1457 5489 1544 5536 est
1586 5497 1600 5534 :
1655 5479 1800 5550 quod
1828 5486 1980 5534 certe
2007 5476 2151 5546 apud

557 5585 680 5628 eam
716 5589 786 5630 ex
816 5573 1000 5630 debito
1030 5584 1271 5644 constat,
1318 5579 1447 5649 quia
1490 5592 1627 5649 quos
1667 5575 1840 5634 Filius
1883 5573 2149 5646 sanguine

557 5664 788 5736 liberat,
839 5669 1062 5738 dignum
1112 5678 1196 5724 est
1246 5679 1308 5725 ut
1360 5673 1476 5727 haec
1527 5670 1791 5728 sereniori
1830 5667 2149 5740 dignatione

632 5845 769 5919 (26‘)
796 5845 933 5902 Vide
958 5845 1242 5930 Bormam,
1266 5845 1358 5902 lib.
1374 5861 1460 5929 ut,
1481 5863 1534 5902 c.
1555 5849 1645 5911 27,
1677 5849 1730 5903 in
1749 5849 1990 5920 Append.

2258 4663 2474 4720 debeat.

2881 4747 3113 4806 CAPUT
3151 4746 3219 4800 Χ.
3773 4739 3794 4766 ⁸

2333 4844 2654 4899 Miraculum
2697 4843 2764 4896 de
2820 4839 3069 4904 muliere,
3126 4837 3444 4894 Taedebat“
3487 4825 3683 4916 nomine.

2255 4941 2374 5010 igne
2418 4938 2642 4992 liberam
2675 4933 2834 5010 (36‘).
2861 4963 2933 4976 --
2966 4931 3261 4988 Chiviaeus
3303 4927 3427 4983 villa
3471 4930 3550 4979 est
3571 4915 3772 5010 ettin

2255 5008 2650 5094 Lauduaensis,
2676 5008 2744 5084 ab
2765 5029 2883 5098 ipso
2895 5024 3095 5097 oppido
3115 5021 3409 5084 interstitio
3427 5017 3584 5072 ferme
3595 5008 3770 5063 deorum

2256 5126 2487 5182 millium
2519 5125 2749 5191 distans,
2790 5123 2844 5178 in
2877 5139 2983 5194 qua
3031 5122 3116 5176 vir
3143 5119 3361 5190 quidam
3407 5127 3526 5204 culti

2248 5217 2378 5288 juge
2414 5231 2782 5278 commanens,
2831 5192 2999 5268 ﬁliam
3029 5227 3097 5268 ex
3127 5212 3245 5283 ipsa
3288 5212 3426 5266 inter
3466 5201 3585 5259 alios
3616 5192 3767 5248 liberos

2257 5313 2520 5369 extulisse
2547 5309 2902 5382 dignoscitur.
2932 5309 3064 5377 Quae
3100 5319 3362 5364 annorum
3407 5295 3640 5356 nobilium
3673 5289 3766 5382 colt:

2255 5377 2631 5462 habitudinem
2659 5402 2950 5473 attigisset,
2993 5410 3050 5456 et
3085 5394 3390 5471 jucundiori
3437 5400 3554 5444 tunc
3588 5377 3765 5479 tot“?

2256 5494 2636 5568 opportunitas
2678 5471 3001 5549 substantia
3026 5491 3324 5557 arrisisset,
3362 5471 3654 5572 adolescenti

2255 5545 2416 5660 aa;
2437 5545 2700 5658 ‘.;.'.'.'.;.‘.."
2712 5545 3108 5640 a;1i‘.1fa..*..g
3145 5545 3428 5650 utriusque
3459 5558 3668 5643 ρει-οηιίε
3699 5545 3762 5660 1‘:

2255 5643 2422 5739 factio
2459 5643 2680 5738 sibimet
2715 5677 3062 5736 charitudine
3105 5683 3252 5732 tanta
3289 5643 3547 5732 contraxit
3566 5697 3580 5726 ,
3604 5659 3656 5710 ιιι
3675 5643 3764 5702 ⁵³³⁸
