4038 6330
268 398 451 459 565‘

1556 396 1642 454 DE
1694 396 1930 455 LAUDE
1957 396 2016 453 S.
2054 394 2322 453 ΜΑιιιτΕ.

3436 404 3543 463 366

265 525 494 587 privatae
526 510 603 567 rei
630 509 912 581 dispendio
943 510 1127 578 juveni
1155 524 1276 565 cum
1313 510 1490 580 puella
1518 512 1619 567 sub
1641 512 1851 568 eisdem
1877 518 1929 576 Α
1958 520 2071 567 tum
2102 512 2278 576 lecto,
2306 526 2416 581 quo
2453 526 2578 568 cum
2619 512 2727 569 ﬁlia
2764 514 3009 571 cubitare
3036 528 3415 586 consueverat,
3444 537 3537 576 su-

265 607 474 664 mdibus
503 620 687 661 mensa
727 605 1022 674 thorusque
1051 603 1251 659 forent.
1284 602 1419 660 Cum
1455 605 1620 674 igitur
1658 605 1713 660 in
1755 620 1851 675 pa-

266 699 441 755 ternis
469 697 559 762 illa
585 712 707 753 cum
747 698 865 751 viro
894 695 974 751 sic
1013 705 1217 767 ageret,
1264 704 1319 752 et
1350 695 1486 751 mira
1519 704 1693 752 mater
1732 696 1850 751 dili-

260 789 447 859 gentia
479 803 602 844 eum
633 802 797 845 causa
822 786 946 841 ﬁliae
974 786 1273 852 exeoleret,
1304 802 1414 841 non
1444 785 1619 854 major
1642 794 1851 855 poterat

258 880 494 951 reperiri
537 879 730 950 puellae
776 894 931 935 amor
968 879 1036 933 ad
1081 894 1309 948 puerum
1360 893 1523 947 quam
1552 892 1744 934 socrus
1783 877 1851 935 ad

258 987 542 1043 generum.
592 971 711 1041 Ipsa
746 970 913 1041 igitur
936 971 1242 1027 celebribus
1265 985 1387 1026 eum
1417 971 1651 1027 ornabat
1692 970 1848 1026 indu-

255 1066 386 1131 viis,
438 1066 662 1135 opipare
712 1064 997 1135 satagebat
1042 1063 1097 1118 in
1146 1062 1340 1133 epulis,
1392 1064 1506 1133 ipsa
1561 1062 1754 1119 faciem
1784 1076 1847 1117 ac

254 1159 443 1215 crines
466 1158 669 1223 eluere,
720 1158 962 1215 cubitum
1009 1157 1166 1212 ituris
1194 1155 1378 1212 mollia
1408 1164 1672 1219 sternere,
1701 1170 1847 1224 quae.

253 1252 406 1308 renti
445 1252 773 1321 mancipium
817 1252 993 1321 prima
1019 1252 1299 1315 assistere,
1354 1249 1611 1314 cilicium,
1649 1258 1844 1319 praeter

250 1345 543 1409 thalamos,
574 1345 628 1399 in
661 1345 916 1401 omnibus
946 1358 1329 1415 praeoccupare
1352 1342 1494 1406 ﬁlire,
1533 1350 1607 1408 et,
1640 1350 1699 1396 ut
1724 1342 1846 1396 uni—

248 1450 417 1490 versa
448 1436 789 1499 contraham,
820 1451 925 1490 non
961 1446 1222 1493 matronae
1259 1435 1567 1505 imperium,
1605 1433 1700 1489 sed
1729 1433 1844 1488 dis-

247 1538 449 1580 cursus
492 1526 748 1580 exhibere
781 1525 1149 1595 pedissequm;
1184 1524 1317 1580 nihil
1354 1533 1530 1578 tamen
1589 1522 1848 1579 adulteri-

246 1628 389 1668 num
420 1613 743 1669 moliebatur
771 1615 887 1676 haec
915 1630 1061 1673 cura.
1103 1614 1172 1671 Ut
1219 1614 1428 1670 scilicet
1472 1613 1624 1682 quasi
1673 1614 1739 1667 ad
1786 1628 1845 1669 se

246 1704 306 1758 ei
332 1703 685 1774 ingerendam
710 1705 1104 1763 distraheretur
1138 1721 1169 1759 a
1202 1704 1332 1770 ﬁlia,
1374 1705 1468 1761 sed
1502 1714 1560 1758 ut
1584 1704 1730 1759 aetati
1761 1704 1844 1758 lu—

242 1793 423 1849 bricae
477 1795 713 1865 propriis
768 1796 934 1851 ﬁliam
988 1797 1266 1866 obsequiis
1316 1797 1745 1860 commendaret,
1790 1805 1846 1852 et

1955 603 2151 674 pinari,
2185 603 2499 673 sabanoque
2541 620 2603 660 ac
2651 606 2890 663 vestibus
2943 624 3006 663 ac
3049 610 3094 665 si
3138 611 3537 666 somnolentum

1952 694 2173 765 operiri.

2029 788 2233 843 Exacto
2263 788 2468 844 interea
2495 790 2692 862 exiguo
2717 795 3176 865 temporisspatio,
3193 796 3356 853 herus
3376 796 3536 868 303

1951 878 2173 934 domum
2207 881 2426 949 redivit,
2457 897 2521 937 ac
2550 882 2691 948 ﬁlia;
2724 872 2782 937 'et
2815 887 2881 940 de
2912 886 3141 954 prandio
3166 887 3219 941 in
3250 903 3539 943 commune

1953 981 2191 1029 tractare
2241 983 2567 1046 cteperunt,
2611 976 2808 1045 quibus
2842 978 3059 1033 solitum
3112 979 3538 1036 accelerantibus

1950 1064 2144 1133 larem,
2166 1066 2289 1121 ﬁliae
2312 1078 2488 1122 mater
2510 1068 2784 1137 eloquitur
2810 1086 2821 1121 :
2858 1069 3028 1134 Vade,
3058 1071 3151 1133 ait,
3175 1080 3230 1125 et
3258 1073 3536 1139 maritum,

1949 1158 2044 1227 qui
2070 1160 2231 1214 modo
2266 1160 2561 1215 dormitum
2592 1174 2716 1215 sese
2740 1161 3014 1230 deposuit,
3046 1162 3290 1217 excitare
3320 1164 3537 1218 festina.

1949 1246 2204 1304 Procedit
2249 1252 2317 1305 ad
2365 1260 2597 1305 stratum
2635 1267 2809 1322 usque
2854 1251 3174 1320 juvencula,
3225 1264 3537 1323 soporatum

1943 1340 2198 1410 juvenem
2260 1344 2480 1399 nomine
2534 1355 2713 1410 vocat,
2764 1354 2908 1400 tactu
2966 1360 3182 1414 quoque
3237 1354 3537 1399 morantem

1950 1440 2242 1498 provocat;
2286 1447 2409 1487 cum
2449 1448 2517 1487 ne
2551 1434 2740 1502 utique
2780 1433 2868 1487 ille
2906 1433 3254 1502 compellanti
3284 1447 3348 1487 ac
3383 1432 3537 1487 velli-

1949 1523 2093 1578 cauti
2119 1524 2334 1594 conjngi
2382 1527 2757 1595 responderet,
2790 1525 3105 1581 defunctum
3155 1528 3368 1582 cunctis
3392 1542 3540 1581 com-

1947 1616 2115 1687 plosis
2139 1618 2335 1686 palmis
2364 1619 2683 1673 inclamitat.
2726 1620 3047 1674 Concitatur
3082 1618 3306 1683 familia,
3340 1620 3537 1673 vicinia

1948 1707 2303 1776 glomeratur,
2339 1717 2490 1762 tanto
2519 1709 2886 1764 miserabilius
2915 1710 3098 1765 subito
3129 1709 3272 1764 illius
3319 1709 3539 1779 illacry-

1948 1807 2163 1855 mantes
2201 1798 2373 1866 casui,
2407 1808 2611 1869 quanto
2630 1799 2831 1868 justius
2855 1816 3019 1870 super
3042 1800 3160 1868 ejus
3190 1800 3539 1857 intostatioue

243 1884 585 1941 adolescenti
626 1886 754 1941 totis
808 1885 1210 1945 urbanitatibus
1251 1894 1508 1943 accurato
1556 1886 1677 1939 ﬁlia:
1712 1883 1844 1939 alfc-
1872 1875 1921 1941 Β
1950 1883 2229 1939 dolebant.
2257 1885 2472 1939 Funere
2498 1885 2666 1954 igitur
2695 1888 2763 1938 ab
2791 1886 3046 1940 omnibus
3072 1899 3197 1939 vera
3231 1884 3538 1938 animorum

252 1992 285 2029 (τ
297 1985 411 2031 tum
436 1976 714 2044 (alliceret.

322 2070 534 2136 Interea
561 2070 758 2128 diaboli
789 2072 1092 2142 versipellis
1119 2073 1322 2129 astutia
1350 2072 1402 2127 in
1430 2079 1641 2142 partem
1678 2082 1845 2127 retoro

238 2181 423 2237 quere
448 2166 729 2222 sinistram
754 2166 1017 2236 quidquid
1041 2166 1308 2223 benevola
1331 2166 1634 2222 intentione
1658 2165 1841 2232 ﬁebat,

239 2268 311 2315 et
361 2259 540 2315 socrui
593 2274 691 2328 per
738 2258 1032 2314 maledicos
1079 2273 1294 2314 naevum
1352 2257 1535 2313 multm
1580 2256 1843 2311 foeditatis

238 2351 494 2417 inurere,
531 2352 674 2421 quod
712 2353 966 2408 videlicet
1002 2366 1346 2421 nequaquam
1388 2351 1564 2421 gratia
1593 2349 1762 2419 prolis
1790 2349 1842 2405 id

238 2443 499 2509 faceret,
552 2444 645 2499 sed
682 2453 740 2499 ut
763 2445 938 2499 eidem
988 2460 1087 2514 pro
1117 2444 1228 2498 ﬁlia
1257 2459 1381 2499 sese
1408 2452 1665 2497 mutaret.
1706 2442 1841 2498 Cum

234 2534 419 2605 igitur
463 2536 856 2592 incrementum
885 2546 1130 2594 sumeret
1179 2538 1233 2591 in
1281 2537 1398 2592 dies
1447 2546 1555 2590 tam
1612 2535 1842 2590 absoleti

236 2628 490 2683 rumoris
521 2628 814 2694 acerbitas,
868 2638 922 2684 et
962 2629 1207 2684 mulieris
1233 2629 1479 2683 animum
1528 2636 1842 2682 concuteret

240 2729 416 2774 tanta:
453 2720 713 2793 falsitatis.
750 2720 1090 2776 intoleranda
1129 2720 1437 2792 malignitas
1462 2761 1478 2785 ,
1530 2728 1735 2789 quanto
1784 2732 1842 2773 se

239 2813 522 2868 sentiebat
544 2813 949 2883 superillatione
970 2814 1156 2884 probri
1184 2815 1345 2883 hujus
1375 2814 1663 2877 insontem,
1690 2820 1841 2865 tanto

236 2905 446 2974 aegrius
502 2906 715 2962 ferebat
744 2906 851 2961 dici
883 2908 1023 2961 unde
1050 2908 1192 2976 quod
1227 2906 1444 2976 pietatis
1480 2905 1658 2960 studio
1689 2919 1843 2958 excr-

238 2996 423 3059 cebat,
461 2998 604 3068 vulgi
646 3000 760 3069 ipsa
794 3007 1100 3054 verteretur
1147 2999 1200 3052 in
1232 2998 1488 3052 fabulam.
1533 2998 1629 3051 llis
1658 2997 1841 3064 itaque

236 3096 371 3160 post
400 3089 617 3159 aliquod
654 3099 867 3161 tempus
908 3090 1085 3145 evicta
1124 3088 1412 3153 molestiis,
1460 3088 1629 3157 carpit
1676 3100 1838 3156 quem

240 3192 533 3252 tantopere
575 3190 787 3239 arserat
827 3183 1006 3238 subito
1044 3181 1290 3237 fastidire
1326 3178 1698 3250 juveucnlutn,
1742 3190 1831 3231 ve-

236 3288 372 3329 rens
404 3288 473 3328 ne
499 3274 566 3328 de
590 3282 787 3329 caetero
821 3283 948 3328 nota
978 3273 1201 3336 viveret,
1233 3271 1278 3326 si
1311 3284 1435 3323 cum
1458 3267 1702 3337 quotidie
1726 3281 1838 3336 prae

234 3362 416 3419 oculis
448 3362 708 3425 haberet;
764 3363 905 3418 unde
940 3376 1048 3419 non
1080 3378 1111 3415 a
1164 3376 1264 3416 suo
1314 3374 1462 3422 cum,
1519 3355 1662 3420 quod
1705 3356 1839 3413 satis

236 3462 413 3519 esset,
438 3454 796 3511 contubernio
826 3454 1115 3519 dirimere,
1159 3452 1253 3511 sed
1281 3451 1553 3521 perimere
1590 3447 1705 3517 jam
1748 3448 1838 3502 de-

245 3546 440 3602 stinat.
468 3546 602 3603 Boni
631 3547 778 3603 enim
805 3546 1186 3611 consuluisset,
1220 3545 1263 3601 si
1293 3559 1416 3599 eum
1445 3541 1780 3598 solummodo
1807 3556 1837 3594 a

240 3639 331 3695 sui
368 3639 673 3709 frequentia
697 3641 1049 3705 dimovisset;
1083 3648 1138 3694 at
1164 3639 1250 3693 illa
1274 3636 1343 3693 ad
1376 3636 1576 3693 ferrum
1618 3651 1676 3691 se
1706 3650 1837 3690 con—

242 3732 394 3798 tulit,
424 3733 632 3790 malens
652 3734 927 3789 hominem
949 3734 1017 3790 de
1040 3732 1218 3789 medio
1244 3732 1358 3787 ﬁeri
1400 3746 1563 3786 uuam
1585 3730 1836 3791 obscena:

206 3886 207 3891 η
239 3832 459 3893 pateret
490 3826 754 3896 opinioni.

320 3912 522 3970 Mulier
562 3932 805 3987 generum
851 3915 1193 3970 occidendum
1220 3915 1395 3985 jubet.
1434 3944 1491 3954 —-
1522 3912 1838 3969 Autumuali

240 4007 431 4076 itaque
466 4016 594 4064 tunc
625 4017 948 4080 tempestate
978 4016 1228 4079 promota
1255 4023 1376 4065 cum
1403 4008 1613 4063 duobus
1650 4006 1838 4078 pueris

241 4112 468 4173 pactum
515 4117 583 4157 ex
640 4103 839 4172 placito
890 4102 1053 4168 locat,
1107 4102 1330 4157 vicenos
1385 4102 1583 4170 cuique
1637 4100 1838 4157 solidos

244 4194 514 4265 pollicens
552 4195 597 4250 si
628 4211 775 4261 eum,
821 4196 897 4250 uti
944 4195 1216 4250 docebunt
1267 4193 1572 4262 sequentia,
1603 4192 1839 4247 trucida-

242 4297 388 4344 rent.
418 4288 588 4344 Erant
615 4296 797 4344 autem
821 4289 877 4353 ii,
914 4297 974 4343 ut
1010 4288 1205 4355 fertur,
1248 4302 1447 4358 genere
1477 4286 1687 4351 Nervii,
1720 4285 1834 4355 qui,

242 4381 663 4436 vindemialibus
709 4381 877 4437 lucris
908 4382 1126 4447 adacti,
1174 4382 1228 4436 in
1261 4381 1594 4451 provinciam
1622 4380 1838 4437 Laudu-

242 4487 471 4528 ncnsem
531 4487 652 4529 sese
691 4473 1055 4529 contulerant.
1106 4474 1312 4530 Ibidem
1346 4488 1478 4542 ergo
1525 4473 1838 4542 aliquandiu

244 4580 371 4618 cum
416 4565 683 4619 mercedis
721 4574 833 4619 tum
866 4565 1124 4620 inusitate
1156 4580 1297 4621 escae
1326 4564 1569 4619 novitate
1600 4574 1839 4621 moratos

244 4656 446 4712 mulier
494 4656 772 4727 praelibata
819 4657 1108 4728 sponsione
1164 4655 1506 4727 aggreditur;
1560 4654 1837 4723 iidemque

245 4762 406 4803 acres
442 4763 512 4803 ex
555 4757 773 4815 natura,
822 4750 1021 4813 animo,
1082 4750 1260 4819 pretio
1303 4748 1541 4815 exacuti,
1571 4748 1838 4818 explendo

245 4842 479 4898 facinori
505 4852 873 4899 coarmantur.
902 4844 1146 4911 Quadam
1184 4845 1351 4915 igitur
1380 4844 1468 4900 die
1497 4843 1673 4900 virum
1710 4858 1838 4914 pro-

246 4935 428 5004 prium
468 4949 538 4990 ex
589 4936 858 4992 industria
903 4937 1187 5007 quidpiam
1237 4938 1386 4993 foras
1423 4947 1673 4993 acturum
1705 4938 1837 4993 diri—

247 5026 345 5095 git,
400 5026 567 5081 tiliam
615 5028 820 5097 pariter
865 5027 1125 5083 aliorsum
1164 5028 1302 5089 falso
1351 5037 1509 5083 nacta
1550 5028 1838 5085 occasione

249 5121 593 5177 transmittit.
623 5122 851 5190 Quibus,
871 5123 941 5178 ab
973 5122 1090 5179 aede
1117 5121 1377 5193 digressis
1411 5138 1610 5193 penum
1648 5122 1839 5177 mulier

248 5223 463 5269 secreto
520 5215 737 5285 aperit,
784 5216 1152 5273 conductitios
1200 5215 1462 5271 satellites
1518 5216 1834 5283 introducit,

263 5307 476 5377 hocque
505 5323 534 5361 a
567 5306 700 5363 foris
733 5310 1009 5376 obscrato,
1055 5323 1312 5378 generum
1340 5325 1441 5364 nec
1475 5324 1629 5363 mora
1664 5317 1724 5364 ut
1750 5309 1836 5363 vi-

224 5415 377 5454 .num
430 5400 711 5471 pransuris
763 5402 1022 5458 exhibeat
1065 5401 1359 5458 sollicitare
1418 5401 1681 5461 intendit;
1746 5400 1839 5469 qui

251 5504 469 5565 sumpto
493 5497 649 5553 ocius
685 5497 808 5553 lado
832 5496 1116 5553 cellarium
1137 5506 1366 5560 reserat,
1394 5495 1490 5551 sed
1523 5495 1839 5565 priusquam

252 5587 304 5643 in
327 5605 424 5645 vas
455 5590 578 5645 vina
604 5592 921 5661 deponeret,
956 5590 1023 5645 ab
1057 5592 1122 5646 iis
1147 5591 1238 5660 qui
1272 5590 1515 5645 latebant
1549 5589 1691 5647 intro
1718 5602 1842 5658 per-

253 5682 490 5750 vaditur,
524 5692 584 5739 et
618 5683 765 5739 illico
805 5684 1192 5755 strangulatur.
1247 5684 1401 5751 Quod
1452 5681 1658 5737 factum
1717 5696 1843 5736 cum

256 5773 346 5831 illa
391 5777 669 5845 rescisset,
697 5776 857 5847 jubet
881 5792 1079 5847 corpus
1119 5777 1308 5832 statim
1359 5777 1427 5833 ab
1452 5776 1693 5848 ejusdem
1723 5790 1843 5831 sce-

255 5866 383 5927 leris
415 5870 732 5927 auctoribus
771 5870 908 5940 tolli,
950 5871 1089 5947 etin
1132 5870 1322 5926 domus
1368 5869 1648 5953 superiora
1692 5866 1841 5937 dela-

1948 1970 2275 2039 aegritudine
2302 1970 2666 2033 conclamato,
2704 1980 2881 2025 mater
2907 1971 3115 2039 generi,
3148 1974 3257 2026 imo
3282 1970 3405 2025 ﬁliae
3443 1970 3539 2024 bo,

1949 2063 2150 2118 micida
2184 2062 2380 2119 fucatis
2408 2062 2740 2118 maeroribus
2768 2064 3141 2132 obstrepebat,
3185 2063 3399 2119 caeteris
3429 2063 3540 2131 pla-

1947 2156 2121 2210 cidior
2169 2156 2429 2225 ejulabat.
2498 2155 2675 2217 Tanto
2735 2170 2867 2226 ergo
2915 2155 3320 2211 lamentabilius
3368 2156 3540 2211 bonas

1946 2245 2185 2300 hominis
2240 2246 2621 2310 habitudines,
2694 2247 3031 2314 lepiditatem
3087 2262 3335 2313 morum,
3386 2249 3539 2303 verbi

1948 2340 2295 2412 elegantiam,
2352 2340 2505 2395 scita:
2550 2340 2783 2410 insignia
2839 2340 3050 2407 formas,
3100 2351 3155 2397 et
3194 2342 3262 2397 ad
3301 2342 3540 2397 haecob~

1950 2440 2097 2486 tutus
2127 2431 2563 2500 prosequebatur
2592 2430 2818 2493 invisos,
2852 2440 3062 2499 quanto
3092 2431 3264 2503 magis
3286 2431 3538 2487 infausta

1948 2518 2288 2573 crudelitatis
2315 2533 2479 2572 ausus
2504 2517 2623 2572 ﬁeri
2653 2518 2946 2573 verebatur
2974 2528 3213 2587 apertos.

2018 2604 2244 2661 Pwm‘lel
2276 2625 2336 2662 ac
2364 2609 2559 2663 crimen
2592 2608 2854 2665 sacerdoti
2880 2610 3070 2680 aperit.
3097 2640 3169 2649 —
3191 2610 3309 2677 Quo
3334 2610 3537 2671 talibus

1947 2701 2121 2755 modis
2144 2699 2308 2766 elato,
2341 2700 2536 2755 mulier
2557 2710 2611 2756 et
2643 2712 2871 2757 eventus
2900 2702 3191 2774 utrobique
3223 2703 3394 2759 siluit.
3426 2704 3535 2761 Ve—

1947 2805 2067 2843 rum
2112 2789 2305 2842 mulier
2353 2788 2480 2844 ftedi
2535 2789 2791 2849 facinoris
2840 2792 3059 2848 conscia
3103 2792 3170 2847 ad
3216 2808 3280 2847 se
3320 2808 3537 2853 versum

1944 2881 2121 2953 prima
2172 2880 2405 2952 prosiliit
2430 2891 2486 2937 et
2537 2881 2859 2937 infructuosi
2908 2883 3245 2953 paenitudine
3290 2883 3537 2945 criminis

1946 2984 2068 3030 acta
2098 2977 2497 3047 presbyterum,
2524 2978 2678 3047 cujus
2708 2978 3012 3033 dimceseos
3042 2988 3182 3045 erat,
3225 2978 3366 3035 facta
3400 2994 3535 3036 con-

1946 3068 2183 3126 fessione
2213 3072 2511 3137 consuluit;
2547 3088 2576 3125 a
2606 3087 2712 3141 quo
2745 3080 2897 3126 tanto
2920 3071 3065 3129 malo
3091 3072 3537 3131 convenientibus

1948 3164 2163 3219 addicta
2209 3164 2451 3236 jejuniis,
2520 3165 2835 3236 aliquandiu
2875 3166 2975 3220 sub
3024 3166 3215 3221 eodem
3257 3166 3537 3222 medicina:

1868 3229 1913 3293 δ
1947 3256 2242 3325 Spiritualis
2300 3256 2444 3312 fasce
2495 3256 2731 3311 delituit.
2778 3255 3021 3311 l’lurituo
3076 3267 3257 3311 autem
3310 3269 3535 3310 emenso

1946 3356 2189 3417 tempore
2220 3349 2359 3402 inter
2384 3349 2555 3418 ipsam
2588 3356 2641 3403 et
2668 3350 3045 3420 presbyterum
3080 3347 3283 3401 oboriri
3310 3346 3537 3416 contigit

1946 3439 2278 3504 simultates;
2333 3456 2496 3509 quam
2550 3440 2836 3510 presbyter
2882 3438 3165 3495 canonica:
3210 3439 3536 3494 conditionis

1944 3532 2257 3601 impatiens,
2289 3548 2396 3601 quo
2453 3532 2712 3586 atrociori
2760 3533 2934 3603 potuit
2968 3529 3261 3597 'jaculatur
3310 3531 3531 3600 probro.

1949 3623 2148 3680 Generi
2177 3640 2361 3679 necem
2395 3624 2557 3679 fronti
2594 3623 2836 3679 mulieris
2863 3624 3106 3695 impegit.
3142 3622 3255 3678 Hoc
3285 3633 3537 3693 parentes

1942 3716 2160 3788 juvenis
2191 3732 2255 3770 ac
2282 3717 2329 3769 si
2372 3715 2610 3770 terriﬁco
2636 3716 2838 3771 tonitru
2875 3716 3202 3786 experrecti,
3238 3715 3305 3769 ad
3335 3724 3534 3786 praeto-

1945 3811 2088 3865 rium
2125 3810 2288 3866 lberti
2329 3810 2656 3866 vicedomini
2704 3809 3080 3867 Lauduuensis
3120 3824 3235 3864 rem
3270 3807 3533 3865 referunt.

1944 3904 1997 3959 ls
2027 3916 2287 3975 quantum
2326 3905 2377 3959 in
2422 3919 2481 3959 re
2522 3903 2745 3958 militari
2774 3904 3038 3969 vivacior,
3072 3910 3281 3957 tantum
3329 3902 3538 3957 exstitit

1945 3996 1999 4051 in
2060 3996 2317 4067 episcopii
2374 3995 2592 4065 publica
2646 3995 3033 4064 procuratione
3086 3992 3342 4049 ferocior.
3398 3992 3536 4060 Quid

1943 4090 2235 4145 verborum
2290 4088 2508 4143 laciniis
2571 4086 2790 4142 trahor?
2855 4084 3238 4142 Viccdomiuus
3288 4083 3431 4139 villae
3478 4099 3537 4139 se

1944 4182 2147 4250 intulit,
2181 4182 2441 4237 feminam
2473 4181 2718 4250 corripit,
2764 4179 2874 4249 juri
2905 4180 3051 4235 sistit
3093 4194 3311 4235 causam
3347 4177 3533 4248 exigit,

1945 4278 2141 4332 mulier
2197 4293 2307 4333 non
2363 4274 2640 4342 dillitetur,
2696 4274 2966 4330 sententia
3020 4272 3266 4329 Lauduni
3314 4270 3533 4326 ferenda

1943 4371 2211 4429 differtur.

2015 4467 2187 4522 Porro
2216 4466 2341 4520 dum
2383 4479 2509 4520 cum
2534 4463 2647 4532 ipsa
2677 4460 2818 4515 idem
2848 4457 3157 4514 causidicus
3196 4454 3536 4526 cognationis

1873 4590 1921 4649 υ
1944 4560 2063 4631 ejus
2093 4560 2305 4629 aliquos
2332 4558 2506 4611 cidem
2536 4564 2676 4609 notae
2706 4553 2999 4623 subigeret,
3038 4551 3091 4605 in
3136 4564 3239 4615 me,
3292 4548 3387 4614 ait,
3416 4547 3535 4603 uni-

1942 4671 2063 4711 cam
2098 4654 2183 4710 his
2234 4652 2420 4707 liberis
2463 4664 2611 4729 arma
2656 4655 2975 4716 contorque.
3009 4643 3288 4699 Neminem
3318 4640 3536 4697 noveris

1941 4766 2041 4821 pro
2076 4757 2228 4806 certo
2275 4744 2557 4802 conscium
2593 4742 2897 4811 iniquitatis
2926 4738 3170 4809 objectze.
3226 4738 3358 4793 Erat
3405 4750 3535 4790 vero

1943 4842 2243 4897 Elinandus
2289 4855 2388 4911 per
2419 4839 2473 4893 id
2519 4836 2860 4907 tempestatis
2904 4836 3207 4905 episcopus,
3244 4832 3327 4886 vir
3381 4830 3537 4900 plane

1944 4944 2207 5008 quantum
2238 4934 2562 4990 litteraturae
2596 4930 2896 4996 invalidus,
2932 4936 3142 4983 tantum
3186 4922 3537 4979 administra-

1945 5031 2081 5087 tioni
2108 5029 2404 5095 forasticae,
2454 5036 2509 5083 et
2545 5025 2928 5082 ecclesiastica:
2976 5019 3278 5093 praesertim
3315 5015 3533 5071 institu-

1946 5124 2080 5180 tioni
2106 5138 2212 5179 non
2240 5121 2479 5178 nescius.
2510 5118 2738 5175 Latione
2766 5118 2928 5188 igitur
2956 5110 3241 5169 sententia:
3264 5106 3536 5177 pontiﬁcis
3622 5108 3623 5113 ‘

1950 5219 2201 5275 traducta
2230 5219 2284 5273 in
2316 5217 2690 5281 curiam,cum
2707 5207 3032 5267 vicedomini
3058 5207 3291 5260 haircret
3319 5200 3535 5254 animus

1944 5312 2077 5378 quid
2120 5310 2266 5366 facto
2316 5308 2644 5365 conveniens
2671 5304 2964 5364 videretur,
3013 5314 3041 5353 a
3078 5295 3313 5367 quodam
3354 5307 3534 5360 gram-

1948 5405 2150 5459 matico
2172 5404 2221 5459 ei
2251 5402 2578 5473 suggeritur,
2608 5397 2749 5467 quod
2780 5396 2940 5465 digne
2965 5392 3088 5445 talis
3113 5388 3271 5458 culpa
3302 5384 3534 5442 incendii

1948 5496 2315 5566 plecteretur;
2354 5495 2499 5565 quod
2526 5493 2616 5547 ille
2643 5506 2741 5561 pro
2771 5502 2995 5544 suorum
3030 5499 3239 5540 morum
3285 5480 3534 5539 acredine

1948 5604 2071 5643 cum
2097 5589 2252 5642 avida
2282 5588 2435 5644 fauce
2473 5586 2710 5656 legisset,
2740 5581 2895 5653 quasi
2938 5593 3223 5635 censuram
3269 5574 3534 5645 publicam

1955 5698 2052 5740 sua
2080 5682 2403 5753 allegatione
2432 5682 2482 5736 id
2530 5680 2769 5734 roborat.
2814 5676 2888 5751 At
2926 5674 3017 5730 illa
3048 5674 3183 5730 adeo
3210 5672 3365 5731 triste
3395 5668 3533 5739 judi-

1952 5775 2097 5831 cium
2124 5791 2244 5831 cum
2287 5775 2389 5830 sibi
2440 5772 2709 5828 accidisse
2759 5770 3115 5842 prospiceret,
3148 5780 3270 5836 quae
3305 5762 3419 5831 j'am
3448 5759 3534 5814 diu

1957 5867 2087 5926 facti
2138 5877 2371 5942 pertaesa
2412 5868 2680 5935 doluerat,
2729 5864 2878 5923 nunc
2925 5859 3291 5953 miserabilius
3345 5852 3532 5911 saeculr
