4014 6324
466 408 568 466 537

1283 406 1347 463 V.
1380 404 1706 464 GUIBERTI
1741 405 2035 465 ABBATIS
2073 403 2133 460 S.
2166 402 2410 462 MARUE
2437 406 2529 461 DE
2554 404 2950 464 NOVIGENTO

3632 402 3740 468 568

472 528 601 581 huic
629 526 913 596 desperata
938 522 1269 588 concutitur,
1297 536 1513 591 quoque
1544 522 1716 594 magis
1747 525 1797 579 ei
1838 525 2055 593 impraz-
2088 520 2136 575 A
2161 518 2427 575 inauditis
2451 519 2788 589 gratulatura
2818 519 3176 590 provolvitur.
3206 520 3489 578 lndicibile
3515 528 3601 578 est
3621 522 3746 591 quid

472 618 775 674 sentiarum
803 616 988 672 omnia
1037 614 1432 684 praecidantur,
1481 630 1548 670 eo
1584 616 1841 672 universa
1890 615 2057 670 animi

472 708 616 765 acies
651 708 813 763 statui
844 707 1023 761 futuro
1054 706 1355 776 exponitur.
1838 752 1843 755 .

543 797 645 855 Dei
676 798 940 868 genitricis
987 797 1232 867 imptorat
1275 797 1557 853 auxilium.
1588 798 1770 854 Illwsa
1804 800 1976 855 medio
2004 800 2061 854 in

471 893 613 964 igne.
643 922 715 933 —
751 892 836 946 Ab
864 890 1263 961 apparitoribus
1287 893 1470 961 itaque
1510 894 1746 963 postulat
1778 902 1837 949 ut
1871 894 1939 948 ad
1970 908 2062 947 ca-

476 984 775 1041 thedralem
793 987 1320 1043 misericordissimm
1339 992 1539 1041 nostrae
1563 985 1749 1040 Matris
1772 985 2059 1041 ecclesiam

473 1076 555 1132 ire
583 1074 766 1147 liceat,
800 1088 854 1134 et
884 1080 1011 1150 quis
1054 1080 1108 1135 id
1152 1078 1410 1149 profanus
1437 1079 1733 1134 abnueret?
1771 1078 1941 1134 multo
1966 1093 2062 1134 co-

472 1169 670 1226 mitatu
697 1173 789 1243 qui
818 1189 917 1244 pro
947 1173 1232 1244 puniendzr
1261 1173 1431 1227 exitio
1455 1173 1751 1243 spectando
1790 1188 2063 1229 convene-

474 1270 626 1328 rant,
676 1262 1079 1320 miserabiliter.
1110 1264 1511 1319 succenturiata
1568 1265 1950 1334 progreditur,
2011 1274 2068 1320 et

476 1351 657 1406 media
676 1352 901 1410 basilica
927 1356 994 1410 ad
1025 1370 1135 1410 sua:
1157 1354 1496 1425 purgationis
1526 1355 1821 1419 cumulum,
1854 1366 2064 1412 reatum

477 1444 760 1514 preprium
816 1446 919 1501 sub
971 1446 1208 1527 generali
1240 1446 1515 1501 audientia
1549 1445 1858 1501 conﬁtetur.
1909 1447 2069 1502 Dein-

481 1547 610 1602 ceps
637 1537 942 1590 communis
981 1537 1302 1593 saeculorum
1335 1536 1595 1592 'Dominae
1624 1537 1880 1606 pietatem
1918 1537 2069 1591 humi

479 1622 836 1693 imploratura
863 1628 1250 1683 consternitur.
1278 1628 1506 1694 Quantis
1537 1630 1604 1683 ad
1635 1642 1776 1693 eam,
1821 1645 1939 1700 quae
1971 1645 2061 1685 ne-

478 1716 685 1774 minem
717 1721 981 1776 miserum
1009 1732 1294 1778 aversatur
1330 1724 1598 1793 suspiriis,
1635 1733 1841 1793 quanto
1869 1738 2072 1793 angore

481 1806 733 1879 rugierit,
766 1811 882 1881 ipsa
911 1828 979 1867 ex
1023 1813 1272 1883 sequenti
1323 1814 1650 1869 testificatur
1672 1826 1899 1871 eventu.
1944 1816 2072 1872 Inde

2164 612 2364 668 ibidem
2388 610 2590 669 fuderit
2631 614 3018 686 lacrymarum.
3049 613 3377 671 Tacebimus
3409 615 3617 685 jubilos
3658 631 3745 686 qm

2164 702 2617 773 multiplicitatem
2668 704 2997 776 singultuum
3050 705 3403 771 exhalabant,
3452 721 3579 761 cum
3621 723 3745 763 nus-

2163 812 2327 867 quam
2360 796 2617 851 cobibere
2656 811 2776 851 sese
2800 796 3008 852 valeret
3038 796 3193 852 turba
3213 797 3535 863 videntium,
3557 799 3747 867 quibus

2165 888 2637 960 superexcellens,
2689 904 2852 958 super
2901 897 3067 944 tantae
3121 889 3365 945 subsidio
3433 890 3749 961 peccatricis

2166 983 2492 1054 generaliter
2520 982 2864 1055 praebebatur
2892 982 3220 1052 exemplum.

2237 1079 2392 1135 Tunc
2432 1093 2552 1134 eam
2585 1079 2959 1135 \‘icedominus
3001 1077 3115 1133 sola
3149 1078 3407 1133 indutam
3439 1078 3583 1133 linea
3632 1093 3751 1133 cum

2165 1172 2475 1245 pavimento
2517 1172 2767 1238 haereret,
2791 1170 3001 1225 sublata
3036 1172 3103 1224 ab
3131 1169 3359 1225 humero
3389 1172 3606 1224 lacerna
3635 1182 3756 1239 ope-

2169 1266 2298 1330 ruit.
2344 1272 2400 1319 et
2440 1274 2560 1334 post
2604 1262 2956 1332 inexplebiles
2996 1263 3274 1316 orationes
3320 1270 3375 1316 et
3430 1261 3677 1331 gratias,
3723 1274 3752 1314 a

2172 1369 2316 1414 terra
2345 1366 2653 1427 exemptam
2678 1358 2896 1411 domum
2924 1355 3098 1410 ducit.
3125 1356 3297 1422 Quam
3327 1355 3454 1424 quia
3485 1355 3755 1408 hastarum

2172 1448 2494 1519 impulsibus
2515 1450 2642 1503 laesa
2667 1447 3094 1519 erat,etignium
3122 1446 3517 1502 commaculata
3545 1444 3757 1512 favillis,

2172 1540 2400 1603 balneis,
2434 1549 2489 1594 et
2516 1539 2712 1608 quibus
2743 1538 2917 1607 potuit
2964 1538 3237 1602 fomentis,
3271 1552 3372 1592 nec
3405 1553 3511 1591 nun
3543 1546 3599 1591 et
3630 1545 3762 1591 stra-

2174 1643 2327 1686 tuum
2381 1631 2606 1686 mollitie
2656 1630 2922 1695 mulcens,
2984 1630 3110 1684 dum
3160 1644 3220 1684 se
3271 1637 3425 1699 putat
3482 1630 3762 1683 restituere

2175 1722 2444 1792 sospitati,
2478 1730 2600 1791 post
2633 1722 2867 1776 triduum
2892 1720 3166 1775 consuluit
3194 1719 3336 1775 Deus
3363 1719 3537 1789 ipsius
3565 1718 3758 1786 sempi-

2178 1822 2348 1867 ternae
2377 1812 2538 1867 saluti
2562 1828 2577 1877 ;
2604 1811 2764 1865 tertio
2790 1810 2933 1866 enim
2951 1809 3037 1864 die
3058 1808 3365 1864 salvatricis
3380 1822 3493 1863 suae
3516 1806 3763 1861 manibus

483 1914 517 1954 a
546 1913 647 1957 suo
699 1913 1027 1961 exsecutore
1070 1907 1255 1972 citata,
1303 1907 1460 1977 petiit
1487 1908 1554 1962 ab
1593 1908 1841 1963 oratione
1881 1909 2079 1979 suppli-
2105 1895 2158 1956 Β
2185 1907 2434 1976 Spiritum
2463 1920 2657 1960 secura
2689 1904 2957 1975 deposuit.
3006 1903 3046 1955 A
3097 1917 3205 1972 qua
3253 1901 3412 1972 plane
3442 1900 3620 1971 potuit
3646 1915 3766 1955 cor-

482 1990 651 2047 cium.
682 1993 924 2052 Ecclesia
951 1997 1099 2053 Beati
1130 1997 1292 2063 Justi,
1322 1999 1600 2069 paululum
1631 2002 1829 2055 montis
1872 2003 2080 2058 devexo

482 2084 682 2154 posita,
726 2088 1056 2161 circumsitis
1102 2090 1212 2145 illic
1260 2092 1574 2147 Britonibus
1617 2094 1919 2148 oratorium
1948 2110 2078 2164 prm-

483 2182 614 2231 stat.
645 2177 759 2234 lllic
790 2181 1027 2237 ministri
1075 2182 1399 2238 vicedomini
1427 2184 1502 2249 εἰη
1550 2194 1806 2256 promptu
1838 2187 2082 2243 habuere

484 2270 796 2340 tugurium,
847 2274 913 2328 ad
968 2272 1122 2343 cujus
1175 2274 1385 2330 furcam
1441 2276 1671 2346 pedibus
1728 2293 1791 2331 ac
1840 2278 2081 2333 brachiis

484 2358 745 2418 feminam
777 2365 889 2422 sola
938 2375 1138 2423 tectam
1177 2369 1440 2424 subucula
1483 2369 1807 2439 colligantes
1850 2372 2083 2440 sumptis

487 2470 559 2511 ex
597 2456 756 2514 vinea
806 2460 1056 2527 proxima
1106 2460 1467 2517 arundinibus
1522 2470 1580 2517 et
1630 2462 1881 2532 spinulis.
1937 2463 2085 2519 Illius

491 2555 645 2601 antra
702 2551 893 2619 tegetis
940 2559 1090 2606 strue
1147 2551 1316 2606 multa
1371 2552 1737 2619 conferciunt,
1796 2555 2086 2625 ignemque

490 2640 805 2709 subjiciunt.
841 2643 959 2710 Quo
984 2660 1144 2700 exesa
1190 2646 1439 2701 materiei
1474 2648 1727 2716 congerie
1759 2649 1813 2702 in
1842 2647 2084 2704 favillam

490 2747 806 2803 prunasque
837 2736 1105 2806 deposito,
1128 2738 1324 2794 mulier
1347 2742 1683 2811 consumptis
1712 2740 1883 2798 libera
1934 2744 2087 2799 nexi-

493 2822 600 2880 bus
620 2833 770 2881 stare
799 2827 1016 2883 videtur
1046 2829 1099 2883 in
1128 2830 1307 2885 medio

492 2944 495 2951 η
569 2913 640 2970 At
664 2927 918 2986 parentes
938 2921 1145 2990 generi,
1174 2935 1336 2991 quem
1366 2922 1455 2976 il.a
1486 2933 1818 2993 peremerat,
1845 2925 1962 2995 ejus
2023 2942 2090 2980 n-

497 3006 747 3065 videntes
776 3011 933 3065 saluti
982 3023 1036 3067 et
1064 3014 1402 3084 ereptionem
1449 3013 1566 3083 ejus
1596 3015 1736 3086 ignis
1766 3017 2092 3085 deputantes

498 3100 733 3169 inertiae,
774 3104 1119 3161 animositate
1156 3107 1421 3178 sacrilega
1466 3123 1655 3165 rursus
1697 3110 1764 3163 ad
1793 3120 2091 3180 sarmenta,

499 3192 842 3266 fruticesque
868 3208 1225 3267 concurrunt,
1261 3201 1414 3257 focos
1436 3202 1586 3257 circa
1613 3202 1761 3257 illam
1787 3190 2094 3275 usquequa-

502 3299 610 3355 que
660 3288 933 3357 reliciunt,
977 3293 1070 3361 qui
1116 3294 1281 3348 etiam
1335 3294 1617 3364 impietate
1665 3311 1826 3365 quam
1881 3299 2091 3367 rabida,

502 3393 625 3448 quae
645 3380 813 3438 solius
833 3382 969 3440 fumi
992 3386 1286 3456 vaporibus
1311 3396 1524 3456 poterat
1549 3388 1794 3455 olfocari,
1808 3390 2093 3449 liberatam

503 3473 771 3531 miraculo
794 3492 900 3532 non
930 3480 1239 3546 credentes,
1267 3483 1663 3557 porrectisper
1687 3483 1827 3553 ignis
1859 3487 2095 3542 medium

505 3562 795 3623 hastilibus
816 3572 1154 3627 atrocissime
1186 3571 1536 3643 l‘ustigabant.
1564 3574 1717 3640 Quod
1747 3576 1920 3632 solum
1943 3580 2101 3635 valde

506 3671 630 3713 eam
680 3658 817 3716 focis
848 3663 1231 3720 innocentibus
1278 3664 1444 3731 laesit;
1490 3682 1616 3721 nam
1668 3683 1791 3723 cum
1826 3677 1934 3724 tota
1984 3672 2103 3726 haec

506 3750 792 3825 profligata
818 3754 1011 3812 fuisset
1039 3757 1335 3823 ambustio,
1367 3768 1705 3813 remanserat
1753 3761 1881 3815 item
1911 3760 2106 3820 discri-

511 3844 675 3902 minis
702 3862 915 3920 expers.
950 3851 1022 3905 At
1047 3851 1422 3907 vicedominus
1454 3861 1616 3908 tantae
1649 3855 1960 3923 spectaculo
2007 3871 2103 3911 no-

510 3938 698 3997 vitatis
753 3945 1016 3999 attonitus
1049 3986 1063 4009 ,
1130 3944 1384 3999 omnibus
1436 3948 1763 4001 nostratium
1823 3949 2105 4019 regionum

512 4035 764 4102 personis
803 4047 859 4091 et
900 4037 1147 4106 partibus
1190 4038 1454 4105 inaudito,
1499 4041 1810 4096 barbariem
1856 4042 2106 4110 protinus

515 4125 802 4182 exhorruit
853 4129 1214 4197 rusticanum,
1265 4146 1464 4201 eosque
1508 4149 1538 4187 a
1593 4132 1956 4205 propulsanda
1993 4136 2108 4203 jam

518 4228 706 4274 sancta
732 4220 931 4277 femina
963 4223 1203 4289 heroica,
1238 4234 1295 4280 ut
1318 4242 1417 4297 par
1445 4236 1584 4292 erat,
1615 4227 1909 4282 severitate
1932 4227 2110 4298 dispe-

521 4312 658 4378 cuit,
687 4321 743 4370 et
772 4330 870 4385 per
898 4314 1157 4373 officiales
1189 4319 1459 4389 extemplo
1502 4320 1730 4391 direptis
1760 4320 1976 4389 ignibus
2006 4320 2111 4375 sibi

522 4407 681 4462 asciri
711 4410 985 4480 praecepit.
1024 4409 1138 4477 Qua
1174 4411 1275 4467 sibi
1302 4414 1567 4478 exhibita,
1594 4414 1723 4467 dum
1748 4427 1868 4467 eam
1903 4413 2113 4469 circum

522 4497 669 4553 circa
691 4513 759 4555 ex
790 4501 1223 4559 circumstantiis
1246 4514 1500 4561 eventum
1525 4504 1846 4575 aucupando
1871 4505 2109 4576 dispicit,

2183 1983 2371 2066 poraie
2417 1995 2641 2051 exitium
2702 1995 3018 2064 deprecari,
3071 1993 3125 2047 in
3179 1992 3357 2046 anima
3407 1990 3607 2046 meruit
3654 1989 3767 2047 fusa

2184 2090 2436 2144 libertate
2464 2087 2648 2152 beari;
2697 2101 2764 2141 ex
2796 2101 2902 2156 quo
2935 2085 3102 2141 etiam
3130 2083 3430 2140 benedictae
3469 2082 3640 2152 ipsius
3665 2080 3771 2136 cla-

2184 2180 2296 2235 ruit
2322 2178 2891 2234 misericordissimum
2936 2184 3159 2246 pectus;
3205 2173 3347 2243 quod
3400 2188 3524 2228 cum
3554 2172 3769 2227 feminae

2185 2269 2262 2324 illi
2293 2278 2439 2324 tanta
2464 2269 2674 2324 viscera
2701 2268 2756 2322 in
2802 2268 3061 2323 exteriori
3104 2264 3347 2344 periculo
3375 2264 3771 2334 praetendisset,

2190 2370 2316 2432 post
2342 2361 2531 2432 gratiae
2580 2375 2691 2415 suae
2720 2358 3114 2429 experientiam
3146 2356 3318 2411 noluit
3345 2370 3465 2411 eam
3509 2354 3775 2409 mundana

2191 2452 2372 2507 denuo
2425 2451 2836 2507 conversatione
2892 2449 3110 2515 foedari,
3153 2449 3247 2504 sed
3296 2462 3422 2503 mox
3470 2461 3775 2516 quamcre-

2190 2544 2390 2598 mando
2413 2542 2730 2613 imaginarie
2752 2540 2870 2596 sine
2895 2540 3087 2596 laesura
3110 2545 3456 2610 purgaverat,
3481 2537 3549 2591 ad
3572 2536 3775 2606 apicem

2191 2649 2463 2705 supremae
2489 2634 2828 2689 liberationis
2856 2632 3062 2687 eduxit.
3088 2630 3401 2687 Vocabatur
3435 2639 3617 2686 autem
3665 2645 3779 2684 mu-

2192 2727 2295 2782 lier
2323 2727 2513 2782 eadem
2540 2723 2875 2781 Teodeberta
2916 2724 3054 2795 (27).

2811 2815 3039 2872 CAPUT
3078 2814 3171 2870 XI.

2268 2911 2595 2971 Miraculum
2637 2912 2702 2965 de
2730 2912 2840 2965 uiro
2876 2910 2965 2980 qui
2992 2909 3131 2980 quod
3171 2907 3317 2962 arari
3359 2906 3688 2977 nra‘cepisset
3718 2904 3782 2959 Β.

2200 3006 2389 3061 Mariae
2429 3004 2764 3075 Magdaleme
2799 3003 2931 3073 festo
2963 3003 3050 3057 die
3076 3001 3258 3072 plexus
3312 2999 3505 3070 fuerat,
3548 2997 3788 3070 δωρειαιί

2203 3097 2461 3152 redditur.
2492 3125 2566 3137 -—
2593 3095 2650 3150 lu
2679 3093 3183 3164 Gratianopolitano
3228 3091 3505 3147 territorio
3543 3090 3633 3146 vir
3672 3091 3789 3159 qui-

2203 3191 2327 3245 dam
2354 3204 2423 3244 ex
2454 3189 2634 3255 vidua,
2665 3202 2786 3258 qua:
2811 3187 2915 3243 sibi
2946 3195 3223 3258 nupserat,
3252 3187 3559 3256 privignum
3587 3184 3791 3239 habue-

2202 3292 2307 3349 rat,
2356 3282 2448 3351 qui
2485 3281 2614 3336 dum
2642 3280 2838 3336 vitrico
2884 3279 3105 3336 bubulci
3153 3278 3321 3334 ferret
3360 3277 3622 3342 ofﬁcium,
3676 3275 3791 3330 dies

2200 3377 2374 3431 beatae
2426 3373 2609 3429 Mariae
2654 3373 2981 3444 Magdalena:
3030 3369 3230 3426 natalis
3257 3369 3578 3431 obvenerat,
3630 3380 3793 3435 quam

2203 3472 2349 3527 idem
2370 3468 2588 3539 juvenis
2614 3468 2910 3523 indictione
2934 3463 3263 3522 sacerdotali
3289 3478 3414 3519 cum
3452 3460 3702 3516 audisset
3729 3458 3795 3512 ab

2204 3576 2369 3631 opere
2412 3559 2615 3616 forensi
2665 3558 2975 3623 inhibitam,
3024 3556 3221 3613 vitrico
3271 3551 3596 3624 agricultum
3627 3550 3796 3618 impe-

2204 3653 2352 3708 ranti
2398 3650 2760 3707 reverentiam
2804 3650 2986 3705 vetitae
3030 3644 3392 3703 solemnitatis
3427 3641 3653 3711 obiecit.
3693 3639 3797 3696 Vo-

2209 3746 2438 3801 cabatur
2470 3754 2654 3800 autem
2698 3742 2840 3797 idem
2890 3740 3106 3795 Petrus.
3135 3737 3279 3793 Vicit
3305 3735 3486 3790 vitrici
3519 3731 3796 3803 jurgantis

2210 3836 2521 3907 imperium,
2552 3841 2829 3904 bovesque
2865 3840 3048 3888 aratro
3079 3828 3409 3901 subjungens
3455 3843 3581 3883 cum
3635 3826 3800 3896 Ipsius

2213 3930 2416 4002 operis,
2452 3946 2517 3985 ac
2539 3927 2855 3985 animalium
2879 3925 3256 3982 exsecratione
3278 3922 3650 3993 prosequitur.
3668 3919 3801 3975 Cum

2216 4022 2590 4096 ergojugibus
2618 4029 2797 4090 coepta
2839 4018 3146 4075 maledictis
3171 4016 3436 4087 illapidat,
3464 4012 3661 4071 inutile
3706 4010 3804 4067 sibi

2215 4116 2505 4172 exauditur
2526 4098 2995 4180 ad,votum.'Nam
3025 4110 3192 4167 boves
3230 4124 3295 4164 ac
3332 4104 3590 4163 utensilia
3628 4102 3806 4159 motis

2219 4208 2508 4264 subitaneo
2560 4206 2765 4262 tonitru
2813 4202 3119 4268 elementis,
3164 4199 3390 4255 fulmine
3421 4196 3807 4256 absumuntur,

2220 4309 2275 4357 et
2304 4300 2419 4372 ipse
2456 4299 2550 4369 qui
2592 4299 2645 4354 id
2687 4297 2805 4352 fieri
2831 4302 3105 4366 exegerat,
3134 4290 3504 4362 imprecando,
3539 4284 3809 4358 supplicio

2223 4392 2479 4448 atrociori
2504 4392 2629 4462 quia
2658 4389 2983 4447 diuturniori
3009 4386 3300 4442 addicitur.
3315 4383 3445 4451 Qua:
3473 4382 3624 4437 enim
3655 4380 3811 4435 bruta

2224 4499 2289 4539 ac
2332 4484 2507 4555 lignea
2554 4481 2793 4537 caelestis
2842 4479 3060 4534 flamma
3086 4481 3397 4538 voraverat,
3453 4471 3654 4526 eadem
3704 4468 3814 4537 ejus

522 4604 633 4643 non
689 4591 812 4647 dico
859 4594 1171 4661 Merulam,
1219 4598 1314 4653 sed
1360 4612 1429 4652 ne
1458 4558 1692 4653 crium";
1724 4597 1808 4651 νει
1865 4558 2112 4653 cuiam“;
2148 4627 2194 4683 Β
2222 4577 2347 4683 pedi
2376 4573 2646 4645 extemplo
2670 4571 2962 4683 subripuit,
2991 4583 3152 4639 quem
3194 4567 3250 4621 in
3291 4563 3599 4683 breviAcnunm

428 4708 433 4715 ι
524 4682 847 4750 particulam
912 4703 980 4741 ne
1038 4688 1260 4745 minime
1311 4689 1530 4758 quidem
1587 4689 1861 4745 addictam
1909 4690 2116 4745 ἱερδὶοηί

527 4777 815 4846 comperit,
866 4779 919 4833 in
961 4796 1069 4850 quo
1098 4782 1442 4853 potissimum
1486 4781 1603 4838 sola
1652 4783 1864 4839 vincula
1897 4793 2118 4855 experta

527 4867 683 4939 ignes
713 4870 1010 4942 obstupuit.

599 4960 764 5033 305.
802 4964 1306 5036 Assumptafitaquc
1347 4966 1435 5021 ille
1461 4965 1784 5021 Laudunum
1854 4980 1949 5035 pse
1992 4981 2123 5021 con-

530 5054 723 5120 tendit,
758 5065 814 5111 et
841 5057 976 5112 satis
1018 5058 1308 5129 copiosiori
1357 5058 1545 5113 urbem
1590 5055 1894 5127 frequentia
1943 5058 2123 5126 ingre-

531 5144 678 5200 ditur
700 5147 768 5202 ad
805 5149 1053 5216 gloriam,
1086 5166 1248 5219 quam
1277 5149 1484 5218 pridem
1528 5149 1775 5203 habuerit
1808 5164 1930 5203 cum
1960 5147 2125 5220 profi-

532 5236 831 5294 cisceretur
847 5242 914 5295 ad
931 5238 1351 5310 poenam.Quam
1366 5239 1735 5295 vieedominus
1757 5256 1879 5295 cum
1903 5241 2125 5297 domum

532 5331 811 5399 propriam
843 5332 1117 5386 divertere
1150 5330 1439 5399 potuisset,
1480 5340 1533 5385 et
1566 5346 1753 5387 curam
1786 5332 2006 5387 inﬂictis
2032 5331 2127 5387 do-

534 5420 747 5481 loribus
777 5425 1059 5489 adhibere,
1104 5425 1262 5483 beata
1301 5426 1390 5481 illa
1442 5428 1647 5490 renuit,
1700 5429 1793 5483 sed
1828 5445 1934 5484 non
1993 5426 2127 5482 alias

536 5512 700 5584 plane
718 5517 920 5573 ituram
934 5531 1097 5585 quam
1125 5519 1191 5573 ad
1221 5533 1362 5584 eam,
1387 5533 1507 5589 quae
1530 5534 1588 5575 se
1618 5517 1946 5585 salvaverat,
1973 5518 2129 5573 dixit.

537 5606 841 5682 Vestigium
894 5609 1061 5681 igitur
1117 5612 1184 5668 ad
1234 5612 1521 5669 ecclesiam
1576 5620 1897 5684 retorquet,
1956 5611 2132 5667 media

537 5697 764 5757 basilica
806 5701 1042 5759 domina:
1068 5696 1189 5759 'sua:
1220 5721 1318 5776 pro
1354 5703 1636 5761 beneficiis
1672 5713 1858 5759 nostro
1890 5711 2134 5773 tempore

2227 4673 2397 4729 disset
2445 4684 2715 4733 exesum,
2776 4665 2964 4721 tibiam
3021 4674 3238 4732 quoque
3278 4656 3590 4729 pervadens
3646 4652 3817 4710 cruris

2204 4767 2433 4839 pariter
2465 4776 2715 4833 suprema
2744 4757 3034 4827 corripuit;
3085 4768 3280 4810 carnes
3322 4763 3562 4819 namque
3600 4760 3817 4809 vorans,

2136 4865 2150 4879 °
2231 4870 2523 4914 nervorum
2556 4852 2756 4907 duritia
2800 4847 2998 4905 tabidis
3027 4845 3290 4901 ﬂuoribus
3330 4842 3660 4905 latesceute,
3704 4851 3820 4892 ossa

2233 4957 2526 5013 retexerat,
2558 4945 2860 5015 eademque
2905 4956 3038 4998 casu
3070 4936 3389 5009 quotidiano
3420 4946 3601 5001 usque
3650 4930 3716 4985 ad
3744 4941 3823 4999 ge.

2227 5041 2467 5097 niculum
2514 5038 2612 5093 hac
2666 5036 2901 5105 illacque
2951 5031 3319 5101 disperserat;
3379 5034 3448 5080 ad
3477 5024 3605 5078 haec
3654 5018 3823 5077 cruris

2232 5135 2396 5208 puipa
2427 5132 2685 5189 deficiens
2711 5142 2883 5199 usque
2903 5125 2972 5180 ad
3009 5124 3124 5193 ipsa
3166 5119 3381 5176 narium
3429 5115 3826 5208 inguinumque

2235 5203 2489 5295 contigua
2510 5221 2655 5279 nudo
2675 5234 2798 5276 osse
2815 5217 2929 5288 jam
2945 5213 3086 5271 male
3114 5209 3371 5282 pendulo,
3392 5205 3513 5279 pari
3536 5203 3827 5262 sententia:

2210 5350 2215 5355 ι
2234 5313 2640 5375 succumbebat.

2312 5412 2447 5468 Cum
2481 5410 2647 5479 igitur
2680 5421 2777 5478 pro
2804 5404 3003 5460 misera
3032 5416 3128 5458 sua
3158 5396 3499 5461 habitudine,
3529 5405 3591 5449 et
3635 5390 3830 5464 putori,

2240 5514 2295 5562 et
2323 5502 2516 5576 pudori
2552 5500 2667 5557 suis
2697 5497 2952 5568 erupisset
2983 5509 3104 5551 esse
3129 5490 3471 5564 parentibus,
3507 5494 3690 5542 totum
3713 5481 3836 5539 sub-

2241 5601 2382 5656 sidio
2408 5599 2593 5655 divino
2635 5611 2694 5652 se
2719 5593 2968 5659 contulit,
3016 5600 3073 5649 et
3102 5593 3171 5647 ad
3198 5587 3496 5661 quamdam
3545 5581 3835 5641 ecclesiam

2242 5696 2415 5751 beata:
2461 5688 2646 5745 Mariae
2694 5685 3028 5759 Magdalcnae
3068 5681 3280 5741 nomini
3313 5678 3629 5738 dedicatam
3663 5668 3838 5731 efferri

618 5854 737 5927 (27)
776 5855 1033 5933 Hennam.
1060 5858 1154 5925 lib.
1183 5873 1265 5932 ut,
1295 5872 1343 5916 c.
1374 5857 1464 5929 27,
1497 5858 1554 5916 in
1592 5854 1869 5931 Append.,
1900 5868 2024 5914 eam
2062 5850 2300 5928 appellat
2329 5846 2664 5919 Soiburgam.
