4038 6330
1016 359 1028 387 ι

199 388 344 451 569

1537 394 1627 451 DE
1649 393 1883 453 LAUDE
1918 391 1976 452 S.
2007 392 2270 462 MARIIE,

3426 399 3533 461 570

207 528 290 569 se
324 513 530 583 petiit:
561 524 662 565 nec
707 508 763 565 id
808 508 967 578 plane
1001 507 1224 579 injuria,
1269 518 1329 566 ut
1366 508 1523 579 cujus
1571 521 1837 569 temerata
1868 514 1919 575 Α
1946 511 2269 567 mstuabant.
2317 506 2556 565 'l‘andem
2609 507 2920 571 difﬁcillime
2970 514 3257 585 excitatus,
3279 517 3403 588 quis
3427 519 3531 574 sibi

210 604 527 658 festivitas
546 602 764 658 occasio
786 601 1084 671 punitionis
1114 602 1421 670 exstiterat,
1438 603 1481 658 si
1505 603 1606 659 sibi
1634 604 1846 675 placeat

212 692 389 748 satis
412 692 558 747 ultra
586 692 805 746 tandem
832 691 1058 746 remedii
1086 707 1251 747 causa
1283 708 1473 749 rursus
1501 693 1719 749 existat.
1744 693 1844 749 Cui

215 785 367 854 spei
392 784 727 840 fortunatior
747 800 909 855 quam
942 787 1262 856 sperabatur
1283 804 1311 841 a
1343 786 1592 856 plurimis
1610 795 1840 843 eventus

216 877 523 941 accessit;
556 892 683 931 nam
714 892 870 933 sacer
908 878 1017 943 ille,
1068 881 1161 948 qui
1213 889 1397 949 partes
1438 879 1549 949 jam
1601 879 1846 947 corporis

220 967 565 1036 superiores
589 967 845 1039 attigerat
870 968 1031 1039 ignis,
1064 970 1262 1024 merito
1284 969 1428 1023 illius
1457 969 1844 1039 exstinguitur,

222 1072 373 1127 qua:
399 1059 471 1113 ad
492 1060 657 1128 pedes
677 1058 805 1116 Jesu
827 1061 1393 1130 concupiscentiarum
1426 1063 1607 1132 ignem
1637 1061 1845 1116 exstin-

225 1150 342 1215 gui
372 1149 574 1204 meruit
602 1149 875 1222 lacrymis.
914 1152 1128 1208 Interea
1157 1154 1319 1209 unius
1345 1153 1684 1223 experientia
1733 1154 1848 1222 pie-

227 1240 385 1295 tatis
411 1240 526 1310 jam
555 1240 778 1313 jamque
808 1243 1014 1313 majora
1042 1260 1402 1315 praesumens,
1426 1260 1550 1299 cum
1575 1243 1643 1298 ab
1669 1255 1848 1301 extre-

228 1329 361 1385 mis
391 1332 638 1400 partibus
682 1349 906 1402 prorsus
936 1343 1079 1390 esset
1108 1334 1339 1402 inutilis,
1367 1337 1634 1406 comperit
1657 1350 1850 1406 quam-

232 1423 380 1477 dam
425 1424 712 1480 ecclesiam
750 1426 842 1480 Dei
870 1426 1175 1496 genitricis,
1216 1428 1525 1483 communis
1573 1429 1809 1483 domina:
1832 1468 1847 1494 ,

232 1512 566 1570 celebribus
595 1517 794 1586 ubique
824 1518 929 1573 dici
960 1519 1239 1574 miraculis
1276 1519 1537 1592 insignem
1567 1538 1581 1588 ;
1614 1522 1852 1577 habebat

232 1611 304 1656 et
332 1601 613 1677 Hippolyti
639 1609 897 1678 martyris
929 1610 1269 1677 memoriam,
1309 1611 1379 1666 ad
1416 1627 1579 1681 quam
1621 1627 1744 1667 cum
1792 1626 1853 1667 se

232 1691 454 1749 devehi
498 1696 865 1765 impetrasset,
909 1698 1210 1770 ingreditur
1256 1716 1473 1768 navem,
1509 1718 1673 1773 quam
1723 1703 1851 1758 dum

234 1783 487 1840 molitur
536 1788 832 1843 ascendere
860 1829 875 1854 ,
936 1803 998 1843 os
1055 1788 1185 1844 illud
1230 1791 1375 1860 quod
1420 1791 1853 1861 protendebatur

237 1875 495 1945 aridum,
536 1895 643 1949 quo
690 1881 873 1936 nescio
911 1880 1211 1939 infortunio
1244 1883 1372 1953 pupi
1419 1883 1667 1951 illiditur,
1723 1893 1779 1941 et
1821 1900 1852 1941 a
1879 1862 1929 1924 Β

240 1984 356 2024 sua
386 1985 648 2041 compage
669 1972 977 2028 resolvitur.
1012 1973 1167 2039 Quod
1208 1975 1300 2030 ille
1322 1984 1596 2046 sumptum
1627 1992 1751 2032 cum
1785 1976 1855 2033 ad

241 2061 545 2119 basilicam
571 2064 886 2134 appulisset,
917 2066 1059 2121 intra
1088 2066 1313 2137 parietis
1336 2067 1582 2125 ecclesiae
1604 2067 1853 2126 foramen

245 2155 568 2211 abscondit.

327 2248 513 2320 Coepit
563 2250 728 2323 igitur
757 2253 888 2309 inibi
932 2254 1145 2310 crebris
1173 2254 1640 2311 obsecrationibus
1670 2258 1857 2313 mundi

248 2339 619 2411 interpellare
653 2344 892 2414 reginam
917 2386 932 2411 ,
968 2354 1027 2400 ut
1055 2347 1199 2416 quod
1241 2347 1363 2403 aliis
1390 2348 1858 2419 inipendebat‘va-

250 2433 609 2502 lentioribus,
638 2437 740 2492 sibi
769 2453 990 2508 prorsus
1037 2439 1226 2509 impoti
1260 2457 1367 2496 non
1399 2452 1643 2513 negaret.
1673 2443 1858 2499 Conti-

233 2541 433 2603 Aguum
480 2527 657 2582 fuerat
687 2527 874 2585 Natale
909 2530 1275 2596 Dominicum,
1321 2541 1375 2587 et
1404 2532 1561 2587 miles
1586 2534 1855 2603 quispiam

256 2630 415 2687 saepe
455 2633 579 2673 eum
620 2620 834 2676 intuens
861 2623 1135 2681 basilicam
1192 2626 1457 2699 reptando
1488 2627 1699 2691 subire.
1723 2627 1860 2683 8166-

261 2724 519 2781 mosynae
545 2710 707 2767 causa
740 2712 792 2766 in
832 2713 1047 2770 domum
1076 2719 1353 2788 propriam
1378 2719 1650 2774 declinare
1667 2720 1856 2775 suasit.

261 2796 406 2854 Cum
445 2814 577 2872 ergo
616 2800 724 2857 illic
758 2802 1070 2872 aliquandiu
1115 2807 1437 2874 desedisset,
1488 2808 1576 2864 die
1625 2810 1860 2878 quadam

262 2893 337 2949 ad
369 2894 602 2950 rivulum
631 2896 878 2966 proxime
907 2898 1233 2956 deﬂuentem
1260 2917 1382 2957 sese
1411 2910 1784 2968 contraxerat,
1808 2914 1863 2960 et

266 2998 549 3051 cruorem,
579 2986 669 3056 qui
721 2988 920 3043 veteris
956 2988 1197 3045 vulneris
1238 2991 1475 3047 stillabat
1530 3008 1595 3049 ex
1644 2992 1861 3059 venula,

267 3077 484 3134 haustis
513 3093 674 3133 manu
709 3078 962 3137 laticibus
984 3081 1231 3139 'eluebat.
1267 3082 1419 3150 Quod
1452 3100 1653 3155 procax
1682 3085 1863 3156 aliqua

270 3168 472 3225 mulier
498 3170 783 3226 attendens
811 3171 1008 3227 intulit.
1031 3172 1256 3229 Frustra
1284 3176 1496 3243 niteris,
1534 3176 1714 3243 Petre,
1738 3176 1862 3246 quia

274 3276 553 3332 nunquam
591 3271 685 3317 aut
722 3277 938 3332 coxam,
966 3273 1060 3319 aut
1090 3265 1278 3321 tibiam
1313 3266 1598 3321 habiturus
1626 3282 1686 3322 es
1716 3267 1865 3323 dein-

276 3368 425 3425 ceps.
458 3354 610 3412 Hanc
635 3355 829 3413 Petrus
857 3373 1044 3415 vocem
1060 3359 1346 3430 aagerrimo
1370 3360 1617 3431 concepit
1643 3359 1860 3415 ali‘ectu.

279 3447 357 3503 Ea
395 3456 713 3519 tempestate
739 3450 949 3522 praefati
988 3467 1125 3508 uxor
1155 3452 1341 3507 militis
1378 3463 1534 3522 partu
1595 3452 1740 3509 edito
1775 3453 1866 3508 de-

283 3541 593 3610 cumbebat,
638 3542 795 3599 miles
825 3558 975 3612 vero,
1012 3553 1073 3600 ut
1103 3544 1424 3601 familiarius
1453 3545 1539 3600 illa
1569 3562 1682 3601 rem
1711 3559 1864 3617 gere-

286 3638 403 3696 ret,
461 3632 516 3686 in
552 3632 781 3689 alteram
834 3634 1053 3690 domum
1106 3646 1468 3693 concesserat.
1524 3636 1868 3707 Pedissequte

288 3730 444 3777 noctu
486 3723 667 3779 nescio
702 3724 831 3794 quid
862 3732 1088 3793 actum,
1121 3742 1151 3782 a
1182 3742 1398 3783 camera
1430 3724 1497 3782 in
1524 3727 1741 3783 domum
1774 3742 1871 3782 ex-

290 3815 541 3870 teriorem
570 3817 927 3883 devenerant,
980 3828 1035 3875 et
1073 3819 1294 3876 Petrum
1342 3821 1674 3877 subaudiunt
1707 3820 1869 3893 305

291 3906 492 3963 crebris
527 3906 833 3978 planctibus
862 3910 1249 3979 ingementem,
1286 3927 1517 3982 quorum
1574 3912 1870 3984 gemituum

294 4012 452 4053 causa
485 3999 598 4053 hrec
626 4000 802 4056 fuerat
840 4018 854 4055 :
890 4001 1054 4072 Virgo
1080 4013 1137 4058 et
1167 4012 1343 4059 mater
1370 4019 1536 4074 super
1562 4004 1746 4060 omnia
1773 4003 1870 4059 be—

295 4090 537 4155 nedicta,
585 4107 709 4147 cum
762 4093 922 4148 beato
953 4102 1190 4166 martyre
1230 4094 1519 4167 Hippolyto
1574 4097 1627 4151 in
1664 4079 1874 4153 visione

296 4182 480 4237 stratui
513 4182 629 4251 ejus
656 4186 928 4251 astiterat,
964 4202 1084 4257 quae
1113 4189 1361 4259 martyri,
1398 4198 1459 4244 ut
1484 4190 1685 4260 jacenti
1717 4189 1873 4246 vide-

295 4273 470 4339 batur,
524 4274 846 4345 imperabat.
890 4275 1179 4343 Ilestitue,
1234 4278 1428 4349 inquit,
1480 4294 1601 4335 eum
1649 4280 1875 4351 antiquo

298 4363 483 4433 vigori.
527 4363 731 4437 Martyr
784 4381 914 4421 vero
958 4366 1248 4437 imperanti
1280 4369 1557 4425 humiliter
1604 4371 1871 4427 obsecun-

302 4454 428 4511 dans
454 4470 607 4522 crus,
653 4456 876 4524 tibiam,
933 4459 1236 4530 pedemque
1275 4476 1710 4532 quaquaversum
1746 4462 1875 4517 olim

1893 3214 1935 3270 C

1946 603 2275 659 restituisset
2304 606 2538 672 amissa,
2575 622 2605 661 a
2654 608 2870 664 feminis
2916 619 3259 681 perrogatur.
3294 612 3531 678 Dixerat,

1947 695 2141 765 inquit,
2171 696 2305 751 mihi
2334 697 2548 753 funesta
2591 700 2785 755 mulier
2830 701 2957 771 quia
3001 717 3277 772 nunquam
3317 718 3532 769 coxam,

1950 792 2137 847 tibiam
2166 800 2259 847 aut
2284 794 2475 862 pedem
2499 808 2674 849 essem
2706 793 3274 864 liabiturus.Cumque
3297 795 3536 866 aperuis-

1948 894 2033 942 set
2058 884 2247 942 oculos
2266 886 2608 943 benedictam
2636 902 2760 943 cum
2791 896 3029 958 martyre
3058 887 3331 957 Virginem
3355 888 3534 944 adhuc

1947 976 2148 1033 lectulo
2175 976 2481 1033 aestimabat
2528 986 2788 1043 astantes,
2819 978 3015 1048 quibus
3048 977 3391 1033 invisibiliter
3436 978 3534 1033 ab-

1948 1071 2194 1136 sentatis,
2232 1085 2345 1127 rem
2385 1069 2573 1126 refert.
2621 1070 2832 1126 Interea
2880 1069 2948 1124 ad
2991 1069 3265 1125 dominum
3302 1070 3541 1125 curritur

1950 1164 2162 1230 domus,
2212 1164 2371 1235 eique
2417 1163 2817 1235 insuspicabilis
2860 1163 2948 1218 ille
2981 1173 3237 1218 narratur
3278 1174 3536 1230 eventus;

1951 1266 2235 1314 cunctatur
2284 1259 2395 1313 diu.
2451 1257 2667 1315 Naeuias
2708 1273 2829 1328 qua:
2873 1258 3190 1314 ferebantur
3226 1258 3538 1325 existimat,

1951 1351 2020 1406 ab
2042 1351 2412 1407 asserentibus
2439 1350 2656 1405 tandem
2686 1350 2861 1405 victus
2888 1349 3000 1404 suis
3026 1364 3085 1403 se
3120 1348 3326 1403 aedibus
3356 1346 3537 1413 infert,

1951 1440 2119 1507 videt,
2156 1441 2246 1497 vix
2281 1457 2391 1511 prae
2442 1449 2661 1510 stupore
2687 1440 2755 1495 ad
2797 1440 2952 1496 ﬁdem
3004 1452 3063 1494 se
3111 1437 3348 1495 cohibet.
3396 1438 3543 1492 intra

1953 1531 2095 1587 idem
2142 1532 2401 1600 oppidum
2452 1530 2677 1587 fratrem
2712 1531 2867 1586 miles
2905 1530 3140 1585 habebat
3182 1529 3421 1591 unicum,
3456 1529 3543 1583 cui

1954 1636 2114 1691 super
2153 1622 2268 1691 ipsa
2309 1622 2526 1676 fortuna
2577 1623 2762 1678 statim
2796 1622 2994 1677 direxit
3057 1619 3327 1684 nuntium,
3382 1634 3541 1688 quem

1954 1712 2046 1769 ille
2069 1729 2133 1769 ex
2159 1714 2424 1783 pridianis
2448 1714 2633 1769 uxoris
2657 1712 2779 1768 fetae
2804 1712 2979 1783 epulis
3001 1711 3290 1783 appellavit
3309 1712 3539 1773 ebrium;

1955 1818 2012 1864 at
2036 1823 2166 1864 vero
2188 1808 2451 1878 postridie
2475 1807 2762 1878 oppidanis
2783 1806 2897 1876 jam
2936 1805 3024 1859 illo
3063 1804 3344 1861 ruentibus
3377 1802 3546 1857 frater

1955 1897 2045 1954 ille
2072 1896 2276 1953 factum
2308 1897 2494 1953 videre
2519 1897 2793 1952 sustinens
2820 1894 3015 1951 credit.

2027 1989 2260 2045 Additur
2294 2003 2424 2051 ergo
2455 1987 2531 2043 illi
2570 1986 2834 2042 miraculo
2868 1986 3064 2040 mirum
3096 1985 3371 2053 quiddam,
3403 1982 3547 2053 quod.

1956 2096 2159 2139 novum
2195 2080 2325 2135 illud
2359 2079 2454 2135 Dei
2483 2078 2790 2149 opificium,
2842 2085 2896 2132 et
2925 2075 3155 2131 infantili
3190 2075 3547 2130 teneritudine

1958 2174 2152 2244 impari
2198 2188 2425 2243 prorsus
2470 2172 2699 2237 robore,
2747 2179 2803 2225 et
2853 2169 3033 2224 minus
3082 2183 3317 2238 congrua
3366 2166 3547 2221 inveni

1959 2264 2269 2335 majestate.
2303 2265 2449 2320 Coxa
2490 2261 2725 2319 distabat
2765 2276 2796 2316 a
2848 2260 3019 2316 veteri
3050 2261 3103 2314 in
3143 2273 3249 2328 qua
3279 2273 3346 2312 ex
3372 2255 3548 2312 cruris

1960 2353 2183 2409 alterius
2212 2353 2508 2424 aSperitate
2538 2362 2703 2423 atque
2747 2350 3000 2423 grossitie
3038 2348 3361 2419 compositio
3390 2346 3548 2402 valde

1961 2445 2173 2501 diversa
2200 2444 2489 2499 videbatur
2516 2443 2745 2510 haberi;
2785 2443 2970 2499 ethoc
3017 2450 3134 2497 erat
3174 2438 3318 2510 quod
3360 2454 3548 2494 eorum

1961 2535 2051 2604 qui
2083 2550 2207 2590 eum
2240 2544 2363 2589 ante
2397 2549 2504 2590 non
2542 2541 2805 2591 noverant
2836 2532 2990 2588 valde
3025 2531 3376 2587 adnitebatur
3404 2529 3547 2584 fidei.

1961 2626 2080 2684 Non
2117 2637 2293 2682 tamen
2331 2635 2546 2698 poterat
2572 2626 2719 2681 cruri
2754 2635 2968 2682 vetusto
2994 2626 3061 2680 ad
3106 2625 3349 2695 corporis
3390 2620 3557 2678 susti-

1963 2721 2206 2776 nentiam
2263 2718 2535 2775 ullatenus
2590 2718 2897 2788 exaequari;
2960 2726 3197 2772 attamen
3261 2728 3555 2786 quorsqu-

1965 2825 2175 2881 cunqne
2230 2810 2531 2880 migrabat,
2586 2822 2910 2878 quocunque
2956 2804 3243 2861 videbatur
3291 2804 3344 2858 in
3397 2804 3549 2867 loco,

1967 2910 2137 2957 totum
2188 2901 2384 2955 divina:
2435 2897 2827 2954 commilitabat
2877 2896 3064 2961 laudi,
3128 2896 3273 2967 quod
3334 2895 3388 2949 in
3437 2892 3554 2962 ejus

1969 3009 2138 3049 carne
2191 3003 2298 3047 tam
2353 2991 2676 3047 mirabiliter
2720 2991 3043 3046 constiterat
3070 2988 3350 3044 celebrari.
3396 2987 3555 3041 Anno

1968 3083 2152 3151 itaque
2234 3082 2445 3152 integro
2531 3077 2929 3151 magnificentia
3001 3076 3249 3132 miraculi
3331 3077 3385 3131 in
3460 3075 3559 3131 ho-

1970 3175 2114 3229 mine
2145 3173 2491 3228 claudicavit.
2525 3171 2642 3239 Quo
2670 3168 2925 3233 obducto,
2960 3182 3125 3238 super
3166 3181 3356 3222 omnes
3393 3180 3557 3221 crea-

1974 3274 2125 3319 turas
2157 3273 2276 3334 post
2326 3263 2563 3329 Filium,
2609 3272 2665 3317 et
2714 3277 2812 3333 per
2856 3259 3053 3315 Filium
3103 3259 3388 3316 benedicta
3432 3274 3555 3315 cum

1969 3370 2066 3411 suo
2104 3353 2417 3426 Hippolyto,
2460 3353 2561 3408 sub
2605 3352 2795 3407 eadem
2857 3366 2977 3420 quae
3027 3350 3180 3420 prius
3228 3355 3449 3403 venerat
3502 3355 3559 3402 ct

1970 3457 2151 3514 nocte,
2184 3458 2238 3501 et
2267 3446 2440 3516 ﬁgura
2465 3444 2781 3501 revertitur.
2797 3442 2964 3514 Cujus
2987 3457 3185 3498 novum
3204 3439 3407 3512 plasma
3434 3454 3554 3496 cum

1964 3539 2187 3611 jubente
2235 3538 2482 3608 piissima
2537 3543 2746 3605 martyr
2810 3533 3158 3590 beatissimus
3219 3538 3559 3588 contrectare

1971 3631 2248 3699 cmpisset.
2285 3627 2549 3698 quidquid
2575 3626 2653 3681 illi
2685 3626 2963 3682 annotimc
2996 3622 3261 3680 creationi
3290 3620 3556 3687 defuerat,

1972 3732 2199 3793 excepta
2234 3721 2599 3776 teneritudine
2628 3719 2789 3784 cutis,
2833 3727 2888 3774 ct
2915 3718 3095 3789 specie
3127 3716 3386 3773 novitatis
3407 3723 3560 3769 vete-

1976 3833 2109 3875 rano
2131 3817 2305 3874 fenori
2335 3815 2608 3872 simillime
2638 3813 3035 3871 conformatur.
3068 3812 3435 3882 Experreclus
3461 3806 3561 3879 igi-

1977 3918 2082 3973 tur,
2114 3917 2168 3964 et
2194 3908 2420 3963 visionis
2445 3908 2734 3964 veritatem
2776 3922 2841 3961 ex
2870 3905 3094 3961 habitus
3120 3903 3335 3975 pristini
3374 3899 3562 3956 melio-

1975 4002 2189 4057 ratione
2216 4000 2574 4072 persentiens,
2607 4001 2734 4056 dum
2778 3999 3002 4069 superni
3052 3994 3346 4067 spectaculi
3392 3993 3561 4048 itera-

1979 4095 2179 4150 tionem
2238 4103 2392 4165 gestu
2445 4108 2543 4149 suo
2573 4091 2783 4149 cunctis
2831 4090 3102 4156 enuntiat,
3142 4095 3197 4143 et
3249 4085 3407 4141 fidem
3437 4080 3564 4138 facti

1978 4186 2222 4252 roborat,
2267 4195 2322 4239 et
2350 4184 2491 4254 apud
2522 4182 2715 4249 Deum,
2745 4190 2801 4238 et
2847 4181 2943 4236 Dei
2982 4194 3174 4251 opera,
3223 4174 3301 4233 nil
3330 4172 3568 4231 existere

1978 4277 2406 4348 imperfectionis
2439 4276 2723 4332 acclamat.

2051 4366 2404 4437 Leodcgurius
2438 4363 2758 4421 Vinariensis
2785 4364 3054 4435 episcopus
3091 4357 3303 4414 discutit
3342 4353 3569 4409 miracu-

1980 4461 2109 4515 lum.
2249 4459 2520 4514 Przeterea
2550 4474 2673 4515 cum
2709 4458 2910 4528 ubique
2950 4455 3051 4510 loci
3102 4453 3182 4509 rei
3229 4452 3364 4507 adeo
3400 4448 3571 4504 inusi-

303 4561 502 4617 sparsa,
536 4548 792 4604 divinitus
832 4548 900 4604 ad
932 4551 1109 4605 instar
1137 4551 1331 4606 futura:
1372 4553 1790 4609 resurrectionis
1819 4553 1875 4608 in
1906 4560 1955 4621 ι)
1986 4561 2098 4607 tate
2133 4553 2373 4606 ferretur
2413 4549 2599 4619 opinio
2640 4548 2707 4603 ad
2744 4545 3137 4617 Leodegarium
3166 4542 3569 4604 Vivariensem,

303 4644 490 4706 puncto
519 4649 834 4708 compacta,
889 4640 1232 4711 recolligens,
1286 4642 1501 4712 corpori
1553 4641 1668 4710 ejus
1722 4656 1786 4697 ac
1832 4641 1879 4699 si

307 4728 568 4784 surculum
610 4732 791 4788 arbori
831 4733 997 4803 coepit
1055 4733 1397 4806 subjungere.
1442 4735 1501 4790 In
1546 4750 1651 4804 qua
1702 4735 1880 4791 inser-

308 4821 441 4877 tione
474 4824 643 4879 tantis
690 4826 1049 4895 torquebatur
1077 4827 1370 4898 angoribus
1401 4836 1460 4883 ut
1496 4827 1740 4883 vicissim
1773 4842 1881 4883 non

309 4916 416 4973 sine
468 4918 797 4973 clamoribus
837 4918 1248 4988 subslridendo,
1290 4930 1348 4976 et
1391 4921 1597 4977 crebris
1633 4922 1882 4988 rictibus,

309 5010 773 5081 membrorumque
807 5013 1047 5069 motibus
1084 5013 1212 5084 quid
1253 5022 1535 5084 pateretur
1572 5015 1885 5083 indicando,

311 5105 584 5176 praedictas
628 5104 911 5162 ancillulas
964 5121 1084 5177 quae
1132 5121 1229 5176 per
1275 5106 1495 5163 domum
1551 5109 1887 5180 vagabantur

316 5197 522 5253 acciret.

374 5289 588 5345 lrruunt
618 5290 800 5362 igitur,
831 5299 884 5346 et
914 5288 1061 5344 illato
1083 5288 1379 5359 adjacentis
1406 5290 1569 5347 cubili
1594 5290 1730 5359 faro,
1759 5291 1885 5347 dum

317 5381 406 5437 hac
432 5382 663 5452 illacque
714 5382 1030 5453 dispiciunt,
1073 5385 1207 5439 duos
1244 5382 1411 5454 pedes
1450 5382 1669 5439 Petrum
1700 5393 1755 5439 et
1781 5383 1889 5439 duo

317 5473 505 5531 habere
533 5490 693 5531 crura
729 5476 1025 5547 reperiunt.
1056 5475 1262 5532 Tantus
1293 5476 1439 5532 illico
1467 5491 1532 5532 ex
1556 5478 1658 5532 hoc
1689 5476 1889 5532 intuitu

318 5566 563 5623 mulieres
592 5576 783 5637 stupor
812 5567 1088 5623 exanimat
1131 5576 1191 5623 ut
1226 5580 1285 5623 se
1324 5582 1433 5622 non
1463 5581 1556 5623 eas
1583 5582 1703 5637 quae
1731 5583 1890 5624 vene-

317 5666 450 5725 rant,
482 5656 574 5713 sed
602 5658 801 5715 mutari
830 5658 885 5713 in
937 5658 1137 5714 alteras
1186 5660 1537 5715 aestimarent.
1578 5659 1895 5712 Contrecta-

316 5751 458 5817 bant,
497 5759 551 5805 et
582 5766 709 5806 vera
754 5753 995 5808 membra
1041 5767 1161 5822 quae
1202 5753 1517 5825 tetigerant,
1562 5751 1889 5809 sentiebant.

319 5846 379 5906 At
416 5853 606 5905 contra
656 5845 783 5903 inde
811 5841 865 5902 id
921 5856 1031 5906 tam
1078 5847 1353 5905 insolitum
1407 5848 1510 5905 sibi
1565 5853 1895 5921 provenerat

1983 4642 2075 4715 qui
2091 4656 2234 4696 nunc
2257 4639 2482 4701 advivit,
2499 4639 2810 4710 episcOpum
2834 4636 3082 4709 pervenit
3104 4632 3317 4700 relatio,
3336 4631 3569 4701 idipsum

1983 4733 2143 4806 plane
2167 4733 2221 4786 in
2239 4730 2755 4801 Gratianopolitano
2785 4727 3084 4792 territorio,
3103 4724 3247 4781 unde
3268 4722 3431 4807 homo
3455 4726 3574 4775 erat

1984 4824 2263 4890 oriundus,
2300 4822 2417 4879 ﬁeri
2463 4829 2731 4894 coaperat;
2759 4820 2852 4876 sed
2904 4820 2959 4874 in
3014 4816 3235 4874 ditecesi
3272 4808 3573 4869 Vivariensi

1986 4920 2111 4976 ﬁnis
2140 4919 2458 4975 obvenerat.
2489 4916 2790 4987 Episcopus
2826 4928 2955 4985 ergo
3003 4910 3221 4967 insolito
3248 4901 3576 4963 omnimodis

1988 5027 2210 5069 rumore
2248 5012 2510 5082 percitus,
2539 5025 2662 5065 eum
2694 5008 2781 5065 die
2832 5006 3068 5078 quadam
3115 5000 3346 5075 plurima
3381 5007 3574 5067 proce-

1988 5123 2109 5162 rum
2155 5105 2465 5175 frequentia
2498 5120 2690 5160 causas
2736 5102 2911 5158 acturi
2941 5113 3125 5156 coram
3168 5110 3234 5152 eo
3277 5091 3575 5154 venissent,

1990 5197 2162 5252 adfuit
2189 5205 2242 5252 et
2272 5197 2317 5252 is
2345 5197 2397 5252 in
2430 5196 2584 5266 cujus
2607 5197 2767 5251 domo
2794 5202 2914 5249 acta
2948 5205 3037 5247 res
3061 5188 3236 5243 fuerat
3265 5196 3385 5239 cum
3410 5177 3578 5234 fratre

1989 5289 2231 5360 proprio.
2258 5289 2338 5343 Ad
2367 5304 2504 5359 quos
2552 5288 2631 5343 sic
2677 5286 2851 5342 oravit
2879 5282 3165 5353 episcopus
3195 5293 3210 5330 :
3249 5292 3268 5328 ι
3304 5272 3439 5329 Cum
3480 5281 3581 5324 vos

1994 5382 2138 5437 inter
2159 5395 2347 5436 omnes
2374 5381 2673 5436 dimceseos
2700 5392 2833 5433 mete
2863 5375 3011 5429 viros
3057 5382 3282 5428 veraces
3334 5380 3398 5420 ac
3445 5375 3577 5418 con-

1993 5476 2321 5532 versationis
2350 5475 2604 5545 legitimae
2634 5472 2835 5538 norim,
2864 5469 3109 5524 obtestor
3133 5478 3231 5519 vos
3259 5457 3457 5527 coram;
3479 5457 3584 5511 hac

1994 5568 2353 5640 probabilium
2384 5565 2672 5637 prmsentia
2720 5574 3093 5634 personarum,
3140 5564 3200 5609 ut
3251 5567 3371 5623 qua:
3404 5548 3585 5640 sincef

1997 5636 2110 5715 rius
2131 5660 2235 5714 diei
2269 5675 2299 5713 a
2329 5636 2481 5713 vobis
2509 5665 2729 5728 qnzeunt
2759 5668 2921 5725 super
2956 5653 3112 5724 signo
3137 5646 3250 5709 illo,
3274 5642 3417 5714 quod
3441 5636 3584 5709 apud

1995 5766 2092 5807 vos
2136 5758 2344 5821 gestum
2394 5750 2737 5821 praedicatur,
2788 5743 3040 5802 referatis
3092 5742 3147 5798 in
3193 5737 3435 5797 omnium
3491 5730 3586 5803 qui

2000 5851 2201 5916 praesto
2239 5850 2365 5899 sunt
2394 5840 2690 5898 audientia.
2729 5858 2748 5894 ι
2784 5836 2890 5909 Qui
2917 5840 3263 5908 assurgentes
3293 5827 3371 5886 uti
3414 5823 3585 5883 relata
