4014 6324
539 354 640 412 δη

1352 351 1414 405 ν.
1457 343 2105 446 GUIBERTIABBATIS
2139 352 2200 414 S.
2237 353 2479 422 MANE.
2522 356 2610 412 DE
2637 356 3033 417 NOVIGENTO

3697 365 3803 426 572

532 473 663 522 sunt
690 472 1048 521 retexuerunt
1067 465 1279 530 omnia;
1312 479 1343 520 a
1371 466 1564 536 quibus
1621 469 1783 526 etiam
1823 479 1945 542 post
1983 485 2109 542 per-
2140 468 2188 530 Α
2213 469 2539 544 proripiunt,
2571 471 2714 527 intro
2739 474 3095 546 prospiciunt,
3125 481 3181 529 et
3213 470 3267 528 in
3290 471 3471 530 medio
3492 471 3642 532 Petri
3671 492 3798 532 con-

533 557 839 614 orationem
869 559 938 612 ob
961 557 1250 612 astantium
1265 559 1578 628 scrupulum
1593 557 2117 627 dimovendum,cer-

531 646 816 703 titndinem
861 649 1187 704 sacramenti
1230 652 1430 724 exegit.
1461 649 1603 720 'Quo
1639 654 1882 724 praebito,
1936 655 2114 712 dilatis

529 734 676 791 illico
703 751 838 807 quas
869 737 1068 792 dicturi
1093 739 1249 794 erant
1277 741 1482 804 causis,
1519 741 1725 812 pariter
1751 743 2036 816 episcopus
2059 753 2113 799 et

526 841 780 898 proceres
825 838 1064 884 castrum
1117 831 1340 899 adeunt,
1389 842 1443 888 et
1475 833 1747 888 hominem
1798 836 1850 889 in
1882 837 2112 892 ecclesia

527 920 683 974 turba
728 921 1166 979 circumsistente
1205 926 1501 996 reperiunt.
1537 927 1863 1000 Aggreditur
1889 928 2109 990 Petrum

523 1012 825 1084 episcopus,
859 1025 912 1070 et
940 1017 1176 1086 primum
1207 1019 1272 1074 de
1307 1019 1606 1078 infortunio
1642 1023 1950 1078 sciscitatus
1981 1040 2110 1079 can-

524 1119 614 1161 sas
639 1107 790 1160 audit
821 1123 944 1163 cum
987 1109 1290 1169 eﬂ'ectibus.
1336 1113 1563 1170 Demum
1607 1114 1835 1173 fortunae
1872 1119 2108 1174 recentis

521 1207 753 1255 eventus
779 1201 1059 1270 inquirens
1091 1207 1312 1262 auribus
1342 1206 1681 1275 relationem,
1712 1225 1775 1263 ac
1805 1225 1916 1264 rem
1945 1212 2107 1266 obtu-

525 1289 670 1345 tibus
699 1292 903 1348 haurit.
957 1294 1342 1354 Perscrutatur
1391 1300 1566 1356 denuo
1609 1310 1791 1356 utrum
1841 1302 2105 1374 aliquibus

522 1383 793 1453 conjicere
823 1385 1000 1441 valeat
1029 1391 1388 1460 argumentis,
1429 1393 1472 1447 si
1526 1394 1712 1447 eadem
1767 1395 1868 1450 sibi
1922 1405 2106 1452 essent

521 1474 681 1529 insita
713 1477 950 1534 membra
988 1495 1109 1549 quae
1135 1482 1286 1551 prius
1307 1498 1375 1537 an
1409 1484 1598 1554 altera,
1629 1488 1908 1558 respondit
1935 1488 2022 1543 ille
2045 1505 2104 1546 se

521 1565 777 1619 nescire:
819 1585 836 1618 ι
869 1566 1006 1635 Νοη,
1051 1571 1145 1637 ait,
1198 1589 1415 1644 possum
1448 1593 1533 1631 me
1579 1579 1681 1633 hac
1735 1579 1962 1652 illaeque
2005 1597 2103 1652 pro

517 1655 691 1710 cruris
749 1657 919 1728 ipsius
975 1663 1214 1717 novitate
1270 1665 1604 1734 dispiciendo
1655 1679 1943 1742 torquere,
2008 1688 2102 1728 vos

513 1747 693 1816 potius
717 1753 1124 1820 scrutantini,et
1145 1756 1190 1812 si
1217 1757 1270 1814 in
1301 1759 1418 1828 ipso
1443 1761 1756 1818 cicatricem
1787 1767 2102 1836 repereritis

512 1834 689 1906 Ipsum
731 1843 873 1910 quod
920 1847 1192 1915 quondam
1243 1851 1528 1908 habuerim
1582 1855 1696 1911 fore
1750 1834 2032 1914 noveritis.
2073 1881 2092 1913 ι

516 1927 778 1985 Subtilius
819 1945 1091 2002 quaerunt,
1135 1954 1232 1993 nec
1260 1955 1410 1994 mora
1439 1942 1680 1999 vulneris
1702 1947 1854 2018 signa
1885 1949 2100 2020 conspi-

512 2023 684 2094 ciunt,
719 2042 819 2082 nec
841 2027 1139 2086 diffitentur
1168 2035 1470 2091 mirabilem
1511 2037 1702 2094 Deum.

580 2121 748 2192 Igitur
781 2125 1068 2181 recedente
1099 2127 1356 2200 episeopo
1387 2147 1508 2186 cum
1548 2133 1638 2188 ille
1679 2149 1778 2204 pro
1813 2143 1962 2190 tanta
1995 2137 2099 2192 sibi

509 2209 751 2292 impensa
781 2217 956 2286 gratia
987 2233 1147 2287 quam
1183 2220 1293 2274 Deo
1326 2223 1578 2277 redderet
1613 2225 1785 2280 vicem
1813 2227 2096 2298 cogitaret,

511 2301 581 2356 ad
613 2301 714 2357 hoc
743 2305 959 2361 tandem
996 2309 1237 2364 animum
1267 2312 1496 2384 appulit,
1521 2323 1789 2384 quatenus
1831 2334 1857 2370 a
1891 2317 2096 2374 forensi

515 2396 657 2464 quod
685 2400 938 2455 omnibus
967 2402 1168 2472 ubique
1184 2413 1301 2458 erat
1325 2404 1501 2460 factus
1527 2407 1758 2472 theatro,
1787 2408 1897 2464 Deo
1924 2411 2096 2466 victu-

510 2505 604 2544 rus
637 2491 736 2546 soli
791 2493 892 2550 sub
939 2495 1244 2553 reclusione
1296 2500 1598 2566 secederet,
1652 2510 1706 2556 et
1753 2502 1880 2572 quia
1933 2503 2098 2576 306

509 2595 638 2652 erga
688 2598 746 2638 se
793 2585 1037 2640 inaudita
1070 2587 1312 2655 fecisset,
1360 2591 1581 2664 dignum
1621 2601 1776 2648 retur
1807 2603 1863 2648 ut
1891 2610 2094 2651 conve-

505 2674 664 2731 niens
694 2675 786 2732 Dei
838 2680 1221 2738 munificentiae
1249 2684 1376 2754 quid
1425 2696 1628 2755 ageret.
1670 2686 1854 2757 Itaque
1901 2689 2095 2744 divinae

504 2767 860 2838 speculationi
893 2772 972 2827 sic
995 2788 1212 2839 vacans,
1247 2792 1370 2832 cum
1403 2778 1468 2832 de
1501 2779 1890 2848 omnipotentis
1931 2781 2098 2836 bene-

504 2859 630 2916 ficio
657 2862 910 2920 humana:
939 2865 1268 2924 visitationis
1304 2873 1526 2942 praemia
1565 2872 1710 2927 nulla
1735 2874 1848 2943 jam
1887 2889 2094 2943 quaere.

505 2961 609 3018 ret,
643 2954 848 3012 invenit
879 2958 1124 3016 diabolus
1150 2973 1340 3018 contra
1371 2965 1488 3035 ejus
1516 2966 1915 3024 immunitatem
1963 2969 2090 3038 quid

505 3049 877 3108 machinarum
928 3052 1220 3124 ingereret.
1279 3057 1501 3114 Sciebat
1570 3059 1731 3130 plane
1793 3062 2089 3118 maximum

503 3137 830 3198 intentivum
880 3146 946 3200 ad
979 3145 1338 3206 ail‘ectandam
1388 3149 1484 3206 Dei
1537 3154 1878 3222 genitricem,
1921 3163 1974 3210 et
2021 3156 2086 3209 ad

499 3231 796 3297 sperandas
819 3234 990 3306 magis
1021 3251 1083 3292 ac
1114 3239 1286 3307 magis
1313 3237 1432 3306 ejus
1457 3240 1862 3298 misericordias
1894 3244 1945 3298 id
1980 3247 2088 3298 mi-

500 3319 669 3376 raculi
701 3323 952 3379 omnibus
975 3326 1259 3390 accidisse.
1299 3328 1450 3384 Unde
1481 3330 1758 3386 nitebatur
1788 3349 1855 3389 ex
1903 3335 2085 3405 aliqua

502 3424 710 3466 morum
743 3411 859 3482 ejus
895 3418 1265 3487 corruptione,
1319 3420 1578 3476 divinitus
1620 3424 1672 3477 in
1725 3423 1839 3492 ipsa
1891 3441 2086 3497 perpe-

499 3509 640 3556 trata
690 3502 914 3561 ftedare.
956 3508 1126 3575 Quem
1161 3524 1290 3580 ergo
1318 3511 1739 3570 insolentissima
1780 3516 1922 3572 Deus
1971 3518 2088 3588 pie-

502 3602 610 3652 tate
669 3609 990 3670 sanaverat,
1051 3603 1390 3660 insolentiori
1442 3605 1688 3662 diabolus
1742 3606 2086 3666 infestatione

496 3698 793 3758 pertentat.

567 3779 896 3858 intempesta
939 3786 1084 3842 enim
1118 3789 1423 3860 cujuspiam
1463 3791 1642 3847 noctis
1671 3793 1804 3848 hora
1834 3795 1962 3850 dum
1993 3811 2086 3852 eu-

495 3871 667 3927 bitum
692 3889 810 3932 sese
839 3876 1155 3946 deponeret,
1175 3880 1451 3948 inopinate
1484 3883 1549 3936 ad
1582 3899 1774 3953 purum
1803 3885 1922 3940 sine
1952 3903 2084 3944 exu-

494 3962 598 4018 viis
627 3965 854 4033 species,
888 3967 996 4024 itno
1029 3984 1152 4026 vera
1180 3968 1384 4038 effigies
1429 3972 1532 4027 sibi
1568 3973 1809 4030 mulieris
1837 3987 2079 4047 apparet.

496 4053 625 4122 Quae
652 4073 773 4113 eun)
814 4070 1013 4116 caetera
1061 4064 1325 4132 corporis,
1373 4075 1483 4122 tum
1535 4069 1767 4125 maxime
1809 4073 2084 4144 puerperii

491 4147 842 4220 ignominiam
895 4158 1238 4226 imprudenter
1265 4160 1578 4228 ostendens,
1631 4163 1697 4215 ad
1751 4161 1924 4220 foedos
1953 4180 2082 4220 usus

496 4237 780 4297 lenociniis
813 4245 1140 4301 moliebatur
1168 4247 1404 4305 allicere.
1455 4250 1625 4306 Porro
1670 4252 1949 4310 blanditiis
1980 4256 2082 4318 mi—

493 4347 593 4388 nus
621 4350 810 4408 agens,
839 4337 1115 4394 hominem
1156 4349 1365 4398 terrore
1399 4347 1697 4412 mactabat,
1727 4363 1850 4402 cum
1883 4355 2081 4402 neutro

473 4435 691 4500 posset,
727 4427 942 4500 injectis
971 4433 1134 4488 etiam
1165 4436 1414 4492 manibus
1445 4439 1702 4509 pellicere
1745 4441 1797 4494 vi
1839 4441 2078 4504 volebat,

2221 559 2422 615 Ilictum
2446 572 2610 634 atque
2640 564 2882 620 mulieris
2905 565 3215 632 attendunt,
3255 581 3486 637 quorum
3528 567 3618 623 ille
3648 569 3801 625 robo-

2220 647 2390 699 ratior
2414 647 2698 724 praeseptia
2735 647 2960 720 jamjam
2993 650 3349 705 lassabundus
3377 650 3665 707 exclamat.
3704 653 3802 711 Pro

2218 737 2327 793 Deo
2350 739 2546 794 stolam
2573 741 2674 796 sibi
2709 743 2774 796 ab
2801 742 3031 799 ecclesia
3063 745 3457 800 sacerdotalem
3482 746 3637 800 ocius
3663 747 3803 802 exhi-

2215 831 2327 885 beri
2357 848 2371 898 ;
2402 848 2507 904 qua
2543 833 2738 904 raptim
2769 835 2871 889 sibi
2905 835 3127 905 injecta,
3162 836 3300 891 collo
3332 837 3616 893 diabolicae
3663 839 3802 896 illius

2212 921 2422 992 pellicis
2450 924 2739 994 implicuit.
2763 925 2830 980 Et
2861 925 2913 980 in
2948 936 3158 982 tantum
3187 929 3449 998 perniciei
3483 928 3800 1002 illiusjugu-

2214 1013 2324 1070 lum
2357 1017 2516 1072 torsit
2541 1027 2598 1072 ut
2621 1033 2740 1073 eam
2769 1019 3081 1090 pavimento
3102 1028 3500 1090 prosterneret,
3515 1036 3579 1076 ac
3591 1023 3802 1092 penitus

2213 1107 2520 1164 sulfocaret.
2569 1108 2685 1166 Iloc
2717 1111 2770 1165 in
2804 1113 3104 1167 crastinum
3138 1113 3338 1169 milites
3371 1115 3628 1188 episcopo
3663 1115 3800 1172 refe-

2212 1211 2359 1255 runt.
2411 1201 2579 1258 Adest
2607 1205 2912 1276 episcopus,
2945 1205 3227 1260 victoriam
3259 1216 3437 1276 stupet
3481 1223 3646 1276 quam
3703 1224 3795 1278 per

2209 1289 2429 1348 Petrum
2471 1296 2718 1350 e\ercuit
2747 1297 2908 1362 Deus,
2944 1297 3171 1352 clientes
3199 1298 3450 1368 proprios
3475 1298 3681 1369 dirigit,
3713 1300 3800 1368 qui

2211 1389 2353 1436 tecto
2404 1393 2631 1450 retecto,
2678 1394 2732 1440 et
2787 1385 2914 1440 fune
2961 1385 3240 1451 demisso,
3298 1387 3544 1458 gulzeqne
3605 1387 3801 1442 inuexo

2209 1483 2492 1530 extraxere
2521 1491 2682 1529 anqu
2717 1477 3175 1546 ingentissimam,
3201 1487 3257 1532 et
3286 1479 3354 1532 ab
3383 1477 3582 1547 oppido
3603 1477 3800 1534 elatam

2208 1567 2465 1622 addixere
2495 1569 2655 1624 smvis
2694 1570 2909 1642 ignibus
2935 1572 3414 1626 concremandam.

2278 1658 2568 1730 Postquam
2597 1671 2776 1716 autem
2806 1679 2926 1718 eam
2966 1663 3160 1718 I'etrus
3207 1664 3458 1720 olfocavit
3504 1665 3556 1720 in
3585 1664 3797 1730 cellula,

2208 1761 2388 1807 tantus
2418 1753 2558 1810 fetor
2585 1755 2757 1826 ipsum
2805 1757 2896 1826 qui
2939 1757 3111 1812 sacris
3149 1756 3292 1812 illam
3332 1758 3503 1813 armis
3550 1772 3801 1826 pereme-

2204 1855 2289 1901 rat
2316 1856 2370 1901 et
2407 1856 2649 1902 astantes
2679 1848 2890 1904 obsedit
2943 1857 3001 1902 ut
3050 1850 3254 1904 nemini
3290 1851 3606 1920 ambiguum
3650 1848 3791 1902 foret

2203 1939 2438 1994 cadaver
2470 1940 2796 2012 turpissimae
2831 1939 3132 2012 cujuspiam
3167 1943 3461 2007 exstitisse,
3497 1942 3646 2013 quod
3679 1941 3796 1995 dia-

2202 2031 2358 2085 belus
2391 2031 2677 2087 induisset.
2697 2031 2792 2086 Cui
2821 2033 3062 2100 opinioni
3093 2033 3194 2088 hoc
3215 2049 3320 2088 non
3350 2033 3638 2088 minimum
3668 2047 3802 2104 prae-

2203 2123 2346 2178 stitit”
2380 2134 2761 2195 argumentum
2805 2126 2949 2195 quod
2989 2127 3040 2179 in
3077 2125 3442 2180 fenestrellula
3477 2125 3799 2180 latrinarum

2202 2215 2366 2286 panni
2399 2216 2553 2270 scissi
2580 2231 2642 2270 ac
2669 2215 2869 2286 putridi
2899 2216 3098 2288 reperti
3123 2225 3267 2272 sunt.
3300 2217 3364 2270 Et
3387 2216 3510 2286 quis
3533 2202 3636 2272 hos
3665 2216 3798 2271 alios

2202 2322 2321 2361 esse
2351 2307 2642 2378 putaverit,
2679 2307 2780 2361 nisi
2814 2307 2912 2362 hos
2939 2323 3074 2378 quos
3102 2308 3248 2362 circa
3273 2322 3332 2363 se
3363 2307 3798 2378 impurissimum

2203 2399 2334 2454 illud
2369 2402 2418 2454 in
2449 2399 2795 2456 obvolutione
2829 2414 2928 2454 sua
2969 2400 3200 2455 cadaver
3245 2399 3544 2454 habuerit?
3587 2398 3800 2454 Etenim

2200 2507 2298 2562 per
2329 2492 2624 2549 fenestram
2671 2495 2814 2549 illam
2872 2496 3082 2551 irruere
3129 2505 3506 2551 consueverat.
3555 2496 3800 2566 Denique

2202 2583 2418 2638 additur
2448 2601 2478 2639 a
2504 2586 2852 2655 quibusdam,
2885 2603 2915 2641 a
2945 2588 3178 2660 quodam
3210 2589 3373 2644 etiam
3412 2597 3634 2644 constat
3669 2591 3803 2644 scri-

2199 2682 2373 2744 pturae
2417 2675 2754 2740 mandatum,
2787 2676 2953 2748 quod,
2981 2675 3315 2746 triumphato
3346 2676 3450 2732 hoc
3496 2677 3663 2731 modo
3690 2677 3801 2732 dia-

2200 2764 2345 2834 bolo,
2391 2767 2618 2822 consilio
2646 2768 2966 2838 pontificum
3001 2768 3493 2840 Gratianopolitani
3542 2786 3606 2826 ac
3639 2770 3799 2830 Viva-

2201 2865 2398 2918 riensis
2426 2864 2673 2920 abdicata
2707 2866 3010 2921 reclusione
3034 2865 3188 2936 quasi
3217 2866 3598 2936 periculosiori
3628 2876 3794 2931 statu,

2201 2959 2507 3014 monastico
2541 2959 2900 3013 contubernio
2925 2959 3080 3030 quasi
3112 2959 3352 3030 contigui
3385 2959 3564 3015 solatii
3619 2959 3798 3030 gratia

2197 3066 2318 3106 sese
2359 3052 2672 3107 contulerit.
2738 3053 2892 3122 Quod
2947 3053 3128 3109 minus
3177 3053 3299 3110 ideo
3341 3064 3514 3110 ratum
3549 3064 3793 3120 constat,

2197 3143 2322 3212 quia
2358 3142 2688 3198 Vivariensis
2711 3145 3017 3214 episcopus,
3037 3144 3130 3216 qui
3159 3143 3274 3200 haec
3303 3145 3418 3214 ipsa
3443 3160 3566 3214 quae
3594 3159 3794 3216 magna

2117 3211 2158 3268 (ἶ
2193 3211 2257 3290 ex
2308 3245 2463 3306 parte
2510 3237 2749 3301 viderat,
2785 3238 3006 3294 domino
3037 3247 3226 3294 nostro
3274 3238 3390 3307 regi
3437 3238 3794 3294 excellentis-

2191 3327 2332 3380 simo
2359 3326 2649 3389 Ludovico,
2681 3337 2947 3398 praesente
2980 3328 3278 3384 venerabili
3311 3328 3604 3385 Guillelmo
3633 3330 3794 3386 Cata-

2190 3402 2438 3475 launensi
2467 3420 2721 3490 episc0po
2750 3421 2999 3476 retulisse
3030 3421 3387 3492 dignoscitur,
3442 3421 3516 3475 nil
3549 3421 3666 3478 tale
3717 3420 3769 3478 di

2191 3513 2354 3568 xerit.
2382 3513 2447 3566 Et
2474 3513 2576 3568 hoc
2597 3530 2759 3584 quam
2804 3514 3116 3586 nuperrime
3143 3530 3173 3568 a
3205 3513 3508 3570 Vivariensi
3543 3511 3790 3570 auditum

2189 3603 2538 3660 Laudunensi
2573 3605 2827 3676 episcopo
2867 3605 3086 3660 domino
3123 3605 3542 3672 Bartholomaeo,
3571 3614 3630 3660 et
3658 3605 3790 3662 mihi

2189 3710 2314 3752 cum
2345 3705 2472 3750 ante
2500 3711 2700 3766 paucos
2725 3696 2840 3751 dies
2867 3695 3280 3753 Catalaunensis
3306 3698 3420 3770 ipse
3449 3698 3787 3762 narraverit,

2189 3800 2312 3844 cum
2341 3785 2490 3840 Petri
2520 3787 2906 3842 monachatum
2939 3787 3010 3852 ei,
3044 3787 3281 3843 sicutab
3313 3788 3435 3843 aliis
3476 3788 3788 3856 audieram,

2188 3878 2537 3949 objecissem,
2587 3875 2960 3933 Vivariensem
2994 3879 3068 3932 nil
3095 3894 3258 3949 super
3290 3879 3392 3934 hoc
3421 3879 3632 3934 dixisse
3660 3895 3787 3951 per-

2189 3971 2383 4026 bibuit.
2428 3969 2540 4026 Nec
2582 3986 2699 4026 mea
2733 3971 2817 4026 vel
2845 3970 3144 4042 cujuspiam
3187 3972 3413 4028 interest
3439 3981 3626 4026 utrum
3671 3989 3786 4028 mo—

2187 4066 2396 4120 nachus
2437 4065 2537 4132 sit,
2576 4064 2660 4120 vel
2695 4081 2824 4129 non,
2860 4081 2983 4120 cum
3013 4065 3083 4119 sit
3112 4064 3261 4120 credi
3301 4080 3481 4134 operae
3524 4065 3784 4135 pretium,

2167 4157 2360 4230 ipsum
2386 4158 2588 4213 bonum
2619 4157 2719 4214 sub
2749 4171 3071 4228 quocunque
3103 4157 3266 4228 degat
3294 4157 3576 4228 proposito
3607 4159 3783 4213 habe—

2185 4266 2246 4306 re
2273 4253 2533 4315 studium,
2568 4251 2654 4305 cui
2690 4259 2898 4308 tantum
2929 4251 3071 4306 Deus
3101 4250 3354 4308 tribuerit
3384 4259 3509 4322 post
3533 4251 3786 4306 exhibita

2187 4341 2240 4402 in
2272 4357 2330 4396 se
2359 4343 2514 4412 signa
2545 4342 2904 4412 triumphum.

2257 4434 2398 4488 Ecce
2454 4435 2738 4492 benedicta
2789 4435 2892 4490 ista
2949 4435 3094 4504 quod
3141 4435 3649 4506 desperatissimum
3701 4446 3784 4492 est

488 4527 541 4572 et
564 4533 670 4587 quo
702 4519 790 4576 ille
828 4521 1066 4578 vivacius
1113 4523 1318 4595 ﬂagitio
1363 4528 1678 4594 resistebat,
1727 4540 1880 4588 tanto
1907 4531 2078 4600 pestis
2107 4558 2159 4620 ι)
2185 4525 2325 4593 apud
2359 4526 2628 4590 ίιοιιιίηθδι
2662 4541 2824 4594 quam
2856 4526 3165 4580 ambicmel‘
3191 4523 3371 4582 είῖίείί·
3412 4526 3480 4582 El
3531 4537 3686 4582 cene
3731 4527 3776 4582 εί

487 4604 612 4662 hinc
638 4616 692 4664 et
719 4609 842 4668 inde
866 4613 1106 4668 rabidior
1136 4615 1499 4673 incumbebat.
1531 4618 1612 4674 Ab
1639 4619 1728 4675 illa
1761 4636 1891 4690 ergo
1918 4634 2075 4678 nocte

489 4701 741 4756 omnibus
776 4718 834 4760 se
879 4705 929 4762 ei
982 4708 1234 4766 noctibus
1278 4710 1477 4766 Ietuina
1515 4711 1628 4781 ipsa
1675 4713 1972 4780 praebebat,
2022 4721 2077 4768 et

487 4791 683 4861 quibus
733 4805 949 4866 poterat
1000 4802 1257 4858 versutiis
1315 4805 1456 4873 turpi
1515 4803 1746 4858 licentia:
1799 4805 2072 4871 inurebat,

487 4883 864 4957 intantumque
895 4889 1159 4966 fatigabat
1211 4903 1269 4948 ut
1308 4909 1468 4948 tuane
1513 4895 1580 4948 ad
1617 4910 1677 4949 se
1727 4895 2073 4952 venientibus

483 4973 739 5032 visitandi
771 4980 942 5054 gratia
969 4982 1057 5036 vix
1089 4982 1418 5052 respondere
1445 4984 1670 5050 valeret,
1718 4985 1803 5040 vix
1838 4985 1890 5042 id
1930 4986 2071 5058 quod

479 5069 887 5140 perpetiebatur
911 5072 1145 5130 edicere.

557 5156 689 5212 Cum
723 5158 886 5232 igitur
915 5161 1099 5216 multis
1146 5164 1290 5232 quod
1321 5164 1389 5220 ab
1417 5180 1481 5222 eo
1532 5165 1810 5223 ferebatur
1857 5180 2070 5225 veniret

483 5249 541 5317 in
575 5252 910 5322 scrupulum,
943 5253 1141 5316 accidit
1173 5258 1524 5327 supervenire
1573 5269 1751 5316 castro
1781 5260 1854 5316 illi
1905 5277 2064 5331 quem

483 5341 886 5412 praelibavimus
917 5342 1284 5404 Vivariensem
1334 5349 1667 5422 episcopum.
1719 5354 1794 5410 Ea
1835 5355 2068 5424 denique

481 5445 641 5496 nocte
669 5436 888 5506 quidam
919 5438 1128 5510 equites
1146 5455 1266 5498 cum
1297 5444 1470 5500 cereis
1497 5446 1609 5502 suis
1635 5463 1734 5518 pro
1759 5450 2065 5504 reverentia

481 5526 748 5598 proximae
773 5526 1028 5597 basilicae,
1062 5534 1145 5588 cui
1178 5535 1264 5592 ille
1301 5539 1652 5608 appendicem
1687 5541 1919 5597 habebat
1948 5543 2062 5597 cel-

480 5614 674 5682 lulam,
724 5619 778 5674 in
834 5621 1005 5692 ipsius
1049 5627 1316 5685 vestibulo
1355 5631 1664 5701 vigilabant.
1721 5633 1788 5688 Et
1833 5649 1960 5690 ecce
2011 5635 2063 5690 in

479 5707 709 5764 aedicula
743 5710 989 5780 interiori
1023 5716 1112 5774 ubi
1142 5722 1522 5778 eommanebat
1555 5724 1714 5782 solita
1741 5725 1808 5782 de
1838 5742 1944 5797 qua
1972 5743 2066 5784 au-

483 5797 699 5856 dierant
729 5802 884 5864 turba
915 5811 1274 5882 perstrepuit;
1310 5814 1380 5870 ad
1406 5814 1703 5875 fenestram
1742 5819 1924 5892 itaque
1942 5833 2064 5877 sese

2183 4616 2237 4669 in
2263 4625 2455 4671 saneto
2482 4616 2722 4685 quolibet
2743 4617 2860 4672 viro
2893 4617 2998 4672 tale
3026 4618 3156 4688 quid
3189 4619 3538 4688 patravisset,
3581 4620 3780 4676 merito

2181 4708 2236 4764 id
2289 4707 2409 4764 fieri
2442 4709 2828 4774 acclamasses,
2870 4724 3058 4764 verum
3086 4710 3139 4764 in
3184 4709 3419 4766 bubulco
3453 4710 3694 4780 simplici
3724 4718 3776 4765 et

2179 4799 2422 4855 omnium
2449 4799 2808 4871 inscio.quid,
2825 4799 2925 4856 nisi
2951 4800 3489 4856 consuetudinariam
3514 4801 3775 4874 gratiam,

2179 4891 2327 4946 dices
2349 4893 2388 4946 ?-
2411 4891 2555 4947 Raro
2586 4891 2730 4948 enim
2763 4891 2898 4947 alias
2930 4908 2989 4948 se
3021 4892 3285 4950 mirabilis
3319 4894 3434 4966 ipsa
3476 4894 3776 4964 glorificat,

2177 4984 2279 5042 nisi
2312 4985 2365 5038 in
2405 4985 2470 5040 iis
2505 4985 2598 5056 qui
2647 4999 2770 5042 eam
2816 5001 3009 5058 rogare
3054 4987 3328 5052 nesciunt,
3380 4995 3475 5042 aut
3521 4996 3777 5042 extremo

2175 5083 2490 5146 peccatores
2547 5083 2690 5130 sunt.
2742 5073 2854 5131 Nec
2897 5077 2949 5130 id
2985 5074 3206 5146 injuria,
3248 5077 3378 5150 quid
3422 5077 3570 5132 enim
3611 5077 3776 5134 obse-

2175 5168 2362 5236 quenti
2394 5165 2494 5221 sibi
2525 5167 2673 5221 dabit
2701 5168 2815 5237 ipsa
2841 5166 3014 5237 justo,
3047 5168 3091 5224 si
3125 5178 3332 5224 tantum
3362 5169 3421 5224 fit
3469 5170 3557 5240 pia
3590 5187 3652 5226 ac
3695 5169 3776 5226 vi-

2175 5258 2400 5314 sceralis
2425 5259 2649 5314 averso?
2679 5274 2778 5314 nec
2805 5275 2968 5330 super
2995 5261 3100 5316 hoc
3125 5260 3239 5330 ipsa
3262 5261 3580 5334 degenerat.
3609 5261 3775 5318 Venit

2173 5352 2344 5408 Filius
2371 5367 2501 5407 suus
2532 5367 2637 5406 non
2659 5351 2860 5423 justos,
2890 5354 2983 5408 sed
3025 5363 3342 5424 peccatores
3373 5369 3576 5411 vocare
3607 5352 3768 5422 (Luc.

2171 5461 2224 5511 v,
2253 5445 2363 5516 3‘2).
2395 5447 2508 5512 Qua
2541 5446 2683 5501 enim
2721 5447 2931 5502 ratione
2961 5447 3198 5503 humano
3223 5449 3406 5520 generi
3444 5458 3675 5508 matrem
3709 5463 3771 5504 se

2170 5537 2345 5608 magis
2366 5552 2484 5592 esse
2507 5538 2849 5606 monstrabit,
2875 5553 3038 5608 quam
3066 5540 3110 5595 si
3140 5538 3373 5598 offensos
3395 5541 3514 5596 sine
3551 5538 3770 5595 meritis

2170 5630 2236 5686 ad
2263 5645 2321 5685 se
2351 5629 2656 5686 contrahit?

2771 5723 3000 5782 CAPUT
3036 5725 3150 5782 XII.

2241 5815 2563 5875 Miraculum
2602 5833 2705 5889 quo
2756 5815 2824 5878 Β.
2872 5816 3031 5890 Virgo
3060 5816 3354 5876 adulteram
3384 5818 3655 5876 conuertit.
