4038 6330
237 352 345 409 575

1523 361 1611 429 BE
1640 362 1873 429 LAUDE
1913 364 1971 423 S.
2007 364 2268 425 MANE.

3413 377 3516 449 514

234 467 336 521 Est
366 476 630 560 prgterea
672 468 816 533 aliud
861 469 1119 540 quiddam
1152 470 1325 527 relatu
1357 472 1539 537 breve,
1578 476 1825 547 exemplo
1853 484 1907 547 Α
1930 494 2094 549 super
2116 480 2221 541 hoc
2243 495 2419 537 meam
2446 481 2686 549 devoveo
2730 487 3069 556 pudicitiam,
3117 504 3238 560 quae
3260 506 3381 548 meo
3406 503 3515 549 tam
3570 528 3577 535 -

232 559 607 630 magnificum,
642 562 727 616 cui
758 562 1059 633 arrigendae
1090 573 1216 619 sunt
1241 580 1402 623 aures
1429 567 1672 622 omnium
1702 583 1828 638 pec-

233 660 505 705 catorum.
538 652 619 706 Ex
652 654 917 710 relatione
946 657 1323 715 Atrebatensis
1358 659 1599 734 episcopi
1634 660 1827 717 mulier

230 743 482 810 quaedam
536 742 753 808 fuerat.
800 763 919 819 quae
988 747 1333 820 conjugatum
1396 751 1574 807 virum
1628 768 1827 822 (quem-

229 836 358 891 dam
430 852 462 893 a
540 841 774 909 propriae
853 843 1037 898 uxoris
1103 843 1272 899 latere
1355 844 1825 907 illecebrosissitne

225 928 395 1000 307
429 932 785 991 distrahebat.
834 934 963 1005 Qua:
1002 936 1128 992 licet
1182 946 1277 994 aut
1324 940 1543 1009 pretiis,
1578 948 1672 995 aut
1732 956 1828 996 vo-

224 1015 531 1088 luptatibus
566 1030 686 1078 acta
717 1038 843 1079 cum
895 1027 1229 1096 quotidianae
1282 1030 1531 1085 mmchiae
1565 1045 1673 1087 non
1698 1046 1825 1100 par-

222 1120 401 1177 ceret,
426 1122 481 1167 et
524 1115 729 1170 homini
757 1116 955 1173 misero
1004 1117 1165 1174 foedis
1209 1121 1488 1176 amoribus
1538 1104 1820 1187 'obvoluto,

217 1202 338 1274 jam
371 1205 615 1278 conjugis
665 1209 829 1264 etiam
855 1208 1119 1266 memoria
1149 1212 1217 1267 ab
1249 1212 1430 1269 animo
1458 1228 1600 1283 pene
1626 1214 1824 1271 defice-

223 1306 337 1363 ret,
387 1307 568 1354 tamen
615 1300 830 1369 quoties
882 1304 950 1359 ad
1001 1303 1290 1360 ecclesiam
1362 1305 1477 1361 ibat
1526 1314 1820 1374 antequam

223 1389 507 1458 quidpiam
545 1398 769 1446 oratura
825 1394 1005 1464 procis
1069 1405 1437 1465 expromeret,
1499 1412 1822 1468 quocunque

223 1480 520 1552 imaginem
584 1483 888 1541 benedictae
955 1486 1190 1542 domina:
1255 1497 1458 1544 nostrae
1506 1488 1660 1560 prius
1716 1491 1819 1547 sibi

221 1571 412 1626 videre
479 1574 841 1645 contingeret,
894 1577 1198 1649 angelicam
1267 1580 1369 1635 sibi
1435 1579 1817 1637 salutationem

222 1677 331 1731 qua
363 1673 576 1732 poterat
622 1667 930 1722 reverentia
982 1669 1293 1725 exhibebat.
1352 1671 1482 1738 Ave,
1542 1673 1815 1743 inquiens,

219 1753 401 1823 gratia
439 1754 616 1824 plena,
659 1754 916 1811 Dominus
964 1766 1155 1813 tecum.
1197 1759 1405 1831 Conqu
1464 1762 1649 1832 itaque
1685 1764 1811 1828 viri,

217 1860 347 1915 quae
407 1847 506 1901 sibi
560 1848 899 1906 adulterinos
938 1852 1182 1923 praeferri
1239 1855 1458 1911 dolebat
1511 1856 1815 1927 amplexus,
1850 1834 1894 1893 Β

220 1940 600 1995 acerbissimis
651 1942 705 1997 in
760 1943 1012 1999 aemulam
1072 1946 1338 2002 stridebat
1389 1948 1700 2015 ardoribus,
1763 1960 1818 2005 et

219 2048 345 2088 cum
390 2034 569 2089 mariti
600 2034 794 2091 timore
818 2037 955 2092 nihil
982 2038 1208 2094 auderet
1247 2041 1301 2096 in
1330 2040 1502 2107 illam,
1528 2052 1733 2111 quanto
1763 2042 1815 2095 in

215 2128 437 2202 publico
464 2144 532 2183 ne
576 2129 794 2199 quidem
822 2132 1085 2202 grunnire
1132 2132 1215 2189 fas
1241 2132 1451 2200 fuerat,
1490 2143 1643 2191 tanto
1675 2135 1817 2189 rabi-

220 2221 346 2277 dius
369 2221 511 2291 apud
533 2235 593 2277 se
628 2221 987 2279 fremebunda
1031 2224 1266 2281 furebat.
1304 2227 1448 2297 Ergo
1479 2228 1545 2283 ad
1569 2228 1817 2284 beatissi-

220 2333 367 2371 mam
399 2318 557 2372 istam
578 2321 866 2375 conversio
921 2320 1038 2390 ejus
1068 2331 1177 2377 tota
1206 2324 1286 2379 sic
1310 2334 1431 2379 erat
1460 2333 1522 2379 ut
1544 2326 1592 2381 ci
1617 2340 1737 2394 quae
1759 2341 1817 2382 se

218 2425 251 2467 a
279 2426 379 2466 suo
416 2410 699 2471 fraudabat
723 2411 998 2485 conjugis,
1038 2430 1136 2484 per
1172 2414 1334 2482 hujus
1369 2417 1605 2472 dominae
1626 2427 1817 2488 poten-

221 2503 355 2559 tiam
393 2503 645 2561 cualestes
692 2505 1089 2575 imprecaretur
1132 2508 1264 2575 iras,
1297 2519 1465 2578 atque
1485 2508 1817 2565 mulierculae

218 2592 367 2649 illius
415 2594 795 2665 spurcissimas
858 2596 1163 2654 rivalitates
1230 2614 1340 2655 non
1391 2599 1485 2655 diu
1534 2609 1818 2671 pateretur

216 2685 445 2743 inultas.

289 2777 537 2846 Cumque
587 2778 862 2849 piissimus
912 2780 1115 2852 reginae
1162 2783 1401 2838 cmlestis
1453 2784 1679 2839 affectus
1717 2784 1816 2838 ad-

217 2882 414 2925 versus
442 2884 563 2925 eam
617 2886 677 2935 se
732 2870 985 2929 lamentis
1034 2872 1255 2945 jugibus
1308 2876 1548 2946 graviter
1573 2877 1817 2931 irritassc

217 2968 465 3031 putaret,
496 2961 616 3030 ipsa
676 2977 775 3032 per
818 2977 882 3025 se
934 2964 1225 3021 benedicta
1282 2967 1458 3022 eidem
1496 2968 1549 3021 in
1587 2966 1703 3022 visu
1736 2967 1817 3021 di-

218 3060 452 3122 gnanter
475 3062 720 3123 apparet.
758 3070 775 3103 (
822 3052 1023 3120 Quare,
1083 3056 1179 3120 ait,
1235 3073 1398 3128 super
1452 3059 1680 3114 muliere
1729 3058 1817 3112 illa

208 3144 463 3221 ultiones
504 3160 536 3200 a
566 3160 652 3205 me
700 3148 949 3243 erpetis?
979 3162 1097 3243 ego
1158 3150 1320 3219 plane
1373 3152 1508 3206 nihil
1556 3153 1816 3243 adversus
1846 3180 1890 3243 ρ

218 3252 342 3293 eam
375 3251 623 3307 possunt,
679 3237 806 3307 quia
842 3238 1162 3308 quotidiana
1210 3241 1499 3297 sedulitate
1532 3242 1661 3296 illud
1685 3242 1814 3296 mihi

217 3342 407 3385 meum
454 3327 739 3385 denuntiat
776 3331 1059 3399 gaudium,
1108 3347 1218 3401 quo
1265 3333 1477 3402 gratius
1514 3333 1717 3402 aliquid
1749 3333 1817 3387 ab

216 3418 332 3476 ulla
391 3427 646 3474 creatura
686 3419 877 3475 audire
928 3437 1035 3483 non
1094 3436 1336 3491 possunt.
1386 3422 1626 3481 Putasne
1671 3416 1817 3491 quod

216 3521 417 3570 contra
445 3511 713 3583 hancpro
766 3522 818 3577 te
870 3513 1099 3571 debeam
1148 3514 1379 3579 irritari,
1434 3530 1554 3585 qua:
1601 3515 1667 3569 de
1696 3529 1814 3568 mea

213 3605 481 3667 ineffabili
503 3606 673 3677 gloria
723 3607 882 3678 quasi
932 3623 1372 3666 commemorans
1428 3626 1515 3667 me
1554 3621 1816 3682 provocat

208 3701 464 3775 gloriari.
506 3720 526 3761 ι
994 3772 999 3775 _

291 3794 371 3849 Ex
394 3810 502 3865 quo
527 3794 676 3857 dicto
698 3811 823 3852 cum
849 3796 1068 3853 animus
1098 3797 1315 3857 femina
1349 3814 1379 3852 a
1410 3799 1586 3855 solitis
1617 3800 1813 3870 impre-

215 3884 529 3947 cationibus
550 3886 766 3955 penitus
788 3887 1111 3956 desedisset,
1160 3891 1390 3962 contigit
1421 3892 1673 3947 aemulam
1712 3893 1814 3949 sibi

216 3977 458 4046 quadam
487 3978 572 4039 die
600 3979 786 4037 venire
828 3980 1078 4047 obviam;
1113 3997 1275 4051 quam
1322 3984 1487 4039 veluti
1542 4000 1572 4039 a
1617 3985 1818 4040 divinis

209 4065 331 4137 jam
363 4064 651 4136 desperata
675 4067 915 4137 judiciis,
955 4072 1217 4129 conviciis
1239 4073 1511 4130 lacessere
1535 4077 1615 4133 sic
1642 4077 1818 4139 inten-

218 4157 299 4211 dit
335 4172 348 4208 :
383 4175 401 4208 ι
440 4155 483 4215 0
542 4160 879 4230 turpissima,
906 4172 1042 4231 quot
1084 4164 1279 4220 animae
1310 4182 1447 4222 mete
1472 4182 1704 4238 angores
1730 4169 1817 4223 in-

216 4250 385 4322 ﬂigis,
418 4267 539 4322 qua
593 4264 649 4311 et
694 4255 980 4314 lenociniis
1028 4259 1135 4314 tuis
1183 4275 1404 4315 carnem
1442 4277 1618 4317 meam
1674 4278 1702 4315 a
1732 4277 1818 4317 tne

219 4347 459 4419 dirimis,
493 4359 549 4405 et
579 4352 924 4419 praesentiam
957 4364 1128 4420 tuam,
1164 4369 1329 4424 quam
1373 4356 1819 4425 incomparabili—

218 4448 310 4499 ter
352 4440 583 4509 oderim,
612 4444 747 4499 mihi
767 4446 1037 4501 obviando
1065 4448 1331 4516 opponis?
1363 4447 1537 4515 Quam
1560 4448 1814 4513 libenter,

1931 587 2100 642 parvo
2132 572 2396 641 obsequio
2456 583 2664 633 tantam
2724 581 2979 647 praestitit
3040 583 3453 653 indulgentiam.
3490 606 3512 641 ι

1932 664 2087 721 Uude
2110 664 2313 721 factum
2341 675 2427 722 est
2466 677 2527 723 ut
2561 686 2626 724 ex
2664 685 2727 725 eo
2753 686 2861 740 quo
2893 673 2994 727 ista
3028 676 3263 731 castitati
3304 692 3368 733 se
3389 680 3512 733 red‘

1930 757 2226 823 deret,an
2273 759 2607 816 simultatem
2657 764 2972 833 deponeret,
2998 775 3052 821 et
3100 768 3204 823 hoc
3254 778 3422 824 totum
3449 771 3517 826 ad

1928 850 2156 908 salutem
2188 852 2473 923 utriusque
2521 854 2667 909 inter
2711 870 2902 915 omnes
2949 857 3184 917 feminas
3228 860 3516 919 benedicta

1929 942 2259 1011 disponeret.

2503 1037 2732 1094 CAPUT
2774 1040 2889 1095 XIII

1997 1126 2102 1183 Pro
2146 1128 2215 1183 tis
2273 1129 2462 1200 itaque
2506 1133 2833 1201 peccatricis
2882 1132 3078 1189 animae
3139 1136 3516 1194 devotionibus

1929 1226 2037 1276 tam
2068 1217 2367 1275 liberaliter
2412 1224 2727 1292 acceptatis,
2779 1239 2877 1293 pro
2927 1224 3099 1279 salute
3129 1226 3292 1279 etiam
3318 1242 3515 1297 corpo-

1928 1330 2047 1369 rum
2071 1316 2124 1370 in
2156 1316 2355 1385 quibus
2375 1333 2482 1372 non
2514 1319 2776 1387 qumritur
2822 1320 2925 1375 nisi
2954 1321 3259 1374 communis
3285 1321 3519 1391 sospitas

1925 1409 2250 1475 animarum,
2292 1410 2359 1465 ad
2404 1409 2576 1482 ipsius
2626 1410 2838 1466 laudem
2888 1412 3084 1467 iterum
3118 1419 3397 1466 vertamus
3426 1427 3517 1465 ar-

1928 1501 2174 1556 ticulum.
2229 1501 2457 1571 Magnus
2512 1503 2769 1557 Dominus
2828 1514 2875 1557 et
2929 1503 3213 1559 laudabilis
3248 1504 3425 1565 nimis,
3460 1504 3515 1556 in

1923 1595 2127 1649 civitate
2173 1594 2265 1648 Dei
2317 1596 2515 1659 nostri,
2579 1596 2633 1648 in
2709 1604 2881 1649 monte
2938 1605 3119 1650 sancto
3179 1596 3295 1665 ejus
3340 1594 3513 1665 (Psal.

1922 1701 2089 1751 XLVII,
2133 1687 2207 1757 l).
2236 1686 2303 1741 Et
2350 1687 2402 1741 in
2433 1703 2538 1756 quo
2593 1688 2792 1741 dicitur
2845 1703 3093 1758 magnus,
3144 1689 3235 1757 qui
3280 1685 3515 1756 exprimi

1923 1797 2029 1836 non
2086 1789 2266 1851 potest
2314 1781 2586 1850 quomodo
2636 1781 2909 1851 magnus?
2960 1781 3115 1835 Dicat
3167 1780 3259 1848 qui
3321 1778 3515 1833 melius

1923 1874 2287 1929 sentitzmihi
2327 1873 2501 1944 major
2549 1873 2692 1927 Deus
2746 1873 2800 1926 in
2850 1871 2998 1927 nullo
3059 1872 3296 1936 videtur,
3352 1884 3513 1939 quam

1922 1964 2065 2035 quod
2091 1965 2406 2019 humanitus
2449 1964 2605 2020 nobis
2652 1964 3108 2019 condescendisse
3148 1963 3422 2032 dignatur.
3457 1960 3516 2014 Si

1922 2057 2089 2123 enim,
2145 2067 2205 2111 ut
2258 2057 2496 2113 dicitur:
2530 2077 2547 2109 ‹
2581 2056 3040 2125 Omnipotentiam
3094 2055 3368 2124 parcendo
3394 2067 3511 2107 ma-

1921 2146 2069 2200 xime
2090 2154 2145 2200 et
2170 2146 2483 2201 miserando
2536 2144 2847 2200 manifestat
2901 2145 3082 2214 (Orat.
3116 2145 3272 2199 Dom.
3306 2143 3373 2197 10
3396 2153 3515 2212 post

1923 2238 2190 2306 Pentec.),
2226 2258 2244 2291 ι
2272 2238 2451 2293 dicam
2499 2247 2553 2292 et
2612 2253 2710 2308 ego
2736 2238 2861 2307 quia
2895 2236 2968 2291 nil
2994 2237 3048 2291 in
3093 2236 3203 2291 Deo
3233 2234 3517 2291 sublimius

1919 2346 2081 2401 quam
2111 2332 2252 2401 quod
2276 2347 2335 2387 se
2384 2332 2547 2386 homo
2598 2330 2773 2385 factus
2803 2328 3073 2384 humiliat.
3118 2328 3221 2395 Qui
3283 2341 3415 2382 sane
3456 2326 3511 2380 in

1920 2437 1986 2478 eo
2020 2425 2164 2495 quod
2208 2424 2358 2479 mitis
2392 2433 2448 2479 et
2496 2423 2718 2478 humilis
2744 2422 2907 2478 corde
2932 2430 3015 2476 est
3045 2421 3262 2492 (Matth.
3298 2435 3374 2483 ιιι,
3398 2417 3514 2490 ἓ9),

1902 2529 1984 2570 se
2040 2516 2361 2571 imitandum
2422 2515 2762 2570 solummodo
2801 2514 3075 2584 proponit,
3131 2513 3182 2566 in
3218 2527 3325 2582 quo
3347 2524 3514 2581 penes

1920 2607 2100 2678 ipsmn
2159 2608 2572 2679 magniﬁeemur
2624 2606 2883 2662 ostendit.
2952 2603 3108 2660 Unde
3173 2604 3517 2672 omnipotens

1921 2717 2107 2759 sermo
2163 2717 2195 2756 a
2248 2701 2521 2773 regalibus
2571 2700 2789 2756 sedibus
2850 2699 3051 2753 dicitur
3104 2696 3320 2751 venisse
3354 2693 3513 2764 (Sep.

1920 2792 2228 2863 xvm,15).
2280 2793 2382 2860 Qui
2430 2793 2574 2847 enim
2643 2791 2783 2846 coelo
2839 2797 3093 2857 terraque
3132 2802 3237 2841 non
3281 2786 3513 2854 capitur,

1922 2885 2098 2955 majus
2131 2885 2267 2939 nihil
2327 2885 2523 2938 mirum
2576 2892 2660 2938 est
2689 2897 2853 2952 quam
2893 2881 3035 2950 quod
3065 2880 3117 2933 in
3150 2888 3305 2933 utero
3326 2875 3517 2947 puella:

1922 2973 2247 3043 concipitur.
2278 2971 2387 3027 Nec
2415 2973 2571 3037 alias,
2616 2980 2676 3024 nt
2706 2970 2837 3024 mihi
2861 2970 3095 3033 videtur,
3128 2968 3240 3037 ipse
3265 2967 3513 3035 omnipo-

1921 3064 2124 3120 tentior
2144 3073 2229 3118 est.
2253 3079 2414 3130 quam
2438 3063 2580 3132 quod
2608 3072 2876 3119 creatura:
2902 3060 3165 3116 Conditor
3184 3059 3325 3112 intra
3355 3072 3514 3111 crea-

1924 3165 2104 3210 turam
2135 3162 2427 3208 contentus
2482 3162 2587 3207 est.
2641 3151 2751 3208 Nec
2775 3167 2946 3221 usque
3010 3148 3331 3204 laudabilior
3352 3161 3512 3211 quam

1922 3246 2109 3313 inquo
2167 3243 2344 3298 factus
2394 3252 2474 3298 est
2526 3241 2867 3297 clementior.
2917 3240 3024 3295 Sed
3051 3240 3152 3294 hoc
3176 3240 3228 3292 in
3255 3238 3349 3292 Dei
3374 3236 3512 3291 civi-

1920 3340 2052 3396 tate,
2080 3332 2147 3387 de
2176 3347 2281 3401 qua
2305 3332 2510 3387 dicitur
2536 3348 2548 3384 :
2576 3328 2821 3385 Gloriosa
2851 3331 2993 3383 dicta
3020 3340 3139 3382 sunt
3164 3328 3228 3380 de
3258 3338 3306 3381 te
3335 3325 3509 3396 (Psal.

1918 3440 2128 3491 Luxu,
2154 3424 2231 3491 5),
2260 3424 2312 3478 in
2361 3439 2465 3491 qua
2510 3433 2671 3478 natus
2700 3432 2784 3477 est
2809 3424 2972 3480 homo
3009 3437 3131 3476 cum
3164 3436 3285 3475 eam
3314 3420 3508 3474 funda-

1918 3518 2057 3573 verit
2085 3517 2397 3573 Altissimus
2428 3518 2564 3587 ipse.
2598 3517 2663 3571 Et
2692 3517 2822 3586 quid
2868 3516 3158 3587 gloriosius
3216 3515 3320 3569 dici
3346 3515 3414 3567 de
3438 3528 3503 3568 ea

1916 3612 2092 3682 putuit
2114 3627 2277 3682 quam
2309 3611 2451 3680 quod
2483 3612 2791 3667 universam
2827 3608 3253 3681 regnicoelorum
3282 3607 3509 3677 gloriam

1917 3700 2056 3755 intra
2087 3715 2146 3755 se
2193 3699 2500 3755 continuit?
2538 3700 2602 3754 Et
2634 3700 2755 3768 quis
2796 3707 2879 3754 est
2936 3713 3092 3754 mons
3114 3696 3373 3753 civitatis.
3404 3694 3508 3750 nisi

1916 3792 2090 3848 Filius
2144 3791 2523 3862 virginitatis?
2571 3790 2693 3861 Ipse
2740 3790 2879 3859 lapis
2936 3790 3182 3845 abscisus
3231 3790 3296 3843 de
3325 3795 3509 3843 monte

1918 3884 2037 3941 sine
2062 3884 2333 3951 manibus,
2357 3883 2451 3953 qui
2496 3882 2737 3954 implevit
2762 3882 3071 3937 universam
3118 3890 3317 3937 terram
3340 3879 3506 3950 (Dan.

1918 3992 1983 4044 ιι,
2020 3977 2113 4042 st,
2137 3976 2254 4046 ss).

1988 4069 2116 4125 Haec
2140 4070 2398 4125 fundatur
2432 4070 2801 4127 exsultatione
2856 4070 3128 4125 universae
3154 4076 3313 4124 terrae
3335 4064 3510 4136 (Psal.

1918 4176 2089 4226 XLVII,
2128 4160 2209 4230 '5),
2244 4160 2369 4230 quia
2427 4176 2526 4230 per
2561 4170 2809 4218 sanctum
2863 4160 3124 4231 Spiritum
3176 4159 3228 4212 in
3279 4166 3512 4212 matrem

1917 4251 2216 4308 suscitatur
2242 4253 2338 4322 qui
2397 4259 2483 4308 est
2528 4253 2707 4308 oleum
2762 4252 2930 4307 totius
2966 4248 3351 4305 ecclesiasticae
3376 4245 3513 4300 laeti-

1919 4344 2028 4397 tite.
2067 4342 2223 4398 Unde
2266 4351 2351 4399 est
2380 4358 2397 4397 :
2430 4342 2715 4413 Accingere
2744 4342 2922 4412 gladio
2971 4351 3062 4395 tuo
3120 4353 3279 4407 super
3337 4336 3511 4406 {enitar

1920 4444 2067 4490 tuum
2099 4436 2452 4505 potentissime
2483 4435 2656 4506 (Psal.
2703 4449 2849 4499 xuv,
2884 4434 2962 4503 4).
2991 4430 3186 4487 Gladio
3223 4443 3386 4498 super
3438 4427 3514 4482 fe-

221 4530 338 4587 imo
364 4548 530 4603 quam
575 4534 756 4591 debite
809 4544 902 4592 tuo
957 4538 1100 4593 mala
1134 4540 1351 4608 corpori
1391 4538 1668 4605 inferrem,
1701 4555 1817 4609 qum

1926 4542 2048 4581 mur
2084 4528 2411 4598 accingitur,
2454 4529 2581 4583 dum
2635 4536 2897 4585 concreto
2943 4525 3044 4581 sibi
3102 4539 3199 4595 per
3244 4522 3509 4593 Spiritum

221 4622 604 4691 quotidianum
648 4625 845 4690 menti,
905 4627 1153 4693 auribus,
1202 4643 1267 4684 ac
1312 4628 1484 4684 oculis
1540 4629 1675 4684 meis
1707 4644 1811 4683 non

221 4712 435 4769 desinis
462 4714 706 4786 irrogare
729 4716 1008 4775 dolorem?
1040 4718 1140 4774 Ubi
1172 4720 1318 4776 enim
1347 4735 1378 4774 a
1400 4720 1677 4776 continuis
1706 4735 1811 4776 non

224 4812 389 4860 vacat
416 4814 511 4861 aut
564 4807 753 4864 tborus
791 4816 887 4865 aut
927 4824 1113 4866 mensa
1144 4811 1491 4877 raucoribus,
1527 4811 1656 4880 quid
1710 4812 1812 4865 ista

223 4910 391 4966 quam
440 4897 570 4955 mihi
626 4897 798 4957 infers
851 4901 1154 4957 hostilitate
1201 4902 1509 4960 crudelius?
1553 4902 1815 4957 Restabat

222 4988 446 5044 unicum
465 4989 595 5049 illud
618 4992 759 5061 spei,
789 4994 933 5061 quod
974 4994 1138 5065 Virgo
1170 4995 1264 5050 Dei
1299 5005 1478 5051 mater
1497 4996 1732 5065 aliquam
1759 4996 1813 5050 in

226 5089 280 5136 te
304 5081 640 5150 jacularetur
684 5083 934 5143 ultricem
962 5087 1312 5154 sententiam,
1340 5088 1437 5143 sed
1469 5088 1539 5143 ab
1559 5089 1663 5143 hac
1697 5104 1816 5143 om-

224 5172 491 5243 ninojam
519 5175 719 5243 decidi,
764 5178 877 5249 ipsa
933 5177 1078 5231 enim
1128 5178 1259 5231 mihi
1288 5179 1443 5245 dixit,
1461 5180 1606 5250 quod
1636 5179 1813 5249 ipsum

228 5266 354 5331 Ave,
382 5266 526 5336 quod
548 5268 653 5325 sibi
677 5269 1002 5340 depromere
1049 5284 1264 5340 quaque
1294 5271 1382 5325 die
1440 5285 1820 5342 prmoccupas,

228 5356 284 5411 in
318 5367 533 5413 tantum
581 5375 700 5416 eam
753 5361 1082 5428 demulceat,
1120 5370 1179 5417 ut
1202 5362 1406 5417 nullum
1434 5363 1526 5418 tibi
1562 5364 1816 5423 inconve-

226 5449 388 5509 niens
408 5452 613 5510 inferre
638 5455 955 5526 praevaleat.
988 5475 1010 5508 ι
1041 5456 1197 5523 Quod
1241 5455 1329 5510 illa
1356 5438 1603 5522 audiens,
1630 5466 1810 5512 utrum

136 5596 139 5599 λ
226 5556 421 5601 verum
467 5554 639 5614 esset,
688 5558 746 5603 et
793 5550 908 5604 hac
959 5549 1028 5606 ab
1056 5564 1120 5605 ea
1166 5549 1408 5606 audisset
1467 5551 1817 5621 argutissime

218 5648 623 5709 perscrutatur.
672 5641 828 5709 Quod
882 5658 946 5698 ea
993 5653 1294 5709 asserente,
1352 5643 1526 5699 altera
1587 5645 1810 5699 intulit:

224 5727 327 5785 tA
369 5730 549 5796 modo,
606 5732 704 5797 ait,
763 5734 979 5789 noveris
1034 5735 1176 5804 quod
1222 5734 1533 5791 nullatenus
1586 5738 1815 5792 maritus

225 5830 357 5881 tuus
383 5824 752 5898 medeinoeps
790 5827 861 5884 ad
907 5828 983 5884 tui
1030 5826 1295 5899 injuriam
1324 5838 1611 5894 eoutetur,
1656 5836 1716 5886 et
1745 5828 1822 5885 illi

1920 4631 2172 4676 sanctum
2222 4636 2451 4691 corpore
2496 4622 2999 4686 circumscribitur;
3029 4628 3083 4674 et
3112 4620 3214 4673 hoc
3247 4634 3410 4689 super
3434 4617 3514 4672 fe-

1920 4732 2063 4781 mur,
2102 4715 2228 4785 quia
2255 4730 2323 4770 ex
2347 4715 2634 4772 divinitate
2666 4716 2923 4786 praecedit
2961 4714 3223 4785 quidquid
3259 4729 3325 4768 ex
3359 4713 3511 4785 geni—

1922 4814 2056 4868 trice
2084 4811 2217 4868 foris
2244 4812 2560 4866 assumitur.
2591 4811 2714 4865 Hoc
2753 4812 2919 4865 etiam
2947 4809 3081 4866 facit
3109 4809 3511 4887 potentissime,

1921 4906 2058 4963 nihil
2102 4906 2291 4977 utique
2340 4905 2513 4976 magis
2562 4919 2723 4973 quam
2751 4904 2893 4973 quod
2935 4905 2997 4959 fit
3043 4919 3242 4974 parvus
3293 4904 3347 4957 in
3394 4900 3515 4956 Vir-

1921 4999 2062 5069 gine.

1998 5090 2154 5145 Mons
2178 5090 2331 5146 Sion.
2390 5098 2560 5145 latera
2606 5089 2893 5159 aquilonis,
2947 5088 3126 5141 cimlus
3152 5084 3309 5155 Regis
3338 5085 3514 5151 magni

1923 5181 2100 5252 (Psal.
2146 5200 2314 5251 vau,
2365 5184 2442 5255 5).
2487 5183 2545 5239 Si
2602 5184 2798 5238 civitas
2860 5179 2953 5234 Dei
3005 5186 3090 5232 est
3146 5179 3197 5232 in
3244 5176 3517 5246 qua'Deus

1921 5274 2163 5340 habitat,
2216 5276 2498 5330 videamus
2551 5276 2695 5330 idem
2746 5272 3025 5327 habitator
3080 5267 3221 5322 unde
3266 5273 3501 5322 constat.

1926 5367 2111 5435 Mons,
2157 5368 2203 5423 si
2246 5368 2503 5424 divinitas
2559 5367 2910 5436 intelligitur,
2963 5369 3362 5431 consequenter
3428 5359 3512 5413 la-

1924 5471 2041 5517 tera
2127 5460 2403 5531 aquilonis
2474 5459 2784 5515 humanitas
2845 5454 3192 5526 appellatur:
3233 5453 3285 5507 in
3340 5450 3513 5507 excel-

1922 5553 2146 5608 lentiam
2180 5567 2417 5623 namque
2460 5552 2678 5608 deitatis
2726 5550 2907 5604 omnis
2956 5548 3122 5619 308
3171 5547 3315 5602 acies
3356 5545 3513 5615 Spiri-

1924 5644 2149 5699 tualium
2188 5645 2567 5714 nititur,'quia
2620 5643 2751 5700 Sion
2777 5640 3148 5712 contemplatio
3185 5640 3511 5708 interpreta-

1928 5746 2034 5791 tur.
2097 5735 2289 5792 Latera
2339 5736 2609 5807 aquilonis
2652 5734 3084 5806 improvidentiaa
3124 5740 3253 5787 sunt
3305 5728 3511 5798 antiqui

1924 5828 2121 5887 hostis.
2144 5828 2418 5901 Quidquid
2466 5829 2613 5888 enim
2649 5844 2680 5885 a
2715 5827 2888 5885 latere
2912 5835 3023 5895 est,
3057 5826 3112 5881 in
3142 5820 3388 5895 profectu
3409 5820 3509 5876 mi-
