4038 6330
618 338 724 394 5⁸15

1414 334 1473 396 ν.
1510 337 1837 399 GUIBERTI
1875 335 2167 394 ABBATIS
2214 335 2275 394 S.
2317 332 2558 394 MARIAE
2601 338 2689 396 DE
2727 338 3128 399 NOVIGENTO

3769 349 3842 414 εκ

616 470 720 511 nus
749 464 832 512 est
863 472 877 510 :
930 453 989 509 Si
1034 454 1170 508 enim
1214 455 1591 525 cognovissent,
1622 472 1890 526 nunquam
1919 453 2204 509 Dominum
2233 453 2280 511 A
2308 461 2427 507 reat
2484 468 2547 508 ac
2577 454 2621 509 si
2659 455 2924 511 radicitus
2958 458 3180 512 haereat.
3248 456 3427 528 \‘irgo
3465 460 3641 516 radice
3694 473 3839 538 caruit,

615 547 799 620 gloria:
846 548 1220 613 cruciﬁxissent
1271 545 1324 615 (Ι
1355 546 1477 602 Cor.
1525 546 1691 617 11,8).
1745 547 1899 603 Unde
1943 557 1998 602 et
2040 548 2204 602 homo

618 650 810 710 captus
844 640 1063 705 dicitur,
1098 639 1224 708 quia
1264 654 1363 694 suo
1414 640 1617 709 impetu
1652 640 1885 710 ignavia
1912 639 2201 695 addicitur.

620 730 775 787 Mons
793 746 922 802 ergo
960 740 1013 785 et
1063 731 1239 787 latera
1295 732 1570 803 aquilonis
1622 733 1765 787 Deus
1785 741 1891 798 est,
1921 742 1975 786 et
1998 734 2207 803 integu-

616 832 859 879 mentum
889 824 1153 893 corporis,
1213 839 1322 894 quo
1350 824 1558 880 fallitur
1589 825 1824 880 aviditas
1859 840 2001 880 caeca
2033 824 2205 879 latro-

618 916 723 970 nis.
747 914 814 969 Et
836 931 1004 985 quare
1054 932 1160 972 non
1208 917 1373 984 latus,
1414 918 1509 973 sed
1536 918 1754 973 latera?
1784 918 1921 984 Quia
1946 918 2052 973 duo
2082 926 2209 972 sunt

618 1007 676 1062 in
706 1008 905 1079 quibus
947 1010 1051 1065 sibi
1094 1010 1431 1079 improvidus
1482 1010 1603 1065 fuit.
1661 1010 1930 1075 Alterum,
1975 1009 2117 1079 quod
2142 1026 2208 1065 ex

619 1098 864 1156 indebita
902 1101 996 1155 Dci
1038 1100 1162 1155 Filii
1204 1103 1523 1171 pervasione
1562 1100 1672 1170 jus.
1720 1101 1861 1172 quod
1913 1102 2211 1171 usurpabat

623 1189 680 1244 iu
711 1190 985 1256 homines,
1024 1178 1284 1259 perdebat
1309 1193 1623 1263 antiquum;
1650 1192 1882 1247 alterum
1911 1191 2055 1260 quod
2084 1190 2213 1245 sub-

625 1281 806 1337 iturus
840 1292 960 1337 erat
984 1292 1110 1337 ante
1151 1293 1360 1354 tempus
1404 1299 1645 1352 perenne
1685 1291 2039 1338 tormentum.

698 1373 779 1426 Ad
824 1374 966 1432 Itane
997 1376 1277 1430 civitatem
1322 1376 1601 1431 conﬂuunt
1625 1376 1718 1444 qui
1745 1375 1797 1428 in
1828 1375 2007 1430 omnis
2035 1373 2215 1428 crimi-

629 1464 716 1520 nis
737 1464 1101 1538 labyrinthum
1132 1469 1459 1538 praeruptius
1516 1478 1700 1522 ruunt.
1734 1467 1861 1522 Istic
1901 1465 2216 1536 alienigenae

631 1567 760 1612 sunt
813 1559 903 1628 qui
947 1575 1112 1631 regno
1165 1562 1429 1617 ctelorum
1471 1562 1579 1615 vim
1613 1559 1843 1623 faciunt,
1875 1557 2113 1626 factique
2131 1556 2216 1626 pie

628 1646 852 1703 violenti
896 1650 1157 1720 diripiunt
1215 1650 1435 1721 (Matth.
1470 1668 1555 1716 XI,
1586 1651 1695 1720 12).
1728 1649 1857 1703 Istic
1890 1648 2085 1719 Tyrus,
2126 1648 2219 1716 qui

626 1738 897 1809 repellunt
923 1754 1084 1795 omne
1112 1740 1416 1810 pondus,et
1441 1742 1804 1795 circumstans
1831 1754 1890 1793 se
1912 1745 2215 1807 peccatum.

2308 542 2435 611 quia
2489 543 2555 598 ad
2610 545 3022 614 concipiendum
3078 546 3181 602 Dei
3258 546 3467 603 Filium
3519 566 3641 607 usus
3684 561 3845 618 omnino

2309 644 2516 689 naturae
2542 635 2761 691 defecit.
2802 638 2884 692 Ab
2911 637 3146 693 humana
3178 655 3320 710 ergo
3350 640 3481 694 dum
3524 658 3687 698 massa
3712 652 3842 704 succi-

2310 725 2478 791 ditur,
2514 728 2841 784 humilitatis
2880 739 3026 784 terra
3056 729 3297 787 inferius
3329 731 3630 789 introrsum
3655 737 3849 798 videlicet

2312 816 2599 888 sepelitur,
2646 830 2835 875 sancto
2886 822 3093 891 pariter
3135 821 3354 893 Spiritu
3398 824 3851 887 ItttmectaturJndc

2312 905 2514 961 candor
2536 906 2733 962 divinae
2791 908 2939 964 illius
3002 910 3380 967 humanitatis
3436 916 3851 988 cgreditur,cujus

2315 998 2553 1054 fidelium
2599 1002 2927 1058 universitas
2950 1003 3219 1074 singulari
3256 1006 3437 1060 odore
3464 1007 3717 1072 nutritur,
3736 1010 3846 1079 cujus

2314 1089 2439 1147 folia
2476 1094 2717 1163 repanda
2748 1104 2953 1164 patent,
3003 1096 3131 1166 quia
3185 1096 3465 1151 virtutum
3504 1097 3665 1167 ipsius
3691 1102 3851 1158 clama

2315 1185 2472 1240 dines
2496 1186 2562 1239 ad
2590 1197 2776 1241 nostra
2804 1202 2866 1242 se
2904 1188 3151 1257 exempla
3182 1199 3540 1259 retorquent.
3576 1190 3855 1248 Subtilissimi

2318 1275 2466 1330 intus
2494 1275 2826 1343 virgularum
2859 1279 3051 1333 radioli
3076 1295 3313 1334 aureum
3345 1280 3585 1335 colorem
3612 1283 3853 1351 praeferunt,

2318 1365 2445 1435 quia
2474 1382 2663 1421 onmes
2689 1366 2807 1437 ejus
2836 1378 3016 1424 motus
3041 1370 3336 1425 intrinseci
3363 1386 3614 1439 superine
3639 1374 3853 1442 sapientia

2318 1457 2546 1529 gloriam
2573 1470 2845 1530 promunt.
2904 1462 3057 1518 Unde
3094 1478 3221 1532 quae
3279 1462 3408 1517 sine
3461 1463 3688 1518 humano
3709 1468 3858 1521 semine

2318 1563 2417 1618 per
2475 1548 2736 1619 Spiritum
2786 1553 3141 1622 germinavit,
3215 1568 3321 1623 per
3373 1554 3621 1609 eumdem
3666 1554 3768 1609 Filii
3803 1559 3857 1609 sui

2322 1640 2567 1695 membra
2598 1642 2951 1710 germinabit,
2989 1642 3039 1697 id
3071 1652 3157 1697 est
3208 1642 3487 1711 germinis
3534 1656 3683 1697 causa
3702 1652 3858 1699 constt-

2321 1728 2421 1784 bit.
2464 1729 2795 1786 Laetabunda
2851 1732 3089 1787 exsultat
3140 1734 3343 1805 (Ibid.,
3376 1734 3461 1802 2),
3492 1752 3610 1791 cum
3660 1753 3748 1791 non
3786 1749 3858 1793 tam

633 1804 791 1889 Unde
820 1842 876 1888 et
905 1834 1086 1904 Tyrus
1114 1804 1518 1905 interpretatur
1557 1833 1824 1903 angustia.
1873 1804 1969 1885 Hic
1992 1829 2221 1899 papulus
2254 1804 2296 1861 Β
2325 1821 2569 1877 laetitiam
2598 1840 2759 1893 quam
2798 1804 3213 1882 similitudinem
3247 1827 3461 1883 laetitia:
3500 1829 3723 1884 exterius
3765 1830 3858 1884 alle-

632 1921 951 1994 IEthiopum
986 1923 1160 1996 (Psal.
1186 1941 1407 1991 Lxxxw,
1445 1925 1524 1996 4),
1560 1919 2224 1993 nigrividelicetfuligine

631 2025 1009 2085 peccatorum,
1062 2016 1324 2086 quidquid
1381 2023 1464 2070 est
1515 2014 1759 2084 peccatis
1807 2010 2123 2075 immanius,
2157 2009 2223 2061 ad

632 2104 794 2173 hujus
819 2106 1121 2162 benedicta:
1159 2108 1417 2162 tutiorem
1466 2105 1616 2161 omni
1674 2104 1896 2159 civitate
1961 2102 2138 2156 sinum
2168 2112 2227 2154 se

632 2196 907 2269 immergit
933 2200 1248 2269 proclivius.
1278 2200 1344 2254 Et
1374 2201 1486 2270 ipsa
1514 2210 1597 2255 est
1634 2199 1849 2264 civitas,
1889 2197 1943 2251 in
1992 2211 2099 2266 qua
2133 2193 2224 2266 qui

630 2302 730 2358 per
753 2287 1007 2342 allectum
1033 2304 1140 2343 non
1163 2288 1436 2353 habitant,
1475 2288 1676 2343 nullius
1722 2286 1986 2341 momenti
2023 2286 2228 2342 habent

633 2378 796 2434 vitas.
822 2380 953 2446 Qure
987 2395 1205 2451 quoque
1243 2380 1541 2436 laetantium
1563 2382 1808 2436 omnium
1833 2389 1915 2435 est
1937 2379 2128 2450 (Ibid.,
2148 2380 2225 2450 7),

636 2471 764 2540 quia
795 2487 1134 2541 qumcunque
1166 2472 1233 2526 ad
1263 2472 1409 2527 illam
1465 2472 1769 2542 piissimam
1801 2470 2231 2540 prmcordialiter

640 2575 703 2617 se
743 2562 964 2631 ingerit,
1007 2564 1281 2634 gaudiosre
1333 2565 1447 2633 spei
1491 2580 1681 2620 exsors
1711 2579 1817 2620 non
1855 2571 1959 2618 est.
2014 2564 2075 2617 Et
2109 2578 2231 2633 qua:

639 2657 768 2705 sunt
795 2661 966 2721 porta:
1005 2651 1160 2719 Sion,
1202 2669 1338 2723 quas
1392 2653 1567 2724 diligit
1625 2654 1886 2709 Dominus
1932 2651 2122 2723 (lbid.,
2147 2652 2227 2720 2),

642 2741 750 2796 nisi
776 2752 996 2798 aeternae
1026 2744 1384 2814 virginitatis,
1436 2759 1596 2813 quem
1650 2745 1823 2814 pritna
1856 2742 2233 2812 liabuitappe-

643 2837 799 2902 titus,
828 2835 960 2891 nulli
991 2838 1357 2906 comparanda
1404 2837 1457 2891 in
1491 2844 1640 2890 tanta
1679 2834 2018 2890 sublimitate
2059 2834 2234 2889 ltumi-

642 2923 808 2981 litas:
841 2925 1233 2981 transcendens
1276 2925 1457 2981 omnia
1512 2926 1635 2980 ﬁdei
1680 2940 1743 2979 ac
1766 2924 2092 2979 obedientia:
2124 2924 2235 2978 vir-

647 3019 767 3075 tus?
801 3018 940 3086 Quid
980 3030 1065 3075 est
1092 3019 1246 3085 Sion,
1273 3019 1376 3074 nisi
1408 3018 1579 3090 ipsius
1598 3017 1915 3073 felicissima
1952 3018 2152 3083 anima,
2178 3017 2233 3071 in

645 3123 755 3181 qua
794 3110 1194 3180 supereminuit
1218 3109 1335 3179 ejus
1357 3110 1605 3184 quemin
1651 3123 1710 3165 se
1738 3108 2008 3164 continuit
2039 3106 2235 3162 divinae

2327 1921 2464 1967 ctat.
2496 1912 2707 1968 Laudat
2739 1930 2865 1970 vero
2888 1932 3009 1970 cum
3041 1917 3312 1973 inell'abili
3355 1919 3529 1973 Deum
3585 1920 3779 1975 interius
3798 1937 3859 1974 so-

2327 2005 2564 2060 noritate
2614 2006 2906 2076 gloriﬁcat.
2982 2007 3138 2064 L'nde
3215 2010 3544 2081 magniﬁcat
3593 2011 3698 2081 ejus
3735 2013 3858 2066 anima

2328 2093 2643 2162 Dominum,
2669 2106 2725 2151 et
2774 2098 3011 2153 exsultat
3054 2100 3287 2170 spiritus
3318 2100 3442 2169 ejus
3486 2101 3539 2156 in
3568 2102 3669 2157 Deo
3689 2101 3810 2170 (Luc.
3832 2120 3857 2165 l,

2326 2185 2418 2251 46,
2449 2185 2566 2258 47),
2590 2189 2733 2257 quod
2766 2198 2849 2243 est
2879 2189 3110 2259 psallere
3150 2191 3381 2261 spiritu,
3415 2192 3639 2262 psallere
3659 2203 3707 2248 et
3732 2203 3860 2249 mente

2329 2277 2383 2349 (I
2416 2278 2541 2336 Car.
2567 2295 2679 2347 xw,
2718 2280 2828 2352 15).

2401 2368 2587 2424 Gloria
2616 2371 2804 2426 Libani
2850 2376 2983 2428 data
3027 2386 3102 2430 est
3132 2378 3179 2431 ei
3215 2376 3364 2440 (Isa.
3390 2395 3554 2435 xxxv.
3595 2379 3666 2442 Ξ).
3688 2379 3861 2433 Libanus

2330 2460 2532 2515 dicitur
2557 2464 2777 2520 candor.
2809 2464 2993 2520 Gloria
3036 2466 3233 2523 Libani
3295 2470 3539 2527 caelestis
3585 2479 3659 2527 est
3698 2471 3855 2541 specio-

2332 2552 2466 2607 sitas
2500 2555 2674 2625 regni.
2713 2555 2841 2612 Haec
2871 2556 3106 2614 domina:
3152 2560 3237 2615 illi
3288 2561 3592 2618 benedictae
3641 2562 3860 2632 specialius

2334 2642 2517 2711 datur,
2544 2648 2630 2700 cui
2664 2647 2781 2718 ipse
2808 2647 2928 2703 Rex
2977 2650 3163 2721 gloriae
3214 2654 3601 2725 principaliter
3640 2653 3855 2715 obnoxius,

2332 2751 2400 2791 ex
2436 2738 2673 2807 propriae
2722 2739 2905 2795 carnis
2942 2740 3237 2797 collatione
3298 2745 3648 2816 dignoscitur.
3674 2743 3730 2798 Et
3765 2741 3856 2811 quid

2335 2829 2390 2884 in
2418 2830 2558 2885 ccelo
2592 2832 2643 2885 ei
2672 2846 2781 2886 non
2806 2833 3319 2905 obtemperat,cum
3351 2838 3469 2907 ipsa
3492 2853 3587 2893 suo
3608 2844 3658 2892 et
3676 2834 3855 2891 omnium

2334 2921 2579 2977 Creatori
2609 2939 2675 2979 ex
2717 2934 2872 2995 parte
2904 2941 3043 2996 pene
3080 2928 3359 3000 imperat?
3387 2931 3532 2986 Deus
3558 2929 3709 2984 bone!
3729 2940 3855 2994 quan-

2338 3022 2449 3069 tum
2478 3017 2676 3073 mentis
2732 3018 2785 3072 in
2840 3019 2931 3075 illa
2978 3020 3185 3076 femina
3235 3032 3347 3088 est,
3386 3037 3530 3093 qum,
3554 3021 3669 3076 licet
3685 3031 3853 3089 propor-

2339 3108 2638 3175 tionaliter,
2688 3111 2932 3165 divinum
2991 3114 3254 3182 quiddam
3311 3123 3427 3169 tota
3481 3121 3581 3169 est.
3606 3110 3855 3167 Etiutem

645 3179 1038 3272 speculationis
1090 3202 1300 3272 gloria?
1355 3202 1460 3257 Per
1502 3180 1600 3257 Iias
1656 3201 1951 3257 exterioris
1997 3200 2234 3271 exempli
2263 3179 2307 3241 (ἶ
2342 3200 2500 3255 datur
2532 3203 2582 3256 ci
2605 3203 2770 3257 decor
2810 3179 3048 3259 Carmeli
3078 3196 3134 3261 et
3180 3207 3363 3263 Saron
3396 3204 3601 3278 (lbid.).
3625 3197 3852 3260 Carmelus,

648 3298 838 3363 portas
885 3303 1069 3347 nostra
1102 3293 1338 3349 addiscit
1378 3292 1735 3363 intelligentia
1786 3301 1990 3364 quanta
2035 3294 2088 3347 in
2120 3294 2239 3364 ejus

648 3382 895 3438 interiori
922 3384 1108 3439 habitu
1168 3384 1405 3455 viguerit
1448 3384 1687 3439 caelestis
1718 3385 2022 3440 urbanitas.
2041 3383 2150 3439 Nec
2171 3384 2238 3438 ad

648 3475 750 3532 bas
772 3474 939 3531 Jacob
969 3477 1320 3533 tabernacula
1368 3478 1553 3533 valent
1575 3476 1791 3549 (Ibid.),
1816 3481 1941 3549 quia
1983 3494 2243 3549 qutecun-

580 3620 585 3627 ,
651 3581 758 3635 que
794 3567 1038 3621 exterius
1062 3576 1392 3623 exercentur
1427 3568 1799 3637 perfunctoria
1848 3578 2001 3635 sunt,
2032 3579 2087 3624 et
2127 3568 2241 3638 spi-

653 3659 871 3713 ritualia
905 3660 1283 3729 corporalibus
1339 3661 1659 3730 neutiquam
1697 3659 2065 3730 aequipollent.
2100 3659 2243 3714 Prte-

654 3750 843 3805 sertim
897 3766 1018 3805 cum
1056 3752 1174 3821 ejus
1230 3751 1583 3807 fundamenta
1628 3751 1833 3806 fuerint
1867 3752 1920 3805 in
1969 3752 2243 3807 montibus

655 3844 861 3898 sanctis
892 3842 1083 3914 (Ibid.,
1112 3844 1196 3912 1),
1248 3844 1303 3899 id
1326 3852 1410 3900 est
1468 3860 1592 3900 cum
1630 3844 1929 3908 Abraham,
1952 3844 2121 3909 Isaac,
2147 3841 2240 3898 Ja-

656 3936 790 4002 cob,
830 3935 998 3991 David
1060 3946 1264 4006 patres,
1312 3952 1379 3991 ex
1426 3936 1625 4006 quibus
1676 3936 1945 4001 Christus,
1986 3952 2093 3991 non
2133 3946 2242 3991 tam

656 4029 1023 4096 caeremoniis,
1049 4044 1213 4098 quam
1242 4029 1514 4099 spirituali
1538 4029 1883 4085 benedictam
1909 4030 2051 4084 hanc
2076 4027 2243 4084 ﬁliam

661 4134 819 4175 suam
841 4120 1039 4175 virtute
1062 4120 1461 4189 praecesserint.

732 4211 909 4283 Igitur
960 4213 1170 4268 laetetur
1208 4213 1412 4267 deserta
1445 4222 1494 4267 et
1533 4214 1673 4267 inuia
1714 4213 1852 4283 (Isa.
1879 4229 2045 4280 xxxv,
2079 4214 2152 4283 I).
2176 4213 2245 4284 Et

656 4304 787 4377 quid
817 4304 989 4360 Maria
1039 4304 1334 4367 desertius,
1398 4303 1553 4371 cujus
1606 4304 1674 4359 ad
1723 4303 1898 4358 instar
1949 4304 2126 4375 angeli
2175 4305 2244 4360 ab

654 4394 803 4452 omni
840 4411 1001 4452 sensu
1044 4394 1332 4465 voluptatis
1382 4393 1621 4449 extorris
1673 4392 1776 4447 fuit
1816 4395 2069 4449 animus?
2104 4393 2244 4461 Quid

658 4488 834 4558 magis
864 4487 1094 4552 invium,
1135 4501 1255 4553 qua:
1306 4501 1582 4555 nunquam
1636 4493 1819 4541 mente
1852 4485 2133 4540 admiserit
2160 4485 2246 4540 vel

658 4579 832 4644 ipsius
882 4580 1139 4650 legitlmte
1214 4580 1621 4651 coniugationis
1686 4581 2008 4636 assensum?
2062 4580 2247 4636 Potest

661 4672 820 4741 plane
851 4672 905 4726 in
931 4683 1113 4727 mente
1159 4673 1461 4742 cujuspiam
1512 4686 1708 4727 vacare
1738 4672 2026 4742 appetitus,
2056 4680 2109 4727 et
2147 4686 2245 4741 pa-

663 4772 781 4819 tere
806 4770 986 4817 tamen
1011 4765 1111 4818 viae
1130 4764 1397 4819 maritalis
1427 4764 1715 4819 adventus.
1754 4762 1908 4819 Unde
1948 4764 2199 4834 sequitur
2230 4782 2244 4819 :

662 4853 734 4910 Et
762 4854 1041 4910 exsultabit
1069 4858 1295 4911 solitudo
1321 4856 1535 4926 (Ibid.).
1567 4855 1698 4922 Qua:
1757 4861 1974 4911 deserta
2003 4856 2107 4911 fuit
2153 4871 2250 4926 per

661 4944 1178 5018 impassibilitatem,
1232 4946 1377 5001 invia
1445 4945 1607 5001 etiam
1668 4961 1768 5016 per
1819 4946 2093 5001 licitorum
2119 4961 2252 5003 con-

662 5037 1145 5109 temptibilitatem,
1196 5038 1249 5092 in
1300 5044 1448 5092 tanta
1488 5037 1782 5093 solitudine
1833 5038 1947 5106 jam
1990 5038 2247 5109 exsultat,

659 5133 786 5205 quia
825 5132 943 5189 sine
973 5130 1395 5204 prtecedentium
1447 5145 1513 5185 ac
1564 5129 1975 5186 succedentium
2001 5131 2251 5201 exemplo

659 5237 891 5283 constat.
925 5226 1081 5284 Unde
1130 5235 1188 5282 et
1230 5227 1446 5283 beatam
1491 5240 1550 5281 se
1577 5224 1864 5280 dicendam
1906 5224 1972 5279 ab
2001 5223 2250 5278 omnibus

634 5318 1108 5387 generationibus
1129 5325 1315 5372 cantat
1370 5315 1528 5387 (Luc.
1562 5329 1602 5381 ι,
1626 5314 1740 5386 48).
1770 5314 1899 5379 Quae
1939 5315 2084 5368 enim
2116 5313 2252 5368 adeo

663 5408 909 5464 solitaria
929 5426 1092 5479 quam
1135 5410 1226 5466 illa
1271 5425 1395 5480 quae
1436 5417 1610 5465 totum
1641 5406 1788 5479 quod
1808 5415 1893 5462 est
1920 5406 1973 5460 in
2004 5414 2253 5461 creatura

662 5500 1009 5572 praetervolat
1024 5503 1049 5555 ?

740 5591 809 5647 Et
857 5592 1061 5662 ﬂarebit
1110 5597 1261 5664 quasi
1311 5594 1483 5650 lilium
1515 5593 1654 5666 (Ira.
1712 5608 1879 5662 xxxv,
1924 5591 1999 5664 I).
2051 5591 2254 5648 Natura

666 5686 767 5742 lilii
790 5693 876 5742 est
897 5696 959 5741 ut
997 5686 1215 5741 desecto
1268 5688 1381 5743 solo
1420 5696 1579 5744 tenus
1608 5688 1793 5758 stipite
1821 5686 1867 5743 si
1897 5695 2041 5743 terra
2064 5684 2254 5742 obvol-

670 5788 853 5852 vatur,
881 5787 976 5838 aut
1002 5793 1158 5851 aqua:
1178 5778 1247 5837 ab
1282 5779 1393 5838 imo
1412 5848 1417 5853 1
1438 5778 1726 5852 inferatur,
1755 5796 1912 5840 coma
1955 5778 2073 5853 ejus
2104 5777 2255 5841 cillo-

2343 3293 2569 3363 cognitio
2616 3294 3052 3363 circumcisionis,
3079 3296 3255 3354 Saron
3280 3300 3521 3370 princeps
3544 3294 3758 3349 tristitie.
3784 3288 3854 3342 Per

2342 3381 2673 3454 Carmelum,
2693 3386 2901 3456 justos;
2937 3404 3035 3459 per
3058 3388 3260 3456 Saron,
3297 3389 3542 3459 intellige
3577 3384 3850 3457 ρωηῑιευιεεο

2342 3470 2613 3543 Loquitur
2635 3476 2781 3531 enim
2809 3476 2952 3533 Deus
2971 3494 3154 3548 pacem
3180 3496 3345 3550 super
3379 3488 3583 3535 sanctos
3622 3489 3743 3535 suos,
3766 3480 3799 3523 et
3818 3467 3852 3519 in

2343 3579 2430 3617 eos
2478 3566 2569 3635 qui
2614 3577 2989 3622 convertuntur
3031 3570 3101 3622 ad
3148 3585 3240 3623 cor
3269 3567 3449 3641 (Psal.
3484 3555 3853 3629 Lxxxtv,9).C0-

2346 3655 2515 3727 gnitio
2569 3658 3008 3716 circumcisionis
3061 3662 3406 3733 experientia
3459 3668 3541 3718 est
3604 3647 3850 3711 omnimodz

2347 3748 2603 3804 vitiorum
2650 3750 2994 3818 abscisionis,
3018 3753 3136 3815 ,hoc
3157 3754 3224 3809 ad
3253 3761 3499 3810 sanctos.
3521 3747 3764 3815 Principes
3782 3754 3844 3794 au-

2348 3848 2454 3896 tem
2502 3842 2740 3899 tristitia:
2791 3853 2939 3910 sunt,
2986 3860 3217 3915 quorum
3273 3860 3415 3900 unus
3440 3842 3558 3897 ait:
3594 3836 3720 3893 Venit
3742 3829 3849 3884 lem

2344 3944 2641 4003 peccatores
2685 3936 2861 3992 salvos
2944 3938 3140 4007 facere,
3188 3952 3417 4007 quarunt
3468 3933 3651 3999 prima:
3681 3934 3850 3994 agam

2347 4024 2401 4097 (Ι
2432 4025 2592 4095 Tim.,
2624 4043 2661 4090 ι,
2689 4027 2800 4100 15).
2842 4027 3111 4084 EIfeclum
3140 4038 3325 4084 autem
3353 4040 3452 4099 pro
3473 4034 3627 4079 causa
3646 4008 3845 4086 ponendo,

2350 4117 2572 4172 tristitia
2598 4128 2883 4188 peccatum
2905 4128 3012 4176 est.
3066 4120 3330 4176 Tristitia:
3352 4131 3483 4188 ergo
3509 4119 3627 4169 sunt
3648 4100 3848 4188 Ρτίηείνθῗ

2346 4209 2438 4280 qui
2465 4226 2526 4266 se
2553 4184 2660 4267 non
2701 4210 3000 4267 dimtentur
3038 4212 3384 4283 potissimum
3416 4184 3715 4279 peccatores.
3740 4184 3845 4257 il"0d

2348 4310 2522 4357 totum
2558 4312 2643 4358 est
2691 4302 2918 4359 dicere:
2954 4303 3229 4372 Quidquid
3288 4304 3565 4358 innocens,
3587 4299 3635 4346 et
3660 4287 3847 4358 peccaW

2348 4393 2619 4463 paenitens
2644 4393 2714 4449 ad
2740 4394 2928 4467 Deum
2974 4403 3203 4465 possunt
3232 4395 3432 4450 habere
3478 4382 3684 4444 decoris,
3725 4380 3839 4469 to“?!

2280 4524 2325 4579 Β
2350 4486 2432 4540 sui
2450 4485 2578 4541 boni
2604 4464 2870 4555 originem
2921 4464 2985 4542 ad
3027 4486 3259 4557 gratiam
3289 4485 3525 4541 referant
3550 4482 3692 4532 tanta:

2353 4578 2538 4644 tricis;
2571 4594 2690 4649 quae
2704 4579 2808 4634 nisi
2840 4579 2919 4634 sic
2942 4578 3241 4651 genuisset,
3260 4580 3340 4635 sic
3355 4578 3546 4648 justus,
3559 4568 3628 4624 sic
3644 4561 3837 4653 ρσξιιῐξαξ

2350 4669 2675 4741 nullo309
2689 4670 2849 4726 modo
2872 4649 3255 4743 splenduisset.
3280 4671 3346 4726 lli
3367 4663 3531 4723 visuri
3550 4663 3659 4716 sunt
3678 4649 3838 4749 glutinat“

2353 4734 2731 4833 Domini'U'sa.
2756 4734 2925 4829 xxxv,
2953 4734 3035 4833 ἒ),
3057 4763 3183 4833 quia
3206 4762 3378 4828 illam,
3410 4759 3463 4815 in
3478 4751 3616 4822 cuius
3629 4739 3737 4836 υίῗῗί

2351 4857 2493 4912 lamo
2526 4832 2733 4912 desuis
2758 4832 3021 4926 gloriatus
3065 4832 3151 4912 est
3178 4855 3404 4926 nuptiis,
3430 4862 3544 4906 cum
3579 4839 3651 4896 sui
3673 4832 3835 4889 Christi.

2351 4958 2407 5004 et
2437 4964 2625 5005 eorum
2652 4962 2787 5017 quos
2824 4948 3051 5004 redemit
3106 4946 3289 5004 fructu
3346 4951 3471 5001 sunt
3494 4934 3675 4993 visione

2354 5051 2444 5096 tua
2494 5041 2851 5111 complexuri.
2911 5039 3095 5095 Visuri
3144 5040 3311 5095 etiam
3363 5041 3485 5093 sunt
3539 5004 3830 5111 ἁθεοτειηίξξξ

2356 5130 2526 5186 nostri
2551 5129 2603 5201 (1
2609 5103 2766 5199 liid.),
2787 5129 2959 5199 ipsam
2985 5129 3193 5185 scilicet
3205 5128 3318 5199 jam
3341 5120 3659 5184 clariﬁcatam
3675 5103 3828 5160 eam”

2354 5222 2442 5279 cui
2470 5223 2580 5277 Deo
2614 5220 2848 5293 prepitio
2879 5220 3214 5276 merebimur
3235 5207 3568 5277 conformari.

2372 5374 2381 5381 ,
2941 5312 3167 5370 CAPUT
3206 5312 3342 5371 XIV.

2429 5407 2848 5504 ‘P°‘{’°P"€_“"
2879 5406 2944 5504 ξς·
2982 5404 3269 5504 eam
3291 5433 3358 5504 τ-
3382 5372 3823 5504 ριίιξξιέξῑδὲξξςρῑῗξῖ

2355 5465 2546 5556 omnes
2575 5465 2855 5554 benedicta
2885 5465 3136 5563 femina's,
3160 5497 3217 5551 in
3249 5496 3352 5551 tuis
3381 5483 3604 5547 lattdibns
3627 5465 3820 5596 “mf:

2357 5592 2424 5648 ad
2458 5601 2507 5646 te
2539 5591 2756 5645 tandem
2782 5590 2909 5645 licet
2935 5604 3096 5659 supra
3133 5589 3347 5689 modum
3373 5562 3817 5689 peccilll‘l’glvnm:

2362 5682 2535 5736 tiones
2564 5696 2629 5736 ac
2659 5681 2821 5736 verba
2849 5654 3237 5735 convertimus.
3275 5654 3530 5733 Desiderio
3554 5654 3740 5715 now!)a

2358 5773 2720 5845 laudandam,
2760 5772 2829 5833 ad
2872 5780 2924 5830 te
2969 5769 3424 5845 οοιιψιεειεηάαω
3460 5746 3715 5821 satisfacere
3741 5730 3811 5781 ¹¹⁰¹¹
