4038 6330
121 342 262 399 5'3"!

1429 334 1518 389 DE
1544 332 1771 390 LAUDE
1810 330 1871 392 S.
1908 328 2167 388 MARIIE.

3344 342 3452 397 ωδ

136 468 505 529 possumus,
530 467 563 509 a
590 458 644 509 te
672 459 855 508 tamen
887 452 1199 509 medullitus
1230 466 1391 524 posse
1417 450 1782 520 deposcimus.
1816 455 1860 513 Α
1891 446 1964 502 Ut
1990 448 2055 501 ad
2080 460 2241 501 aures
2267 445 2432 518 Regis
2460 461 2645 520 regum
2672 446 2819 506 n‘ulla
2851 455 2960 505 tam
2985 448 3058 505 sit
3080 434 3299 508 habilis.

134 548 566 605 Reverberant
598 560 698 601 nos
744 547 1127 602 carnalitatum
1168 546 1451 610 turbines;
1491 560 1676 600 verum
1716 544 1785 599 ad

134 641 525 698 dirimendos
548 639 672 694 illos
698 650 996 710 provocant
1027 657 1124 696 nos
1144 649 1385 710 expertae
1408 654 1622 707 semper
1648 638 1700 691 in
1733 646 1785 691 te

141 732 528 788 dulcedines.
558 729 656 785 His
680 730 960 794 exsatiari,
989 731 1087 785 has
1114 730 1445 785 avidissimis
1469 728 1786 799 prmcordiis

140 825 504 881 rombibere
532 822 705 880 satius
727 831 810 879 est
842 838 1002 894 quam
1040 824 1243 878 vivere.
1282 823 1349 877 Et
1376 822 1495 893 quis
1524 822 1657 875 vivit
1682 821 1787 875 nisi

145 911 266 981 qui
329 918 385 966 te
431 908 789 965 aﬂ‘ectualiter
833 909 1056 964 sentit?
1092 910 1224 976 Quis
1264 908 1367 963 nisi
1415 910 1636 963 demens
1679 923 1787 962 non

158 1010 347 1073 optet
384 1016 580 1057 emori.
613 1000 658 1055 si
691 1000 873 1055 videre
907 1009 959 1054 te
998 999 1169 1069 possit
1200 1000 1480 1054 moriendo
1514 998 1789 1053 mercari?

146 1094 378 1150 Nonne
408 1101 493 1149 est
532 1100 735 1148 nostrae
776 1092 1178 1147 consummatio
1222 1092 1423 1163 gloriae,
1465 1091 1508 1145 si
1547 1089 1629 1145 vel
1667 1105 1791 1160 pos-

153 1188 366 1243 simus
394 1187 539 1241 inter
571 1201 672 1241 nos
703 1193 755 1240 ct
789 1192 939 1240 tuum
973 1184 1169 1239 Filium
1201 1194 1251 1239 te
1287 1184 1657 1239 mediatricem
1689 1184 1788 1238 ha-

151 1277 368 1334 bere?
407 1277 486 1332 Ex
520 1276 704 1331 debito
730 1284 836 1342 est,
869 1277 1093 1332 Domina
1115 1318 1128 1342 ,
1161 1277 1204 1331 si
1247 1277 1416 1331 nostri
1453 1276 1789 1342 memineris,

165 1380 426 1443 propter
465 1372 571 1426 hoc
601 1370 746 1425 enim
777 1369 957 1437 facta;
992 1380 1215 1442 propter
1253 1370 1357 1426 hoc
1401 1385 1459 1426 es
1499 1370 1702 1435 electa,
1732 1380 1793 1425 ut

158 1464 332 1534 apud
367 1462 743 1517 dulcissimum
774 1460 972 1517 Filium
1008 1477 1227 1517 causam
1270 1472 1512 1518 nostram
1547 1461 1793 1531 piissima

176 1553 432 1608 tuearis.
467 1552 650 1607 Insere
681 1552 832 1607 cordi
864 1559 918 1607 et
946 1552 1026 1607 ori
1056 1562 1253 1619 nostro
1283 1552 1357 1606 tui
1391 1551 1627 1606 nominis
1658 1552 1795 1607 irre-

179 1644 429 1697 missam
452 1642 797 1708 memoriam,
823 1658 986 1712 quam
1016 1644 1103 1697 cui
1131 1642 1370 1708 dederis,
1402 1657 1628 1697 securus
1648 1642 1792 1709 dico,

1887 539 1944 594 In
1983 554 2082 593 nos
2110 554 2240 609 ergo
2271 555 2368 608 per
2392 549 2637 596 materna
2670 543 2883 614 respice
2909 544 3232 615 praecordia,

1886 632 2062 701 Atque
2090 641 2277 685 nostra
2313 642 2367 686 tu
2396 642 2498 687 tute
2520 634 2654 703 proli
2681 651 2911 707 suggere
2935 638 3193 707 suspiria,

1888 724 2114 779 Fluxum
2140 727 2321 779 carnis
2357 741 2519 795 atque
2548 742 2715 798 vagos
2742 730 3013 799 appetitus
3043 740 3318 800 tempera;

1889 815 2034 871 Rore
2063 830 2279 889 semper
2313 817 2582 873 castitatis
2607 828 2793 888 pectus
2824 820 2930 875 hoc
2958 819 3238 892 refrigera,

1891 909 2064 966 Omne
2091 926 2322 979 nequam
2354 913 2495 981 quod
2528 912 2580 966 in
2612 913 2770 968 nobis
2798 914 3123 981 exsecraris,
3161 915 3353 983 obrue,

1892 1001 2072 1056 Mores
2122 1011 2301 1072 aptos,
2354 1016 2449 1057 cor
2500 1001 2781 1072 quietum,
2831 1010 3021 1058 sancta
3078 1019 3305 1076 qumque
3353 1020 3485 1062 con-

3331 1115 3354 1154 r
3393 1137 3408 1154 .

1893 1188 2059 1245 Virus
2085 1190 2203 1260 ejus
2230 1197 2395 1260 atque
2423 1188 2576 1245 dolos
2605 1189 2834 1260 pellens,
2863 1190 3017 1245 obsta
3050 1097 3326 1246 Salamis;e
3359 1113 3390 1155 θ

1894 1277 2005 1334 Nec
2031 1280 2200 1349 ipsius
2227 1279 2593 1334 hortamentis
2620 1296 2719 1335 nos
2748 1280 3031 1349 permittas
3063 1280 3276 1335 cedere.

1898 1371 2021 1426 Sola
2054 1387 2292 1441 namque
2322 1372 2365 1426 si
2398 1371 2660 1426 etelorum
2693 1372 2870 1442 surgis
2899 1372 2949 1425 in
2978 1370 3235 1434 concilio,

1894 1463 2203 1518 Prarcatura
2236 1462 2383 1533 pium
2409 1461 2627 1516 Patrem
2659 1477 2782 1517 cum
2808 1462 3063 1532 praedulci
3096 1460 3266 1524 Filio;

1900 1555 2272 1611 Succlamabit
2300 1571 2426 1613 mox
2460 1565 2771 1611 sanctorum
2804 1554 2898 1609 tibi
2922 1555 3107 1623 juncta
3137 1552 3327 1609 concio

1898 1650 1966 1707 Et
1989 1652 2154 1721 petita
2183 1665 2412 1721 quaeque
2446 1659 2538 1705 tuo
2568 1653 2832 1706 suberunt
2859 1649 3086 1704 arbitrio

186 1732 334 1801 quia
359 1730 475 1801 jam
503 1732 779 1788 caelestem
810 1733 998 1804 incipit
1021 1745 1355 1805 praegustare
1384 1734 1630 1804 gloriam.
1658 1734 1797 1802 Quid
1830 1810 1864 1815 _
1898 1744 2063 1815 310
2100 1744 2190 1812 Ει,
2230 1743 2495 1801 Joannes,
2546 1752 2600 1798 tu
2644 1743 2738 1813 qui
2784 1753 3002 1813 quanta;
3047 1741 3316 1798 castitatis
3361 1755 3489 1797 οοη.

171 1822 341 1878 enim
397 1833 447 1877 te
496 1823 723 1888 dulcius,
770 1825 897 1894 quid
948 1834 1038 1878 tua
1082 1824 1461 1880 recordatione
1510 1825 1798 1881 securius?
1830 1810 1873 1866 Β

180 1906 293 1970 tibi
326 1915 475 1971 enim
502 1931 608 1971 non
635 1932 814 1976 orare.
838 1919 930 1973 sed
958 1918 1157 1988 ubique
1184 1919 1450 1990 imperare
1474 1928 1669 1989 praesto
1692 1928 1793 1975 est.

179 2003 337 2063 Iube
367 2023 497 2077 ergo
530 2018 586 2061 ut
620 2009 669 2062 in
702 2011 953 2078 praesenti
983 2011 1199 2065 miseria
1232 2020 1281 2065 te
1305 2012 1457 2066 nobis
1480 2011 1795 2079 invisceres,

185 2110 248 2154 et
274 2099 393 2168 jam
434 2101 652 2157 miseria
698 2118 805 2157 non
849 2112 951 2159 est.
999 2104 1110 2159 Fac
1138 2113 1197 2159 ut
1225 2104 1486 2175 quidquid
1517 2120 1800 2165 sumusex

191 2202 247 2247 te
274 2193 547 2260 simus,et
575 2210 696 2251 cum
722 2211 822 2251 nos
842 2196 937 2251 tibi
965 2194 1179 2263 feceris,
1199 2203 1399 2267 praeter
1424 2207 1511 2251 tua
1537 2196 1611 2251 nil
1636 2205 1801 2253 restet

188 2296 261 2336 ex
295 2284 475 2338 nobis.

276 2396 577 2467 Rhymmus
626 2399 695 2453 ad
749 2399 815 2453 B.
888 2398 1196 2470 Virginem,
1249 2409 1299 2454 et
1348 2400 1407 2455 S.
1465 2398 1729 2456 Joarmetu

799 2470 1189 2540 Evangelistam

202 2608 577 2665 Erumnarum
608 2619 664 2665 et
692 2610 938 2665 dolormn
971 2609 1131 2680 plena
1163 2622 1358 2679 gerens
1387 2609 1622 2677 viscera,

205 2700 289 2757 De
314 2717 563 2758 meorum
599 2703 931 2757 exsecranda
960 2711 1311 2771 peccatorum
1341 2702 1514 2765 fovea,

204 2794 450 2862 Quorum
480 2794 664 2860 miser,
692 2794 851 2849 velim
884 2794 1070 2859 nolim,
1099 2794 1276 2862 patior
1309 2793 1528 2857 damna,

206 2883 287 2941 'l‘e
306 2886 547 2941 reclamo
573 2887 939 2951 salvatricem,
969 2886 1224 2957 puritatis
1273 2884 1509 2939 domina.

208 2975 293 3032 Ad
323 2986 538 3032 tuorum
568 2992 652 3031 me
682 2978 950 3033 factorum
980 2976 1310 3031 mentionem
1343 2974 1585 3029 confero.

212 3065 291 3124 Te
314 3083 467 3139 spem
497 3084 672 3124 meam
704 3067 1056 3139 singularem,
1082 3076 1135 3122 te
1161 3066 1390 3122 salutem
1418 3074 1697 3137 computo.

210 3159 328 3217 Non
389 3174 686 3231 aspernans
742 3174 830 3216 me
879 3169 1229 3224 contemnas,
1285 3158 1413 3212 dum
1467 3164 1546 3221 te,
1604 3155 1795 3221 Mater,
1826 3176 1869 3231 α
1908 3155 2182 3267 ἕῖ¹²³¹ν¹¹υ
2211 3155 2679 3221 “"""*"’°“"‘“f'°
2703 3155 3055 3221 ”‘_’"°""“"'f°
3084 3155 3113 3173 "

1495 3246 1711 3283 “nm”
1986 3227 2053 3283 go
2079 3210 2295 3265 tandem
2325 3218 2584 3265 exoratus
2614 3209 2857 3265 infelices
2884 3224 3113 3278 respice.

1495 3246 1731 3320 [invoco.

216 3342 324 3399 Sed
354 3343 458 3401 hoc
487 3344 616 3401 licet
641 3345 746 3400 sim
777 3344 1050 3416 indignus,
1077 3344 1162 3398 fac
1191 3341 1321 3397 mihi
1352 3339 1497 3411 quod
1531 3339 1664 3401 filio.

215 3434 260 3493 0
280 3435 433 3491 beata
460 3437 610 3492 orbis
627 3436 806 3492 omnis
834 3435 1009 3507 pretio
1036 3432 1306 3488 valentior
1332 3433 1345 3485 !

219 3529 296 3585 Tu
320 3530 577 3599 praedicta
599 3531 693 3585 Dei
722 3544 856 3585 voce
892 3527 1078 3584 mundi
1105 3526 1207 3583 sub
1232 3525 1549 3596 primordio.

218 3621 382 3693 Cujus
406 3631 621 3691 partum
652 3631 765 3677 tota
794 3628 979 3676 vatum
1012 3627 1357 3691 praeconatur
1384 3615 1609 3679 concio,‘

222 3714 346 3771 Sola
380 3715 552 3788 plebis
575 3718 875 3786 expetenda
912 3714 1234 3770 Christianae
1259 3709 1459 3781 portio.

229 3806 408 3878 Virgo,
440 3808 589 3863 dives
619 3808 802 3878 prisco
823 3807 1087 3878 pietatum
1114 3804 1386 3874 quondam
1409 3812 1672 3870 tempore,

226 3899 320 3957 His
346 3899 538 3954 diebus
567 3915 673 3955 non
714 3900 927 3953 minora
956 3898 1111 3967 signa
1140 3896 1201 3949 da
1228 3892 1559 3956 clementiae;

228 3993 359 4049 Nam
392 3995 435 4049 si
468 4004 638 4061 taces,
667 4010 701 4047 ο
725 3992 994 4057 miranda,
1023 4006 1143 4060 quae
1174 4004 1298 4059 spes
1322 3987 1428 4041 erit
1459 3983 1670 4039 verum?

231 4085 335 4143 Nos
359 4085 606 4156 repulsos
634 4100 796 4156 quam
826 4082 1073 4138 crudeles
1106 4080 1410 4151 depriment
1434 4075 1666 4129 miseriae
1691 4073 1705 4126 !

234 4177 437 4233 Graves
465 4178 569 4233 mei
599 4185 729 4232 sunt
757 4186 974 4243 reatus;
1001 4175 1153 4246 placa
1182 4174 1374 4236 Deum,
1397 4167 1648 4234 Domina,

234 4270 289 4325 Si
320 4280 368 4324 te
390 4269 532 4340 piam
560 4268 734 4324 sensit
756 4269 886 4324 olim
910 4266 1173 4323 meretrix
1195 4262 1469 4335 Egyptia,

233 4363 426 4433 Virque
452 4361 545 4432 qui
579 4370 631 4417 te
660 4362 823 4430 atque
855 4369 1004 4414 tuttm
1040 4358 1238 4413 Filium
1274 4357 1587 4424 negaverat.

231 4456 398 4512 Corde
421 4462 533 4510 toto
568 4462 622 4508 te
649 4462 980 4524 quaerentem
1014 4466 1111 4505 cur
1134 4447 1410 4503 fraudabis
1445 4442 1647 4500 venia?

235 4548 329 4603 Tui
352 4561 625 4613 nunquam
662 4546 830 4600 moris
854 4544 956 4597 fuit
985 4543 1211 4597 miseros
1234 4538 1531 4608 despicere,

237 4640 337 4697 Sed
367 4639 683 4711 plerumque
713 4653 818 4692 non
848 4643 1034 4708 rogata
1065 4631 1338 4689 consuesti
1364 4630 1545 4683 visere
1581 4641 1596 4680 :

238 4730 442 4797 Quanto
468 4728 645 4799 magis
668 4740 798 4796 ergo
827 4725 993 4797 debes
1014 4720 1282 4793 postulata
1314 4716 1528 4781 adfore,

239 4823 361 4893 Qua:
383 4821 653 4893 profundo
678 4817 968 4891 appellaris
992 4814 1191 4872 mentis
1220 4828 1354 4869 mea:
1377 4810 1600 4972 vulne[re
1629 4805 1723 4967 [I2i
1741 4803 1821 4858 vi-

1120 4944 1123 4947 ν
1548 4910 1700 4955 scere
1729 4935 1745 4959 ,

1548 4910 1700 4955 scere
1714 4910 1745 4959 Ι,

238 5004 390 5059 Plena
424 5002 540 5068 Dei,
568 5010 624 5058 et
641 5002 853 5071 piorum
880 4999 1037 5071 plena
1058 5012 1283 5071 prorsus
1306 4995 1601 5058 viscerum,

242 5097 404 5167 Super
432 5087 593 5150 omne
622 5094 765 5165 quod
791 5094 1042 5147 humanae
1069 5089 1263 5158 lingua:
1293 5085 1434 5139 valet
1459 5082 1721 5138 studium.

240 5191 345 5246 Jam
373 5200 587 5244 tuorum
614 5189 931 5243 elucescunt
964 5183 1246 5239 claritates
1269 5192 1574 5235 munerum.

244 5287 373 5338 Orna
407 5298 588 5338 mores
620 5282 671 5336 in
710 5297 798 5337 me
826 5294 1023 5335 curans
1047 5275 1308 5348 quidquid
1338 5282 1422 5329 est
1458 5268 1818 5326 mortiferum.

245 5374 510 5443 Nunquam
546 5371 663 5437 fuit,
692 5387 791 5427 nec
818 5370 1004 5425 existit
1034 5383 1143 5438 par
1168 5365 1263 5420 tibi
1295 5363 1378 5418 vel
1412 5361 1628 5417 similis.

245 5465 349 5520 Toti
377 5466 521 5519 enim
553 5474 817 5519 creaturae
846 5471 1195 5534 superexstas
1218 5457 1433 5514 nobilis.

246 5558 380 5633 Apud
413 5557 585 5613 Deum
618 5557 697 5613 sic
720 5571 824 5613 vox
854 5564 943 5611 tua
972 5563 1185 5611 constat
1213 5547 1572 5608 impetrabilis

1984 1890 1991 1897 .
3224 1832 3420 1906 [scius,

1900 1930 2086 1985 Tantae
2115 1930 2299 1995 matri,
2328 1929 2545 1985 Christo
2568 1928 2754 1993 dante,
2776 1926 3089 1983 successisti
3118 1925 3279 1980 filius.

1898 2021 2037 2077 Audi
2071 2035 2187 2075 mea
2217 2036 2403 2076 secum
2428 2028 2553 2074 vota
2583 2018 2769 2084 claris,
2807 2032 3024 2088 precor,
3052 2015 3295 2080 auribus,

1900 2111 1967 2165 Et
1997 2128 2027 2166 a
2057 2114 2268 2167 cunctis
2298 2126 2384 2166 me
2415 2111 2624 2166 diverte
2651 2109 2903 2179 pessimis
2932 2106 3212 2179 Operibus,

1904 2200 2004 2265 Tu,
2035 2202 2128 2273 qui
2157 2211 2332 2256 terras
2358 2199 2615 2256 incolenti
2638 2198 2776 2253 mire
2816 2198 3014 2252 cliarus
3047 2195 3270 2251 Dominc

1901 2292 2191 2359 Exstitisti,
2226 2302 2332 2348 tam
2363 2291 2507 2347 felici
2535 2292 2728 2361 dignus
2753 2289 3035 2360 privilegio

1902 2386 2009 2442 Pro
2039 2397 2252 2441 tuorum
2281 2384 2420 2453 apud
2455 2384 2630 2453 ipsum
2663 2382 2887 2453 loquere
2917 2381 3177 2448 remedio,

1906 2480 2182 2549 Frangens
2210 2492 2372 2547 regna
2403 2477 2613 2542 mortis,
2637 2476 2754 2544 ejus
2781 2474 2951 2529 subde
2980 2487 3079 2528 nos
3103 2472 3351 2542 imperio.

1905 2572 1984 2626 Illi
2025 2571 2200 2627 Verbo
2225 2569 2366 2639 quod
2396 2568 2709 2639 prompsisti
2740 2574 2945 2637 quanto
2966 2574 3051 2622 est
3074 2564 3323 2632 vicinior,

1905 2665 2082 2720 Tanto
2112 2662 2285 2734 magis
2316 2663 2681 2717 interventum
2711 2669 2908 2731 prmsta
2939 2658 3243 2716 sollicitior.

1906 2755 2127 2812 Prosint
2148 2763 2251 2809 tuae
2280 2762 2485 2808 sanctae
2505 2766 2697 2823 preces
2720 2767 2779 2808 se
2801 2749 3019 2807 deﬂenti
3049 2750 3271 2817 misero,

1907 2845 2013 2903 Ora
2047 2860 2263 2915 semper
2290 2860 2390 2913 pro
2418 2844 2710 2899 multorum
2739 2852 3089 2913 peccatorum
3116 2843 3336 2899 conscio

1908 2938 2037 2993 Tua:
2062 2938 2291 2993 multum
2321 2938 2625 3009 indigemus
2648 2937 2918 3009 largitatis
2947 2952 3193 2993 munere.

1909 3030 2049 3100 Quid
2078 3030 2321 3085 remittat
2351 3038 2410 3083 ut
2440 3027 2676 3084 offensas
2715 3029 2827 3084 Deo
2858 3026 3042 3084 differs
3067 3028 3271 3083 dicere.

1910 3121 2182 3191 Quidquid
2211 3121 2355 3176 enim
2379 3120 2679 3191 postulabis
2703 3119 3055 3189 consequeris
3084 3117 3259 3174 facile.

1910 3306 1988 3361 Da
2016 3316 2312 3374 perennem
2346 3316 2509 3370 quam
2537 3300 2731 3355 amasti
2760 3300 3064 3355 castitatem
3093 3299 3360 3370 corporis,

1910 3398 1981 3453 Et
2000 3413 2030 3450 a
2061 3394 2274 3451 cunctis
2293 3408 2413 3464 qua:
2440 3392 2731 3448 molestam
2759 3392 2934 3446 exime
2959 3392 3267 3446 contrariis.

1912 3489 2064 3560 Auge
2109 3501 2347 3550 sensum,
2400 3485 2557 3540 ﬁrma
2606 3498 2815 3554 pacem,
2877 3483 3139 3553 quidquid
3198 3490 3361 3540 nocet
3417 3498 3500 3540 reo

3231 3575 3434 3648 [move.

1912 3677 1958 3732 A
1987 3673 2187 3732 futuris
2217 3688 2305 3735 me
2331 3670 2611 3727 refrenans
2642 3667 2785 3724 facta
2814 3667 2956 3723 mala
2983 3667 3145 3723 dilue.

1914 3768 1959 3826 Ο
1981 3768 2209 3839 Regina,
2232 3765 2346 3836 jam
2383 3762 2635 3833 praesenti
2673 3760 2963 3815 inclamata
2994 3759 3258 3826 carmine,

1915 3860 2110 3916 Custos
2140 3856 2260 3926 ejus
2292 3870 2356 3911 ac
2380 3854 2632 3909 minister
2659 3861 2965 3925 praepotens
2994 3850 3256 3922 apostole,

1915 3953 2074 4023 Apud
2103 3968 2227 4007 eum
2260 3953 2352 4020 qui
2380 3964 2493 4021 prre
2518 3947 2729 4004 cunctis
2754 3961 2851 4002 vos
2871 3946 3121 4016 probavit
3140 3945 3285 4017 agite

1918 4044 1990 4100 Ut
2015 4045 2268 4115 dignetur
2297 4042 2364 4097 ad
2398 4056 2458 4095 se
2484 4049 2706 4095 nostros
2736 4038 2949 4094 animos
2977 4038 3207 4107 erigere.

1916 4138 2086 4192 Passo
2110 4152 2242 4191 sane
2272 4133 2491 4189 Christo
2522 4132 2797 4202 quondam
2832 4131 2968 4185 satis
2994 4130 3127 4184 estis
3151 4140 3438 4185 memores.

1917 4232 2077 4289 Juxta
2109 4230 2287 4285 crucis
2322 4229 2443 4299 ejus
2471 4242 2623 4281 aram
2655 4241 2817 4295 quam
2849 4224 3078 4280 stetistis
3106 4221 3331 4277 ﬂebiles.

1920 4329 2028 4384 Per
2054 4328 2195 4382 lianc
2220 4342 2349 4397 ergo
2390 4331 2593 4378 sancta:
2620 4320 2812 4374 mortis
2839 4334 2937 4373 oro
2967 4333 3063 4373 vos
3090 4316 3403 4371 nuestitiam

1922 4420 2229 4493 lmpctretis
2259 4420 2335 4473 uti
2358 4418 2515 4473 nobis
2540 4415 2667 4472 Jesu
2695 4412 2769 4482 pii
2791 4412 3043 4483 gratiam.

1847 4529 1896 4588 ι)
1923 4513 1968 4570 Ο
1994 4513 2188 4576 Maria,
2213 4508 2463 4580 quamvis
2493 4520 2589 4559 ore
2621 4513 2673 4557 te
2696 4500 2901 4571 polluto
2927 4497 3224 4563 nominem,

1923 4607 2064 4662 Audi
2102 4615 2303 4665 tamen,
2334 4610 2383 4656 et
2414 4617 2443 4654 a
2472 4598 2646 4667 culpis
2673 4593 2890 4651 interim
2918 4593 2985 4648 da
3010 4592 3271 4660 requiem.

1924 4701 2115 4772 Jugem
2143 4710 2357 4769 quoque
2381 4694 2484 4748 hac
2508 4692 2559 4746 in
2590 4690 2702 4744 vita
2733 4688 2798 4743 da
2829 4685 2904 4740 tui
2933 4683 3273 4740 memoriam.

1928 4795 2025 4859 Da,
2050 4792 2218 4847 Maria
2249 4788 2422 4845 dulcis
2451 4794 2585 4849 tota,
2617 4784 2671 4838 in
2703 4780 2883 4833 futura
2912 4776 3161 4849 gloriam.

1925 4890 1970 4945 0
1990 4888 2247 4950 Joannes,
2276 4883 2435 4953 digne
2466 4879 2695 4935 multum
2725 4876 2820 4931 Dei
2847 4874 2950 4931 dici
2973 4873 3167 4945 gratia,

1926 4980 2036 5036 Nos
2060 4988 2117 5035 et
2136 4990 2327 5033 omnes
2355 4973 2446 5044 qui
2484 4981 2534 5026 te
2560 4976 2811 5041 quaerunt
2834 4967 2886 5022 in
2912 4965 3129 5036 periclis
3159 4962 3348 5018 libera.

1927 5072 2042 5128 Etsi
2071 5085 2269 5139 corpus
2303 5065 2613 5127 tribulatur,
2649 5060 2850 5118 mentis
2874 5057 3012 5129 pelle
3035 5069 3232 5119 nocua,

1926 5162 2320 5233 Comprobetur
2345 5172 2410 5211 ex
2442 5153 2635 5211 effecto
2660 5151 2803 5224 quod
2834 5149 2907 5205 sit
2942 5147 2995 5201 in
3027 5154 3079 5199 te
3101 5142 3294 5215 gratia.

1928 5258 2025 5320 Da,
2059 5255 2251 5318 Maria,
2291 5252 2398 5306 tuis
2432 5248 2606 5305 servis
2634 5247 2829 5301 anima:
2856 5237 3199 5296 munditiam.

1926 5350 2024 5413 Da,
2054 5347 2308 5407 Joannes,
2350 5342 2697 5397 adversorum
2728 5336 2944 5390 vincere
2968 5329 3291 5385 molestiam.

1927 5440 2152 5495 Nosmet
2183 5436 2340 5491 ambo
2362 5433 2427 5487 ad
2449 5430 2669 5484 virtutis
2698 5426 2893 5481 lineam
2925 5419 3206 5478 reducite:

1929 5532 2000 5589 Ut
2039 5528 2294 5600 conjungi
2330 5535 2633 5580 utereamur
2664 5516 2899 5574 claritati
2930 5513 3155 5570 coelicaf.

1816 5731 1970 5775 πως».
