4014 6324
558 415 3471 457 ___________________________._.

1360 289 1425 345 ν.
1463 282 1791 342 GUIBERTI
1829 278 2121 335 ABBATIS
2149 276 2209 333 S.
2251 276 2494 333 MARUE
2533 277 2622 332 DE
2660 275 3067 337 NOVIGENTO

3670 284 3763 344 680

3478 414 3756 438 «ζμ-...ιη

1019 554 1455 672 VEN-
1520 550 2423 669 GUIBERTI
2498 545 3308 663 ABBATIS

939 804 1126 918 AD
1226 793 2079 914 OPUSCULUM
2184 793 2367 904 DE
2457 788 3408 906 VIRGINITATE

1394 1034 1973 1131 EPISTOLA
2048 1029 3033 1125 NUNCUPATORIA.

606 1382 953 1455 3110mm:
969 1380 1099 1433 dese
1120 1373 1587 1433 auctorhumiliter
1603 1370 2004 1427 sentiat.—Etsi
2026 1383 2124 1424 nos
2152 1353 2201 1410 Α
2297 1366 2394 1421 Est
2425 1372 2480 1421 et
2512 1366 2681 1421 altera
2714 1366 2856 1422 ratio
2894 1380 3001 1421 non
3034 1369 3326 1421 admodum
3365 1378 3535 1421 cassa.
3574 1364 3630 1421 Si
3658 1366 3779 1422 enim

539 1484 650 1527 tam
680 1471 891 1526 eximiae
922 1468 1084 1539 hujus
1116 1466 1331 1522 virtutis
1360 1475 1413 1520 et
1438 1462 1739 1527 credimus,
1769 1470 1826 1525 et
1851 1460 1997 1517 credi
2029 1475 2127 1515 vo-

536 1568 732 1629 lumus,
757 1578 895 1635 pene
937 1572 1076 1617 totos
1098 1570 1367 1625 exsortes,
1398 1559 1443 1614 si
1476 1558 1694 1627 copiose
1733 1556 1905 1625 ipsius
1939 1554 2126 1625 gloriae

538 1659 885 1716 eminentiam
909 1670 976 1711 ne
998 1655 1355 1725 excogitando
1371 1653 1588 1724 quidem
1617 1651 1904 1720 attingere,
1926 1648 2124 1703 nedum

535 1749 829 1821 explicare,
872 1746 1129 1818 possibile
1156 1752 1261 1809 est,
1310 1755 1414 1799 tuae
1456 1742 1751 1807 dilectioni,
1798 1740 1924 1796 licet
1961 1753 2127 1809 supra

537 1841 683 1896 vires
714 1854 744 1894 a
781 1840 938 1894 nobis
962 1838 1160 1907 exigat,
1210 1836 1345 1890 nihil
1382 1835 1630 1889 novimus
1670 1834 1814 1904 quod
1853 1848 2025 1902 usque
2058 1833 2127 1886 ad

540 1936 861 2007 sanguinem
902 1933 974 1987 sit
1011 1931 1335 2000 negandum.
1376 1928 1688 1984 Praesertim
1723 1942 1845 1983 cum
1874 1929 1941 1983 ad
1981 1928 2126 1998 puri-

540 2030 672 2085 tatis
708 2026 943 2083 studium
983 2032 1167 2079 nostra
1209 2030 1262 2078 te
1295 2023 1542 2078 oratione
1582 2023 1849 2078 inhortari
1881 2031 2125 2092 expetas,

544 2120 793 2193 quamvis
821 2119 1111 2188 incongue,
1144 2122 1199 2171 et
1225 2114 1444 2186 indigne
1470 2126 1570 2169 nos
1599 2114 1702 2170 hac
1731 2116 1798 2170 de
1838 2128 1896 2170 re
1920 2123 2129 2170 constet

540 2226 662 2268 esse
686 2211 951 2269 dicturos,
985 2206 1317 2261 arbitramur
1344 2208 1449 2258 tuae
1482 2204 1730 2275 petitioni
1761 2220 1866 2260 non
1908 2207 2131 2260 obedire

538 2316 715 2359 nexas.
749 2299 1008 2354 Nmitiam
1045 2312 1177 2352 sane
1213 2297 1409 2351 divina:
1452 2297 1687 2366 paginae,
1731 2296 1834 2351 etsi
1869 2297 2129 2365 tenuiter,

537 2392 837 2462 attigimus,
863 2389 1019 2459 cujus
1058 2398 1325 2458 praecepta
1356 2388 1491 2442 scita
1516 2388 1705 2453 verbo,
1731 2388 1824 2441 sed
1854 2402 2020 2456 opere
2050 2389 2126 2441 in-

539 2482 776 2552 cognita,
810 2478 1067 2544 maxime,
1105 2475 1301 2541 fateor,
1332 2485 1533 2531 nostrae
1562 2475 1901 2530 damnationi
1932 2476 2128 2530 didici-

540 2589 663 2629 mus
686 2613 700 2638 ,
732 2572 777 2628 si
804 2571 887 2626 vel
921 2584 1010 2634 ea,
1048 2583 1154 2623 non
1185 2567 1308 2623 dico
1341 2568 1427 2622 bis
1468 2568 1561 2637 qui
1606 2575 1897 2636 respuunt,
1927 2566 2019 2621 sed
2046 2566 2131 2635 pie

541 2664 856 2734 rogantibus
877 2660 1122 2730 dilargiri
1141 2658 1532 2714 distulerimns.
1559 2656 1616 2711 Si
1642 2671 1772 2726 ergo
1795 2671 1895 2711 nec
1918 2656 2127 2721 salutis,

544 2771 718 2827 neque
751 2754 958 2825 praemii
985 2767 1116 2807 cura
1146 2764 1246 2804 nos
1273 2751 1522 2814 advocat,
1558 2748 1744 2803 saltem
1774 2748 2131 2816 undecunque

539 2850 830 2920 desperati,
863 2842 1112 2915 et'quasi
1154 2858 1251 2915 pro
1279 2852 1427 2898 certo
1456 2842 1737 2912 puniendi,
1775 2840 1826 2895 id
1864 2839 2037 2896 solum
2077 2840 2130 2893 in

538 2942 847 2997 omnimoda
890 2939 980 2992 illa
1023 2951 1181 3007 ptena
1224 2936 1501 2990 lucremur
1538 2942 1598 2988 ut
1637 2947 1741 2988 non
1771 2947 1871 3003 pro
1912 2932 2134 2987 benedi.

539 3035 694 3090 cendi
727 3033 923 3089 inertia
945 3070 960 3095 ,
993 3044 1116 3085 cum
1148 3044 1246 3098 pro
1278 3027 1398 3082 aliis
1428 3027 1569 3082 male
1606 3026 1769 3095 gestis
1808 3025 2128 3096 plectemur,

540 3125 694 3180 dolor
722 3123 878 3178 nobis
914 3120 1233 3192 gehennalis
1264 3128 1563 3173 accrescat.
1605 3118 1714 3173 Nec
1744 3118 1887 3172 enim
1927 3118 2133 3187 absque

539 3214 780 3271 remedio
803 3222 909 3277 est,
935 3213 980 3267 si
1017 3212 1157 3266 inter
1184 3218 1387 3265 mortes
1414 3209 1501 3264 vel
1529 3210 1597 3265 ab
1623 3222 1732 3264 uno
1761 3224 1858 3264 nos
1892 3210 2131 3265 redeme-

537 3311 710 3365 rimus
745 3310 876 3365 ictu.

615 3402 734 3457 Tibi
755 3398 1231 3472 igiturhumiliter,
1252 3397 1379 3453 licet
1394 3396 1517 3451 aliis
1537 3396 1900 3466 impudenter,
1919 3395 2133 3450 obtem-

545 3504 737 3564 perare
758 3492 1143 3564 proponimus;
1170 3489 1263 3545 sed
1289 3505 1318 3543 a
1343 3496 1415 3553 te,
1445 3504 1539 3543 seu
1565 3504 1593 3542 a
1614 3486 1946 3557 quibuslibet
1976 3485 2131 3540 nobis

544 3585 985 3655 exprobrandum
1033 3598 1140 3637 non
1190 3591 1304 3643 est,
1334 3596 1458 3635 cum
1495 3596 1557 3635 ea
1622 3580 1688 3633 de
1737 3594 1843 3648 qua
1885 3577 2131 3647 cupimus

541 3686 781 3732 tractare
834 3676 1035 3729 virtute
1072 3673 1226 3728 vacui
1268 3673 1465 3742 reperti
1504 3672 1790 3735 fuerimus,
1823 3684 1945 3723 cum
1989 3668 2130 3722 idem

543 3767 719 3822 coacti
757 3765 1070 3821 fecerimus.
1105 3763 1172 3817 Et
1215 3774 1365 3818 certe
1407 3762 1451 3817 si
1490 3763 1593 3817 hoc
1629 3763 1803 3831 ipsqu
1840 3774 1906 3812 ex
1943 3767 2132 3814 nostro

543 3859 792 3924 arbitrio,
816 3858 1133 3929 simpliciter
1152 3866 1355 3923 tamen,
1374 3866 1429 3912 et
1448 3872 1555 3912 non
1568 3855 1725 3926 quasi
1742 3871 1810 3910 ex
1832 3852 2129 3924 magisterii

545 3951 870 4006 auctoritate
896 3950 1185 4006 fuissemus
1206 3952 1465 4022 aggressi,
1499 3957 1856 4020 spontaneum
1885 3954 2129 4002 nostrum

2159 2708 2207 2767 B

2230 1471 2463 1528 persona
2491 1457 2742 1527 quaslibet
2780 1458 2951 1513 sacris
2994 1456 3341 1513 enuntiandis
3381 1457 3702 1529 dogmatibus
3725 1459 3785 1514 si-

2229 1550 2400 1605 bimet
2436 1551 2615 1606 minus
2642 1559 2767 1621 apta
2804 1551 3050 1617 videtur,
3078 1559 3132 1605 et
3170 1565 3233 1605 ex
3266 1564 3447 1620 prava:
3473 1551 3785 1606 conscientiae

2230 1642 2442 1711 objecta
2474 1643 2635 1698 silere
2666 1643 2960 1713 disposuit,
3003 1643 3229 1697 nimium
3264 1642 3469 1712 pudens
3498 1643 3625 1697 mihi
3662 1643 3787 1700 vidc-

2231 1746 2318 1789 tur
2348 1736 2468 1797 iste,
2501 1736 2643 1790 hunc
2676 1735 2917 1790 inutilem
2955 1750 3184 1791 necesse
3218 1743 3304 1789 est
3343 1742 3510 1789 mutet
3537 1735 3786 1800 intuitum,

2231 1840 2285 1885 et
2322 1830 2448 1886 licet
2492 1832 2734 1901 plenarie
2774 1833 3051 1903 corrigere
3097 1848 3204 1886 non
3248 1832 3417 1902 possit
3460 1832 3658 1899 vitium,
3687 1842 3791 1902 agat

2233 1938 2415 1983 tamen
2467 1945 2565 1999 pro
2610 1944 2839 1999 persona
2871 1944 3031 1998 quam
3087 1936 3292 1997 portat.
3331 1925 3608 1981 Talentum
3650 1927 3790 1982 humo

2233 2036 2340 2074 non
2394 2021 2655 2086 subruat,
2698 2020 2801 2075 etsi
2848 2036 2953 2075 non
3001 2020 3268 2085 doctoris,
3319 2029 3414 2073 aut
3455 2021 3791 2089 prmdicatoris

2231 2108 2425 2176 cilicio,
2460 2111 2675 2176 clamet,
2704 2126 2773 2165 ne
2808 2126 2991 2167 secum
3022 2110 3113 2165 alii
3140 2110 3376 2181 pessima
3407 2110 3659 2166 sectando
3686 2127 3793 2181 per-

2230 2212 2375 2268 eant,
2406 2204 2491 2259 vel
2522 2204 2928 2274 prtemunientis
2948 2208 3100 2259 voto.

2304 2297 2525 2362 Doctus,
2550 2297 2665 2351 licet
2688 2298 2913 2366 peccatis
2940 2297 3215 2361 obnoxius,
3241 2296 3388 2349 debet
3415 2298 3547 2349 alios
3569 2295 3717 2349 verbis
3737 2297 3791 2349 ad

2232 2388 2500 2442 meliorem
2549 2384 2752 2457 frugem
2788 2402 3090 2457 provocare.
3120 2416 3190 2426 —
3233 2385 3398 2440 Verbi
3438 2386 3647 2457 gratia:
3676 2384 3793 2440 Ecce

2233 2482 2534 2551 cnjuspiam
2585 2482 2769 2536 divitis
2821 2480 2990 2544 tilius,
3034 2488 3260 2550 paterno
3309 2496 3417 2535 acre
3468 2490 3793 2549 consumpto,

2232 2575 2425 2629 relicta
2459 2574 2558 2628 sibi
2590 2574 2790 2644 praedia
2822 2572 3154 2643 abliguriens
3178 2581 3349 2626 totum
3375 2570 3511 2639 gulae
3540 2571 3795 2634 immersit,

2237 2675 2292 2718 et
2331 2678 2493 2733 egens
2519 2664 2585 2718 ad
2618 2662 2820 2717 infame
2848 2663 3065 2717 vivendi
3095 2660 3318 2717 devenit
3340 2660 3662 2731 exemplum.
3688 2660 3735 2714 Si
3760 2661 3798 2716 is

2238 2756 2405 2825 igitur
2437 2755 2593 2820 talis,
2634 2755 2837 2810 erroris
2875 2755 3092 2824 quidem
3137 2755 3437 2824 pmnitens,
3465 2753 3561 2809 sed
3601 2752 3800 2823 pristino

2238 2846 2406 2901 statui
2440 2846 2616 2900 redire
2649 2861 2754 2899 non
2784 2845 3108 2915 praevalens,
3139 2846 3378 2915 aliquem
3407 2854 3650 2901 moneret
3677 2843 3802 2899 lesu-

2237 2938 2435 3007 pletem
2490 2953 2559 2993 ne
2602 2938 2770 2993 nimia
2817 2938 3081 2994 eﬂusiotte
3136 2954 3265 2995 suas
3310 2938 3633 3009 dilapidaret
3673 2952 3803 3007 epes.

2238 3032 2408 3097 Vide,
2445 3032 2726 3101 inquiens,
2770 3046 2840 3087 ne
2875 3032 3053 3087 ventri
3103 3041 3195 3087 aut
3236 3031 3414 3086 inutili
3448 3031 3680 3101 largitati
3707 3040 3802 3084 stu-

2237 3122 2416 3177 dendo
2443 3123 2510 3175 ad
2537 3123 2641 3177 hoc
2665 3130 2724 3177 ut
2747 3122 2853 3178 mei
2877 3122 2952 3177 sis
2975 3122 3169 3178 similis
3192 3122 3490 3188 delabaris,
3522 3122 3645 3191 quis
3666 3120 3801 3175 istum

2236 3215 2291 3269 in
2321 3216 2422 3272 hoc
2454 3216 2741 3270 ridiculum
2770 3217 3101 3272 aestimaret?
3130 3216 3274 3271 Sane
3301 3217 3405 3270 iste
3428 3215 3588 3270 aliter
3615 3214 3802 3268 audien-

2236 3308 2337 3363 dus
2383 3325 2544 3378 quam
2585 3310 2674 3363 ille
2730 3323 2889 3379 quem
2925 3310 3198 3380 quondam
3239 3308 3600 3365 Terentianus
3638 3308 3804 3376 legitur

2234 3399 2505 3456 Parmeno
2545 3402 2771 3457 risisse:
2813 3401 3022 3457 Scitum
3060 3401 3277 3467 hercle,
3314 3401 3501 3465 aiens,
3532 3400 3800 3463 hominem,

2235 3494 2327 3563 qui
2385 3495 2452 3548 de
2509 3494 2692 3550 stultis
2745 3510 3000 3563 prorsum
3061 3495 3373 3550 hominibus
3429 3494 3654 3548 insanos
3698 3492 3805 3545 facit

2238 3586 2397 3657 (Tt-:a.
2444 3586 2584 3641 Eun.
2620 3604 2683 3652 ιι,
2715 3588 2772 3652 2,
2808 3587 2922 3657 25).
2956 3587 3049 3643 ille
3084 3603 3194 3643 sua:
3237 3586 3546 3657 gulositatis
3586 3584 3805 3640 fortunas

2230 3678 2487 3748 jactando
2515 3680 2775 3734 miserum
2807 3679 3001 3734 incitat
3033 3679 3337 3734 auditorem
3357 3717 3373 3744 ,
3402 3677 3450 3733 is
3479 3691 3548 3732 ne
3584 3677 3656 3731 ad
3687 3675 3802 3730 cala-

2235 3772 2482 3826 mitatem
2507 3780 2652 3836 ruat,
2676 3772 2759 3827 sui
2785 3772 3144 3827 imitationem
3168 3780 3329 3826 caute
3354 3771 3564 3826 evitare
3586 3770 3802 3824 doceret.

2238 3862 2345 3917 Sed
2377 3864 2500 3932 quia
2536 3879 2632 3918 nos
2660 3864 2824 3927 nosti,
2856 3874 2910 3919 et
2946 3864 3132 3932 quales
3173 3864 3314 3920 nosti
3341 3879 3372 3917 a
3414 3862 3618 3917 talibus
3645 3863 3806 3916 admo-

2236 3956 2355 4011 neri
2397 3957 2571 4025 cupis,
2606 3957 2811 4026 pudore
2849 3972 3091 4022 recusso,
3125 3973 3231 4012 non
3270 3973 3377 4027 qua
3406 3956 3673 4012 debemus
3727 3954 3804 4010 sed

545 4043 749 4099 bonum
790 4059 893 4097 non
946 4042 1258 4111 supercilio,
1296 4052 1389 4096 aut
1435 4040 1730 4096 temeritati
1777 4040 2006 4105 ascribi,
2038 4040 2130 4095 sed
2160 4059 2201 4115 α
2238 4061 2344 4116 qua
2376 4063 2690 4117 possumus,
2724 4049 2832 4103 tuis
2863 4049 3086 4104 auribus
3115 4064 3246 4105 voce
3273 4056 3576 4105 cantamus.

538 4130 886 4200 gratulatorie
913 4132 1087 4201 excipi
1116 4131 1411 4186 debuisset.

1082 4358 1942 4480 OPUSCULUM
2029 4360 2214 4473 DE
2297 4342 3301 4476 VIRGINITATE.

1025 4567 1657 4629 PREFATIUNCIELA.

605 4666 761 4722 Poesi
784 4668 900 4738 plus
916 4668 1063 4739 justo
1093 4667 1453 4723 delectabatur
1475 4679 1677 4724 auctor.
1704 4698 1775 4708 —
1804 4666 2121 4738 Subjectum

536 4764 691 4817 valde
723 4764 774 4816 in
819 4772 1005 4818 tenera
1037 4764 1403 4819 adolescentia
1438 4765 1647 4835 positus
1679 4764 1859 4833 peregi
1894 4779 2125 4833 opuscu-

529 4855 663 4908 lum.
697 4853 831 4909 Nam
870 4866 991 4909 eum
1029 4855 1133 4909 arti
1172 4855 1433 4919 metricaa,
1467 4870 1587 4923 qua:
1618 4869 1799 4908 eomes
1840 4869 1961 4909 esse
1991 4869 2122 4908 con-

529 4948 709 5002 suevit
756 4948 985 5002 tumoris
1033 4963 1099 5000 ac
1136 4946 1406 5012 lasciviae,
1448 4946 1568 5015 plus
1605 4947 1752 5016 justo
1781 4947 2122 5013 insisterem,

534 5040 754 5109 quidam
801 5055 831 5093 e
870 5041 1009 5094 meis
1049 5037 1552 5099 contubernalibus,
1584 5037 1747 5090 homo
1775 5037 1892 5091 sine
1921 5038 2122 5093 invidia

538 5129 847 5185 litterarum
891 5129 1191 5193 studiosus,
1230 5128 1320 5197 qui
1366 5136 1553 5197 rogatu
1594 5144 1691 5182 suo
1734 5128 1915 5198 plures
1963 5146 1993 5183 a
2034 5145 2121 5184 me

532 5219 838 5272 carminum
872 5217 1075 5271 naenias
1104 5224 1437 5281 extruserat,
1476 5216 1728 5272 Salomon
1765 5218 2016 5284 nomine,
2054 5220 2119 5274 ad

534 5309 639 5364 hoc
667 5310 830 5363 etiam
861 5306 1076 5378 impulit
1106 5317 1163 5362 ut
1192 5323 1355 5379 super
1392 5310 1700 5378 virginitate
1725 5310 1927 5380 aliquid
1964 5311 2121 5365 dicti-

533 5409 730 5453 tarent.
765 5398 918 5465 Quod
976 5400 1287 5470 opiﬁcium,
1320 5410 1506 5472 utpote
1549 5402 1847 5470 insolitum,
1876 5413 2119 5457 metucu-

536 5490 686 5543 losus
712 5489 828 5562 [al.,
856 5491 1228 5565 meticulosus]
1243 5493 1560 5564 aggrediens
1581 5493 1881 5548 biformiter
1906 5494 2118 5559 horrui,

538 5582 663 5635 dum
692 5592 746 5636 et
779 5583 985 5639 lusibus
1015 5600 1267 5640 versuum
1296 5601 1448 5641 mens
1473 5588 1673 5653 dedita,
1697 5587 1836 5642 seria
1863 5587 2122 5656 prosaicae

536 5673 821 5742 gravitatis
870 5676 1047 5731 minus
1098 5679 1387 5749 attigerat,
1422 5688 1477 5733 et
1515 5694 1623 5745 res,
1674 5696 1793 5750 qua:
1844 5680 2123 5734 tractanda

532 5768 959 5846 Prtipnnebatur,
989 5768 1222 5827 dillieilis
1246 5772 1410 5827 etiam
1440 5774 1742 5842 grandaevis
1763 5772 2127 5831 intellectibus

2231 4676 2368 4723 erat.
2401 4668 2553 4735 Quod
2588 4670 2858 4740 quomodo
2889 4670 3242 4741 explicuerim
3275 4670 3523 4727 curiosus
3550 4669 3634 4727 sic
3662 4669 3809 4727 lector

2233 4759 2481 4814 advertat
2511 4771 2597 4825 ut,
2631 4778 2751 4831 quae
2781 4763 2919 4816 bene
2952 4763 3215 4817 senserim
3237 4802 3250 4827 ,
3286 4763 3416 4829 Deo,
3452 4762 3496 4817 si
3529 4778 3641 4833 qua
3671 4778 3809 4818 secus

2233 4866 2395 4919 quam
2420 4850 2600 4915 debui,
2633 4854 2905 4921 pubertati
2937 4853 3157 4909 referat.

2749 4944 2975 5000 CAPUT
3014 4944 3303 5001 PRIMUM.

2307 5034 2479 5099 Quam
2503 5036 2759 5091 excellens
2780 5039 2844 5090 sit
2877 5038 3150 5108 virginitas
3189 5050 3234 5093 et
3268 5040 3461 5093 ardua.
3492 5036 3807 5111 Voluptuosi,

2228 5129 2489 5197 quomodo
2531 5132 2692 5199 possit
2732 5133 3008 5195 contineri,
3048 5151 3230 5203 capere
3257 5143 3538 5204 nequeunt.
3584 5164 3656 5174 -—
3689 5132 3807 5199 Quid

2227 5224 2443 5287 mirum,
2466 5224 2510 5279 si
2530 5225 2657 5279 illud
2684 5225 2813 5279 felix
2839 5225 3163 5296 integritatis
3187 5243 3383 5283 nomen
3409 5229 3545 5282 adeo
3562 5228 3810 5299 gloriosas

2226 5314 2280 5369 in
2323 5315 2574 5368 humanis
2606 5315 2849 5370 moribus
2887 5316 3129 5385 possidet
3168 5317 3384 5382 laudes,
3429 5333 3552 5373 cum
3591 5333 3689 5388 per
3728 5317 3809 5371 bo-

2226 5406 2401 5459 mines
2449 5420 2547 5458 suo
2599 5406 2776 5460 adhuc
2832 5407 3014 5461 cinere
3073 5408 3341 5471 amictus,
3399 5418 3453 5464 et
3509 5406 3808 5464 cadaverosi

2230 5495 2388 5564 hujus
2438 5498 2682 5566 corporis
2746 5499 2812 5553 de
2866 5499 3008 5554 fasce
3069 5511 3377 5569 gementes,
3427 5518 3622 5567 suum,
3667 5501 3809 5555 modo

2232 5589 2365 5643 satis
2417 5589 2620 5651 arduo,
2671 5599 2725 5641 et
2777 5605 2915 5659 pene
2961 5593 3104 5647 vires
3154 5592 3437 5648 excedenti
3484 5593 3803 5651 imitatione.

2234 5688 2512 5733 auctorem
2546 5681 2742 5734 sectari
2777 5683 3110 5737 contendat?
3135 5683 3321 5738 Arduo
3343 5684 3584 5753 quidem.
3618 5683 3684 5736 Et
3710 5696 3804 5734 non

2235 5772 2541 5839 minimum,
2581 5787 2703 5826 cum
2726 5787 2841 5839 eos,
2865 5774 2959 5844 qui
2984 5775 3241 5831 diuturno
3269 5777 3508 5832 carnalis
3531 5776 3805 5840 experien-
