4038 6330
178 275 295 333 581

1322 267 1737 330 OPUSCULUM
1771 270 1858 326 DE
1897 269 2340 327 V'IRCINITATE

3375 276 3482 333 582

180 390 288 447 tiae
316 404 419 445 usu
446 386 559 459 jam
587 383 865 441 extaediari
905 382 1229 452 debuerant,
1266 383 1550 440 videamus
1577 384 1630 440 in
1667 395 1784 439 tan-
1809 390 1861 450 Α
1889 399 2199 437 consumens
2216 393 2292 437 est
2316 381 2503 453 (Hebr.
2526 399 2623 451 xu,
2648 383 2759 456 29),
2787 401 2893 442 non
2920 386 3304 443 inconcinnum
3332 374 3479 444 testi-4

179 492 315 539 tum
346 481 439 536 tali
468 479 727 549 appetitui
768 494 872 531 non
903 476 1084 532 valere
1113 475 1388 545 resistere,
1411 475 1655 548 quinitno
1678 491 1785 531 non

178 573 357 637 velle,
393 581 453 626 ut
489 572 756 625 mirentur
785 570 944 623 etiam
984 572 1163 640 ipsos,
1192 570 1283 640 qui
1318 584 1377 625 se
1406 571 1685 625 continent
1721 568 1788 623 ab

177 664 301 721 hoc
352 662 591 734 negotio,
638 659 894 716 cohibere
941 674 999 715 se
1046 676 1229 730 posse.
1275 660 1429 728 Quod
1469 662 1789 731 plerumque

177 756 401 810 malum
451 754 634 809 acrius
680 768 745 807 ac
790 753 964 823 magis
1000 753 1347 821 indomitum,
1388 753 1523 822 proh
1562 753 1733 821 pudor
1772 753 1818 819 Ξ,

177 847 249 901 in
297 848 384 902 his
426 862 563 917 quos
604 846 795 916 fatigat
836 846 1070 911 senium,
1101 862 1333 916 quorum
1365 856 1527 915 caput
1550 845 1789 916 pessima

176 940 542 1012 longrevitate
572 939 839 1005 incanuit,
868 939 1097 1009 reperiri
1126 938 1284 994 solet.

260 1032 439 1086 Deum
477 1032 722 1086 imitatur
761 1032 852 1100 qui
903 1032 1250 1102 virginitate»:
1291 1040 1478 1087 servat.
1516 1060 1583 1071 ο-
1620 1031 1785 1101 Pene,

175 1125 441 1194 inquam,
474 1125 619 1179 vires
657 1124 945 1179 excedenti
977 1124 1150 1179 Deum
1187 1124 1492 1180 imitatione
1523 1134 1785 1191 sectatur,

173 1232 317 1271 cum
345 1224 532 1271 contra
557 1215 818 1270 naturalis
845 1216 1190 1272 irritamento
1212 1216 1427 1285 caloris,
1456 1224 1508 1271 et
1535 1217 1787 1286 ingenitae

178 1305 523 1360 titillatienis
551 1306 803 1360 acumina
825 1345 838 1371 ,
871 1320 976 1359 non
1008 1306 1062 1359 in
1093 1307 1346 1371 alterum,
1378 1307 1469 1361 sed
1500 1306 1553 1359 in
1591 1316 1789 1360 semct-

171 1398 372 1467 ipsum
399 1397 559 1468 312
625 1397 689 1452 de
721 1398 1000 1462 certando,
1038 1398 1179 1466 quod
1208 1397 1474 1453 diﬂicilius
1512 1408 1614 1461 est,
1646 1414 1787 1453 sem-

174 1487 409 1556 piterno
429 1488 714 1542 conamine
738 1488 1060 1559 refragatur.
1090 1488 1146 1542 in
1178 1503 1235 1543 re
1265 1489 1505 1558 qualibet
1526 1491 1785 1545 exteriori

182 1579 495 1635 evincenda
546 1596 689 1650 saepe
736 1580 920 1635 valent
975 1590 1152 1635 astuta
1205 1581 1453 1652 ingenia,
1509 1597 1787 1636 armorum

180 1670 374 1735 vires,
416 1671 714 1737 machinae,
766 1673 1109 1728 obsidionum
1164 1674 1431 1728 molestia.
1485 1674 1789 1745 Operantur

1891 490 1981 529 mo
2024 476 2167 545 quod
2204 476 2256 529 hi
2289 475 2529 544 igniculi,
2558 478 2715 548 quasi
2757 481 2973 547 quidam
3023 480 3295 535 aeternalis
3336 480 3479 537 illius

1890 570 2022 625 solis
2062 570 2271 633 radioli,
2322 586 2421 625 nos
2465 571 2531 624 ad
2577 571 2826 625 eumdem
2871 587 2899 623 a
2949 586 3055 639 quo
3102 570 3474 637 infunduntur,

1890 662 2155 733 arrigunt.
2199 661 2302 716 Sed
2344 670 2597 731 patenter
2634 663 2710 717 rei
2757 662 2919 730 hujus
2952 662 3199 717 enuntiat
3234 663 3477 717 conside-

1890 754 2058 819 ratio,
2083 763 2139 808 et
2165 762 2351 808 nostra
2377 754 2445 809 ab
2463 754 2580 825 ipso
2603 755 2896 823 procedere
2919 754 3117 809 debere
3140 755 3289 809 credi
3316 754 3481 819 bona,

1890 842 2123 899 et'nullo
2154 844 2315 898 modo
2346 844 2491 899 credi
2525 845 2723 898 debere
2756 846 2988 908 bonum,
3019 844 3160 914 quod
3193 845 3257 898 ad
3295 845 3401 899 ima
3427 853 3485 900 et

1894 945 2113 991 terrena
2140 946 2383 1002 nostros,
2412 936 2659 1003 quamvis
2687 937 2919 1007 imagine
2942 936 3181 1007 pietatis,
3210 936 3486 1006 imprimat

1891 1031 2187 1102 cogitatus.
2240 1029 2296 1085 Si
2342 1046 2577 1100 namque
2620 1029 2920 1083 materialis
2961 1031 3077 1084 lucc
3122 1030 3337 1084 ﬂamma
3376 1044 3487 1084 sua:

1892 1122 1973 1177 sic
1997 1130 2205 1176 natum
2232 1136 2447 1190 semper
2479 1120 2682 1177 indicat
2709 1119 3048 1190 qualitatem,
3082 1129 3141 1173 ut
3172 1118 3484 1174 indesinen-

1893 1224 1981 1270 ter
2004 1216 2070 1269 ad
2097 1230 2329 1285 superna
2358 1215 2673 1278 contendat,
2702 1221 2908 1283 quanto
2927 1209 3488 1282 plusincorruptibilis

1891 1306 2037 1361 illius
2094 1307 2233 1375 ignis
2278 1306 2578 1376 portiones,
2608 1306 2817 1361 scilicet
2869 1321 2898 1358 a
2942 1306 3051 1359 Deo
3102 1302 3258 1357 nobis
3310 1302 3483 1357 insitae

1890 1399 2123 1453 virtutes
2151 1439 2166 1464 ,
2218 1399 2390 1469 ipsum
2441 1398 2641 1452 imitari
2685 1397 2752 1452 ad
2798 1391 3082 1465 ipsumque
3126 1392 3339 1447 evolare
3391 1392 3486 1446 de-

1890 1494 2068 1549 bent?
2107 1493 2200 1547 llae
2231 1503 2367 1547 sunt
2406 1492 2499 1548 illa
2550 1492 2641 1546 Dei
2691 1491 3011 1550 similitudo.
3042 1494 3107 1544 ad
3139 1505 3299 1559 quam
3327 1489 3491 1543 homo

1892 1590 1946 1644 in
1980 1589 2174 1645 Genesi
2218 1588 2414 1659 legitur
2450 1586 2626 1641 factus
2656 1585 2809 1657 (Gen.
2848 1602 2889 1651 ι,
2922 1584 3036 1654 ‘26),
3072 1583 3486 1652 hoc,signatnm

1898 1693 2062 1746 super
2094 1692 2195 1732 nos
2221 1676 2402 1730 lumen
2434 1674 2616 1729 vultus
2646 1675 2815 1744 ipsius
2846 1672 3018 1744 (Psal.
3046 1687 3142 1739 vn,
3167 1670 3245 1742 4),
3268 1678 3491 1740 propter

179 1760 406 1815 interea
445 1776 543 1830 per
585 1764 875 1818 verborum
925 1764 1190 1818 fallaciam
1240 1765 1489 1835 plurimi,
1530 1781 1648 1836 quae
1682 1782 1790 1821 non
1824 1769 1871 1827 Β
1898 1768 2025 1832 hoc,
2048 1767 2204 1836 juxta
2240 1765 2369 1821 illud
2398 1765 2670 1835 poeticum
2700 1781 2712 1817 :

180 1861 549 1923 possunt‘per
586 1854 801 1924 prazlia;
846 1856 939 1910 sed
983 1856 1175 1911 horum
1225 1856 1359 1912 nihil
1406 1859 1459 1913 in
1508 1860 1787 1915 intestinis

190 1944 432 2015 negotiis
462 1946 754 2016 quidquam
786 1948 959 2018 juvat.
996 1946 1064 2001 Se
1092 1949 1236 2002 enim
1272 1948 1500 2020 quisque
1533 1966 1699 2019 penes
1728 1967 1787 2005 se

186 2038 435 2107 habens,
467 2041 574 2097 imo
605 2058 662 2097 se
692 2044 745 2097 in
779 2060 837 2099 se
868 2045 1078 2111 ferens,
1112 2045 1236 2115 quia
1272 2045 1416 2099 aliud
1450 2062 1609 2115 quam
1641 2046 1785 2116 quod

187 2140 274 2183 est
308 2131 539 2203 quisque
568 2150 673 2188 non
701 2144 802 2201 est,
839 2150 939 2190 nec
964 2136 1016 2189 in
1051 2136 1155 2191 duo
1185 2136 1371 2202 dividi,
1406 2146 1462 2191 ut
1489 2153 1614 2205 pars
1642 2138 1785 2207 parti

186 2222 538 2288 adversetur,
571 2235 767 2295 potest.
810 2224 1058 2296 Seipsum
1091 2228 1413 2297 plerumque
1443 2243 1701 2297 sttperare
1728 2230 1784 2283 in

190 2326 404 2371 tantum
454 2336 590 2388 pene
642 2338 745 2375 non
788 2332 969 2392 potest
1011 2334 1067 2376 ut
1104 2340 1199 2377 sua
1241 2339 1271 2377 a
1311 2323 1488 2393 seipso
1527 2323 1784 2379 dissecari

187 2412 439 2465 membra
467 2428 624 2481 posse
649 2414 819 2469 levius
850 2415 1082 2469 wstimet
1107 2432 1269 2485 quam
1297 2416 1437 2470 nolle
1464 2416 1515 2470 id
1548 2417 1687 2486 quod
1727 2432 1786 2471 se

187 2501 328 2556 velle
350 2512 403 2556 et
430 2514 683 2574 appetere
718 2507 830 2574 ipsa
858 2506 1197 2576 potissimum
1228 2517 1421 2561 natura
1447 2508 1710 2561 docuerit.

262 2591 400 2646 Cum
434 2594 598 2663 igitur
626 2595 930 2651 voluntarie
966 2598 1241 2668 quidpiam
1280 2613 1433 2653 mens
1464 2598 1667 2652 ambiat
1697 2599 1787 2670 (de

188 2684 274 2738 bis
319 2686 713 2756 cupiditatibus
750 2689 973 2759 loquor,
1007 2707 1128 2761 quae
1163 2708 1262 2745 nos
1298 2692 1638 2762 originaiiter
1670 2690 1784 2745 aﬂi-

187 2778 364 2848 ciunt)
415 2788 470 2833 et
519 2781 759 2837 universi
811 2783 953 2839 illico
1011 2784 1256 2855 corporis
1310 2800 1461 2839 amor
1517 2786 1783 2842 voluntati

191 2871 398 2926 mentis
449 2887 634 2928 comes
685 2876 933 2944 assistat,
983 2893 1105 2932 cum
1156 2878 1385 2944 ﬂagrent
1436 2895 1610 2944 vente,
1660 2896 1784 2935 cum

188 2962 375 3016 cordis
414 2966 581 3017 robur
615 2965 929 3038 elangueat,
966 2984 1087 3023 cum
1134 2970 1273 3040 ignis
1315 2970 1539 3025 intimus
1572 2972 1783 3026 viscera

186 3052 331 3107 lassa
368 3054 635 3121 resolvat,
668 3072 789 3111 cum
829 3073 958 3113 caro
990 3069 1042 3113 et
1072 3060 1285 3115 animus
1324 3060 1378 3114 in
1418 3077 1583 3114 unum
1625 3063 1785 3116 mise.

185 3144 436 3200 rabiliter
468 3157 648 3212 ruant,
686 3166 901 3219 quaeso,
930 3152 980 3205 in
1013 3167 1119 3207 uno
1156 3153 1247 3207 illo
1285 3163 1413 3208 tunc
1452 3156 1670 3210 homine
1706 3165 1790 3211 tot

188 3235 391 3292 ictibus
428 3240 657 3305 obruto,
709 3257 830 3311 quae
870 3259 996 3313 pars
1035 3245 1333 3299 remedium
1379 3246 1594 3301 aliunde
1641 3249 1788 3302 dela-

187 3343 313 3388 tura
343 3336 628 3402 remansit,
661 3339 803 3393 unde
843 3341 909 3395 ad
940 3342 1341 3411 reprimendum
1374 3347 1572 3399 mentis
1597 3361 1787 3417 rogum

189 3428 275 3481 vel
307 3427 588 3482 minimam
620 3429 817 3485 stillam
852 3432 1067 3501 eliciet,
1095 3435 1186 3504 qui
1236 3444 1381 3491 totus
1405 3449 1490 3492 est
1527 3437 1742 3493 ﬂamma
1764 3439 1790 3491 ?

192 3518 392 3573 mirum
421 3536 616 3590 nempe
646 3538 811 3577 unum
837 3524 1040 3594 aliquid
1066 3536 1257 3581 contra
1280 3543 1339 3583 se
1360 3528 1414 3582 in
1446 3528 1646 3583 bellum
1677 3546 1791 3585 suae

193 3613 429 3683 propriae
474 3612 771 3670 voluntatis
817 3632 978 3686 posse
1027 3634 1390 3691 consurgere,
1439 3631 1499 3677 ut
1541 3628 1594 3678 in
1635 3624 1787 3693 cujus

193 3704 469 3761 desiderio
510 3708 780 3778 praecipue
821 3709 1117 3778 defecerit,
1159 3714 1211 3768 id
1256 3730 1324 3769 ne
1370 3724 1496 3787 agat
1538 3718 1639 3772 sibi
1687 3718 1789 3773 im-

192 3804 367 3864 pcret.

262 3910 367 3997 llis
398 3914 691 3970 exercitari
721 3916 878 3973 docta
906 3918 1245 3975 conﬂictibus
1273 3922 1361 3978 illa
1389 3925 1507 3979 viva
1542 3926 1788 3996 antiquo-

193 4020 315 4059 rum
347 4008 639 4076 sagaeitas,
670 4010 796 4063 dum
834 4012 978 4066 inter
1012 4026 1071 4067 se
1100 4022 1155 4067 et
1197 4016 1401 4070 bestias
1430 4017 1559 4086 quid
1590 4018 1791 4073 debeat

192 4100 435 4153 rimatur
472 4101 675 4157 distare
722 4118 828 4159 non
872 4121 1037 4160 tinum
1076 4122 1107 4160 a
1149 4105 1260 4162 Deo
1300 4109 1354 4162 in
1394 4109 1551 4163 nobis
1590 4125 1790 4180 corpus

185 4202 315 4245 esse
345 4191 546 4246 debere
573 4203 627 4248 et
655 4196 907 4264 spiritum
927 4237 941 4258 ,
971 4206 1028 4251 ut
1070 4197 1145 4251 nil
1178 4198 1379 4253 eﬂieiat
1407 4201 1631 4270 spiritus
1682 4202 1789 4256 nisi

184 4282 337 4351 quod
369 4284 618 4353 corporis
648 4286 766 4340 usui
808 4288 1009 4356 prosit,
1041 4291 1184 4358 quod
1218 4291 1352 4344 satis
1382 4291 1436 4345 in
1472 4292 1788 4346 animalium

180 4374 299 4430 vita
330 4386 647 4445 promptum
676 4393 797 4434 esse
844 4380 1207 4450 dignoscitur,
1240 4381 1662 4451 prudentissime
1700 4399 1786 4438 rev

180 4467 359 4536 perit,
400 4474 457 4520 et
504 4476 563 4521 ut
606 4484 716 4525 non
760 4470 1085 4526 alterutrum
1133 4472 1363 4528 alterum
1410 4474 1648 4529 vicissim
1695 4484 1866 4545 aut!)

182 4558 494 4629 subigeret,
538 4570 632 4614 aut
668 4564 988 4631 praeferret,
1026 4564 1121 4619 sed
1157 4564 1400 4634 regimen
1446 4566 1608 4620 totius
1646 4582 1791 4621 mor-

184 4662 347 4705 tuum
382 4653 631 4721 corporis
657 4656 874 4724 spiritui
904 4665 1105 4711 :eterna
1138 4657 1411 4713 soliditate
1438 4670 1705 4725 maneret,
1739 4668 1793 4714 et

181 4755 243 4793 se
268 4740 442 4793 homo
464 4740 750 4795 adversum
781 4758 840 4798 se
864 4743 1095 4798 divisum
1132 4752 1393 4814 perpetua
1429 4745 1623 4799 borum
1650 4746 1788 4803 duo-0

180 4846 312 4885 rum
337 4831 636 4887 hostilitate
664 4844 870 4900 noscet,
894 4838 1023 4891 dum
1050 4838 1656 4894 viveretnosinstruxit.
1687 4839 1794 4896 Sed

182 4921 307 4975 Deo
336 4921 643 4990 opitulante
669 4927 734 4982 de
762 4927 849 4982 his
874 4927 1012 4983 alias
1035 4934 1305 4986 morosius
1330 4940 1562 4987 tractare
1588 4932 1790 4988 licebit.

181 5011 271 5066 Ad
301 5014 505 5082 prioris
536 5032 700 5088 quam
740 5019 1149 5090 praelibavimus
1184 5025 1466 5080 sententiae
1506 5027 1794 5083 redeamus

184 5106 444 5163 exordia.

833 5202 1066 5261 CAPUT
1103 5205 1169 5260 ll.

275 5312 512 5370 Virtutes
532 5317 704 5372 simile
722 5319 851 5388 quid
874 5336 995 5373 eum
1028 5319 1157 5374 Deo.
1178 5352 1249 5361 —
1274 5322 1408 5375 Cum
1438 5337 1589 5376 omne
1614 5322 1796 5375 datum

194 5409 476 5478 optimum,
508 5420 559 5463 et
596 5425 747 5465 omne
786 5412 983 5466 dentom
1016 5413 1305 5483 perfectum
1335 5431 1366 5469 a
1397 5413 1554 5469 Patre
1579 5416 1796 5469 descen-

193 5502 285 5555 dat
330 5501 589 5555 luminum
624 5503 766 5572 (Jac.
812 5518 853 5569 ι,
903 5506 1015 5576 17),
1068 5507 1357 5575 prudentis
1393 5508 1559 5561 animi
1606 5508 1799 5577 cuique

196 5592 593 5647 attendendum
626 5604 737 5657 est,
770 5596 1042 5665 quomodo
1073 5608 1304 5667 quaeque
1350 5613 1485 5666 quas
1519 5613 1585 5653 ex
1614 5614 1678 5653 eo
1708 5613 1801 5653 cx-

198 5683 435 5752 cipimus
468 5683 617 5739 fonte
654 5686 917 5753 virtutes,
948 5688 1204 5757 quiddam
1241 5703 1343 5744 suo
1374 5704 1590 5761 semper
1623 5691 1801 5745 simile

196 5779 443 5837 habeant
463 5784 763 5852 praebituri.
790 5784 846 5840 Si
884 5786 1026 5841 Dens
1056 5796 1255 5855 noster,
1280 5796 1338 5841 ut
1361 5789 1635 5859 scribitur,
1665 5789 1799 5859 ignis

1897 1858 1969 1912 Os
2001 1860 2201 1913 homini
2236 1857 2456 1911 sublime
2480 1856 2647 1920 dedit,
2677 1853 2961 1924 ctelumque
2984 1852 3158 1906 videre
3192 1847 3287 1921 [αι.
3328 1845 3489 1920 tueri]

1894 1948 2092 2017 Iussit,
2123 1960 2168 2004 et
2196 1959 2393 2004 erectos
2420 1953 2487 2001 ad
2514 1948 2689 2002 sidera
2715 1946 2897 2001 toilere
2934 1945 3131 1999 cultus.

2902 2039 3080 2110 (OVID.
3115 2036 3169 2091 Μ
3175 2040 3421 2103 etaritur.)

1896 2134 1968 2191 Ut
2000 2131 2153 2202 cujus
2188 2133 2427 2205 regionis
2464 2140 2607 2187 esset
2642 2128 2824 2186 accola
2859 2128 3095 2195 futurus,
3138 2127 3263 2181 illuc
3298 2125 3493 2181 crebro

1893 2225 2031 2281 laeta:
2060 2227 2172 2296 spei
2207 2225 2435 2280 inferret
2458 2224 2705 2278 intuitus.

1967 2316 2171 2372 Omnes
2191 2314 2373 2384 itaque
2392 2316 2649 2378 virtutes,
2668 2328 2809 2375 cum,
2827 2320 2886 2366 ut
2904 2311 3086 2366 dicere
3126 2322 3491 2379 coeperamus,

1894 2408 2071 2462 simile
2113 2408 2242 2476 quid
2296 2423 2394 2463 suo
2459 2407 2787 2477 portendant
2831 2404 3028 2471 datori,
3077 2404 3234 2469 hcce,
3280 2401 3345 2456 de
3388 2417 3495 2471 qua

1893 2500 2199 2567 loquimur,
2238 2499 2524 2569 integritas
2574 2508 2807 2551 mentem
2848 2497 2929 2551 sui
2971 2494 3207 2549 hominis
3246 2507 3491 2557 servans,

1895 2602 1950 2647 et
1974 2608 2173 2660 corpus
2198 2592 2407 2663 integre
2426 2591 2697 2662 purifieat,
2716 2589 3039 2661 geminoque
3062 2586 3295 2656 quodam
3319 2583 3496 2639 oﬂicio

1894 2684 2308 2740 similitudinem
2341 2684 2423 2739 sui
2463 2682 2776 2738 Conditoris
2807 2681 3043 2735 affectat.
3079 2678 3146 2733 Et
3172 2678 3287 2733 haec
3319 2692 3493 2746 quan-

1894 2783 2010 2828 tum
2053 2786 2177 2829 reor
2208 2775 2421 2829 caeteris
2449 2774 2761 2844 specialius.
2792 2773 3038 2827 Aliarum
3069 2787 3200 2826 sane
3221 2771 3498 2841 pleraque

1894 2866 1973 2920 ita
2012 2864 2111 2921 soli
2143 2867 2309 2921 menti
2342 2871 2618 2936 pertinent
2661 2873 2719 2919 ut
2755 2865 2797 2919 si
2828 2864 3073 2935 plcnarie
3104 2864 3408 2917 habeantur
3437 2862 3493 2916 in

1896 2957 2100 3023 animo,
2140 2958 2391 3029 quamvis
2440 2959 2652 3014 diversa
2695 2965 2749 3012 et
2791 2957 3011 3027 penitus
3041 2970 3181 3025 saepe
3215 2953 3494 3010 contraria

1896 3048 2142 3102 exhiberi
2198 3049 2489 3103 videantur
2544 3048 2808 3115 exterius,
2868 3064 3020 3102 mens
3076 3057 3254 3102 tamen
3317 3046 3495 3101 solida

1821 3122 1868 3184 (ἶ
1901 3140 2107 3208 absque
2135 3139 2297 3193 ullius
2326 3140 2693 3195 destitutienis
2717 3141 2916 3194 datnno
2939 3155 3121 3194 arcem
3154 3155 3264 3194 suae
3288 3139 3498 3194 obtinet

1894 3229 2160 3283 bonitatis
2190 3270 2205 3295 ,
2256 3230 2407 3284 verbi
2459 3231 2675 3300 gratia,
2728 3230 2871 3286 inter
2917 3230 3251 3300 Operandum
3302 3229 3497 3299 aliquis

1900 3328 2045 3384 orat,
2071 3332 2124 3375 et
2144 3338 2239 3376 ore
2269 3338 2603 3392 compresso,
2638 3323 2876 3378 immotis
2915 3322 3073 3377 labiis
3096 3323 3222 3376 dum
3252 3321 3495 3376 universi

1896 3413 1950 3467 in
1980 3414 2176 3483 quovis
2220 3415 2486 3469 exercitio
2537 3415 2781 3485 corporis
2822 3413 3065 3486 implicat
3108 3422 3282 3480 artus,
3326 3414 3496 3468 Deum

1895 3506 2010 3561 sola
2059 3507 2415 3562 meditatione
2457 3519 2733 3578 precatur.
2768 3508 2920 3563 Alter
2962 3507 3129 3562 filium
3178 3523 3277 3577 pro
3326 3507 3495 3577 ipsius

1894 3595 2129 3664 ﬂagellat
2183 3597 2461 3663 facinore;
2529 3599 2785 3668 praelatus
2853 3598 3081 3668 quilibet
3135 3599 3188 3653 in
3249 3598 3496 3653 subditos

1895 3688 2179 3748 acerrime.
2233 3694 2415 3751 et,‘ut
2458 3699 2702 3759 putatur,
2750 3690 2869 3761 plus
2916 3707 3072 3761 :equo
3114 3689 3403 3757 infrendet,
3441 3700 3498 3747 et

1895 3785 2079 3832 tamen
2135 3778 2481 3834 discretionis
2537 3790 2731 3836 neuter
2788 3782 3233 3851 praetergreditnr
3277 3782 3491 3846 libram,

1894 3871 1987 3941 qui
2018 3870 2222 3925 scelera
2256 3870 2443 3937 ferire,
2474 3888 2580 3926 non
2612 3873 2828 3944 explere
2853 3874 3063 3928 noverit
3087 3874 3243 3927 iram.

1967 3963 2051 4015 Ad
2111 3963 2420 4017 servandam
2466 3964 2777 4035 pudicitiam
2821 3967 3067 4020 continuo
3116 3965 3495 4035 invigilandum

1894 4066 1992 4108 est.
2027 4086 2094 4093 —
2133 4054 2259 4111 [hcc
2294 4071 2425 4111 sane
2472 4072 2595 4111 cum
2640 4058 2787 4112 cordi
2829 4058 3139 4141 mnnd'ando
3181 4057 3493 4136 cautissima
3557 4104 3565 4109 .

1896 4146 2211 4213 provisione
2244 4146 2545 4210 incumbat,
2576 4150 2820 4202 membra
2865 4149 3029 4204 totius
3054 4150 3317 4218 corporis,
3353 4164 3415 4202 ac
3447 4147 3495 4202 si

1895 4250 2161 4306 quosque,
2192 4238 2284 4307 qui
2313 4254 2424 4293 suae
2447 4240 2672 4307 praesint
2700 4240 2882 4295 domui
2913 4239 3191 4304 oﬂicialcs,
3216 4242 3491 4303 observat,

1895 4342 1965 4381 ne
1995 4342 2182 4383 eorum
2219 4329 2455 4396 inertia,
2490 4345 2584 4385 seu
2620 4329 2841 4385 libidine
2894 4331 3139 4384 interiori
3180 4330 3494 4383 substantiae

1894 4417 2187 4476 diminutio
2245 4420 2358 4476 fiat.
2410 4422 2478 4476 Et
2526 4421 2653 4477 licet
2702 4422 2899 4491 saepius
2960 4422 3174 4475 animus
3237 4420 3493 4488 quiddam

1898 4511 2224 4582 polliceatur
2259 4513 2525 4582 quietum,
2566 4528 2633 4567 ne
2672 4529 2729 4569 se
2757 4513 2892 4567 velle
2916 4513 3017 4567 nisi
3051 4513 3363 4583 pudicitiam
3398 4528 3495 4582 pa-

1900 4616 2129 4673 cemque
2161 4610 2390 4657 testetur
2412 4643 2425 4668 ,
2454 4602 2600 4657 nulla
2631 4610 2811 4658 tamen
2844 4604 3135 4659 securitate
3163 4618 3257 4658 sua
3290 4604 3497 4673 patitur

1900 4694 2143 4748 me’mbra
2176 4693 2366 4747 laxari.
2408 4691 2527 4747 Jam
2562 4693 2708 4748 illam
2750 4693 2872 4749 cmli
2908 4694 3108 4747 civium
3142 4693 3495 4748 serenitatem

1902 4784 2070 4837 etiam
2105 4785 2249 4838 inter
2281 4782 2461 4838 carnis
2488 4784 2679 4839 crebra
2702 4784 2939 4839 convitia
2969 4784 3123 4854 quasi
3156 4782 3495 4839 dissimulato

1901 4876 2241 4946 cogitatuum
2278 4878 2506 4947 strepitu
2529 4876 2726 4931 imitari
2757 4876 2995 4941 aﬂ'ectat,
3030 4877 3138 4931 imo
3165 4875 3312 4931 illum
3341 4891 3493 4930 sum-

1902 4980 2051 5023 mum
2078 4976 2297 5023 mternze
2328 4968 2663 5038 quietudinis
2704 4970 2902 5038 sinum,
2940 4970 3027 5024 cui
3061 4969 3205 5022 nulla
3241 4966 3495 5021 admistio

1900 5058 2230 5113 incommodi
2255 5058 2485 5125 accedit,
2515 5059 2597 5114 cui
2624 5062 2864 5130 proprie,
2890 5069 2943 5115 e‘t
2969 5072 3075 5115 non
3101 5058 3374 5123 collative,
3400 5058 3494 5112 sed

1902 5149 2232 5204 naturaliter
2264 5150 2575 5205 essentialis
2619 5151 2757 5207 inest
2798 5151 3116 5221 integritas,
3157 5150 3241 5203 cui
3281 5162 3376 5217 per
3412 5162 3491 5205 se.

1904 5249 1959 5297 et
1986 5257 2052 5295 ex
2085 5256 2167 5304 se,
2200 5242 2335 5296 etin
2361 5257 2419 5297 se
2447 5242 2701 5297 existenti
2738 5242 2872 5297 nihil
2910 5256 3096 5297 eorum
3126 5252 3246 5311 quae
3277 5255 3374 5310 per
3396 5239 3497 5294 ali-

1903 5330 2053 5400 quid,
2087 5339 2180 5385 aut
2226 5345 2293 5385 ex
2338 5332 2522 5401 aliquo
2566 5333 2709 5387 facta
2755 5341 2882 5386 sunt
2927 5331 3235 5386 necessario
3274 5330 3491 5397 accidit,

1904 5437 2005 5477 nec
2038 5422 2353 5478 Creatorem
2396 5424 2725 5480 adminiculo
2770 5422 3093 5479 s'uﬂ‘ulcitur.
3140 5422 3304 5479 Extra
3332 5440 3492 5497 quem

1902 5517 2038 5572 nihil
2070 5518 2292 5573 omnino
2323 5520 2597 5574 conditum
2636 5521 2963 5575 continetur.

1980 5610 2116 5665 Vere
2148 5608 2382 5667 feliciter
2413 5611 2626 5676 aemula,
2665 5612 2738 5667 nil
2776 5613 2828 5667 in
2862 5628 2918 5668 se
2953 5622 3270 5671 extraneum
3298 5614 3493 5669 admit-

1906 5709 2047 5765 teus,
2078 5700 2340 5770 quidquid
2380 5703 2682 5773 corrumpit
2722 5703 2934 5775 fugiens
2973 5705 3196 5776 spiritus
3231 5715 3283 5760 et
3314 5707 3493 5763 carnis

1907 5791 2350 5861 impassibilitate
2398 5795 2767 5866 prosequitur.
2808 5796 2986 5854 Felix!
3043 5809 3095 5854 et
3135 5798 3327 5856 millies
3368 5797 3494 5854 felix
