4014 6324
580 323 690 383 583

1396 318 1460 373 V.
1500 316 1827 375 GUIBEBTI
1857 312 2146 373 ABBATIS
2180 307 2237 363 S.

2277 305 2517 361 MARIAE.
2546 305 2635 363 DE
2674 302 3070 365 NOVIGENTO
3704 318 3797 380 ω

560 434 813 501 audacia,
862 447 1016 505 quae,
1072 432 1235 488 etiam
1278 429 1579 487 caelestium
1623 431 1912 499 spirituum
1969 429 2151 499 gloriae
2177 426 2227 485 Α
2254 420 2381 490 quia
2424 420 2578 493 virgo
2598 420 2720 485 fuit,
2765 421 2906 476 inter
2928 430 3120 477 caetera
3162 422 3415 493 potentia:
3441 439 3549 482 sua:
3566 429 3798 493 miracula

559 526 790 583 similari
827 542 930 581 non
961 534 1237 587 contenta,
1278 524 1446 593 ipsius
1467 523 1575 588 sui,
1600 525 1742 594 quod
1780 525 1923 576 dictu
1950 526 2146 577 mirum

563 618 655 684 sit,
692 616 1069 687 tranquillitati
1099 616 1264 686 313
1299 617 1470 671 beata:
1498 616 1725 669 nimium
1759 615 1960 669 invidet
1988 614 2150 670 Crea~

566 709 724 773 toris,
751 724 856 763 non
882 721 976 777 spe
1004 707 1221 777 quidem
1254 707 1524 772 eamdem,
1559 722 1665 776 qua
1697 708 1839 762 Deus
1865 716 1967 769 est,
1991 717 2151 761 natu-

570 814 687 853 ram
721 797 1076 866 adipiscendi.
1114 798 1207 852 sed
1243 812 1306 851 ea
1334 812 1440 867 qua
1467 798 1639 852 sancti
1669 811 1738 851 ex
1768 797 1860 851 Dei
1893 796 2151 853 tiliatione

566 890 892 945 deiﬁcantur
939 889 1125 959 requie
1170 898 1224 943 et
1278 904 1412 959 pace
1465 888 1699 944 fruendi.
1758 888 1879 943 Haec
1928 898 2010 944 est
2063 890 2149 944 illa

567 980 832 1036 fortitudo
878 980 1035 1045 asini,
1090 996 1198 1035 non
1237 980 1308 1036 ob
1360 981 1903 1043 irrationabilitatem,
1947 981 2042 1036 sed
2084 981 2152 1037 ob

571 1071 1047 1127 mansuetudinem
1098 1072 1551 1142 tolerantiamque
1601 1074 1654 1127 in
1710 1072 1956 1128 lssaehar
1984 1072 2153 1128 bene-

563 1163 804 1219 dictione
834 1164 995 1233 positi
1050 1162 1201 1225 (Gen.
1237 1181 1387 1231 χιιι,
1417 1166 1527 1237 ﬂ),
1560 1166 1650 1235 qui
1689 1165 1876 1221 videns
1914 1167 2152 1236 requiem

563 1270 595 1309 a
628 1255 930 1311 carnalium
960 1256 1102 1311 bello
1133 1258 1478 1325 tumultuum,
1522 1258 1665 1328 quod
1706 1267 1851 1313 esset
1892 1258 2031 1313 bona
2053 1299 2067 1323 ,
2101 1268 2157 1313 et

566 1356 791 1409 terram,
822 1348 1065 1416 corporis
1092 1348 1300 1404 scilicet
1339 1349 1392 1403 in
1429 1364 1540 1418 quo
1585 1364 1728 1402 nunc
1761 1349 2155 1419 peregrinando

570 1440 882 1509 hospitatur
909 1455 1185 1495 carcerem
1205 1482 1221 1506 ,
1254 1456 1373 1510 qua:
1409 1441 1633 1496 mitibus
1665 1442 1717 1496 in
1760 1444 2155 1512 possessionem

568 1530 822 1596 dabitur,
850 1532 976 1601 quia
1008 1533 1235 1601 optima,
1279 1534 1564 1589 humerum
1606 1535 1886 1603 supposuit
1922 1535 1987 1588 ad
2025 1548 2152 1603 por-

571 1621 795 1674 tandum
840 1620 1053 1690 pondus
1090 1622 1192 1677 tliei
1240 1633 1293 1676 et
1339 1631 1524 1691 aestus,
1552 1631 1607 1678 et
1658 1624 1873 1677 habitus
1910 1634 1993 1678 est
2023 1638 2154 1680 con-

569 1712 822 1781 temptui,
849 1711 1004 1781 quasi
1028 1713 1274 1782 quaedam
1293 1714 1471 1784 gravis
1492 1714 1745 1769 molestia
1768 1714 1951 1769 mundi
1979 1715 2153 1769 luxus.

568 1801 697 1858 llaec
743 1811 869 1858 sunt
913 1812 1113 1858 sancta:
1159 1805 1317 1876 hujus
1360 1820 1535 1875 pruna
1581 1810 2016 1877 excogitamcnta
2052 1808 2159 1861 vir-

572 1895 731 1958 tutis,
770 1904 827 1949 ut
877 1897 1022 1954 sicut
1065 1913 1195 1953 suus
1242 1907 1433 1953 auctor
1469 1899 1771 1954 essentialis
1817 1900 2055 1969 potentia
2093 1900 2161 1955 ab

574 1986 724 2041 onmi
785 1998 934 2043 motu
963 2031 977 2055 ,
1028 2000 1082 2046 et
1131 1990 1405 2060 superﬂua
1456 1993 1782 2063 cogitatione
1828 1996 2162 2064 dignoscitur

572 2076 789 2145 exsors,
821 2080 894 2135 ita
920 2097 1188 2153 quemque
1222 2084 1303 2139 sui
1338 2084 1635 2140 studiosum
1666 2085 1949 2158 integritas
1982 2104 2161 2159 quan-

573 2179 690 2225 tum
720 2173 773 2226 in
799 2175 1104 2243 corruptela
1127 2176 1335 2244 positus
1357 2176 1518 2230 homo
1541 2175 1658 2231 fleri
1682 2179 1907 2246 patitur.
1924 2181 1992 2235 ab
2014 2179 2161 2236 inor-

574 2261 764 2319 dinato
796 2265 1038 2335 quolibet
1064 2268 1268 2339 impetu
1299 2268 1489 2324 reddat
1518 2268 1845 2338 immunem;
1868 2272 1920 2326 in
1950 2280 2159 2327 tantum

568 2366 699 2424 ergo
731 2354 962 2411 similem
991 2357 1242 2413 dixerim.

1194 2450 1422 2507 CAPUT
1462 2451 1542 2506 111.

644 2536 718 2593 De
760 2538 888 2595 Filii
918 2539 1017 2595 Dei
1058 2541 1333 2611 temporali
1377 2545 1730 2612 generatione.
1764 2576 1833 2587 τ-
1857 2546 2080 2602 Accedit
2105 2556 2160 2604 et

568 2628 696 2685 huic
728 2640 836 2685 tam
858 2633 1142 2703 praccipurc
1171 2634 1480 2689 adventioni
1506 2635 1674 2691 altera
1702 2652 1808 2691 non
1855 2653 2160 2708 usquequa-

570 2733 674 2789 que
698 2721 1051 2793 improbanda
1084 2723 1242 2788 ratio,
1274 2726 1417 2794 quod
1457 2726 1706 2782 videlicet
1759 2728 2159 2797 indisputahilis

570 2825 636 2867 ex
687 2812 865 2868 Patris
918 2817 1226 2872 aeternitate
1276 2818 1531 2872 coaeterni
1568 2818 1686 2872 Filii
1739 2829 1910 2883 ortus,
1960 2822 2159 2875 nonde

570 2905 811 2960 exterius
852 2907 1116 2971 adhibita,
1149 2924 1269 2979 quae
1315 2909 1388 2964 illi
1440 2911 1711 2965 nativitati
1746 2922 2157 2982 cooperarctur,

571 2998 895 3064 substantia,
954 3016 1020 3054 ne
1068 3008 1380 3056 nostrarum
1434 3004 1844 3073 geniturarum,
1897 3006 2156 3076 conjuga-

570 3088 770 3144 liumve
796 3093 1252 3147 necessitudinum
1279 3093 1475 3157 ofﬁcio,
1502 3097 1923 3167 corruptivoque
1951 3099 2158 3156 semine
2187 3121 2230 3179 (ς

572 3190 785 3236 (onstat
818 3183 1143 3249 celebratus,
1176 3185 1270 3239 sed
1296 3200 1359 3240 ex
1414 3184 1504 3239 illo
1532 3190 1866 3244 inscrutahili
1897 3194 2162 3260 sacrario,

573 3274 934 3342 thesauroque
978 3275 1176 3341 Patris,
1229 3292 1336 3333 non
1375 3278 1521 3333 aliud
1548 3280 1677 3349 quid
1735 3282 1963 3337 alterum
1999 3300 2163 3354 quant

572 3367 715 3435 quod
768 3367 903 3438 ipse,
937 3378 1030 3423 aut
1083 3368 1336 3439 etligiale,
1371 3371 1465 3425 sed
1519 3387 1637 3436 sua,
1669 3373 1873 3443 absque
1902 3390 2009 3445 qua
2063 3393 2168 3433 nec

571 3467 775 3528 puncto
831 3460 1048 3530 quidem
1096 3460 1235 3527 fuit,
1289 3462 1553 3534 sapientia
1608 3466 1892 3537 virtusque
1943 3470 2164 3538 prodiit,

571 3554 905 3621 competenti
958 3553 1059 3607 sibi
1112 3555 1407 3624 generandi
1457 3542 1639 3622 modo,
1669 3567 1729 3613 ut
1757 3559 1872 3629 ipse
1902 3562 2168 3619 munditia

570 3643 933 3699 munditicans
951 3645 1193 3700 omnium
1216 3662 1336 3717 qua:
1362 3649 1680 3705 mundilicat
1706 3652 1907 3720 glorias
1933 3657 2166 3711 excede-

572 3743 680 3799 ret,
711 3743 767 3789 et
811 3751 878 3790 ex
933 3750 1013 3803 se,
1071 3738 1194 3809 igne
1233 3739 1440 3795 scilicet
1473 3741 1804 3811 vivificante,
1843 3746 1933 3815 qui
1974 3757 2168 3804 cuncta

574 3823 759 3879 foveat
804 3826 974 3883 Filius
1016 3837 1273 3899 tanquam
1327 3830 1583 3903 splendor
1629 3837 1823 3891 exiret.
1854 3837 2074 3894 Talibus
2100 3839 2168 3896 ad

576 3915 941 3973 roborandam
992 3920 1383 3977 continentiam
1440 3923 1751 3981 Christiana
1797 3929 2058 3986 vivacitas
2086 3932 2167 3986 in-

574 4010 1188 4079 struitur'argumentis,
1219 4023 1273 4069 et
1306 4015 1359 4069 in
1400 4020 1727 4087 temporaria
1767 4021 2043 4092 voluptate
2070 4039 2165 4094 ge-

578 4106 745 4161 reu'da
792 4108 990 4164 cedens
1043 4106 1188 4166 aliis.
1248 4126 1411 4167 omne
1460 4114 1603 4183 quod
1656 4114 1757 4169 sibi
1805 4115 1873 4173 de
1918 4119 2167 4175 smculari

578 4212 765 4254 amore
816 4200 1028 4269 irrepit,
1087 4201 1418 4270 subnervat,
1470 4213 1527 4258 et
1568 4216 1830 4276 perpetua
1882 4211 2168 4267 sterilitate

576 4297 777 4352 mundo
815 4295 1148 4353 infructuosa
1184 4314 1429 4355 marcere
1466 4301 1776 4371 disponens,
1816 4304 2169 4374 spiritualiter

576 4390 688 4445 Deo
717 4388 967 4454 fecunda,
1025 4401 1081 4445 et
1115 4391 1334 4449 illibata:
1364 4394 1431 4448 de
1482 4396 1658 4463 pretio
1692 4396 1985 4465 pudicitize,
2017 4399 2168 4455 omni

580 4481 712 4538 tlore
734 4483 964 4555 gratius,
998 4500 1094 4553 spe
1119 4485 1381 4556 gaudiosa
1409 4488 1704 4557 praepollet.

650 4574 783 4631 Cum
804 4576 970 4648 igitur
995 4577 1190 4644 Deum,
1217 4594 1324 4635 non
1368 4581 1486 4637 sine
1512 4580 1807 4653 Seripturae
1836 4586 2166 4653 testimonio,

580 4667 733 4736 quasi
762 4669 1047 4737 quemdam
1081 4670 1256 4739 ignem
1296 4672 1552 4743 accipiat,
1580 4674 1646 4729 de
1668 4692 1777 4744 quo
1798 4677 1871 4731 nii
1899 4678 2000 4732 nisi
2025 4678 2168 4747 quod

579 4758 861 4828 spirituale
916 4760 987 4815 sit
1034 4770 1242 4817 certum
1301 4773 1385 4819 est
1432 4765 1596 4835 gigni,
1631 4782 1737 4821 non
1786 4768 2020 4823 absurde
2045 4769 2093 4823 ei
2116 4768 2168 4823 in

582 4852 688 4908 isto
719 4868 777 4909 sc
801 4862 1100 4925 comparat,
1123 4872 1244 4926 quae.
1271 4856 1396 4912 dum
1421 4858 1632 4913 ruitura
1649 4860 1831 4914 carnis
1855 4861 2171 4929 posteritate

584 4958 704 5000 sese
749 4956 1047 5015 spontanea
1102 4948 1303 5018 privat,
1342 4947 1404 5003 ﬁt
1434 4957 1492 5003 ut
1519 4964 1585 5003 eo
1614 4950 1909 5005 studiosius
1954 4952 2169 5007 demum

584 5034 708 5091 fidei
742 5037 1103 5105 documentis,
1137 5054 1276 5108 quos
1311 5040 1510 5109 poterit
1537 5038 1644 5093 Deo
1668 5039 1954 5109 parturiat,
1986 5049 2170 5097 etnon

586 5129 866 5186 moritura:
891 5130 1092 5186 sobolis
1126 5146 1312 5185 semen
1343 5131 1410 5185 ad
1434 5131 1700 5196 dolorem,
1728 5133 1821 5188 sed
1845 5134 2173 5191 atternaliter

588 5221 813 5277 victum
863 5222 931 5276 ad
971 5221 1227 5292 gaudium
1278 5219 1486 5276 fundat.
1522 5222 1797 5279 Nefarium
1825 5234 1911 5281 est
1943 5226 1985 5281 si
2018 5226 2175 5282 Chri-

590 5315 798 5371 stianus
845 5316 1113 5386 quispiam
1165 5323 1275 5370 tam
1305 5316 1463 5371 beato
1486 5317 1610 5374 vita:
1633 5321 1815 5391 generi
1847 5320 2171 5393 refragetur,

590 5415 645 5461 et
671 5408 834 5463 nimis
876 5416 1130 5461 causetur
1154 5408 1409 5475 arduum,
1446 5424 1541 5465 nec
1565 5411 1763 5468 debere
1813 5415 2019 5469 servari
2042 5429 2173 5469 con-

592 5503 799 5567 tendat,
827 5514 952 5556 cum
976 5501 1115 5570 apud
1158 5512 1370 5559 veteres
1400 5504 1745 5560 observatum
1778 5506 2013 5561 evidenti
2051 5522 2180 5578 gen-

593 5592 769 5650 tilium
799 5592 1099 5647 litterarum
1139 5604 1382 5665 patescat
1409 5596 1676 5666 exemplo.
1721 5597 1933 5652 Vestam
1988 5613 2179 5667 quam-

597 5687 722 5742 dam
750 5684 1036 5741 voluerunt
1056 5702 1176 5744 esse
1196 5689 1371 5756 deam,
1387 5704 1548 5760 quam
1569 5700 1625 5746 et
1645 5700 1873 5747 matrem
1901 5706 2175 5760 magnam,

597 5786 655 5834 et
683 5776 867 5835 nescio
895 5792 1015 5848 quae
1044 5779 1145 5835 alia
1182 5781 1390 5838 intiuita
1442 5784 1509 5839 de
1534 5798 1597 5839 ea
1629 5783 1961 5845 fabulantur,
1990 5798 2173 5854 quam.

2254 510 2593 580 adjicientes,
2626 514 2884 568 deitatem
2936 515 3038 569 sibi
3091 515 3231 584 ignis
3274 518 3651 585 ascripserunt.
3679 525 3799 597 Ignis

2253 608 2399 661 enim
2446 606 2581 660 nihil
2610 616 2871 675 generat;
2907 607 3039 661 nihil
3079 611 3241 662 etiam
3268 610 3439 673 virgo.
3472 609 3616 668 Unde
3641 619 3798 673 etvir-

2253 699 2405 770 gines
2436 700 2605 769 ipsius
2630 701 2933 756 servituras
2960 702 3085 757 fano
3119 717 3241 757 cum
3284 703 3652 772 instituissent,
3675 718 3802 769 tanta

2254 789 2552 859 disciplina:
2589 790 2880 845 severitate
2916 804 3102 845 earum
3150 790 3383 846 lascivia:
3406 791 3734 862 obstiterunt,
3753 809 3804 855 ut

2253 880 2462 954 legibus
2495 884 2771 941 edicerent
2799 883 3071 941 Vestalem
3096 884 3363 956 virginem
3410 887 3577 956 stupri
3602 888 3801 946 insimu-

2255 974 2443 1044 latam,
2471 986 2526 1033 et
2546 980 2869 1044 convictam,
2894 993 3016 1034 cum
3042 993 3140 1033 suo
3164 978 3341 1032 vivam
3369 987 3663 1049 stupratore
3684 991 3804 1040 terra

2257 1067 2455 1126 debere
2474 1071 2650 1126 obrui.
2680 1071 2833 1139 Quod
2858 1070 3219 1126 attentissime
3254 1072 3544 1143 vestigare,
3574 1088 3669 1129 nec
3688 1074 3806 1132 inul-

2257 1167 2371 1215 tutn
2404 1162 2683 1218 dimittere
2707 1162 2967 1217 Romanis
2994 1161 3212 1217 solertia
3245 1161 3411 1217 multa
3435 1161 3554 1218 fuit.

2332 1254 2389 1309 Si
2422 1255 2584 1326 igitur
2634 1265 2920 1325 tantopere
2952 1255 3297 1321 vilissimum,
3341 1270 3409 1310 ne
3446 1254 3721 1324 laberetur,
3742 1261 3808 1315 vi-

2262 1355 2404 1402 trum
2465 1358 2593 1403 tunc
2649 1349 2909 1419 temporis
2959 1348 3300 1413 servabatur,
3355 1348 3498 1417 quod
3546 1342 3684 1405 certe
3706 1367 3808 1407 cum

2258 1438 2528 1507 praecipue
2556 1440 2815 1493 reniterct
2857 1438 3061 1492 nullum
3086 1447 3225 1505 erat,
3266 1448 3321 1492 et
3352 1439 3617 1510 integrum
3644 1457 3707 1496 ne
3723 1443 3810 1497 duo

2260 1530 2476 1599 quidem
2509 1531 2633 1586 vilia
2662 1546 2822 1586 corna
2879 1530 3109 1586 valebat.
3136 1531 3274 1598 Quid
3306 1528 3437 1585 illud
3461 1532 3604 1586 omni
3629 1535 3811 1604 topasio

2260 1622 2495 1678 nobilius
2552 1624 2906 1695 margaritum
2959 1624 3121 1679 debet
3170 1623 3374 1679 habere
3405 1624 3811 1695 custoditeque.

2264 1718 2451 1772 sertim
2480 1718 2620 1788 apud
2652 1733 2774 1783 nos,
2806 1718 3004 1788 quibus
3052 1733 3147 1772 sua
3173 1733 3285 1787 pra:
3307 1716 3531 1771 auribus
3556 1719 3731 1773 crebro
3757 1719 3813 1773 le-

2264 1821 2464 1882 guntur
2508 1812 2768 1882 prmmia?
2794 1812 2969 1867 locum
3005 1825 3135 1880 ergo
3182 1810 3235 1864 in
3279 1809 3590 1865 Christiano
3626 1820 3812 1879 pectore

2264 1906 2439 1960 virtus
2466 1906 2727 1974 obtineat,
2754 1921 2891 1976 quos
2924 1918 3091 1975 regno
3122 1912 3176 1959 et
3214 1903 3385 1974 gloria
3420 1900 3667 1973 pollicitis
3685 1902 3813 1957 Chri-

2265 1999 2614 2054 stusiuvitat.
2645 1998 2703 2054 Si
2745 2000 2887 2054 inter
2935 1996 3313 2070 paganismum
3356 1996 3547 2067 viguit,
3581 2011 3693 2051 cum
3720 1997 3815 2051 sine

2264 2090 2391 2146 vitae
2422 2091 2705 2161 utriusque
2731 2091 2957 2161 praemio
2983 2089 3096 2144 sola
3121 2102 3312 2159 greges
3326 2087 3557 2142 miseros
3582 2101 3723 2154 poma
3742 2100 3815 2140 co-

2261 2186 2447 2255 gebat,
2482 2185 2839 2255 amplectatur
2865 2198 3019 2239 suam
3048 2182 3393 2239 solitudinem
3420 2180 3662 2251 quisquis
3679 2178 3816 2251 jugali

2263 2280 2537 2335 consortio
2564 2280 2670 2334 huc
2697 2292 2869 2347 usque
2893 2277 3091 2341 caruit,
3132 2285 3187 2331 et
3206 2291 3273 2329 ex
3295 2275 3696 2344 coniugatorum
3720 2287 3815 2328 mo-

2262 2370 2463 2436 lestiis,
2498 2372 2605 2425 imo
2634 2370 2870 2425 miseriis
2890 2410 2905 2434 ,
2939 2368 3171 2423 astutior
3194 2367 3391 2432 factus,
3419 2381 3533 2419 suae
3564 2365 3695 2434 paci,
3716 2379 3819 2417 ma-

2262 2464 2345 2534 gis
2369 2477 2499 2517 vero
2523 2462 2839 2517 beatitudini
2870 2474 3145 2529 nunquam
3170 2459 3448 2529 deceptus,
3476 2472 3681 2527 precor,
3704 2456 3817 2510 invi-

2265 2554 2407 2621 deat,
2435 2552 2668 2609 Noverat
2696 2554 2855 2624 plane
2882 2551 3172 2622 Apostolus
3202 2566 3324 2605 mn
3366 2549 3648 2611 clamaret,
3672 2548 3816 2603 tribu-

2263 2646 2519 2704 lationem
2571 2647 2858 2702 habituros
2908 2644 3215 2716 hujusmodi
3266 2642 3317 2713 (I
3371 2641 3497 2696 Cor.
3545 2657 3584 2705 ι,
3617 2641 3721 2709 28),
3746 2642 3819 2697 sed

2264 2753 2426 2807 quam
2452 2738 2652 2792 bonum
2678 2738 2777 2792 sibi
2817 2737 2933 2792 fore
2975 2752 3081 2791 non
3129 2735 3343 2799 reticet,
3369 2735 3411 2788 si
3446 2734 3524 2787 sic
3554 2744 3821 2796 manerent,

2261 2830 2339 2883 uti
2368 2830 2481 2899 ipse
2502 2838 2745 2884 maneret
2772 2829 2917 2899 (Ibid
2948 2870 2963 2892 ,
2986 2828 3063 2898 '7).
3095 2827 3139 2883 Ο
3166 2833 3381 2897 quantm
3409 2824 3700 2879 alacritatis
3720 2839 3823 2894 peu-

2263 2935 2383 2985 nas,
2407 2920 2603 2989 quibus
2630 2919 2825 2974 coelum
2855 2919 3069 2982 subeat,
3112 2917 3213 2971 sibi
3246 2916 3479 2985 subripit
3506 2915 3600 2984 qui
3626 2924 3722 2969 tam
3747 2929 3824 2968 ne-

2263 3014 2476 3083 gotioso
2499 3012 2829 3068 commercio
2855 3026 2914 3066 se
2944 3010 3245 3081 immergit!

2900 3165 3131 3223 CAPUT
3154 3166 3245 3222 IV.

2348 3284 2502 3338 Ratio
2530 3300 2633 3355 qua
2661 3284 2934 3354 virginitas
2962 3281 3322 3353 amplectenda
3352 3279 3826 3334 candetum—Exci-

2270 3384 2372 3441 tat,
2407 3386 2588 3431 etnon
2634 3376 2853 3446 injuria,
2887 3375 2980 3430 sed
3018 3388 3281 3445 perquam
3330 3373 3477 3443 juste
3520 3372 3650 3426 illud
3688 3371 3823 3427 etiam

2271 3468 2339 3523 ad
2390 3468 2552 3536 hujus
2595 3468 2812 3523 virtutis
2842 3482 3105 3530 amorem,
3154 3466 3368 3537 piorum
3402 3478 3733 3535 quorumque
3758 3463 3825 3518 af-

2269 3559 2464 3615 fectus.
2499 3559 2653 3627 Quod
2698 3560 2907 3615 scilicet
2930 3560 3059 3614 olim
3109 3557 3452 3629 propositum
3487 3556 3824 3611 aszuculisiu-
3884 3590 3887 3593 ‹
3986 3626 3987 3641 χ

2269 3654 2597 3723 corporandi
2626 3653 2777 3706 verbi
2821 3651 3164 3724 mysterium,
3206 3665 3314 3704 non
3355 3649 3575 3703 aliunde
3603 3663 3746 3719 quam
3772 3661 3825 3701 ex

2270 3754 2617 3800 sacrosancta
2648 3744 2898 3814 pretiosa:
2923 3742 3159 3814 Virginis
3186 3740 3308 3795 alvo
3333 3748 3631 3809 patratum,
3658 3740 3715 3793 de
3737 3753 3825 3792 sua:

2270 3837 2585 3891 salvationis
2604 3835 2840 3904 jucunda
2876 3842 3163 3906 proventu,
3199 3832 3375 3889 ﬁdelis
3401 3847 3558 3887 mens
3589 3830 3720 3885 nulla
3739 3844 3824 3884 non

2270 3932 2489 4003 gaudet.
2528 3932 2662 3999 Quis
2691 3932 2837 3985 enim
2873 3930 2958 3984 vel
2984 3945 3104 4000 qua:
3139 3929 3321 3999 potius
3355 3928 3531 3997 posita
3559 3928 3609 3980 in
3638 3923 3823 3994 ancipiti

2270 4027 2338 4081 de
2357 4041 2455 4081 sua
2490 4024 2757 4080 servanda
2793 4023 3111 4094 virginitate
3152 4020 3399 4086 consilio,
3443 4020 3571 4075 dum
3618 4018 3827 4072 eminen-

2273 4119 2542 4173 tissimum
2571 4119 2735 4173 decus
2779 4116 2913 4171 tanti
2944 4124 3131 4185 partus
3160 4113 3411 4178 attendit,
3439 4126 3545 4167 non
3580 4111 3643 4165 ad
3671 4120 3826 4179 prose—

2271 4215 2485 4280 quenda
2535 4210 2787 4280 protinus
2839 4207 3064 4278 vestigia
3095 4215 3258 4260 tanta:
3297 4204 3593 4261 Genitricis
3627 4197 3826 4271 aspirct?

2271 4302 2573 4358 Mirandum
2618 4302 2663 4357 si
2700 4300 2944 4356 sutlicere
2995 4298 3390 4354 considerando
3431 4296 3559 4351 huic
3601 4290 3826 4349 miraculo

2273 4395 2595 4457 valerenms,
2622 4407 2952 4464 magnopere
2996 4392 3156 4448 nobis
3204 4399 3351 4445 esset
3401 4389 3545 4459 quod
3574 4388 3708 4442 Deus
3742 4383 3824 4437 hu-

2202 4503 2248 4559 Ι)
2276 4504 2451 4543 mana:
2482 4487 2830 4542 continentiae
2874 4488 3075 4542 bonum
3113 4484 3251 4539 adeo
3304 4480 3701 4553 magnipendat,
3726 4489 3826 4531 cum

2271 4596 2461 4636 omnes
2484 4591 2681 4636 nostrae
2704 4579 2985 4635 munditiae
3007 4593 3118 4633 sua:
3146 4576 3369 4647 puritati
3393 4574 3623 4638 collatm,
3651 4582 3826 4641 pannus

2271 4682 2621 4730 menStruatae
2643 4689 2672 4727 a
2700 4673 2961 4743 propheta
2997 4670 3163 4744 315.
3193 4669 3511 4739 judicentur
3536 4665 3667 4737 (Isa.
3706 4674 3825 4723 utv,

2270 4766 2346 4836 6),
2374 4776 2429 4821 et
2453 4782 2537 4831 ea,
2572 4781 2693 4835 quin
2724 4764 3043 4836 plerumque
3093 4762 3194 4832 ipsi
3228 4763 3281 4816 in
3314 4760 3474 4815 nobis
3499 4760 3671 4814 minus
3692 4752 3828 4826 placi-

2274 4866 2393 4911 tura
2446 4864 2719 4926 putamus,
2761 4864 2855 4909 aut
2895 4862 3044 4910 certe
3073 4853 3217 4923 quod
3259 4867 3369 4907 non
3401 4852 3520 4905 sine
3559 4862 3710 4921 paena
3743 4850 3827 4906 est,

2272 4947 2523 5002 habenda
2576 4963 2673 5017 pro
2708 4946 2877 5001 nihilo
2903 4944 3052 5017 (Luc.
3109 4959 3246 5009 xv",
3284 4942 3397 5019 10),
3429 4945 3563 5005 haec,
3594 4937 3691 4995 etsi
3714 4932 3831 5006 apud

2272 5053 2374 5097 nos
2423 5037 2565 5092 nulla
2598 5039 2706 5093 sint
2736 5047 2828 5091 aut
2853 5037 2999 5102 vilia,
3039 5044 3327 5104 tantopere
3365 5046 3649 5103 acceptare
3674 5027 3831 5098 digne-

2275 5139 2380 5185 tur.
2409 5129 2543 5185 Cum
2564 5131 2707 5185 enim
2737 5129 2978 5194 aliunde,
3006 5137 3062 5184 et
3087 5128 3244 5198 longe
3278 5126 3533 5187 nobilius,
3556 5119 3832 5179 sublimius-

2275 5235 2381 5290 que
2431 5235 2593 5289 quam
2665 5219 2899 5274 feminea
2960 5219 3031 5273 sit
3087 5218 3407 5288 virginitas,
3458 5214 3637 5271 nmltis
3685 5207 3832 5265 modis

2276 5314 2399 5370 aliis
2426 5329 2546 5371 sese
2576 5325 2865 5385 procreare
2894 5312 3152 5368 divinitas
3197 5320 3401 5381 posset.
3428 5310 3580 5365 Licet
3607 5305 3739 5362 enim
3765 5301 3832 5358 fo-

2276 5419 2362 5465 ret
2396 5410 2569 5477 virgo,
2606 5418 2786 5464 tamen
2809 5406 2935 5476 quia
2961 5404 3186 5471 femina,
3224 5402 3365 5458 uteri
3393 5403 3477 5458 sui
3501 5401 3724 5471 dignitas
3745 5406 3832 5449 non

2278 5502 2556 5557 confertur
2581 5502 2648 5555 ad
2675 5499 2865 5564 Deum,
2898 5498 2992 5568 qui
3018 5497 3280 5552 virtutum
3304 5508 3642 5566 quarumque
3659 5486 3832 5562 glorias

2279 5591 2601 5647 mortalibus
2653 5589 2907 5645 intimare
2954 5589 3225 5645 veniebat.
3279 5587 3614 5655 Singularem
3676 5585 3829 5640 istam.

2281 5700 2445 5755 quam
2478 5698 2544 5738 ne
2570 5683 2878 5753 conjugium
2931 5681 3139 5738 fcedare
3164 5679 3461 5744 videretur,
3488 5673 3717 5731 laudavit
3735 5668 3834 5740 qui-

2285 5782 2428 5842 dem,
2463 5778 2557 5833 sed
2608 5791 2714 5833 non
2739 5793 2803 5832 ex
2838 5781 3111 5847 prtecepto
3161 5773 3354 5838 edidit,
3375 5788 3534 5843 quam
3567 5763 3831 5826 reverenda
