4038 6330
282 343 407 402 585

1398 337 1813 399 OPUSCULUM
1850 339 1939 395 DE
1972 339 2439 397 'VIRGINITATE.
2466 400 2469 403 λ

3442 326 3543 400 380

281 474 349 516 et
405 458 667 516 mirabilis
696 461 953 516 mstimari
1002 457 1194 513 debeat
1237 457 1375 525 solo,
1419 468 1477 513 ut
1514 457 1593 511 sic
1622 454 1869 521 dixerim,
1901 457 1951 517 Α
1979 462 2062 508 tas
2091 464 2194 520 est,
2233 454 2557 510 indesinenti
2589 452 2768 511 studio
2798 461 3129 526 satagamus,
3171 452 3407 525 prtelixit
3434 470 3554 512 eos-

288 562 436 607 nutu
466 568 577 615 sua:
598 551 881 607 electionis
909 551 1167 606 ostendit.

372 641 549 710 Elegit
594 655 722 709 ergo
749 654 847 694 suo
877 640 1089 709 corpori
1116 637 1351 710 Virginis
1384 653 1600 707 corpus,
1642 636 1877 706 quodam

283 732 458 786 nobis
483 731 642 786 modo
672 731 893 785 silenler
911 731 1139 784 iunuens
1157 729 1297 798 quod
1319 738 1506 800 aperte
1538 730 1652 783 hmc
1680 741 1878 783 sonare

286 821 550 875 videatur
579 839 592 873 :
626 820 742 875 Etsi
767 826 961 874 vestrae
987 835 1149 875 causa
1177 820 1501 890 fragilitatis,
1530 821 1637 875 imo
1668 834 1733 874 ne
1751 834 1880 874 con-

280 909 442 979 jugia
473 909 674 963 malum
722 910 946 979 putetis,
969 918 1030 965 ut
1059 912 1359 982 virginitati
1403 912 1664 966 studeatis
1684 910 1878 982 praaci-
1914 950 1923 965 .

286 1013 432 1069 pere
458 1014 669 1064 vereor,
723 1000 1060 1056 evidentibus
1114 1010 1293 1056 tamen
1349 1017 1482 1056 meae
1512 1000 1881 1071 conceptionis

287 1091 838 1161 conversationisque
889 1092 1129 1155 indiciis,
1172 1093 1239 1146 ad
1261 1092 1391 1163 quid
1420 1092 1763 1161 potissimum
1790 1107 1881 1146 an-

290 1183 490 1238 helare
515 1182 756 1238 debeatis
778 1184 1011 1250 insinuo,
1044 1199 1167 1239 cum
1201 1194 1300 1253 per
1329 1183 1593 1253 integram
1625 1194 1785 1238 natus
1812 1182 1882 1239 ad

289 1288 400 1328 vos
422 1275 752 1340 devenerim,
776 1284 830 1329 ct
858 1274 1206 1346 integerrime
1236 1275 1509 1330 vobiscum
1562 1291 1651 1331 me
1680 1275 1883 1330 habue-

292 1364 433 1428 rim,
463 1373 517 1419 et
544 1365 686 1419 inter
728 1380 843 1429 eos,
880 1380 1016 1435 quos
1047 1366 1150 1420 mei
1194 1366 1490 1436 magisterii
1521 1366 1720 1422 scholae
1749 1366 1883 1422 asci-

289 1470 512 1521 veram,
544 1470 735 1511 omnes
774 1457 990 1525 quidem
1038 1458 1327 1529 praecipue,
1356 1459 1450 1513 sed
1491 1458 1638 1511 illum
1667 1458 1880 1527 specia-

294 1548 428 1611 lius,
457 1548 546 1615 qui
578 1547 740 1617 Virgo
764 1546 963 1613 fuerat,
996 1563 1130 1603 mea:
1160 1548 1487 1604 cbaritudiui
1528 1547 1881 1602 familiarius-

290 1656 411 1709 que
454 1640 773 1711 allegeram.
818 1641 965 1708 Quos
1020 1655 1151 1712 ergo
1186 1640 1483 1712 privilegiis
1522 1655 1609 1695 me
1650 1642 1882 1695 honora-

293 1729 536 1785 tioribus
563 1730 768 1785 donare
800 1730 1014 1796 videtis,
1043 1732 1230 1801 quanti
1269 1732 1411 1802 apud
1440 1746 1527 1786 me
1556 1731 1665 1785 sint
1695 1745 1881 1785 eorum

291 1820 635 1874 sinceritatis
664 1819 858 1875 merita
887 1821 1100 1876 caeteris
1127 1821 1357 1876 clariora
1399 1836 1627 1892 pensare
1654 1821 1881 1878 debetis;

293 1909 565 1965 Sulliccre
591 1920 812 1982 possent
839 1912 953 1967 haec
977 1912 1309 1982 virginitatis
1332 1912 1600 1985 exempla.

933 2045 1161 2102 CAPUT
1194 2045 1259 2101 V.

381 2185 599 2254 Angelos
641 2201 799 2253 puros
829 2194 876 2238 et
926 2187 1158 2255 corporis
1208 2197 1442 2254 expertes
1478 2187 1578 2241 sibi
1616 2188 1885 2241 ministros

291 2272 456 2339 elegit
520 2272 678 2326 Deus.
730 2273 991 2343 Dignitate
1050 2274 1223 2344 angeli
1265 2275 1566 2344 prwcellunt
1628 2278 1882 2331 homines.

296 2365 530 2433 Angelos
564 2364 714 2434 longe
745 2375 953 2433 superat
979 2364 1045 2419 Β.
1078 2364 1254 2435 Virgo.
1274 2367 1509 2421 —Aliud
1533 2383 1749 2438 quoque
1779 2383 1885 2422 non

296 2454 586 2523 praeterire
623 2470 799 2524 opera:
837 2455 1069 2525 pretium
1111 2469 1254 2520 reor,
1280 2456 1421 2524 quod
1447 2456 1575 2510 illud
1599 2457 1891 2526 singulari-

300 2555 395 2598 ter
430 2546 706 2611 mundum,
730 2556 914 2617 utpote
936 2547 1077 2616 quod
1099 2555 1182 2602 est
1206 2556 1260 2600 et
1281 2561 1442 2614 supra
1466 2556 1519 2602 et
1533 2559 1685 2603 extra
1721 2548 1885 2604 etiam

301 2638 588 2699 mundum,
622 2638 707 2691 cui
738 2638 892 2703 nihil,
924 2640 1051 2693 dum
1078 2642 1447 2714 corruptibilia
1492 2641 1650 2710 regit,
1700 2655 1889 2695 corru-

301 2726 621 2795 ptibilitatis
673 2738 767 2782 aut
811 2730 923 2783 vitii
974 2728 1213 2802 inﬂigere
1236 2732 1413 2802 aliqua
1444 2731 1588 2785 valet
1616 2730 1886 2798 molestia,

305 2832 416 2871 non
460 2818 594 2872 alios
641 2819 705 2873 ad
760 2820 859 2875 sibi
915 2821 1239 2879 familiarius
1291 2823 1695 2893 obsequendum
1726 2839 1886 2895 quam

306 2907 646 2978 incorporeas
710 2911 1025 2966 substantiae
1065 2922 1346 2969 creaturas
1396 2917 1709 2987 assumpsit.
1743 2916 1890 2983 Quos

308 2998 452 3053 sicut
480 2998 593 3068 jam
618 3000 982 3057 immutabiles
1009 3014 1212 3058 mterna
1258 3006 1366 3060 Deo
1387 3007 1671 3063 obediendi
1701 3008 1890 3063 voluno‘

1977 541 2120 595 dem.

2049 631 2157 687 Sed
2206 634 2321 688 haec
2366 633 2496 688 tanti
2526 633 2756 699 decoris,
2779 633 2895 689 inec
2935 641 3043 689 tam
3090 634 3248 706 digna
3270 630 3431 707 Regis
3459 636 3555 692 Dei

1979 723 2206 791 familia,
2248 725 2444 795 quibus
2486 725 2621 779 nihil
2665 734 2785 796 post
2815 740 2970 781 suum
3014 736 3291 784 auctorem
3321 727 3556 783 'coni'errl

1976 825 2170 888 potest,
2218 817 2294 872 illi
2353 818 2404 871 in
2463 818 2777 873 mulieribus
2819 816 3114 875 benedictae
3142 860 3156 885 ,
3220 835 3339 891 quae
3386 819 3558 877 Deum

1980 921 2137 962 suum
2178 906 2405 978 peperit,
2447 907 2744 977 virginitati
2790 908 3052 977 subiacet,
3075 918 3128 966 et
3170 912 3282 979 ipsa
3311 925 3439 967 vere
3464 926 3555 966 sm

1980 996 2186 1065 blimis,
2212 998 2337 1068 quia
2370 998 2612 1063 humilis,
2645 999 2770 1053 dum
2807 998 2890 1053 sui
2929 998 3383 1068 dispensationem
3415 1000 3559 1055 Con-

1980 1088 2175 1145 ditoris
2227 1090 2450 1156 adorat,
2508 1089 2748 1161 ejusdem
2789 1088 3204 1159 dispensationis
3253 1090 3557 1145 ministram

1981 1189 2378 1250 consequenter
2416 1180 2669 1235 honorat.
2706 1179 2848 1235 Lmta
2885 1194 2944 1234 se
2968 1178 3016 1233 ei
3045 1178 3261 1247 subjicit
3283 1193 3381 1248 per
3407 1177 3560 1247 cujus

1982 1266 2216 1324 olIicium
2247 1277 2436 1339 partus
2483 1269 2679 1323 damna
2728 1268 2934 1338 proprii
2990 1268 3215 1331 ordinis,
3251 1269 3315 1323 de
3339 1269 3556 1323 humani

1983 1361 2197 1429 generis
2234 1360 2611 1430 supplemento
2659 1359 2896 1430 reparari
2947 1360 3333 1431 gratulabunda
3363 1375 3561 1430 cognm

1984 1448 2111 1503 scit.
2136 1449 2328 1504 Mirum
2354 1464 2501 1514 sane,
2536 1451 2628 1505 sed
2666 1451 2783 1505 veri
2812 1450 3052 1520 plenum,
3089 1448 3362 1521 Virginem
3393 1465 3563 1522 ange-

1985 1537 2052 1592 lis
2074 1538 2385 1608 principari.

2056 1629 2164 1684 Sed
2210 1630 2325 1685 scio
2354 1629 2485 1685 mihi
2524 1628 2885 1699 objiciendum
2932 1645 3037 1686 non
3068 1629 3295 1703 Virgini,
3332 1632 3425 1687 sed
3455 1630 3559 1686 Dos

1987 1724 2116 1779 mini
2146 1723 2303 1778 Matri
2348 1725 2566 1795 angelos
2613 1724 2729 1779 fore
2752 1724 3042 1793 subjectos,
3072 1743 3187 1782 rem
3238 1728 3291 1781 in
3334 1728 3558 1783 nimium

1987 1831 2072 1870 me
2113 1816 2374 1872 extollere
2430 1816 2586 1873 velle.
2635 1817 2784 1883 Esto,
2829 1826 3066 1873 attamen
3121 1830 3334 1875 constat
3365 1820 3490 1890 quia
3516 1820 3565 1877 si

1988 1909 2197 1965 Domini
2247 1908 2405 1964 Matri
2455 1908 2832 1978 subjiciuntur,
2888 1919 2943 1965 et
2990 1909 3200 1967 Domini
3253 1911 3428 1967 Mater
3454 1924 3566 1969 non

1986 2014 2105 2054 esse
2128 2000 2279 2069 virgo
2324 2015 2428 2053 non
2462 2007 2660 2069 potest,
2687 2002 2929 2069 profecto
2968 2000 3170 2072 Virgini
3200 2003 3420 2058 subesse
3440 2015 3566 2073 pro.

1885 2081 1889 2086 ’
1987 2092 2205 2143 bantur.
2237 2088 2585 2159 Privilegium
2613 2090 2880 2159 siquidem
2911 2092 3165 2160 potentiae
3186 2092 3564 2148 ascribendum

1987 2190 2069 2235 est
2091 2180 2273 2243 Matri,
2304 2180 2383 2235 sic
2411 2188 2590 2235 tamen
2617 2189 2678 2234 ut
2698 2181 2984 2251 virginitas
3031 2197 3135 2239 non
3166 2191 3395 2253 negetur
3415 2184 3564 2251 pari-

1989 2282 2070 2326 ter
2100 2270 2377 2336 honorari,
2409 2271 2656 2341 quamvis
2683 2270 2802 2338 ejus
2826 2271 2991 2339 laudi,
3024 2273 3323 2344 integritati
3360 2272 3570 2329 scilicet

1988 2360 2122 2416 satis
2150 2375 2274 2416 esse
2297 2369 2482 2431 queat,
2515 2360 2753 2430 quodde
2772 2360 2971 2416 illibata
3005 2366 3247 2418 nascitur
3271 2364 3433 2419 Deus.
3458 2363 3566 2420 Sed

1988 2453 2115 2523 (μω
2157 2460 2438 2522 tantopere
2464 2467 2491 2506 a
2518 2453 2835 2522 proceribus
2877 2453 2926 2509 ei
2966 2455 3224 2510 honorem
3273 2469 3569 2525 queramus

1988 2548 2248 2616 impendi,
2281 2562 2405 2602 cum
2453 2562 2551 2616 per
2576 2562 2634 2601 se
2662 2546 2780 2601 Rex
2824 2547 2940 2617 ipse
2985 2547 3058 2602 ita
3103 2561 3226 2603 eam
3253 2546 3571 2602 muneribus

1988 2648 2371 2710 prosequatur,
2418 2647 2477 2693 ut
2505 2638 2594 2693 ille
2623 2637 2874 2707 allectus,
2918 2654 3079 2710 quem
3110 2640 3271 2697 beato
3301 2640 3570 2712 apostolo.

1990 2731 2079 2799 qui
2119 2730 2324 2799 pectori
2356 2728 2472 2799 ejus
2501 2730 2770 2785 comantis
2815 2731 3086 2796 incubuit,
3129 2731 3285 2787 Matri
3309 2734 3375 2787 ad
3406 2733 3571 2791 totius

1990 2819 2157 2875 decus
2220 2815 2405 2889 gloriae
2455 2818 2703 2876 suilicere
2750 2829 2952 2891 posset.
3013 2818 3147 2876 Mira
3199 2833 3417 2888 caetera,
3450 2838 3573 2894 qua:

1991 2924 2127 2982 pene
2157 2910 2373 2964 modum
2404 2909 2679 2965 felicitatis
2702 2919 2921 2978 exeunt,
2951 2912 3278 2982 pigritamur
3304 2922 3567 2970 attexere.

1992 2999 2275 3053 Pensanda
2322 3000 2504 3070 sagaci
2567 3015 2633 3056 ea
2683 3001 2870 3057 lectori
2917 2989 3343 3069 committimus;
3370 3003 3461 3075 qui
3520 3004 3568 3060 si

310 3100 420 3154 tas,
447 3100 503 3145 et
522 3091 841 3147 excellentis
885 3093 1057 3148 honor
1098 3104 1323 3161 naturae,
1351 3097 1420 3152 ab
1454 3098 1599 3153 omni
1633 3100 1775 3168 quod
1808 3108 1890 3154 est
1916 3124 1962 3187 ε
1994 3091 2150 3161 plene
2179 3092 2490 3155 intenderit,
2522 3092 2665 3161 quod
2713 3102 2975 3162 queratur
3014 3094 3081 3148 de
3103 3090 3325 3149 Joannis
3356 3095 3567 3149 honore

312 3181 566 3236 indecens
607 3183 986 3250 integerrimos
1014 3186 1209 3251 reddit,
1243 3188 1322 3243 sic
1371 3203 1468 3243 suo
1493 3188 1713 3244 Auctori
1736 3206 1891 3246 crea-

312 3274 452 3326 turis
481 3274 602 3339 aliis
625 3274 889 3345 gloriosus
919 3291 1105 3331 eorum
1130 3279 1263 3335 o’rdo
1292 3279 1523 3335 vicinius
1544 3281 1716 3336 haesit.
1746 3280 1890 3349 Quo-

311 3376 432 3416 rum
462 3374 662 3433 quanta
694 3366 961 3421 habeatur
986 3383 1219 3434 summa,
1247 3384 1515 3439 quamque
1541 3373 1892 3442 praeemineat

313 3452 563 3523 dignitas,
588 3469 650 3509 ex
684 3469 748 3510 eo
776 3458 1044 3526 praecipue
1075 3466 1252 3526 potest
1279 3462 1533 3530 perpendi
1574 3462 1715 3532 quod
1742 3471 1889 3516 certa

314 3545 638 3601 auctoritate
663 3547 832 3601 scitur
876 3548 1082 3602 nullum
1113 3550 1391 3606 hominum
1425 3553 1489 3607 ad
1525 3568 1646 3607 eum
1686 3554 1891 3609 sancti-

314 3635 443 3689 tatis
464 3636 688 3703 gradum
718 3637 1026 3709 pertingere
1059 3654 1237 3708 posse,
1266 3649 1325 3695 ut
1370 3642 1652 3697 minimum
1684 3643 1895 3713 angelo~

315 3738 434 3778 rum
461 3726 643 3794 gloria:
669 3729 969 3797 quantitate
1006 3731 1299 3800 praecellat.
1332 3732 1455 3788 inde
1489 3742 1665 3789 tamen
1690 3734 1894 3803 excipi-

316 3823 404 3868 tur
448 3830 569 3883 qua:
596 3817 879 3872 Dominum
917 3819 1101 3888 gloria:
1143 3835 1207 3875 ex
1245 3836 1303 3876 se
1344 3824 1568 3891 protulit
1598 3823 1783 3893 Virgo,
1808 3825 1893 3879 cui

313 3919 413 3975 per
438 3906 633 3960 Filium
668 3908 739 3963 nil
771 3909 989 3965 caeleste
1027 3926 1132 3964 non
1163 3912 1486 3981 subjectum,
1528 3930 1632 3969 non
1666 3916 1893 3977 novitia,

314 3998 409 4053 sed
442 4001 607 4055 veteri
640 4011 696 4055 et
720 4002 944 4070 probata
974 4004 1352 4061 testiﬁcatione
1376 4008 1680 4063 didicimus.

390 4087 547 4145 Omni
593 4091 775 4159 itaque
815 4093 973 4148 nobis
1018 4096 1267 4150 acumine
1306 4097 1471 4150 animi
1505 4098 1893 4167 pervidendum

315 4182 513 4247 Deum,
544 4198 667 4238 cum
696 4184 798 4239 sibi
848 4184 1126 4241 ministros
1169 4187 1418 4254 instituit,
1452 4200 1579 4246 tunc
1617 4192 1792 4247 adhuc
1818 4192 1897 4246 lu-

316 4283 442 4328 turo
471 4276 652 4345 generi
679 4276 978 4343 hominum,
1004 4293 1139 4346 quos
1162 4293 1479 4348 peccaturos
1501 4292 1745 4347 noverat,
1778 4298 1897 4336 mu-

319 4376 432 4419 tam
461 4368 746 4436 quamdam
782 4367 834 4421 in
858 4369 1186 4441 suisangelis
1212 4371 1448 4441 regulam
1479 4374 1894 4441 praescripsisse,

1992 3196 2098 3235 non
2135 3182 2257 3247 erit,
2298 3181 2388 3250 qui
2422 3180 2573 3251 virgo
2616 3181 2855 3249 Virginis
2894 3180 3030 3236 Filio
3076 3183 3175 3237 sub
3203 3190 3353 3238 tanto
3378 3183 3570 3238 matris

1994 3272 2246 3341 adeptiva
2274 3274 2618 3327 successione
2647 3272 2928 3326 successit.
2964 3272 3116 3327 iiaud
3139 3273 3359 3328 dubium
3384 3273 3571 3343 igitur,

1990 3363 2122 3431 quin
2155 3360 2411 3430 majestas
2463 3361 2706 3433 angelica
2734 3376 2949 3416 omnem
2994 3361 3291 3434 virgineum
3322 3364 3569 3419 ordinem

1992 3452 2343 3521 prmmaxime
2395 3460 2704 3515 veneretur,
2748 3467 2870 3507 cum
2901 3453 3037 3506 nihil
3062 3454 3206 3507 inter
3231 3468 3574 3523 quarumque

1992 3544 2256 3598 virtutum
2315 3552 2535 3599 sanctos
2594 3544 2857 3609 nobilius,
2921 3545 3133 3615 sibique
3194 3545 3426 3601 similius
3469 3546 3569 3601 ba-

1993 3634 2201 3689 beatur.
2294 3666 2300 3675 ν

2066 3727 2147 3779 Ad
2178 3726 2303 3798 quid
2338 3722 2541 3781 Paulus
2564 3728 2827 3792 dextrum,
2860 3720 3048 3782 Petrus
3097 3720 3369 3783 sinilstrttm
3404 3727 3578 3784 locum

1996 3818 2260 3872 obtineant
2311 3818 2364 3870 in
2412 3817 2653 3887 picturis.
2682 3816 2909 3871 ---lllud
2946 3832 3161 3888 quoque
3204 3817 3346 3873 laudi
3394 3819 3481 3873 isti
3509 3833 3576 3873 ex

1998 3907 2269 3978 superﬂuo
2312 3906 2548 3977 adjicere
2580 3906 2742 3977 315
2786 3908 3101 3964 audebimus
3131 3909 3272 3979 quod
3298 3909 3351 3963 in
3376 3911 3577 3965 veteri-

1998 4000 2099 4053 bus
2159 3998 2485 4067 quibusdam
2546 3996 2732 4052 Romae
2772 3999 3001 4068 picturis
3048 3998 3346 4055 Salvatoris
3400 4000 3577 4072 imago

1998 4089 2222 4144 Paulum
2255 4090 2482 4155 dextras,
2508 4088 2730 4144 Petrum
2758 4105 2886 4145 vero
2917 4090 3242 4160 apostolum,
3271 4090 3413 4160 quod
3442 4105 3575 4161 prte-

1999 4193 2274 4253 poslerum
2335 4191 2558 4250 putatur
2610 4182 2885 4253 adpictum
2919 4222 2932 4246 ,
2989 4182 3307 4252 perhibetur
3373 4183 3577 4237 habere

2000 4274 2257 4327 sinistrae.
2291 4272 2442 4338 Quod
2494 4286 2618 4327 cum
2663 4273 2789 4342 quid
2830 4272 3158 4342 signiﬁcaret
3193 4272 3239 4327 is
3281 4272 3437 4337 ordo,
3484 4272 3575 4341 qui

2000 4365 2276 4419 videretur
2316 4363 2675 4430 inordinatus,
2733 4379 2765 4417 a
2794 4353 3149 4433 prudentibus
3193 4364 3575 4434 exquisissem,

318 4465 384 4510 ut
412 4472 533 4510 cum
567 4456 727 4529 Regis
764 4459 844 4513 sui
872 4460 1083 4514 curiam
1118 4469 1175 4515 et
1214 4460 1331 4529 ejus
1365 4461 1620 4519 ofﬁciales
1657 4463 1899 4534 singulos
1932 4461 1974 4515 D
2001 4459 2202 4514 dictum
2229 4459 2359 4512 mihi
2385 4467 2491 4523 est,
2520 4457 2745 4511 Paulum
2778 4458 2896 4511 fore
2947 4458 3150 4511 idcirco
3175 4458 3241 4511 ad
3268 4458 3574 4523 dexteram,

318 4549 774 4611 attenderent,.in
805 4550 1150 4606 cubiculariis
1192 4563 1247 4606 et
1291 4552 1581 4622 pincernis,
1634 4564 1691 4609 ut
1719 4554 1792 4607 ita
1819 4554 1897 4608 lo-

315 4654 499 4706 quar,
559 4637 1109 4710 familiarioribusque
1181 4643 1505 4698 necessariis
1565 4644 1893 4715 singularem

318 4729 598 4782 munditite
627 4728 1006 4785 claritudinem
1060 4733 1417 4799 mirarentur;
1449 4742 1503 4787 et
1522 4734 1717 4790 exinde
1742 4735 1893 4791 colli-

318 4828 532 4888 gerent,
582 4807 737 4888 quod
782 4820 921 4875 intra
967 4822 1326 4892 palatinorum
1380 4825 1498 4895 ejus
1541 4824 1895 4879 contubernia

318 4909 530 4962 admitti
588 4910 735 4964 nullo
783 4910 944 4967 modo
977 4922 1217 4983 possent,
1271 4916 1374 4969 nisi
1432 4916 1667 4972 maximo
1699 4917 1896 4971 sudore

315 4998 560 5065 ejusdem
613 5001 910 5070 participes
958 5002 1148 5058 nitoris
1194 5018 1257 5060 ac
1300 5007 1589 5075 pudicitiae,
1626 5021 1787 5075 quam
1820 5006 1895 5059 illi

318 5092 640 5148 naturaliter
696 5094 913 5149 insitam
963 5096 1264 5164 possident,
1298 5100 1448 5168 prius
1473 5114 1593 5156 esse
1620 5108 1892 5156 curarent.

316 5183 433 5237 Non
478 5193 658 5239 autem
688 5201 783 5242 eos
821 5189 1023 5242 carnali
1081 5191 1401 5260 prmpeditos
1445 5193 1685 5248 condidit
1713 5205 1900 5263 grave~

316 5276 463 5339 dine,
506 5277 704 5346 quibus
734 5278 1046 5335 colluctatio
1091 5282 1350 5337 adversus
1400 5299 1618 5338 carnem
1677 5292 1820 5339 esset
1845 5291 1899 5337 ct

317 5367 661 5437 sanguinem,
713 5377 769 5424 et
830 5370 1087 5426 violentia
1137 5373 1388 5427 diuturna
1437 5373 1686 5443 belloque
1731 5373 1899 5428 nimio

320 5460 535 5513 tandem
557 5461 716 5515 sicuti
749 5478 849 5517 nos
890 5465 957 5517 ad
990 5465 1471 5535 impassibilitatem
1496 5466 1894 5536 pertingereut;

319 5552 411 5604 sed
438 5553 643 5621 absque
667 5569 822 5618 sexu,
840 5556 1041 5624 absque
1062 5557 1317 5611 exteriori
1338 5557 1689 5626 interioriquc
1710 5570 1900 5611 creatis

319 5639 563 5695 molestia
595 5683 609 5706 ,
664 5643 1070 5699 similitudinem
1117 5647 1272 5703 nobis
1320 5646 1688 5716 perfectionis,
1747 5644 1900 5713 cujus

318 5731 687 5789 conlormitati
715 5736 1236 5807 inhiare,_quantutn
1273 5747 1457 5797 nostro
1481 5738 1687 5809 pulveri
1733 5736 1897 5792 iacula

635 5829 908 5888 PATBOL.
945 5830 1151 5893 CLVI.

1998 4552 2140 4622 quod
2168 4552 2323 4620 virgo
2368 4549 2555 4614 fuerit,
2581 4550 2800 4604 Petrum
2847 4550 2913 4603 ad
2946 4548 3248 4613 sinistram,
3272 4549 3414 4621 quod
3447 4564 3576 4603 con-

1992 4642 2233 4713 jugatus.
2266 4644 2342 4697 De
2363 4640 2527 4696 Petro
2553 4655 2711 4697 nemo
2743 4642 2977 4707 basitat,
3009 4640 3163 4709 cujus
3190 4657 3253 4697 cx
3288 4640 3601 4713 Evangelio‘

1997 4749 2237 4798 socrum,
2270 4733 2437 4790 tiliam
2468 4748 2533 4788 ex
2583 4734 2748 4805 gestis
2780 4734 3131 4788 Petronillmn
3185 4722 3458 4789 novimus.
3508 4732 3581 4787 At

1997 4828 2196 4882 Paulus
2225 4828 2516 4898 plurinmm
2542 4828 2811 4897 aliquibus
2862 4828 3087 4884 forsitan
3125 4829 3432 4900 scrupulum
3466 4844 3579 4883 mod

1997 4927 2107 4985 vet,
2134 4920 2227 4974 sed
2252 4919 2296 4973 si
2336 4919 2501 4974 verba
2530 4918 2699 4988 ipsius
2722 4935 2821 4990 pro
2849 4922 2965 4990 ipso
2994 4919 3277 4977 consulere
3301 4922 3573 4985 volumus,

1998 5011 2177 5067 lateor
2199 5008 2435 5065 lucidum
2467 5012 2595 5082 quid
2639 5013 2961 5080 reperimus.
2996 5010 3097 5079 Qui
3130 5028 3253 5068 cum
3290 5011 3575 5066 consilium

1998 5101 2345 5164 nubentibus,
2379 5110 2431 5156 et
2460 5117 2655 5157 uxores
2701 5103 3020 5157 ducentibus
3050 5105 3225 5167 daret,
3262 5101 3444 5156 intulit
3481 5118 3577 5156 nos

1999 5191 2221 5245 vissime
2260 5190 2453 5245 melius
2503 5189 2608 5246 illis
2664 5190 2939 5257 futurum,
2988 5191 3031 5245 si
3082 5191 3161 5247 sic
3199 5198 3579 5259 permanerent

2001 5285 2143 5340 sicut
2164 5294 2218 5338 et
2247 5285 2359 5353 ipse
2381 5284 2433 5356 (Ι
2462 5276 2584 5339 Cor.
2612 5301 2706 5353 vn,
2733 5285 2841 5355 40).
2875 5283 2949 5338 Ex
2982 5297 3089 5351 quo
3114 5283 3229 5338 htcc
3256 5283 3437 5352 Opinio
3470 5296 3574 5336 nou

2001 5389 2226 5447 prorsus
2259 5375 2448 5446 ignava
2486 5386 2726 5447 putatur.
2761 5378 2897 5431 Dum
2930 5377 3073 5430 enim
3105 5384 3229 5431 ante
3259 5372 3579 5453 Christiania

2003 5483 2175 5522 smum
2203 5468 2379 5537 patrio
2427 5484 2524 5523 suo
2552 5469 2660 5522 Dco
2687 5470 2803 5524 sine
2827 5469 3047 5537 querela
3078 5484 3137 5523 se
3162 5468 3466 5524 deseruisse
3491 5477 3571 5521 te-

2002 5569 2175 5612 stetur
2201 5554 2365 5625 (Phil.
2395 5573 2471 5619 Ill,
2500 5560 2576 5628 6),
2603 5569 2655 5615 et
2678 5560 3044 5615 azmulatorem
3077 5561 3273 5615 divina:
3294 5560 3446 5626 legis,
3477 5574 3575 5630 pan

2004 5654 2391 5716 ternarumque
2437 5648 2784 5703 tradilionum
2826 5665 2883 5705 se
2928 5665 3085 5719 supra
3114 5666 3245 5706 suos
3269 5659 3576 5705 cozctancos

2003 5738 2280 5795 exstitisse
2305 5749 2691 5798 commemoret
2721 5741 2859 5813 (Cal.
2894 5761 2925 5809 ιε
2963 5744 3071 5815 ll),
3098 5753 3150 5801 et
3182 5746 3285 5811 hoc
3316 5744 3369 5797 in
3397 5741 3572 5799 adolet

3186 5838 3364 5916 19.
