4014 6324
540 305 639 360 587
1324 302 1384 357 ιτ.
1427 300 1747 358 GUlBEﬂTI
1789 295 2077 354 ABBATIS
2109 295 2165 352 S.
2197 297 2434 354 MARUE
2475 300 2562 356 DE
2590 300 2977 360 NOVIGENTO
3641 321 3726 380 Sis

539 423 768 485 sectilia,
817 420 867 474 in
916 434 1018 488 qua
1055 421 1111 473 et
1161 417 1228 471 ad
1285 416 1442 469 fidem
1494 425 1720 471 vocatus
1770 424 1876 477 est.
1907 414 2104 468 frustra
2134 416 2181 471 A
2208 425 2328 481 post
2374 426 2593 484 peccata
2626 417 2693 471 ad
2722 432 2779 473 se
2806 420 3072 484 conversi,
3099 421 3163 474 ad
3187 422 3394 490 aliquod
3421 429 3728 494 perfectionis

537 510 815 587 putabitur
856 508 1192 579 postmodum
1246 505 1590 561 Christianus
1647 506 1912 570 amisisse,
1961 504 2104 573 quod

531 597 751 652 Judmus
779 599 1108 652 observarat.

605 684 922 740 Estimatio
977 685 1164 753 igitur,
1213 698 1332 754 qua:
1384 683 1436 737 in
1481 690 1592 739 tam
1641 683 1837 738 celebri
1886 682 2019 738 urbe
2049 690 2105 737 et

533 775 686 828 urbis
705 773 844 835 loco,
875 773 1125 828 Ecclesia
1156 774 1408 828 videlicet
1437 773 1499 828 B.
1531 771 1696 835 Petri,
1742 774 1840 826 sub
1862 780 1938 826 tot
1968 787 2102 840 pon-

534 862 738 916 tificum
770 863 1053 932 prudentia
1077 863 1300 929 coaluit,
1343 864 1410 918 ad
1440 872 1644 918 certum
1681 863 1834 917 nobis
1861 863 2102 916 habenda

523 959 632 1026 est.
681 951 946 1008 Eusebius
1002 953 1352 1008 Caesariensis
1399 969 1521 1007 eum
1571 951 1728 1020 hujus
1753 951 1991 1021 Apostoli
2025 951 2106 1005 di~

529 1050 675 1094 ctum
703 1042 771 1098 de
814 1052 1083 1110 potestate
1120 1045 1324 1098 sororis
1371 1043 1612 1098 mulieris
1645 1041 2104 1097 circumducenda:

541 1132 589 1201 (I
627 1133 750 1187 Cor.
780 1150 858 1196 lx,
891 1133 944 1205 5)
977 1135 1028 1188 in
1060 1135 1428 1190 ecclesiastica
1485 1134 1721 1189 llistoria
1761 1141 2101 1207 retractarct,

531 1239 773 1290 sororem
805 1225 1194 1281 absurdissime
1217 1226 1366 1280 Pauli
1395 1227 1532 1281 dixit
1557 1241 1802 1280 uxorem.
1828 1224 1980 1291 Quod
2005 1237 2103 1277 nos

528 1315 605 1368 ita
641 1315 960 1381 refutamus,
991 1317 1131 1371 sicut
1167 1317 1315 1382 illud,
1350 1317 1490 1386 quod
1522 1317 1588 1370 ad
1635 1316 1943 1384 Abagarum
1973 1313 2095 1382 Epi-

530 1403 723 1456 stolam
768 1404 1047 1472 scripserit
1074 1404 1352 1458 Dominus.
1397 1404 1469 1457 At
1495 1419 1624 1474 ergo
1649 1403 1882 1457 domnus
1905 1403 2103 1458 Paulus

531 1507 639 1548 non
666 1493 786 1548 sine
815 1494 948 1548 rein
975 1495 1092 1564 ipsa
1127 1496 1247 1564 ejus
1282 1494 1499 1549 basilica
1532 1495 1862 1565 praeponitur
1885 1493 2068 1549 Petro.

1133 1604 1361 1660 CAPUT
1410 1603 1500 1658 Vl.

597 1693 824 1748 Caelites
847 1703 958 1762 post
983 1697 1306 1764 conjugium,
1333 1695 1408 1748 vel
1442 1696 1645 1764 lapsum
1687 1695 1864 1765 magni
1891 1704 1965 1748 est
2003 1711 2097 1748 Im-

528 1785 715 1838 benda.
741 1815 811 1823 —
848 1742 1312 1839 'Scienduinainter
1361 1785 1459 1840 has
1495 1742 1833 1856 rvirginitatis
1884 1785 2092 1850 laudes,
2127 1742 2172 1802 Β
2198 1789 2283 1836 est
2339 1778 2504 1847 (Phil.
2535 1797 2618 1844 ιιι,
2657 1781 2771 1851 20).
2815 1782 2922 1838 Sed
2953 1784 2997 1837 si
3035 1798 3225 1839 omnes
3275 1785 3404 1840 illuc
3451 1788 3628 1842 ardent
3662 1806 3742 1858 per

527 1873 913 1927 continentiam
945 1882 1038 1927 aut
1067 1883 1188 1942 post
1239 1875 1545 1945 conjugium
1569 1915 1584 1940 ,
1617 1884 1710 1929 aut
1741 1888 1860 1945 post
1889 1875 2095 1945 lapsum

530 1965 741 2034 magnis
769 1964 952 2020 itidem
987 1965 1160 2019 attolli
1184 1966 1380 2020 debere
1409 1967 1718 2036 prmconiis,
1766 1981 1888 2036 qum
1933 1966 2096 2021 tantis

527 2065 847 2110 muneratur
872 2057 1108 2127 praemiis
1143 2067 1347 2125 quanto
1377 2057 1684 2120 acrioribus,
1709 2058 1777 2112 de
1815 2057 2096 2126 experien-

529 2148 602 2202 tia
629 2148 968 2218 voluptatum
999 2147 1308 2218 exagitatur
1331 2149 1616 2203 incendiis.
1641 2148 1758 2214 Quo
1787 2148 1929 2202 enim
1974 2164 2096 2217 gra-

523 2239 644 2292 vius
675 2238 932 2294 luctantis
955 2247 1038 2294 est
1059 2238 1327 2309 prrelium,
1356 2238 1564 2308 gratius
1607 2247 1662 2293 et
1709 2237 1890 2308 gloriae
1913 2238 2095 2305 sequi-

527 2339 614 2382 tur
642 2329 1033 2384 incrementum
1052 2368 1067 2395 ,
1104 2329 1230 2383 licet
1258 2330 1422 2384 nullis
1449 2329 1736 2384 sudoribus
1767 2330 1833 2383 ad
1860 2329 1976 2399 ejus
2003 2328 2096 2398 qui

523 2419 902 2474 immaculatus
939 2429 1024 2475 est
1054 2419 1241 2474 venire
1265 2421 1436 2488 possit
1467 2419 1781 2488 tripudium.
1815 2419 1962 2486 Quos
1995 2431 2097 2488 σου

524 2510 658 2562 duos
686 2509 926 2575 ordines,
964 2509 1192 2562 duorum
1231 2509 1445 2562 illorum
1486 2510 1680 2564 ducum
1711 2519 1835 2580 typo
1861 2510 2098 2563 arbitror

526 2614 683 2666 posse
721 2598 947 2668 intelligi
999 2597 1279 2669 ﬁguratos,
1329 2601 1493 2672 Moysi
1536 2601 1762 2664 sciiicet,
1811 2609 1866 2656 et
1913 2601 2094 2678 Josue,

523 2702 662 2757 quos
709 2687 950 2742 Hebraeis
1006 2706 1162 2744 nemo
1218 2690 1346 2744 olim
1387 2692 1611 2762 ambigit
1659 2707 1778 2749 esse
1825 2691 2094 2762 praelatos.

525 2777 741 2848 Moysen
775 2795 920 2850 ergo,
961 2796 1121 2849 quem
1177 2781 1405 2836 duarum
1467 2783 1746 2854 conjugem
1810 2783 2094 2838 mulierum

527 2867 796 2933 novimus,
852 2880 1072 2938 peccata
1116 2871 1295 2925 carnis
1330 2881 1671 2942 cxpertorum
1697 2873 1862 2928 vitam
1891 2873 2096 2943 signifi-

523 2975 651 3016 care
684 2960 982 3025 credamus,
1015 2963 1104 3033 qui
1138 2964 1202 3018 de
1246 2963 1478 3036 [Egypto
1509 2981 1628 3020 cum
1660 2965 1891 3022 filiorum
1931 2965 2093 3020 lsrael

524 3052 766 3108 exercitu
797 3050 1027 3122 fugiens,
1077 3055 1232 3122 aquis
1289 3057 1412 3110 hinc
1457 3057 1577 3111 inde
1633 3057 1899 3112 stantibus
1943 3073 2090 3112 tnarc

527 3143 738 3196 transiit
764 3143 1003 3198 Rubrum
1038 3144 1234 3210 (Exod.
1267 3146 1513 3216 διπλῆ),
1551 3147 1674 3216 quia
1707 3163 1826 3202 cum
1867 3147 1988 3216 quis
2037 3149 2089 3200 in

525 3247 758 3286 mmrore
781 3242 835 3288 et
857 3235 1100 3288 tenebris
1130 3237 1314 3289 mundi
1367 3238 1570 3306 positus
1604 3237 1670 3292 de
1719 3253 1831 3292 sua:
1861 3239 2092 3292 actionis

525 3322 764 3379 fmditate
783 3325 1078 3391 erubescit,
1101 3335 1156 3380 et
1177 3327 1424 3381 eumdem
1453 3327 1710 3382 mundum
1740 3329 2093 3392 deserit,ont-

524 3428 645 3467 nem
670 3429 825 3469 suum
852 3418 1172 3487 cogitatum,
1203 3433 1358 3486 quem
1393 3419 1458 3471 ad
1493 3418 1584 3473 Dei
1614 3421 1874 3475 visionem
1926 3419 2093 3474 infor-

525 3514 654 3569 mat,
687 3506 838 3575 quasi
870 3509 1154 3576 quemdam
1185 3507 1277 3563 Dei
1307 3510 1558 3579 populum
1589 3525 1774 3565 secum
1811 3511 2015 3576 ductat,
2038 3520 2094 3566 et

527 3595 626 3647 hoc
659 3610 760 3664 per
799 3611 948 3651 mare
998 3597 1254 3662 llubrum,
1280 3599 1332 3652 id
1388 3609 1472 3653 est
1522 3615 1618 3667 per
1652 3601 2090 3667 amaritudinem,

525 3685 747 3739 multam
781 3685 1361 3757 lacrymarum,quibus
1387 3699 1604 3757 peccata
1628 3691 1727 3745 sibi
1763 3692 2089 3746 remittit-la-

525 3782 638 3826 mat
673 3775 856 3828 dicens
888 3791 900 3827 :
935 3774 1121 3828 Libera
1157 3791 1236 3830 me
1272 3776 1336 3831 de
1365 3780 1728 3849 sanguiuibus,
1752 3779 1891 3834 Deus
1917 3779 2091 3850 (Paul.

467 3850 473 3856 ’
525 3881 577 3926 1.,
613 3864 721 3931 16).
753 3864 918 3932 Cujus
970 3866 1141 3920 undas
1193 3867 1346 3936 quasi
1407 3885 1592 3924 muros
1630 3870 1817 3924 dextra
1855 3869 2094 3940 laevaque

526 3957 836 4025 habetquia
871 3957 985 4013 sive
1029 3967 1288 4025 tentetur,
1353 3960 1466 4016 sive
1521 3963 1756 4030 quietem
1807 3967 1958 4017 mens
1999 3965 2096 4017 ha-

524 4046 668 4110 heat,
710 4046 939 4115 suspirio
987 4056 1042 4102 et
1084 4049 1357 4118 precibus,
1411 4059 1463 4104 et
1520 4051 1572 4104 in
1620 4053 1897 4121 prosperis
1939 4061 1994 4108 et
2041 4055 2092 4108 in

523 4138 764 4194 adversis
817 4138 958 4193 nulla
1015 4155 1252 4210 unquam
1309 4142 1628 4198 remissione
1667 4144 1989 4213 praemunire
2035 4162 2095 4200 se

522 4241 719 4286 cessat.

591 4322 828 4390 Quarum
858 4325 1127 4383 afﬂuentia
1151 4325 1499 4400 Egyptiisdd
1524 4337 1605 4385 est
1631 4331 1950 4386 criminibus
1975 4332 2096 4387 vita:
2143 4320 2145 4322 ’

2207 503 2481 574 fastigium
2509 509 2840 577 pertingunt,
2866 521 2925 566 ut
2953 512 3192 566 adversis
3213 514 3402 570 crebro
3429 533 3729 594 premantur,

2157 611 2162 616 ν
2207 592 2332 660 quia
2363 593 2506 649 sicut
2541 611 2806 665 pauperes
2837 600 2932 667 qui
2977 611 3198 670 repente
3229 604 3460 672 quolibet
3496 614 3640 669 modo
3665 592 3731 671 di;

2208 691 2422 738 tescunt
2456 685 2612 742 facile
2649 689 2984 756 superbiant,
3015 694 3093 746 sic
3125 693 3254 748 tales
3282 695 3380 749 nisi
3415 700 3612 756 assidue
3635 720 3734 772 pm-

2205 774 2290 829 nis
2316 784 2562 832 terantur
2583 781 2850 835 cervicem
2884 783 3097 851 pristini
3125 784 3275 839 obliti
3303 790 3499 843 erroris
3529 793 3730 864 erigunt.
3761 834 3764 836 -

2210 869 2359 927 Unde
2388 882 2443 928 et
2480 890 2599 928 rara
2633 877 2918 947 minusque
2941 878 3190 933 diuturna
3211 881 3290 935 eis
3309 885 3737 952 contemplationis

2205 962 2377 1018 virtus
2407 966 2662 1034 suppetit,
2692 969 2826 1036 ’qme
2856 969 2958 1023 etsi
2983 969 3272 1039 aliquoties
3303 973 3401 1027 sibi
3430 979 3733 1046 conceditur,

2205 1053 2270 1106 ad
2293 1053 2395 1107 hoc
2443 1054 2556 1108 fieri
2591 1056 2853 1122 creditur,
2906 1067 2965 1112 ut
3007 1073 3128 1112 eum
3181 1061 3248 1112 ad
3305 1062 3492 1116 horam
3544 1067 3737 1124 ctelcste

2207 1143 2488 1213 quidpiam
2517 1156 2695 1200 mente
2725 1148 3033 1216 attigerint,
3074 1165 3174 1204 nec
3203 1159 3378 1206 tamen
3420 1156 3621 1221 quando
3659 1172 3735 1211 vo-

2204 1233 2401 1289 luerint
2419 1247 2537 1306 post
2559 1238 2902 1293 amissionem
2927 1241 2992 1292 ad
3021 1239 3258 1309 idipsum
3285 1241 3460 1297 redire
3481 1243 3736 1313 valuerint,
3759 1305 3776 1310 _

2203 1335 2429 1396 peccato
2459 1343 2556 1383 suo
2582 1328 2866 1398 imputem,
2889 1331 3030 1398 quod
3062 1331 3306 1386 videndis
3327 1333 3626 1390 cmlestibus
3653 1338 3737 1390 mi-

2204 1433 2304 1472 nus
2331 1418 2530 1473 valent.
2561 1419 2713 1486 Quod
2756 1435 2853 1489 per
2909 1420 3038 1475 illud
3095 1421 3336 1476 innuitur
3382 1424 3520 1490 quod
3558 1424 3737 1496 Moyses

2202 1519 2441 1564 montem
2480 1511 2844 1566 conscendere
2867 1513 3110 1582 jubetur,
3162 1529 3226 1568 ex
3253 1529 3362 1583 quo
3398 1523 3589 1569 terram
3631 1533 3740 1587 pro-

2203 1599 2481 1655 missionis
2513 1601 2939 1670 contempletur,
2967 1603 3056 1657 cui
3103 1611 3278 1657 tamen
3315 1604 3370 1657 in
3414 1620 3477 1658 ea
3523 1605 3741 1664 habitare

2205 1705 2309 1745 non
2363 1691 2543 1746 datur.
2583 1693 2902 1747 Sanctorum
2947 1693 3090 1748 enim
3135 1697 3475 1750 conversatio
3529 1698 3578 1751 in
3609 1701 3740 1755 ctelis

2197 1873 2392 1926 mentis
2451 1873 2808 1946 desiderium,
2847 1889 2952 1927 non
3017 1883 3202 1928 tamen
3258 1868 3450 1930 otnnes
3496 1879 3740 1946 :cqualiter

2197 1961 2307 2016 illic
2329 1945 2698 2031 babitantlper
2724 1961 3198 2031 contemplationis
3221 1965 3446 2019 donum.

2264 2053 2426 2107 Iosue
2465 2071 2551 2108 eos
2585 2054 2675 2123 qui
2697 2055 3057 2124 baptismalem
3089 2057 3370 2110 candorem
3403 2072 3743 2114 conservaram

2196 2142 2590 2198 indicat.—-:Et
2615 2142 2795 2208 Jnsue,
2843 2144 2936 2212 qui
2983 2144 3037 2198 in
3071 2144 3162 2200 Dei
3195 2147 3562 2211 tabernaculo,
3592 2149 3637 2202 id
3672 2161 3743 2204 est

2195 2233 2385 2287 militia
2431 2235 2750 2296 mansitans,
2795 2235 2895 2290 sub
2921 2236 3150 2304 quadam
3175 2236 3429 2306 virginali
3477 2242 3746 2294 reverentia

2195 2323 2442 2379 Mosaica:
2503 2326 2800 2396 disciplime
2851 2327 3113 2382 indivisus
3156 2343 3375 2397 semper
3430 2330 3651 2395 iulia-sit,
3697 2343 3744 2386 et

2196 2413 2327 2467 nulli
2357 2413 2628 2485 obligatus
2649 2413 2897 2484 conjugio
2926 2416 3124 2470 caelebs
3148 2417 3372 2481 mansit,
3404 2419 3590 2472 horum
3613 2462 3626 2486 ,
3662 2422 3743 2488 qui

2197 2505 2512 2575 integritate
2537 2507 2800 2575 corporis,
2833 2516 2888 2560 et
2915 2506 3080 2560 animi
3135 2507 3360 2576 pollent,
3398 2518 3604 2578 gestare
3631 2511 3747 2564 mihi

2194 2596 2438 2650 creditur
2468 2597 2722 2651 fortnam.
2758 2596 2860 2664 Qui
2893 2598 3130 2652 secundo
3170 2598 3434 2668 pupulum
3486 2600 3747 2662 circumci-

2194 2687 2326 2742 dens
2353 2689 2436 2760 (ut
2471 2690 2562 2759 qui
2595 2690 2923 2760 baptismum
2980 2690 3158 2762 aliqua
3208 2691 3595 2746 maculaverint
3623 2692 3746 2760 labe,

2193 2794 2289 2835 cos
2352 2783 2664 2837 ostenderet
2728 2782 3119 2837 conscientiam
3175 2782 3521 2838 confessione
3573 2782 3748 2838 debere

2193 2871 2448 2941 purgare)
2502 2871 2570 2925 ad
2623 2869 2876 2924 Jordanis
2924 2871 3206 2925 introitum
3252 2872 3512 2926 ducatum
3561 2872 3750 2925 lsraelis

2193 2961 2409 3034 accipit,
2450 2962 2574 3032 quia
2603 2962 2754 3026 tales,
2786 2963 2875 3031 qui
2897 2964 2965 3016 ab
2999 2964 3217 3018 ineunte
3261 2979 3381 3018 arvo
3403 2978 3635 3020 amorem
3679 2965 3750 3019 di-

2197 3053 2377 3108 vinum
2443 3054 2832 3123 conceperint,
2893 3069 3014 3108 cum
3067 3055 3134 3109 ad
3195 3071 3385 3110 eorum
3433 3057 3790 3122 descensum,_

2146 3135 2164 3157 ¹
2194 3144 2333 3212 quod
2361 3143 2611 3199 Iordanis
2641 3145 3044 3220 interpretatur,
3075 3145 3280 3201 scilicet
3322 3147 3393 3201 ad
3445 3149 3744 3217 cogitantum

2192 3252 2409 3291 suorum
2441 3237 2886 3302 humiliationem,
2938 3253 3042 3292 non
3095 3238 3290 3294 timore
3350 3240 3622 3311 criminis,
3667 3243 3753 3294 sed

2194 3331 2341 3399 regni
2401 3329 2670 3384 desiderio
2719 3331 3078 3399 pervenerint,
3135 3339 3313 3386 motus
3365 3332 3563 3387 mentis
3607 3331 3758 3402 316

2193 3418 2539 3488 corporisque
2570 3419 2820 3487 impetus,
2851 3420 3002 3488 quasi
3037 3419 3168 3476 levis
3200 3421 3342 3492 vulgi
3378 3421 3578 3488 turbas,
3613 3425 3751 3492 spiri-

2195 3518 2280 3564 tus
2315 3509 2538 3578 imperio
2593 3509 2838 3579 protinus
2899 3509 3172 3564 addicunt.
3231 3512 3334 3566 Per
3385 3528 3554 3582 aquas
3613 3512 3754 3581 plane

2192 3599 2466 3666 Jordanis,
2496 3599 2582 3654 illa
2613 3615 2835 3668 prorsus
2861 3601 3091 3656 absurde
3113 3603 3461 3672 compunetio
3491 3603 3615 3656 mihi
3643 3617 3752 3656 sen-

2195 3689 2374 3744 ticnda
2406 3690 2634 3756 videtur,
2669 3705 2827 3759 quam
2866 3706 2970 3744 non
3025 3694 3305 3758 amaricat,
3356 3695 3534 3748 instar
3583 3693 3751 3755 mari-',

2195 3779 2449 3834 facinoris
2474 3780 2767 3850 perpetrati
2807 3781 3094 3844 memoria;
3121 3781 3213 3836 sed
3248 3797 3415 3850 quam
3467 3782 3609 3837 omni
3639 3791 3752 3851 potu

2195 3875 2426 3942 ciboque
2456 3874 2907 3942 voluptuosiorem
2935 3875 3095 3930 ellieit
3123 3877 3309 3932 aeterni
3360 3878 3543 3949 gaudii
3588 3877 3751 3930 nanci-

2195 3968 2375 4022 scendi
2439 3967 2653 4022 fiducia.
2708 3965 2856 4034 Quze,
2891 3967 3044 4037 juxta
3094 3967 3325 4042 nominis
3367 3969 3752 4040 etymologiam,

2195 4056 2509 4111 diuturnam
2561 4057 2644 4112 sui
2680 4057 2973 4112 descensus
3013 4041 3216 4112 moram
3267 4059 3322 4113 in
3371 4060 3598 4115 conv:dli
3643 4059 3751 4111 vita:

2196 4148 2350 4204 istius
2372 4148 2692 4220 illacrymat,
2724 4151 2817 4203 sed
2850 4158 3026 4203 tamen
3058 4164 3150 4218 spe
3198 4149 3408 4206 fruetus
3442 4148 3752 4222 percipiendi

2197 4239 2392 4307 sacpius
2443 4240 2673 4292 maxima
2713 4239 2985 4294 hilaritate
3026 4240 3338 4310 triumphat.

2266 4327 2370 4384 lste
2426 4329 2607 4397 JOSue,
2657 4331 2781 4384 dum
2837 4331 2994 4400 hujus
3028 4331 3170 4386 beati
3219 4331 3458 4387 fluminis
3511 4330 3752 4402 profunda

521 4417 882 4474 anterioribus
907 4421 1235 4484 submersis,
1261 4421 1326 4474 ad
1351 4421 1696 4477 solitudinem
1729 4423 1954 4488 deserti,
1980 4425 2084 4479 sci-
2116 4430 2162 4490 ι)
2191 4425 2440 4494 vestigat,
2497 4422 2775 4478 duodecim
2836 4423 3100 4490 pretiosos
3150 4423 3258 4478 illic
3299 4424 3511 4494 lapides
3551 4424 3746 4491 reperit,

521 4506 650 4564 licet
682 4509 1070 4580 aliquantulam
1097 4513 1276 4567 cordis
1321 4516 1688 4580 serenitatem,
1722 4516 1812 4570 ubi
1869 4518 2091 4572 remotis

520 4597 918 4654 nrbanitatibus
944 4600 1073 4665 Deo,
1102 4600 1313 4670 sibique
1343 4605 1620 4658 vacantius
1664 4605 1832 4671 vivat,
1858 4605 2089 4662 accedit.

522 4687 599 4740 lbi
637 4687 690 4741 in
720 4688 800 4742 sui
830 4689 999 4744 solius
1025 4689 1167 4745 bello
1191 4701 1488 4762 occupatus
1536 4693 1927 4764 cogitationum
1986 4695 2090 4748 im-

520 4779 901 4846 portunitales,
931 4781 1086 4850 quasi
1117 4781 1257 4851 vulgi
1283 4782 1522 4838 enormis
1557 4785 1926 4852 querimonias
1957 4785 2093 4838 adeo

523 4884 714 4934 graves
746 4869 1064 4940 plerumque
1091 4873 1296 4941 patitur
1327 4883 1386 4926 ut
1421 4875 1520 4928 nisi
1554 4875 1622 4928 ad
1662 4873 1870 4928 Domini
1899 4891 2095 4930 oracu-

523 4962 654 5025 lum,
688 4963 738 5015 id
779 4973 862 5018 est
908 4965 1234 5030 orationem,
1293 4981 1435 5034 smpe
1488 4975 1810 5034 recurreret,
1863 4967 2094 5023 tolerare

522 5053 630 5106 vim
666 5056 980 5110 tentationis
1018 5056 1166 5110 nullo
1223 5058 1382 5110 modo
1431 5055 1716 5112 sufficeret.
1769 5058 1842 5112 lbi
1895 5058 2094 5113 vitulus

522 5147 791 5216 superbiae
817 5147 955 5202 clam
991 5148 1110 5216 ipso
1145 5147 1318 5202 factus
1357 5148 1610 5216 erigitur;
1643 5150 1736 5203 sed
1777 5165 1806 5203 a
1837 5150 1948 5204 suis
1995 5164 2087 5203 au-

522 5237 762 5293 ctoribus
787 5239 1042 5293 continuo
1065 5240 1426 5291 comminutus
1455 5240 1814 5294 consumitur.
1847 5239 1920 5294 lbi
1944 5240 2095 5294 Beel-

521 5325 749 5395 phegor,
776 5327 828 5382 id
857 5335 942 5382 est
963 5325 1190 5396 Priapus
1219 5323 1326 5379 dux
1351 5326 1589 5383 libidinis
1605 5327 1815 5384 furtivae
1834 5343 1861 5384 a
1879 5329 2092 5400 procaci

523 5419 828 5483 turba,sed
886 5433 1009 5472 mox
1066 5416 1441 5488 propellendus
1495 5420 1817 5488 admittitur,
1859 5431 1912 5479 et
1963 5423 2094 5492 ipsa:

521 5507 762 5565 victoriae
790 5508 1003 5578 quoties
1032 5510 1389 5571 celebrantur,
1425 5525 1529 5565 non
1579 5511 1698 5567 sine
1728 5513 1923 5568 damno
1983 5514 2093 5583 ple-

523 5610 770 5667 rumque,
800 5607 858 5653 et
877 5599 1267 5669 aliquantulum
1295 5600 1580 5667 diflicilius,
1628 5613 1944 5674 perpetrare
1998 5619 2094 5658 no-

509 5666 764 5747 {seuntnn
792 5684 944 5743 Novit
969 5691 1110 5745 enim
1149 5691 1288 5747 Deus
1307 5693 1500 5761 saepius
1552 5695 1808 5764 expedire
1861 5676 1944 5752 his
1974 5697 2087 5767 qui,

2191 4519 2317 4588 quia
2351 4514 2599 4570 videlicet
2624 4514 2755 4583 legis
2797 4513 3138 4583 Deestlogum,
3163 4515 3245 4568 vel
3293 4517 3476 4585 potius
3521 4517 3750 4570 universa

2193 4608 2592 4678 Scripturarum
2621 4616 2910 4674 praecepta,
2941 4619 3060 4674 quae
3089 4621 3313 4661 numero
3338 4607 3526 4662 valent
3549 4606 3752 4660 denario

2191 4714 2288 4770 pro
2311 4697 2391 4752 sui
2418 4696 2744 4766 perfectione
2772 4695 2992 4765 signari,
3015 4695 3146 4751 solis
3172 4695 3378 4750 duobus
3403 4695 3591 4749 didicit
3619 4707 3753 4746 man-

2193 4790 2333 4846 datis
2356 4788 2638 4844 charitatis
2665 4786 2894 4856 impleri.
2928 4786 3061 4840 Cum
3098 4785 3241 4841 enim
3291 4785 3581 4852 cujuslibet
3614 4797 3750 4836 tuens

2193 4879 2326 4933 adeo
2346 4878 2554 4933 sincera
2583 4877 2773 4932 crebro
2805 4876 3196 4946 compungitur,
3228 4875 3360 4930 nihil
3387 4875 3634 4930 invenias
3672 4871 3750 4926 ubi
3785 4891 3795 4898 ·

2196 4978 2402 5024 tantum
2431 4968 2498 5022 de
2524 4969 2634 5024 Deo
2655 4969 2913 5024 discatur.

2263 5059 2357 5114 His
2385 5075 2513 5130 ergo
2542 5061 2755 5115 demum
2782 5057 3063 5126 purificata
3106 5057 3347 5123 fluentis,
3386 5065 3590 5112 terram
3637 5067 3750 5124 pro-

2194 5150 2466 5205 missionis
2545 5149 2888 5220 ingreditur,
2963 5149 3092 5219 quia
3161 5149 3218 5203 in
3293 5143 3755 5218 contemplationis

2193 5248 2395 5300 aethere
2414 5245 2724 5309 constituta,
2757 5243 2910 5313 quasi
2938 5244 3179 5312 quadam
3210 5243 3404 5298 nobilis
3433 5241 3618 5312 aquila
3655 5237 3754 5293 sin-

2193 5333 2364 5402 gulari
2399 5332 2744 5402 amplitudine
2789 5335 3073 5402 spatiatur.
3126 5330 3270 5387 Talis
3318 5330 3486 5386 etiam
3538 5329 3756 5399 quisque

2195 5439 2300 5478 non
2332 5423 2504 5478 solum
2535 5438 2629 5492 per
2651 5439 2708 5478 se
2731 5424 2796 5477 ad
2828 5430 3033 5476 tantum
3063 5422 3274 5478 culmen
3301 5422 3573 5484 evehitur,
3598 5417 3686 5473 sed
3707 5422 3756 5468 et

2195 5529 2291 5584 per
2311 5528 2432 5568 eum
2469 5512 2587 5566 aliis
2607 5511 2792 5566 eadem
2817 5497 2987 5581 gratia
3018 5510 3342 5581 impertitur,
3371 5509 3501 5563 dum
3531 5507 3759 5579 plerum-

2195 5621 2322 5678 que,
2360 5621 2480 5675 qna:
2527 5605 2635 5660 sint
2658 5603 2746 5658 illa
2773 5603 3092 5660 indefectiva
3122 5603 3362 5659 caelestis
3393 5603 3548 5672 regni
3603 5599 3755 5656 bona.

2195 5707 2444 5771 potenter
2469 5697 2709 5752 docendo
2759 5695 3052 5753 secundum
3095 5697 3448 5766 capacitatem
3510 5695 3761 5761 cujusque

3745 1747 3800 1764 \—

3973 3427 3990 3686 ξ

3989 4928 3992 5084 l

3988 5325 3991 5494 ι
