4038 6330
358 348 458 403 589

1459 356 1877 413 ΟΙἸΞΒΕὶῚΜΜ
1916 357 2003 412 DE
2044 358 2498 420 YlllC-INITATE.

3494 374 3599 438 590

356 464 639 529 auditoris,
690 465 983 522 tuuicnhnu
1022 452 1308 525 loeutionis
1343 471 1657 541 exporrigit.
1714 471 1813 538 Qui
1847 482 1922 526 ta-
1950 481 1997 539 Α
2027 489 2167 544 saepe
2203 487 2485 534 moventur
2512 478 2564 534 in
2598 480 2771 547 nobis,
2822 482 2899 540 sie
2927 492 3093 541 totum
3145 482 3272 543 illud
3320 494 3596 564 negotium

355 575 478 613 men
507 576 627 614 cum
657 563 894 615 omnium
924 564 1281 619 mediocritati
1312 564 1648 620 conformare
1676 580 1793 620 sese
1818 580 1924 621 non

356 651 602 721 despicit,
639 652 805 706 ardua
831 653 932 707 sibi
962 662 1017 708 et
1046 664 1322 721 montana,
1347 655 1424 708 uti
1454 655 1579 709 olim
1614 653 1795 720 Josue,
1828 668 1926 724 pro

355 755 465 795 sua:
517 743 947 799 conversationis
981 744 1297 801 excellentia
1340 745 1510 816 eligit,
1556 752 1612 800 et
1658 744 1925 802 attribuit.

354 827 818 899 lmpugnatiouum
848 832 1158 888 discrimina
1186 834 1229 889 si
1262 833 1681 904 contigerint,ad
1717 832 1927 887 felicem

354 917 499 974 illico
528 922 849 990 perveniunt
880 929 1027 977 tanta
1058 922 1336 979 alacritate
1375 923 1727 993 triumphum,
1757 937 1928 992 quana-

357 1019 468 1063 tum
506 1009 650 1063 nulla
680 1010 977 1081 virgineum
1008 1008 1455 1068 llamma'excitat
1484 1013 1549 1068 de
1595 1012 1927 1082 experientia

363 1101 655 1170 voluptatis
712 1099 979 1155 allectum.
1046 1104 1160 1160 Etsi
1230 1104 1370 1159 bella
1424 1103 1751 1173 frequentia,
1806 1117 1945 1182 rara,

352 1190 678 1245 omnimodis
698 1192 771 1244 ibi
798 1192 1014 1257 damna,
1040 1193 1183 1248 nulla
1213 1194 1505 1249 murmuris
1530 1192 1810 1259 memoria,
1829 1207 1930 1248 nec

351 1280 418 1334 de
440 1294 682 1351 regressu
718 1281 768 1334 in
797 1282 1085 1354 Aﬁgyptum
1112 1284 1301 1339 crebro
1330 1285 1429 1341 sub
1443 1284 1621 1355 Moyse
1652 1289 1927 1337 reversata

348 1368 554 1423 fabula.
578 1369 743 1436 Delia,
778 1372 1017 1441 inquam,
1044 1373 1146 1429 etsi
1178 1374 1415 1440 assidua,
1441 1374 1552 1443 jam
1591 1388 1699 1428 non
1732 1373 1926 1427 adver-

352 1475 446 1515 sus
474 1461 653 1515 carnis
680 1463 943 1528 incendia,
972 1465 1065 1519 sed
1103 1474 1290 1519 contra
1335 1480 1397 1521 ea
1441 1480 1559 1535 quae
1590 1463 1928 1519 extrinsecus

352 1549 544 1620 inlligit
595 1552 895 1621 principum
955 1554 1095 1609 aeris
1136 1554 1295 1624 hujus
1340 1555 1637 1627 spiritualis
1667 1552 1923 1623 nequitia.

350 1640 478 1696 llaec
522 1657 619 1696 nos
665 1658 768 1698 non
822 1646 1186 1714 comparando
1224 1655 1283 1700 ut
1328 1645 1559 1701 alterum
1593 1644 1751 1699 alteri
1790 1657 1929 1713 pra:-

356 1730 622 1788 fcrremus
671 1735 897 1788 duorum
955 1736 1144 1791 horum
1194 1737 1448 1804 diximus,
1494 1736 1589 1792 sed
1622 1744 1680 1791 ut
1727 1732 1926 1804 aliquid

2033 565 2086 619 in
2122 566 2268 623 nullo
2307 570 2636 637 patrantium
2693 572 2953 641 animum,
3013 593 3297 641 earncmve
3361 600 3391 639 a
3453 586 3596 642 bono

2024 655 2267 748 quolibet
2312 652 2502 714 affectu
2564 661 2893 729 detraheret,
2929 676 2983 721 et
3034 670 3175 726 sicut
3220 673 3272 729 in
3328 654 3597 748 gignendo

2026 744 2171 798 nulla
2208 747 2491 815 utrobique
2526 749 2900 807 dominaretur
2945 758 3149 824 passio,
3201 760 3282 816 sic
3333 744 3407 817 inv
3436 775 3596 834 partu

2027 836 2229 891 nullum
2268 836 2505 894 dolorem
2534 837 2795 899 incuteret
2823 846 3030 903 effusio.

2099 924 2250 981 Unde
2288 929 2542 998 originale
2580 944 2869 999 peccatum.
2898 964 2964 975 —-
3012 936 3138 993 Inde
3188 934 3299 1006 jam
3347 940 3595 1013 prolapsa

2029 1030 2125 1087 per
2148 1032 2300 1072 suam
2335 1019 2756 1075 inobedientiam
2788 1025 2996 1095 origine
3032 1038 3185 1083 vetus
3216 1030 3346 1085 illud
3398 1048 3595 1101 peccas

2032 1117 2167 1173 tum,
2203 1125 2232 1162 a
2265 1109 2582 1179 parentibus
2607 1108 2661 1165 in
2697 1125 2811 1178 eos,
2835 1115 2924 1184 qui
2950 1129 3248 1172 nascuntur
3290 1134 3355 1174 ex
3398 1135 3598 1176 concuo

2028 1195 2172 1251 bitus
2201 1198 2477 1267 voluptate
2498 1199 2805 1256 devolvitur
2842 1212 2900 1256 ut
2928 1216 3142 1273 semper
3183 1209 3382 1263 veteris
3413 1206 3595 1264 damni

2028 1287 2442 1343 immensitatem
2467 1304 2533 1343 ex
2558 1290 2714 1345 novis
2744 1300 2797 1345 et
2818 1291 3144 1361 quotidianis
3160 1294 3271 1350 suis
3292 1300 3599 1368 CorruptiO‘

2029 1380 2187 1435 nibus
2218 1381 2377 1436 homo
2408 1380 2732 1437 miserabilis
2753 1393 2960 1453 penset,
2993 1395 3046 1439 et
3101 1387 3347 1441 intimam
3401 1388 3596 1445 anima:

2029 1472 2286 1525 vilitatem
2316 1486 2381 1525 ex
2412 1474 2656 1542 corporis
2685 1482 2794 1528 tam
2820 1476 3035 1530 sordida
3069 1481 3444 1546 procreatione
3471 1490 3595 1550 per-

2026 1560 2255 1628 pendat;
2290 1569 2343 1615 et
2361 1560 2472 1631 jam
2497 1563 2682 1617 saltem
2706 1578 2827 1618 sero
2854 1565 3028 1629 malis,
3047 1567 3209 1621 etiam
3232 1580 3351 1636 quae
3374 1564 3596 1623 minima

2028 1660 2202 1719 putat,
2246 1653 2547 1708 voluntarie
2583 1670 2641 1709 se
2696 1655 3046 1724 pertimescat
3096 1658 3441 1730 immergere,
3473 1676 3598 1716 cum

2031 1744 2262 1797 maxima
2292 1744 2463 1799 soleat
2492 1746 2720 1801 :edilicia
2748 1746 3072 1817 permodicze
3106 1751 3429 1818 quantitatis
3458 1752 3597 1806 scin-

356 1832 547 1878 nostro
578 1824 725 1892 operi
776 1825 847 1880 de
887 1835 1127 1881 veterum
1172 1828 1337 1900 gestis
1378 1827 1553 1898 typice
1605 1835 1925 1882 attexamus.
1964 1812 2006 1867 Β
2034 1831 2166 1898 tilla,
2197 1833 2240 1888 si
2273 1833 2414 1887 male
2462 1833 2724 1899 foveatur,
2748 1812 3010 1893 ‘eXurere.
3046 1812 3252 1895 idcirco
3290 1855 3400 1896 suae
3443 1841 3598 1896 vitia‘

946 1917 1172 1975 CAPUT
1225 1917 1332 1972 VII.

426 2010 542 2076 Quo
590 2009 740 2064 modo
767 2011 1089 2082 generationi
1134 2010 1472 2066 intendissent
1503 2011 1656 2081 primi
1689 2018 1927 2079 parentes

348 2100 397 2154 si
441 2116 542 2154 non
583 2111 896 2171 peccassent.
926 2130 997 2141 --
1028 2101 1136 2156 Sed
1194 2101 1336 2155 inter
1376 2101 1478 2155 ista
1538 2100 1739 2171 optime
1794 2098 1929 2155 satis

354 2201 556 2248 nostra:
582 2193 822 2249 occurrit
848 2193 1121 2249 memoria:
1151 2193 1317 2248 creati
1341 2192 1598 2258 hominis,
1624 2193 1667 2247 si
1694 2192 1745 2245 in
1772 2206 1929 2262 para-

352 2283 471 2339 diso
498 2291 930 2354 perseverasset,
974 2283 1148 2354 qualis
1176 2284 1310 2350 vita,
1349 2282 1457 2338 imo
1478 2298 1541 2337 ex
1575 2280 1799 2353 conjuge
1825 2282 1927 2337 sibi

352 2374 501 2439 data,
532 2375 708 2445 qualis
735 2376 916 2430 futura
960 2382 1104 2431 esset
1128 2375 1459 2446 propagatio,
1490 2374 1535 2430 si
1566 2374 1680 2429 sine
1707 2381 1929 2444 peccato

352 2462 600 2519 conditus
631 2464 908 2529 creditur,
957 2473 1014 2520 et
1056 2464 1172 2519 sine
1216 2463 1412 2519 damno
1457 2462 1621 2518 totius
1671 2476 1785 2516 suae
1834 2460 1927 2515 bo-

355 2567 442 2610 nae
465 2556 836 2627 0riginis,quze
863 2556 967 2611 nisi
997 2546 1094 2626 per
1117 2563 1397 2625 peccatum
1421 2568 1527 2609 non
1557 2552 1761 2625 patitur
1780 2552 1932 2607 dam~

356 2662 484 2702 num
513 2649 781 2717 victurus,
811 2649 896 2704 vel
922 2630 1031 2704 Deo
1076 2648 1372 2714 obedisset,
1402 2648 1447 2704 si
1497 2662 1602 2702 non
1630 2654 1930 2717 peccasset,

351 2738 670 2806 perenniter
697 2746 863 2803 esset,
891 2746 945 2792 et
966 2737 1108 2793 lelici
1136 2737 1239 2793 loci
1269 2736 1611 2807 iucunditate
1644 2735 1930 2800 fruiturus,

352 2843 452 2898 pro
483 2838 631 2885 certo
656 2829 819 2884 etiam
859 2838 916 2884 et
953 2829 1071 2885 sine
1119 2837 1342 2899 peccato
1373 2836 1759 2900 generaturum
1799 2833 1935 2882 eon-

353 2921 604 2977 stitisset.
636 2921 692 2976 Si
723 2931 901 2976 tamen
927 2921 1107 2977 dicere
1132 2920 1444 2987 audeamus,
1468 2919 1613 2991 quod
1645 2918 1788 2984 talis,
1840 2916 1932 2972 tali

354 3016 410 3069 in
442 3016 584 3078 loco.
617 3031 644 3069 a
676 3016 875 3071 talibus
922 3028 1138 3086 quoque
1186 3014 1431 3084 personis
1481 3012 1725 3068 exerceri
1767 3024 1933 3082 opera

256 3138 261 3139 ί
353 3117 558 3175 posset.
590 3107 697 3163 Sed
727 3107 772 3162 si
811 3122 918 3163 non
954 3105 1265 3176 generaturi
1310 3105 1363 3159 in
1399 3103 1511 3168 illo,
1546 3102 1936 3172 qualiscunque

356 3200 474 3267 ipse
537 3209 701 3263 esset,
754 3197 873 3252 loco
927 3196 1205 3262 dicantur;
1256 3203 1311 3250 et
1361 3194 1465 3249 hoc
1517 3192 1928 3256 commercium,

356 3289 501 3358 quod
532 3290 691 3345 modo
740 3303 962 3359 prorsus
1007 3296 1291 3359 reputatur
1341 3285 1697 3350 immundum,
1740 3299 1771 3338 a
1820 3291 1934 3338 tam

355 3382 575 3439 mundis
595 3398 698 3438 non
719 3382 953 3438 liendum
983 3382 1247 3438 astruitur
1266 3422 1280 3447 ,
1306 3379 1486 3437 fabula
1516 3394 1645 3436 esse.
1663 3378 1935 3435 videbitur

358 3473 528 3528 Deum
552 3474 795 3529 homines
825 3474 978 3537 duos,
1011 3481 1071 3528 ut
1099 3473 1207 3528 duo
1251 3472 1352 3529 soli
1387 3472 1484 3527 toti
1524 3479 1683 3527 terrae
1735 3484 1936 3539 praees-

358 3572 505 3629 sent,
528 3579 764 3630 creasse,
792 3564 991 3619 frustra
1016 3564 1181 3619 etiam
1202 3564 1283 3620 eis
1312 3562 1525 3617 crescite
1546 3572 1593 3616 et
1614 3560 1933 3630 multiplica-

358 3656 490 3709 mini
521 3656 741 3711 dixisse.
776 3654 928 3727 (Gen.
958 3653 1125 3725 1,28).

430 3746 551 3811 Etsi
583 3757 930 3817 generassent,
965 3748 1185 3817 virgines
1228 3746 1564 3800 nihilominus
1616 3744 1935 3813 permansis-

361 3847 495 3890 scnt.
540 3868 606 3877 —
649 3838 755 3894 Sed
804 3838 930 3908 quia
970 3838 1106 3891 mira
1163 3847 1245 3892 est
1271 3835 1574 3892 absurditas
1614 3835 1665 3889 id
1712 3834 1934 3899 sentire,

364 3928 713 3982 intendamus
743 3929 866 3997 quis
904 3927 1094 3981 modus
1136 3926 1430 3998 generandi
1477 3932 1642 3989 esset,
1678 3924 1769 3992 qui
1819 3924 1937 3979 sine

363 4016 583 4086 piaculo
612 4018 792 4087 peragi
824 4026 1026 4087 posset.
1052 4017 1208 4071 Nulla
1238 4017 1541 4071 assertione
1584 4014 1811 4085 indiget,
1839 4013 1938 4068 ho-

362 4109 564 4163 minem
598 4110 800 4179 absque
830 4109 1007 4164 delicti
1057 4109 1301 4178 contagio
1332 4108 1375 4162 si
1406 4115 1646 4162 creatum
1684 4105 1932 4159 dicimus.

362 4199 421 4253 Si
445 4200 561 4254 sine
583 4199 725 4254 omni
751 4199 1041 4269 malo,ergo
1061 4207 1113 4253 et
1135 4198 1312 4252 carnis
1333 4195 1715 4264 stimulo.quod
1738 4193 1933 4247 malum

361 4297 469 4352 est,
498 4290 709 4359 penitus
738 4290 933 4343 caruit.
958 4288 1013 4343 Si
1065 4288 1268 4343 carnali
1324 4296 1470 4341 motu
1518 4286 1717 4350 caruit,
1748 4284 1937 4354 procul

365 4387 557 4453 dubio,
606 4388 655 4441 si
706 4388 874 4442 verbo
917 4388 1009 4441 Dei
1064 4386 1354 4455 paruisset,
1399 4381 1728 4438 mternaliter
1782 4381 1935 4451 virgo

2030 1930 2095 1976 tte
2123 1923 2431 1993 propaginis
2452 1939 2556 1979 non
2579 1925 2797 1995 ignarus
2827 1926 2993 1982 David
3024 1929 3375 1999 conqueritur
3409 1930 3462 1984 in
3494 1928 3599 1985 ini-

2028 2012 2326 2081 quitatibus
2347 2029 2405 2070 se
2426 2025 2749 2087 conceptum
2776 2013 2948 2087 (Psal.
2978 2030 3030 2083 L,
3063 2014 3140 2089 7),
3170 2029 3225 2073 et
3280 2033 3339 2075 se
3384 2019 3599 2092 aspergi

2031 2102 2121 2157 illo
2160 2103 2417 2175 hyssopo,
2448 2107 2539 2175 qui
2572 2121 2669 2162 nos
2698 2106 2989 2161 humilitati
3012 2120 3128 2163 sua:
3151 2109 3453 2166 informans
3476 2113 3597 2181 pul‘

2030 2207 2245 2247 monem
2282 2195 2517 2249 tumoris
2541 2192 2789 2265 expians,
2818 2211 3009 2250 sanum
3056 2212 3153 2254 nos
3179 2212 3368 2267 sapere
3396 2202 3598 2268 docuit,

2030 2283 2284 2353 postulat,
2318 2294 2372 2339 et
2404 2299 2461 2340 se
2493 2285 2658 2340 lotum
2710 2282 3035 2356 baptismate
3064 2287 3294 2360 gloriosa
3344 2302 3603 2361 praesum-

2029 2376 2211 2444 ptione
2237 2382 2467 2429 testatur
2487 2390 2647 2446 super
2670 2375 2845 2431 nivem
2863 2379 3108 2448 protinus
3145 2380 3384 2436 dealbari
3408 2380 3598 2452 (Ibid.,

1996 2468 2136 2538 ax).
2170 2467 2250 2523 Ad
2273 2469 2375 2524 hoc
2400 2470 2589 2540 primae
2621 2485 2732 2526 suae
2762 2472 3056 2529 creationis
3080 2472 3292 2528 initium
3320 2472 3479 2544 hujus
3501 2492 3601 2532 no-

2030 2560 2155 2615 bilis
2184 2562 2396 2617 virtutis
2421 2564 2708 2632 respondet
2732 2564 2977 2632 intentio,
2995 2576 3114 2635 qna:
3149 2567 3272 2621 dum
3295 2564 3495 2637 majora
3520 2584 3602 2633 se,

2030 2659 2085 2705 et
2116 2664 2235 2720 qua:
2266 2653 2316 2707 in
2368 2654 2621 2722 praesenti
2669 2654 2926 2725 consequi
2979 2652 3381 2726 plenarie'non
3438 2658 3600 2726 valet,

2032 2733 2193 2812 317
2225 2742 2565 2799 laudabiliter
2587 2745 2890 2810 aemulatur,
2920 2747 3175 2813 quiddam
3204 2750 3347 2804 inter
3377 2757 3604 2805 caetera.

2035 2848 2152 2888 rum
2184 2835 2443 2891 virtutum
2498 2836 2699 2907 glorias
2749 2836 3028 2909 singulare
3080 2836 3286 2897 habere
3340 2855 3601 2899 meretur.

2034 2920 2171 2979 Dum
2195 2925 2338 2980 enim
2366 2926 2579 2983 avidius
2604 2928 2911 2998 insequitur
2942 2930 3072 2985 illud
3125 2932 3268 3001 quod
3302 2933 3606 3004 perdidisse

2038 3013 2091 3068 in
2151 3015 2396 3085 patribus
2468 3028 2528 3072 se
2597 3018 2828 3085 recolit,
2882 3017 3156 3076 ellicaci'us
3208 3021 3414 3078 invenit
3460 3025 3605 3093 quod

2036 3104 2217 3161 nullus
2302 3105 2641 3162 dissimiliter
2720 3122 2955 3177 querens
3042 3108 3294 3165 similiter
3375 3112 3605 3183 adipisci

2036 3192 2230 3267 possit.

2104 3287 2237 3344 lllud
2292 3288 2477 3345 itidem
2530 3284 2961 3361 contemplantur
3009 3293 3099 3363 qui
3152 3288 3277 3351 huic
3332 3297 3605 3366 preposito

2038 3381 2400 3448 adhaeserunt,
2431 3384 2571 3451 quod
2600 3384 2652 3436 in
2700 3397 2761 3437 ea
2795 3384 3029 3440 hominis
3055 3396 3229 3456 parte,
3273 3388 3357 3442 cui
3388 3390 3604 3458 proprie

2035 3462 2132 3527 Dei
2156 3473 2331 3545 imago
2352 3475 2617 3545 impressa
2641 3478 2741 3542 est,
2776 3476 3057 3548 integritas
3085 3472 3328 3548 quaedam
3351 3489 3406 3535 et
3436 3496 3603 3551 ange‘

2034 3559 2141 3619 lica
2175 3575 2358 3620 manet
2388 3560 2698 3632 sinceritas,
2726 3584 2885 3638 quam
2918 3567 3042 3624 licet
3062 3583 3283 3639 corpus,
3308 3572 3450 3640 quod
3482 3589 3605 3627 coro

2037 3654 2324 3725 rumpitur,
2369 3666 2628 3727 aggravet
2657 3649 2812 3728 (Sap.
2843 3674 2918 3725 rx,
2968 3658 3088 3731 15),
3118 3666 3173 3715 et
3208 3668 3417 3716 terrena
3449 3658 3603 3716 inha-

2037 3747 2229 3802 bitatio
2260 3748 2541 3818 deprimat,
2586 3749 2719 3803 nihil
2755 3760 2932 3805 tamen
2981 3759 3064 3807 est
3099 3752 3239 3820 quod
3268 3766 3387 3807 eam
3421 3769 3448 3806 a
3485 3770 3605 3808 cor-

2036 3854 2169 3909 pore
2198 3855 2294 3894 suo
2323 3839 2546 3895 liberam
2575 3849 2744 3896 tentet
2768 3850 2860 3896 aut
2886 3843 2951 3897 ad
2996 3844 3118 3898 vitia
3138 3834 3335 3899 carnis
3382 3844 3606 3900 ulterius

2036 3927 2295 3984 inﬂectat.
2342 3929 2449 3986 Sed
2494 3938 2606 3986 tota
2635 3931 2947 4002 angelorum
2975 3928 3361 3989 cohabitationi
3410 3934 3608 3991 habilis

2037 4015 2250 4083 effecta,
2277 4020 2341 4073 ad
2367 4035 2520 4073 suum
2561 4021 2847 4089 purissima
2875 4023 3049 4076 evolat
3083 4020 3460 4088 Conditorem;
3486 4040 3606 4079 eam

2037 4106 2180 4159 enim
2213 4120 2373 4167 quam
2428 4117 2685 4163 aeternam
2726 4110 2908 4165 Deitas
2959 4121 3011 4164 et
3046 4112 3411 4182 incorporeum
3461 4112 3605 4180 fecit,

2036 4212 2143 4251 non
2168 4208 2253 4252 est
2282 4192 2553 4253 immerito
2584 4201 2725 4269 q‘uod
2747 4216 2863 4255 eam
2898 4216 2991 4256 sua
3024 4204 3237 4272 proprie
3259 4201 3610 4260 similitudine

2038 4284 2351 4356 insignitam
2403 4288 2657 4343 dixerim.
2709 4287 2830 4343 Vim
2876 4289 3041 4359 igitur
3103 4306 3210 4344 suae
3264 4287 3493 4345 rationis
3542 4292 3610 4345 ad

2038 4381 2231 4435 anima:
2284 4394 2537 4436 naturam
2591 4392 2744 4435 mens
2802 4395 3024 4450 qumque
3068 4380 3344 4433 munditiae
3402 4381 3609 4436 intenta

362 4494 654 4535 mansurus
692 4479 814 4544 fuit,
851 4488 906 4533 et
951 4489 1128 4532 tamen
1154 4477 1322 4531 multo
1343 4475 1623 4545 plusquam
1651 4468 1934 4542 virgOFbic;
1966 4490 2016 4550 υ
2041 4471 2332 4536 convertit,
2361 4479 2431 4535 et,
2463 4471 2587 4525 dum
2615 4470 2714 4524 sibi
2748 4468 2801 4523 in
2833 4484 2892 4523 se
2922 4469 3034 4538 ipsa
3068 4469 3340 4537 exemplar
3368 4471 3613 4539 proposi-

368 4588 399 4625 a
439 4572 738 4642 virginibus
760 4571 903 4625 enim
935 4570 1103 4624 multo
1131 4584 1225 4623 sua
1252 4573 1447 4621 sudore
1470 4560 1724 4636 voluptas
1738 4560 1936 4618 restin-

363 4662 566 4730 guitur.
591 4660 915 4731 Huicneque
938 4660 1076 4729 quod
1109 4665 1361 4721 tentaret,
1389 4671 1563 4724 neque
1593 4655 1677 4710 cui
1710 4654 1937 4709 tentanti

362 4757 549 4812 resisti
575 4766 873 4828 oporteret,
896 4758 1092 4822 inerat,
1125 4759 1217 4811 sed
1255 4770 1451 4810 novum
1478 4754 1643 4818 istud,
1676 4762 1730 4808 et
1758 4754 1940 4824 singu-

362 4848 482 4904 lare
504 4849 699 4903 mirum
725 4850 987 4919 virginem
1022 4849 1230 4904 scilicet
1261 4848 1431 4902 Adam
1455 4859 1737 4916 generare,
1776 4846 1941 4915 “virgi-

364 4955 493 4996 nem
526 4941 736 4996 scilicet
765 4940 930 4995 Evam
980 4955 1191 5009 parere.
1228 4939 1379 4995 Unde
1434 4946 1489 4993 et
1532 4937 1662 4991 illud
1718 4937 1940 4991 beatum

367 5045 641 5100 superque
668 5044 885 5084 omnem
919 5029 1196 5084 hominum
1236 5042 1354 5097 quae
1404 5041 1548 5081 nunc
1602 5040 1723 5080 esse
1769 5025 1941 5095 possit

363 5121 761 5176 beatitudinem
796 5120 923 5176 felix
947 5120 1201 5176 saeculum
1232 5118 1446 5183 fuisset,
1476 5116 1521 5172 sl
1550 5115 1756 5179 fuisset,
1788 5116 1939 5184 quasi

363 5211 511 5265 enim
544 5226 649 5266 non
673 5209 794 5275 fuit,
826 5211 969 5280 quod
1001 5210 1053 5263 in
1081 5208 1200 5278 ipso
1228 5218 1326 5262 suo
1354 5206 1621 5276 principio
1647 5220 1769 5259 cum
1820 5217 1941 5260 esse

364 5305 616 5372 coeperit,
665 5317 784 5357 esse
815 5301 1106 5357 destiterit.
1142 5297 1365 5353 Certum
1396 5309 1528 5351 sane
1568 5296 1800 5349 habetur
1846 5294 1942 5348 illa

366 5393 631 5459 membra,
656 5407 776 5462 qua:
813 5389 1103 5463 generandi
1133 5387 1354 5458 explent
1382 5384 1580 5450 cilicia,
1614 5386 1730 5440 sine.
1774 5400 1941 5455 pravo

367 5481 548 5537 calore
577 5496 682 5535 non
706 5479 883 5537 solere
896 5478 1139 5543 .moveri,
1171 5484 1458 5543 motusque
1487 5472 1638 5538 illos,
1670 5487 1805 5541 quos
1828 5470 1940 5541 jam

369 5571 607 5639 patimur
649 5570 944 5636 naturales,
1001 5567 1119 5623 sine
1163 5574 1388 5636 peccato
1439 5577 1543 5617 non
1592 5576 1747 5629 posse
1800 5561 1939 5627 fieri,

368 5664 513 5733 quod
544 5673 714 5719 totum
741 5665 821 5720 sic
842 5680 873 5718 a
905 5664 1060 5718 nobis
1083 5669 1211 5716 tunc
1235 5660 1469 5715 alienum
1494 5657 1655 5721 foret,
1699 5664 1758 5710 ut
1805 5656 1944 5710 sicut

368 5771 466 5826 pes
496 5766 587 5811 aut
611 5773 821 5820 manus,
853 5770 944 5812 seu
995 5753 1083 5808 alii
1116 5752 1343 5822 quilibet
1395 5758 1565 5816 artus,
1628 5749 1942 5802 innocenter
1982 5816 1991 5819 _

2040 4567 2153 4613 tum
2183 4560 2444 4630 agnoscit,
2468 4568 2523 4614 et
2562 4572 2620 4614 se
2646 4558 2700 4611 in
2742 4557 2969 4622 duobus,
2996 4554 3162 4610 altero
3186 4557 3397 4625 quidem
3429 4557 3612 4611 infimo

2039 4660 2094 4706 et
2126 4650 2561 4720 corruptibilibus
2610 4645 2893 4720 indigenti,
2932 4647 3098 4701 altero
3142 4645 3402 4716 Spirituali
3429 4657 3495 4725 et
3544 4650 3611 4701 ad

2039 4749 2238 4795 aeterna
2263 4740 2482 4794 tendere
2510 4739 2744 4803 debenti,
2791 4744 3036 4793 constare
3069 4739 3315 4803 attendit,
3355 4744 3520 4792 letum
3554 4755 3612 4792 se

2040 4831 2250 4887 meliori
2302 4831 2443 4899 parti
2487 4827 2715 4894 confert,
2746 4837 2800 4883 et
2846 4832 2911 4884 ad
2941 4843 3058 4883 cam
3103 4829 3186 4884 cui
3233 4829 3403 4900 magis
3442 4828 3607 4898 gloria

2042 4919 2564 4991 incorruptibilitatis
2616 4919 2868 4988 pertinet,
2934 4934 3095 4988 quam
3161 4918 3300 4972 nulla
3361 4916 3608 4986 corporei

2040 5012 2213 5069 fluxus
2254 5012 2512 5081 fragilitas
2547 5007 2774 5073 obsidet,
2802 5007 3085 5077 imperium
3110 5008 3190 5061 sui
3220 5004 3381 5061 totius
3410 5007 3610 5074 Optime

2042 5104 2397 5159 discernenda
2445 5100 2715 5155 transfert.
2770 5100 2960 5152 Anima
3030 5108 3219 5164 nempe
3268 5095 3370 5149 nisi
3429 5094 3610 5148 carnis

2042 5191 2265 5246 mollitie
2318 5190 2612 5256 laberetur,
2676 5196 2730 5243 et
2776 5196 2929 5243 extra
2976 5201 3171 5255 corpus
3229 5199 3438 5254 semper
3490 5190 3612 5238 esse

2042 5283 2249 5347 liceret,
2277 5281 2331 5335 in
2361 5296 2466 5350 quo
2493 5282 2560 5336 ab
2594 5282 2796 5353 angelis
2826 5278 3092 5333 distaret?
3122 5275 3259 5342 Quid
3304 5291 3365 5329 ca
3405 5275 3607 5344 parius,

2042 5374 2169 5443 quid
2229 5375 2488 5444 integrius
2533 5383 2675 5428 esset
2709 5370 2999 5427 secundum
3046 5366 3329 5437 quemdam
3393 5366 3611 5421 modum

2041 5480 2147 5521 non
2178 5466 2350 5518 video.
2402 5465 2480 5518 Ad
2516 5466 2616 5518 hoc
2652 5478 2780 5533 ergo
2812 5474 2965 5516 suum
3009 5457 3355 5529 eorruptibile
3385 5456 3614 5527 quisque

2042 5561 2163 5631 plus
2205 5556 2445 5624 inclinat,
2476 5568 2533 5611 ut
2557 5556 2711 5625 quasi
2752 5554 2872 5609 duci
2902 5551 3281 5621 perspicaciori
3305 5550 3604 5617 meliusque

2044 5657 2261 5704 scnsato
2293 5644 2688 5716 incorruptibili
2713 5660 2828 5705 suo,
2853 5645 2957 5698 hoc
2970 5652 3054 5698 est
3079 5642 3290 5713 spiritui
3324 5641 3613 5711 regendum

2045 5738 2314 5809 subjiciat.
2364 5738 2529 5792 Recta
2560 5737 2742 5804 itaque
2780 5730 3209 5791 consideratione
3238 5734 3302 5787 a:l
3355 5731 3613 5787 imitatio-
