4038 6330
509 268 611 326 ΒΜ

1273 263 1334 317 γ.
1373 256 1693 316 CUIBEIiTI
1717 252 2008 311 ABBATIS
2047 248 2101 304 S.
2147 246 2385 302 MANE
2421 245 2510 300 DE
2549 238 2939 300 NOVIGENTO

3645 235 3733 290 592

517 399 642 439 nem
670 383 751 436 sui
795 378 1090 451 superioris
1140 389 1264 430 caro
1303 373 1599 434 contendit,
1639 368 1766 438 quia
1795 367 1922 422 dum
1967 362 2081 420 for-
2112 366 2156 423 Λ
2257 358 2364 414 Nee
2411 357 2463 412 id
2513 355 2726 424 injuria,
2771 353 2944 407 fateor
2991 349 3134 405 enim
3167 346 3736 451 nte-pleniorquealin.

511 478 652 542 sitan
684 472 1087 534 excellentiora,
1141 483 1234 522 seu
1289 465 1554 528 cwlcstia,
1604 471 1785 516 meme
1834 455 2081 512 contueri

513 579 630 619 nou
649 573 733 618 est
754 560 1004 634 possibile
1032 560 1171 613 intra
1219 556 1452 625 seipsum
1479 555 1642 608 homo
1671 565 1736 605 ex
1771 547 1866 602 Dei
1894 560 2080 616 epere,

513 655 606 727 qui
636 653 856 724 provide
895 660 1062 705 totum
1106 647 1254 709 fecit,
1287 644 1671 728 praescriptam
1695 649 1750 694 et
1783 638 2082 708 proximam

512 748 734 806 omnino
771 747 1010 802 inveniat
1071 744 1318 802 formam,
1374 741 1463 796 ubi
1489 737 1618 808 quid
1672 735 1937 804 agendum
1990 738 2081 794 stt,

510 839 734 908 relegat,
776 845 830 891 et
855 834 1008 904 quasi
1048 833 1114 886 ad
1141 830 1448 902 applicitam
1493 840 1739 882 normam
1763 822 2085 894 pravitatem

512 941 625 988 suae
651 925 850 996 dirigat
877 923 1136 979 actionis.

581 1014 666 1070 Ad
687 1023 1018 1086 postremum
1047 1012 1276 1079 denique
1314 1008 1456 1062 valet
1483 1004 1698 1060 virtutis
1725 1002 1882 1069 hujus
1909 1001 2089 1071 gloria:

513 1102 979 1165 commendandae,
1009 1100 1149 1170 quod
1171 1114 1288 1154 eam
1317 1098 1402 1154 cui
1428 1094 1750 1152 redimendae
1776 1107 1930 1146 suum
1965 1105 2088 1160 pre-

510 1198 712 1253 tiosutn
741 1193 1298 1263 impendit‘cruorem,
1341 1196 1586 1244 sanctam
1631 1183 1879 1238 videlicet
1904 1181 2088 1236 Eccle-

514 1287 678 1348 siam,
722 1283 985 1352 virginem
1033 1279 1304 1350 appellare
1350 1277 1492 1331 Deus
1530 1275 1918 1346 gratiosissima
1962 1287 2091 1342 qna-

515 1379 642 1430 dam
682 1371 1037 1429 delectatione
1077 1369 1373 1426 consuevit.
1415 1367 1472 1422 In
1521 1381 1630 1437 quo
1659 1365 1820 1420 etiam
1861 1363 2093 1434 perluci-

520 1466 650 1520 dum
677 1462 838 1518 estin
876 1461 1149 1532 pudicitiae
1174 1459 1518 1514 observantia
1551 1458 1689 1511 miro
1726 1456 1882 1510 modo
1919 1454 2092 1522 ipsum

521 1552 800 1617 delectari,
854 1565 974 1607 cum
1031 1549 1310 1619 proprium
1375 1545 1523 1602 istud
1583 1545 1696 1599 suis
1767 1541 2095 1614 generaliter

517 1646 768 1702 ﬁdelibus
805 1658 1001 1700 nomen
1041 1643 1200 1696 toties
1231 1639 1406 1695 soleat
1433 1645 1734 1708 eoaptareu
1756 1635 1905 1688 l-lanc
1937 1633 2095 1701 virgi-

2183 463 2301 503 rum
2346 448 2648 502 inordinate
2679 444 2883 499 levitati
2917 450 3080 496 tantm
3129 440 3459 495 acerbitatis
3491 453 3574 492 me
3614 440 3741 493 inve-

2181 539 2325 593 xisse
2352 535 2636 606 judicium,
2683 550 2804 588 cum
2835 548 2934 604 ego
2979 533 3091 601 ipse
3111 531 3291 601 judex
3313 528 3531 590 eadem,
3559 537 3616 583 ut
3635 539 3742 600 puto

2183 629 2355 699 pejus,
2379 628 2630 698 passione
2647 640 2897 690 vexarer,
2928 632 2985 678 ut
3009 639 3112 678 non
3141 624 3393 676 humana
3422 622 3552 676 mihi
3580 638 3744 675 eorum

2188 722 2462 776 videretur
2517 719 2766 782 te’ntatio,
2829 731 2930 771 nec
2983 717 3230 770 modeste
3283 713 3625 783 corrigenda,
3668 716 3746 770 sed

2187 811 2371 882 impie,
2407 819 2462 866 et
2490 825 2582 876 eos
2622 825 2705 864 me
2727 808 2893 863 etiam
2925 807 3106 862 videre
3137 804 3394 861 taederet.
3430 803 3497 856 At
3529 819 3642 858 eum
3671 803 3749 859 Dei

2187 901 2360 973 gratia
2399 915 2505 954 non
2541 900 2685 954 omni
2727 899 2900 954 modo
2919 912 3096 953 caecus
3130 910 3257 952 meo
3287 895 3595 964 impudenti
3627 897 3750 966 cogi-

2190 993 2687 1062 tatuiobjeetarem,
2729 991 2870 1060 quod
2906 990 3105 1045 eadem
3160 988 3468 1050 illecebraz,
3511 989 3616 1040 imo
3648 1003 3753 1056 pcr-

2189 1102 2352 1157 quam
2393 1086 2756 1152 molestiores,
2783 1086 2975 1140 crebro
3019 1099 3200 1140 meum
3251 1083 3508 1138 animum
3536 1083 3754 1138 incursa-

2191 1190 2343 1243 rent;
2382 1179 2526 1232 unde
2560 1178 2678 1233 zelo
2707 1177 3038 1232 curiositatis
3073 1176 3260 1244 potius
3299 1189 3470 1244 quam
3497 1175 3756 1229 eharitatis

2192 1269 2328 1322 alios
2386 1269 2762 1334 abhorrerem,
2807 1268 2891 1321 vix
2941 1267 3106 1320 multa
3146 1267 3325 1330 lucta,
3375 1264 3546 1319 mulli
3581 1266 3758 1336 cogita-

2195 1369 2342 1416 tuum
2381 1361 2669 1424 rotatione,
2707 1360 2899 1429 quibus
2948 1373 3033 1413 me
3072 1358 3205 1413 mibi
3233 1357 3630 1422 excusabilem,
3657 1357 3759 1411 illos

2194 1453 2564 1522 aspernandos
2614 1453 2804 1506 merito
2847 1451 3226 1514 ostendebam,
3276 1450 3442 1518 quasi
3491 1447 3558 1502 de
3596 1462 3757 1502 crassa

2195 1545 2424 1616 caligine
2463 1553 2670 1608 erutus,
2701 1543 2766 1597 ad
2801 1543 3028 1597 rationis
3059 1541 3279 1596 radium
3304 1539 3604 1594 scintillare
3632 1548 3758 1608 pote-

2200 1651 2334 1689 ram.
2369 1635 2463 1688 Est
2503 1634 2646 1688 enim
2695 1635 2883 1689 vitium
2916 1633 3168 1686 humanis
3214 1630 3492 1684 altissime
3547 1629 3760 1683 moribus

519 1751 642 1790 nem
675 1735 866 1789 beatus
888 1729 1177 1803 Apostolus
1206 1728 1283 1782 illi
1309 1727 1400 1782 uni
1440 1697 1580 1789 viro,
1608 1725 1696 1793 qui
1716 1697 1868 1777 solus
1888 1697 2097 1776 cunctis
2127 1697 2170 1755 Β
2205 1724 2446 1785 insitum,
2487 1731 2546 1776 ut
2575 1737 2670 1778 sua
2701 1722 2867 1792 318
2910 1721 3141 1791 quisque
3170 1728 3364 1774 errata
3406 1718 3621 1788 proprio
3640 1717 3758 1786 apud

515 1822 772 1887 stilliciat,
796 1830 1001 1877 castam
1024 1817 1326 1876 exhibendo
1348 1815 1708 1887 desponderat
1740 1811 1833 1884 (11
1862 1810 1984 1866 Cor.
2017 1826 2096 1874 xl,

517 1913 613 1983 2).
662 1911 869 1979 Quibus
895 1910 1150 1966 omnibus
1188 1906 1290 1962 etsi
1324 1920 1430 1960 non
1469 1905 1670 1959 inesset
1698 1900 1933 1956 carnalis
1957 1899 2098 1952 inte-

513 2003 708 2072 gritas,
741 2008 923 2054 tamen
953 1998 1174 2054 illibata:
1198 1994 1582 2050 inviolabilitas
1624 2003 1678 2048 et
1704 1991 1948 2047 soliditas
1975 1988 2100 2043 ﬁdei

517 2107 628 2148 non
661 2093 892 2148 deesset.

594 2181 720 2238 Ilaec
763 2180 929 2252 igitur
967 2180 1144 2235 virtus
1173 2176 1610 2250 aggredientibns
1637 2190 1713 2236 se,
1744 2175 1819 2229 uti
1853 2171 2099 2228 ineffabi-

515 2272 622 2328 lius
690 2286 828 2341 pene
893 2270 1106 2326 caeteris
1168 2268 1446 2339 prmminm
1509 2275 1709 2334 parat,
1766 2265 1842 2318 ita
1897 2265 2100 2330 absque

521 2363 838 2418 eautissima
881 2360 1182 2431 diligentia,
1228 2367 1281 2412 et
1317 2357 1400 2412 sui
1449 2357 1619 2427 ipsius
1662 2355 1939 2409 irremissa
1989 2352 2094 2431 circ

520 2456 950 2526 cumspectioue,
987 2453 1075 2509 vix
1102 2462 1194 2508 aut
1225 2467 1498 2523 nunquam
1529 2449 1814 2504 incolumis
1844 2449 1912 2502 ad
1940 2447 2100 2502 linem

521 2562 697 2616 usque
723 2547 1019 2616 perdurat;
1051 2559 1157 2614 quo
1197 2544 1342 2599 enim
1371 2541 1769 2613 pulchritudine
1793 2538 2100 2610 gloriosior,

523 2653 590 2694 eo
634 2652 761 2706 erga
807 2613 965 2690 cui-as
1015 2635 1232 2690 inutiles
1278 2634 1584 2690 subeundas
1635 2633 1888 2695 tenerior,
1925 2639 1980 2686 et
2034 2630 2102 2685 ad

523 2727 651 2780 vitri
693 2725 1008 2795 qualitatem
1039 2733 1298 2794 quantum
1341 2722 1645 2792 perspicua,
1677 2729 1883 2774 tantum
1924 2720 2102 2774 omnis

531 2816 791 2872 molestia:
835 2815 1121 2886 impatiens
1151 2813 1506 2869 debilitationi
1551 2813 1823 2884 contigua.
1866 2811 1970 2866 Sed
1989 2809 2102 2880 jam

526 2910 594 2964 ad
625 2925 744 2964 eam
781 2906 992 2978 plenius
1022 2902 1396 2974 explicandam
1428 2919 1638 2959 eamus.

1039 3015 1064 3024 r
1111 2989 1338 3046 CAPUT
1381 2988 1509 3043 VIII.

608 3083 808 3150 Quibus
839 3083 1177 3138 mediictueri
1230 3081 1412 3136 debeat
1437 3079 1691 3134 castitatis
1718 3081 1900 3145 virtus,
1929 3080 1977 3135 I.
2007 3095 2105 3134 nn-

527 3177 770 3241 nn'litatc,
823 3175 877 3228 2.
932 3175 1274 3230 submissione
1332 3174 1516 3238 animi,
1577 3174 1632 3226 5.
1685 3171 2104 3238 mansuetudine,

523 3266 578 3320 4.
602 3265 1016 3335 compunctione,
1039 3264 1092 3319 5.
1120 3263 1394 3334 patientia.
1422 3292 1493 3303 -
1524 3262 1720 3316 Parum
1753 3262 1916 3333 igitur
1940 3269 2019 3316 tot
2052 3270 2108 3316 et

477 3415 480 3426 ι
526 3365 798 3409 tantorum
825 3347 958 3426 quas
980 3355 1326 3424 praediximus
1355 3353 1846 3407 considerationum
1867 3352 2107 3406 animata

526 3446 834 3509 sententiis,
892 3446 1043 3514 quasi
1101 3445 1396 3499 levissimis
1450 3443 1653 3514 agitata
1704 3442 1918 3513 pennis,
1953 3455 2107 3496 mens

530 3533 814 3604 cujuslibet
845 3535 912 3588 ad
935 3549 1176 3589 antorem
1209 3533 1453 3602 pervenit
1488 3534 1760 3602 puritatis.
1791 3531 1894 3587 Sed
1927 3541 2109 3588 tantus

456 3625 479 3706 χ
532 3631 688 3680 amor
711 3634 872 3680 natus
916 3641 1020 3695 qua
1051 3625 1262 3680 nutrice
1293 3623 1462 3678 foveri
1497 3623 1712 3689 debeat,
1741 3641 1846 3679 non
1880 3634 2106 3694 practer-

536 3721 616 3774 irc
645 3719 1008 3774 decrevimus.

604 3809 738 3865 Cum
797 3811 977 3865 omnis
1033 3811 1219 3872 virtus,
1269 3810 1315 3866 si
1375 3810 1486 3866 sola
1533 3809 1856 3864 humilitatis
1912 3809 2110 3865 virtute

532 3907 740 3964 careat,
790 3900 964 3954 virtus
1011 3915 1131 3955 esse
1165 3916 1270 3954 non
1300 3901 1506 3970 possit,
1561 3901 1698 3954 hanc
1730 3899 2110 3953 incunctanter

532 3988 774 4057 proﬁteri
804 3988 1031 4042 audeam
1074 3990 1277 4058 absque
1309 3989 1397 4042 illa
1428 3988 1478 4042 in
1503 3989 1648 4043 nullo
1684 3989 1900 4058 penitus
1934 3989 2112 4044 valere

535 4093 718 4146 posse.
748 4077 860 4131 Etsi
903 4077 1214 4148 aliquandiu
1247 4088 1445 4132 statum
1477 4078 1677 4132 habere
1712 4078 1975 4141 videatur,
2003 4086 2110 4132 sta-

535 4190 648 4231 tmn
695 4177 916 4232 omnino
965 4193 1068 4231 non
1121 4187 1204 4232 est
1255 4177 1454 4232 habere
1494 4177 1787 4242 credenda,
1837 4192 1956 4246 quae
1997 4175 2110 4246 jam

539 4267 832 4336 impulsum
889 4267 1156 4336 superbia:
1223 4276 1506 4335 gratanter
1555 4267 1784 4336 accepit,
1836 4282 1902 4322 ex
1962 4267 2118 4334 cujus

2063 2401 2124 2438 ιδ

2203 1831 2260 1871 se
2309 1815 2510 1886 judicio
2556 1813 2790 1881 leviget,
2837 1815 2890 1867 in
2941 1813 3143 1868 alteros
3191 1810 3366 1866 etiam
3411 1825 3511 1880 pro
3553 1809 3762 1862 minimis

2201 1905 2494 1974 asperrime
2515 1904 2819 1957 invehatur.

2275 1995 2408 2049 lluie
2437 2009 2564 2064 ergo
2591 1992 2778 2047 morbo
2806 1999 2986 2046 nostra
3021 1991 3138 2046 hate
3161 1990 3476 2061 smpissime
3501 1997 3555 2043 et
3580 1986 3757 2057 specia-

2202 2087 2324 2140 liter
2376 2085 2549 2139 virtus
2599 2085 2851 2156 contigua
2903 2099 3024 2140 esse
3073 2085 3440 2154 dignoscitur,
3491 2082 3608 2152 quia
3646 2081 3750 2133 dum

2167 2221 2176 2228 .
2202 2177 2507 2231 liberiorem
2536 2177 2638 2230 hac
2665 2176 2714 2230 in
2743 2183 2897 2245 parte
2923 2191 2980 2230 se
3006 2175 3296 2245 conspicit,
3323 2188 3392 2228 eo
3421 2169 3755 2226 miserabilius

2200 2266 2464 2336 obligatos
2483 2281 2692 2328 omnes,
2725 2267 2780 2320 in
2819 2265 3014 2334 quibus
3041 2263 3490 2334 intemperantia:
3511 2261 3753 2331 quidpiam

2201 2364 2522 2426 aucupatur,
2565 2355 2764 2409 suimet
2829 2357 3044 2426 penitus
3095 2355 3432 2426 improvida,
3476 2353 3664 2416 credit;
3709 2359 3757 2404 et

2202 2448 2326 2501 dum
2351 2461 2635 2515 perversos
2663 2447 3028 2514 quorumlibet
3053 2457 3149 2502 aut
3183 2448 3364 2511 audit,
3404 2456 3495 2501 aut
3535 2445 3753 2499 conside-

2203 2546 2288 2592 rat
2317 2547 2490 2606 actus,
2547 2539 2682 2593 solet
2709 2539 2824 2594 ﬁeri
2869 2550 2925 2593 ut
2970 2539 3038 2594 ad
3085 2554 3215 2594 suos
3247 2536 3616 2608 impuros.qui
3643 2533 3756 2588 forte

2203 2628 2304 2682 sibi
2343 2641 2449 2682 non
2476 2627 2688 2690 desunt,
2727 2629 2920 2683 mentis
2953 2628 3122 2682 aciem
3152 2629 3406 2684 reﬂectat
3427 2626 3689 2697 cogitatus,
3709 2631 3754 2676 et

2205 2719 2258 2772 in
2301 2719 2532 2788 quadam
2576 2719 2753 2774 aliena
2791 2718 2956 2783 facta,
2986 2728 3041 2774 et
3089 2734 3155 2774 ea
3175 2734 3302 2786 qva:
3331 2718 3552 2788 cogitat,
3583 2713 3754 2768 trutina

2203 2807 2506 2876 ponderans
2537 2815 2642 2860 tam
2667 2806 2801 2862 levia
2833 2823 2930 2862 sua
2949 2806 3205 2872 aestimat,
3235 2808 3291 2859 in
3324 2817 3532 2860 tantum
3554 2803 3752 2856 aliorum

2203 2906 2415 2968 gravat,
2445 2906 2503 2952 ut
2526 2898 2746 2968 largiter
2766 2913 2830 2953 ea
2857 2913 2976 2968 qua:
3008 2897 3152 2952 volet
3201 2897 3476 2963 cogitandi
3508 2893 3753 2963 indulgen-

2129 3028 2175 3091 C
2208 2991 2359 3054 tiam,
2412 2989 2566 3059 quasi
2605 2989 2686 3043 sui
2725 2989 2837 3058 jam
2895 3004 3120 3045 securus
3165 2989 3272 3045 sibi
3310 2990 3565 3060 pra-heat,
3611 2999 3668 3038 ac
3713 2981 3751 3037 si

2208 3078 2612 3135 dieeret:Cutn
2662 3080 2758 3146 illi,
2789 3089 2845 3135 et
2891 3080 2965 3135 illi
3013 3081 3068 3135 in
3114 3095 3340 3136 suorum
3382 3096 3442 3136 se
3491 3077 3749 3133 criminum

2205 3186 2418 3241 semper
2443 3173 2653 3227 actione
2699 3171 3002 3237 revolvant,
3032 3173 3335 3228 humanum
3361 3171 3513 3226 valde
3537 3167 3752 3223 omnino—

2205 3279 2343 3334 que;
2374 3263 2726 3332 perdonabile
2766 3274 2874 3330 est,
2913 3265 2956 3321 si
3008 3267 3227 3336 quando
3275 3281 3397 3321 mea
3429 3277 3573 3317 mens
3612 3260 3658 3314 in
3705 3255 3748 3309 id

2204 3353 2550 3424 cogitationis
2581 3353 2738 3425 quasi
2775 3355 3166 3410 deambulantlo
3191 3357 3452 3416 excedat,
3476 3354 3526 3407 in
3553 3364 3648 3420 quo
3666 3345 3748 3400 risi

2207 3445 2417 3500 animus
2447 3444 2743 3515 paulisper,
2797 3455 2858 3498 ut
2897 3444 3033 3500 solet
3077 3445 3216 3509 ﬁeri,
3255 3444 3482 3508 incidat,
3511 3449 3747 3507 nunquam

2208 3543 2386 3590 tamen
2433 3537 2500 3590 ad
2533 3535 2716 3592 carnis
2749 3547 2977 3602 motum,
3028 3553 3134 3592 non
3173 3539 3298 3594 dico
3327 3537 3395 3592 ad
3438 3549 3585 3605 opus,
3628 3527 3748 3601 quod

2207 3624 2454 3681 accidere
2477 3625 2620 3680 nulla
2649 3634 2767 3682 arte
2793 3635 2998 3696 posset,
3024 3628 3272 3684 accedat.

2278 3717 2501 3773 Talibus
2545 3718 2810 3774 cuniculis
2858 3718 3024 3775 libido
3072 3722 3138 3774 ad
3195 3735 3386 3776 muros
3454 3709 3747 3774 continentis

2209 3809 2385 3863 cordis
2412 3809 2618 3878 irrepit.
2645 3809 2736 3864 Sic
2759 3811 2998 3876 curiosa,
3031 3820 3085 3866 et
3115 3811 3344 3866 alterius
3381 3809 3647 3881 plusquam
3676 3798 3742 3854 sui

2209 3898 2447 3952 studiosa
2481 3910 2632 3954 mens
2672 3899 2738 3953 ad
2770 3901 3055 3956 remissum
3090 3903 3212 3956 vine
3257 3904 3526 3962 ordinem,
3571 3897 3664 3951 imo
3688 3889 3743 3943 ad

2211 3997 2470 4043 extremae
2514 3990 2772 4058 perniciei
2812 3991 3020 4062 lapsum
3067 3995 3280 4062 cogitur
3329 3993 3454 4046 labi.
3495 3984 3742 4043 llnmiliter

2211 4096 2342 4151 ergo
2391 4082 2682 4152 unicuique
2737 4085 2805 4140 de
2847 4087 3324 4142 sesenticnilnm.
3389 4072 3740 4139 Mansuetudini

2207 4171 2478 4241 praecipue
2505 4173 2741 4226 studium
2780 4176 3165 4231 adhibendum.
3212 4177 3409 4246 lneplze
3438 4171 3616 4227 Iretitia:
3639 4177 3738 4233 βπ·

2213 4261 2466 4326 nendum,
2500 4261 2592 4316 irae
2618 4264 2668 4316 in
2693 4263 2824 4333 ipsis
2856 4266 3022 4320 initiis
3051 4266 3212 4322 limen
3256 4276 3339 4323 est
3376 4255 3738 4319 obstruendnm.

541 4374 701 4428 pmna
735 4359 944 4429 peccati
997 4359 1386 4413 obscenissime
1447 4367 1569 4412 ruat
1598 4375 1611 4410 :
1651 4357 1706 4411 in
1757 4366 1936 4412 mente
1981 4372 2112 4412 sane
2148 4367 2187 4420 ι)
2215 4354 2366 4422 Saepe
2389 4369 2603 4424 nempe,
2628 4364 2680 4410 et
2709 4359 2754 4410 si
2784 4371 3048 4427 nusquam
3079 4357 3372 4428 legeretur,
3413 4351 3638 4424 experire
3659 4356 3736 4397 nos

537 4463 725 4502 eorum
754 4462 816 4502 ea
849 4447 1139 4516 voluptatis
1177 4447 1512 4516 experientia
1544 4447 1818 4517 incognita
1861 4455 1962 4513 est,
1987 4447 2112 4504 dum

537 4537 764 4592 aliorum
799 4537 998 4606 lapsus,
1043 4536 1355 4608 fragilisque
1386 4539 1586 4608 smpius
1625 4537 1889 4593 inutiliter
1920 4548 2118 4594 tracta-

536 4636 629 4679 ειη-
682 4629 815 4691 vita,
871 4627 996 4680 dum
1058 4629 1226 4702 auditi
1284 4628 1649 4698 quorumlibet
1700 4638 1884 4699 turpes
1943 4637 2114 4690 actus,

548 4715 696 4785 quasi
757 4717 1036 4770 horrorem
1096 4718 1300 4772 mundo
1331 4718 1479 4772 cordi
1515 4717 1800 4783 incutiunt,
1853 4727 1910 4773 et
1976 4717 2121 4772 velut

544 4822 726 4866 arnore
751 4807 1002 4874 puritatis
1028 4806 1142 4860 zelo
1171 4807 1599 4879 quodam,quetn
1623 4809 1882 4878 optimum
1908 4816 2116 4877 putant,

541 4915 668 4974 cum
726 4898 886 4953 factis
938 4897 1134 4952 talibus
1174 4898 1407 4953 factores
1438 4915 1648 4970 quoque
1673 4910 2026 4955 exsecrantur
2065 4909 2120 4955 et

544 4991 782 5060 abigunt.
827 4987 1025 5042 Inliniti
1076 4987 1307 5041 tumoris
1348 4986 1546 5042 fastum
1602 4990 1935 5059 concipiunt,
1992 4989 2116 5043 dum

542 5099 696 5136 suam
728 5080 1141 5136 sanctimoniam
1174 5094 1242 5133 ex
1288 5078 1497 5133 illorum
1529 5079 1791 5148 ﬂagitiosa
1833 5097 2120 5136 conversa-

545 5174 688 5228 tione
718 5173 1033 5227 sustolluut.
1069 5170 1180 5226 Nec
1212 5186 1363 5224 mora
1411 5171 1460 5225 ei
1488 5187 1649 5240 quam
1692 5175 2113 5228 contemnebant

549 5265 714 5317 ruina:
759 5263 1138 5318 succumbunt.
1196 5259 1303 5316 Nec
1335 5276 1531 5331 pravos
1572 5270 1724 5317 actus
1776 5279 1880 5318 non
1925 5262 2124 5320 debere

545 5353 726 5422 sperni
753 5353 1020 5408 dicimus:
1061 5353 1159 5407 sed
1201 5351 1281 5407 sic
1309 5365 1551 5422 persona
1587 5352 1724 5407 male
1763 5361 1936 5422 gesta,
1965 5370 2030 5408 ne
2054 5355 2121 5409 ad

546 5457 734 5494 eorum
771 5442 1050 5494 trahantur
1075 5440 1454 5504 imitationem,
1485 5440 1775 5496 liberaliter
1804 5442 2118 5509 aspernari;

549 5541 604 5584 ut
634 5545 922 5600 personam
974 5545 1078 5584 non
1124 5529 1286 5584 liceat
1330 5545 1426 5600 pro
1471 5531 1771 5600 quantitate
1823 5530 2120 5588 facinorum

548 5623 865 5692 tit-sperare,
888 5620 974 5677 vel
1002 5623 1298 5678 contemni.

2221 4444 2272 4497 in
2301 4445 2498 4499 nostris
2541 4446 2782 4501 moribus
2812 4447 3060 4518 contigit,
3111 4449 3484 4518 gravissimum
3513 4434 3738 4509 superbia?

2220 4543 2484 4588 tumorem
2518 4535 2570 4588 in
2618 4534 2842 4590 luxnria:
2888 4538 3258 4594 detumescere
3282 4538 3451 4595 solere
3479 4528 3732 4588 mollitiem.

2218 4625 2320 4694 Ipsi
2375 4626 2556 4680 itidem
2589 4627 2719 4681 vitio
2752 4628 2964 4683 inanem
2999 4645 3104 4684 non
3158 4630 3334 4684 minus
3365 4620 3596 4682 fainulari
3628 4613 3735 4669 beti-

2221 4711 2381 4782 tia'm;
2419 4719 2510 4772 ira:
2540 4733 2773 4788 quoque,
2830 4729 2889 4774 ut
2931 4719 3123 4775 beatus
3175 4719 3498 4792 Augustinus
3537 4707 3732 4765 sensisse

2222 4805 2436 4876 legitur,
2463 4809 2553 4877 qui
2589 4810 2878 4877 primordia
2911 4825 3016 4864 non
3055 4797 3290 4878 subruit,
3329 4805 3539 4865 luxuriae
3561 4794 3731 4872 pondus

2222 4897 2511 4967 aliquando
2538 4897 2680 4952 l'crre
2719 4914 2822 4953 non
2856 4899 3073 4954 sollieit.

2291 4989 2434 5042 Istud
2462 4997 2544 5043 est
2575 4988 2745 5044 lilium
2794 4989 3151 5058 convallium;
3185 4992 3287 5048 iste
3336 4989 3427 5044 llos
3463 4977 3629 5048 camPiv
3655 4966 3727 5040 'l'li

2223 5081 2344 5135 licet
2391 5081 2733 5150 pnemiserit,
2783 5080 2879 5135 llos
2935 5082 3134 5150 campi,
3196 5092 3372 5138 tamen
3424 5092 3518 5132 non
3559 5070 3639 5125 abs
3681 5070 3727 5113 re

2221 5173 2520 5239 subintulit,
2551 5172 2721 5226 lilium
2752 5172 3072 5228 convallium
3106 5173 3280 5242 (Cant.
3319 5191 3376 5238 ιι,
3405 5170 3474 5240 l),
3496 5179 3553 5220 ne
3571 5158 3723 5214 ﬂorem

2222 5265 2468 5320 absolute
2517 5265 2764 5332 dicendo,
2815 5265 3025 5336 aliquos
3070 5269 3184 5321 inut
3208 5267 3282 5323 les
3328 5275 3378 5322 et
3414 5257 3648 5333 pulcbmst
3678 5249 3724 5336 'l'

2223 5365 2348 5411 sunt
2393 5355 2653 5409 malvacei
2704 5365 2757 5410 et
2801 5332 3106 5418 cardinales,
3171 5358 3327 5414 vellet
3375 5332 3589 5416 intelligi.
3635 5332 3717 5389 Μ’

2223 5447 2355 5501 didit
2403 5446 2750 5512 convallium,
2803 5456 2859 5501 ut
2903 5448 3140 5504 candore
3187 5460 3242 5504 et
3307 5447 3460 5503 odore
3517 5433 3719 5516 nectar“?

2223 5536 2482 5606 Optimum
2511 5537 2784 5606 quidpiam
2813 5537 3144 5608 designaret.
3173 5538 3418 5606 Campum
3445 5538 3548 5584 meo
3572 5519 3713 5608 εειιδξιξ

2226 5628 2459 5681 occurrit
2505 5641 2660 5696 posse
2707 5627 2877 5697 accipi
2933 5628 3272 5684 tolerantiam
3303 5615 3594 5689 corporalem
3645 5602 3712 5652 ιιὺι
