4014 6324
357 453 463 512 593

1467 443 1827 504 OI’USCL'LIJ
1840 444 1885 498 Μ
1928 446 2011 499 Dii
2054 446 2516 503 ιἰιιοιλιτιιτιε.

3499 450 3614 505 ωε

355 571 483 622 dum
515 567 682 622 homo
711 564 946 622 exterior
975 563 1359 619 adversitatum
1401 560 1705 632 frequentia
1759 561 1932 615 tundi-
1964 567 2008 624 Α
2037 569 2214 614 tacere
2243 563 2575 631 praevalebit,
2623 563 2714 632 qui
2743 581 2809 620 ne
2842 566 2906 622 ab
2933 567 3148 622 homine
3178 568 3414 638 quidem,
3451 585 3620 637 quem.

358 673 464 722 tur,
514 658 673 727 quasi
702 672 832 728 ager
874 655 1090 725 quidam
1129 654 1424 708 Dominicis
1463 653 1798 707 sementibus
1827 668 1923 721 ape

297 757 303 800 ,’
355 757 601 819 paratus,
637 746 824 801 ﬂorem
855 745 1127 815 pudicitia:
1159 743 1296 799 mire
1329 743 1658 799 redolentem
1709 743 1928 798 uberius

353 838 520 907 parit.
555 837 749 892 Solent
772 835 1014 906 profecto
1041 845 1095 890 et
1116 835 1370 905 pleraque
1407 835 1646 904 gramina
1679 833 1924 903 ﬂorigera

351 928 479 982 coli.
512 926 687 982 Porro
733 927 901 980 lilium
931 926 984 980 in
1012 925 1371 1018 convalwius,
1417 926 1469 979 id
1519 933 1599 979 est
1631 926 1684 979 in
1723 924 1928 979 intimis

352 1016 707 1072 conscientia:
748 1015 1015 1080 nascitur;
1048 1015 1187 1068 nulla
1213 1013 1371 1069 'énim
1402 1023 1484 1069 est
1507 1015 1687 1069 carnis
1711 1013 1928 1084 integri-

301 1149 316 1190 ,
357 1119 460 1170 tas,
502 1107 606 1162 nisi
643 1122 708 1161 ex
738 1122 922 1162 amore
954 1107 1180 1176 prodeat
1212 1106 1428 1160 mentis.

426 1198 614 1253 Potest
643 1206 822 1252 autem
871 1213 966 1267 per
995 1197 1179 1251 ﬂorem
1224 1197 1396 1266 campi
1449 1197 1724 1268 designata
1782 1195 1926 1251 credi

355 1291 446 1346 illa
493 1292 711 1382 qnte.iu
773 1291 971 1361 impubi
1007 1300 1186 1353 actate,
1238 1291 1290 1343 in
1324 1291 1565 1359 puerulis
1615 1291 1828 1345 scilicet
1864 1305 1929 1344 ac

349 1381 714 1454 virguncnlis,
764 1399 828 1436 ex
884 1383 995 1436 sola
1047 1381 1273 1436 naturali
1341 1382 1645 1437 innocentia
1713 1391 1930 1439 constat

349 1477 666 1546 integritas,
694 1475 776 1528 vcl
805 1475 980 1544 potius
1009 1490 1127 1542 qmc
1157 1476 1210 1529 in
1238 1475 1582 1544 quibusdam,
1624 1475 1714 1542 qui
1747 1474 1928 1544 frigidi

349 1577 486 1621 sunt
513 1567 783 1637 corporis,
833 1575 888 1620 et
920 1567 1276 1636 temperantia
1312 1567 1548 1636 ingenita
1581 1566 1666 1622 bis
1693 1567 1929 1622 motibus

346 1657 539 1712 minus
588 1667 869 1728 urgentur,
916 1658 1113 1727 siepius
1164 1657 1451 1727 reperitur.
1501 1657 1569 1711 Et
1617 1657 1670 1712 hi
1709 1658 1926 1728 quidem

343 1748 472 1802 sine
501 1747 652 1813 gravi
678 1747 938 1803 exercitio
964 1763 1234 1802 summum
1267 1747 1524 1816 quiddam
1551 1747 1846 1821 possident,
1873 1757 1929 1804 et

341 1839 676 1909 plerumque
714 1838 854 1894 bene
883 1839 1111 1893 vivendo
1158 1837 1294 1892 alias
1326 1846 1669 1892 exercentur.
1705 1835 1809 1892 Sed
1843 1847 1926 1891 ta-

340 1929 484 1984 lium
516 1931 604 1985 vix
651 1931 938 2002 quisquam
960 1928 1280 1998 perfectioni
1305 1943 1527 1998 operam
1557 1927 1688 1981 dare
1717 1928 1926 1983 inveni-
1961 1904 2001 1963 Β

339 2027 462 2082 tur,
495 2018 644 2074 unde
689 2028 746 2073 et
785 2019 1072 2090 spadones,
1125 2017 1372 2087 quaedam
1419 2019 1502 2072 sui
1547 2019 1814 2073 securitas
1859 2018 1927 2073 ad

337 2118 594 2179 teporem
653 2111 818 2164 animi
871 2109 1156 2165 deﬂectere
1205 2107 1556 2177 dignoscitur.
1605 2109 1802 2164 Fateor
1841 2125 1926 2164 me

339 2199 650 2268 aliquando
703 2199 903 2254 vidisse
965 2199 1100 2253 duos
1135 2197 1334 2252 fratres
1381 2197 1588 2268 origine
1619 2213 1926 2268 germanos,

336 2305 584 2358 quorum
617 2290 756 2344 alter
783 2306 905 2343 cum
956 2288 1310 2344 sacerdotalis
1354 2296 1498 2343 esset
1537 2289 1765 2355 ordinis,
1795 2305 1924 2345 con‘

330 2378 497 2449 jngio
529 2394 651 2434 sese
677 2381 934 2435 cohibere
973 2396 1077 2433 non
1122 2380 1321 2448 potuit;
1382 2379 1520 2432 alter
1569 2378 1739 2434 laicus
1789 2381 1926 2434 adeo

335 2468 565 2540 frigida:
590 2485 650 2524 se
682 2481 886 2526 naturae
915 2473 1200 2541 perhibere
1236 2473 1462 2536 solebat,
1508 2482 1584 2536 nt,
1618 2474 1759 2543 quod
1782 2458 1924 2528 dictu

333 2560 547 2625 miror,
575 2576 632 2616 se
656 2563 869 2631 penitus
897 2571 1168 2619 assereret
1197 2565 1296 2618 hac
1322 2565 1625 2618 titillatione
1663 2564 1926 2619 caruisse.

335 2651 400 2704 Si
447 2667 586 2720 ergo
635 2653 722 2707 ille
753 2653 1094 2707 incontinens
1123 2653 1187 2707 ad
1245 2655 1326 2708 sui
1374 2655 1762 2710 continentiam
1809 2664 1923 2709 stu-

333 2740 499 2793 dium
547 2741 850 2810 indidisset,
903 2759 1064 2814 quam
1111 2744 1301 2799 melior
1359 2743 1449 2798 illo
1500 2745 1696 2816 frigido
1756 2746 1924 2801 exsti-

333 2833 507 2887 tisset
531 2834 556 2887 ?

411 2925 528 2978 Per
558 2924 747 2981 ﬂorem
795 2927 977 2997 itaque
1020 2929 1216 2999 campi,
1267 2946 1370 2984 non
1421 2929 1611 2993 lilium,
1669 2939 1727 2983 ιιι
1764 2944 1926 2998 supra

331 3017 646 3082 sensimus,
695 3019 787 3072 sed
833 3020 1282 3090 qualemcunque,
1343 3023 1539 3076 bonum
1579 3030 1782 3086 tamen,
1823 3021 1925 3076 ista

331 3107 475 3162 talis
499 3107 786 3178 virginitas
810 3112 1126 3181 accipiatur.
1155 3113 1250 3168 Cui
1273 3114 1480 3168 sensui
1511 3115 1750 3170 concinit
1782 3116 1924 3184 quod

328 3213 581 3267 campus
649 3208 792 3253 terra
844 3201 1043 3254 inculta
1102 3203 1384 3256 consuevit
1447 3203 1691 3273 intelligi.
1755 3202 1926 3259 llabet

329 3289 515 3357 igitur
544 3304 768 3359 campus
804 3293 920 3345 sine
951 3291 1250 3346 laborantis
1279 3309 1439 3347 manu
1464 3292 1671 3359 ﬂorem,
1704 3309 1824 3350 cum
1865 3311 1922 3350 se

327 3377 622 3446 quispiam
671 3378 788 3433 sine
820 3380 1112 3435 tentationc
1155 3381 1385 3436 exsultat
1433 3383 1715 3454 virginem.
1761 3383 1828 3438 At
1866 3384 1924 3438 li-

326 3470 480 3525 lium
512 3471 656 3540 quod
689 3471 763 3525 uti
811 3473 1243 3543 prmscripsimus
1285 3483 1340 3528 et
1367 3473 1837 3539 ctrcumt‘ossione,
1871 3485 1923 3530 et

326 3561 457 3617 ﬁmi
513 3561 853 3618 adhibitione
915 3563 1130 3629 colitur,
1185 3573 1239 3618 et
1291 3563 1584 3634 plurimum
1641 3565 1921 3628 exuberat,

323 3653 475 3722 quid
506 3652 611 3707 nisi
642 3653 878 3709 v0tivam
909 3654 1102 3707 anima:
1128 3653 1414 3724 carnisque
1446 3653 1772 3720 castitatem,
1805 3669 1924 3724 quae

323 3743 488 3800 bello
517 3759 625 3798 non
661 3742 802 3798 facili
849 3744 1209 3815 conquiritur,
1260 3743 1471 3797 innuit?
1498 3759 1638 3814 quae,
1681 3754 1923 3800 terrenas

324 3837 706 3908 c0gitationes
764 3838 940 3907 ligone
987 3837 1213 3892 rationis
1267 3836 1580 3902 discutiens,
1641 3845 1694 3891 et
1740 3837 1924 3908 culpas

326 3928 567 3982 aliunde
595 3936 922 3987 contractas.
953 3927 1104 3996 quasi
1152 3936 1382 3990 stercus,
1437 3941 1544 3997 quo
1583 3924 1919 3991 fecundatur,

324 4022 399 4076 ad
429 4021 626 4074 fletum
652 4020 816 4074 menti
851 4021 1119 4085 admovet,
1153 4031 1208 4074 et
1226 4019 1304 4074 sic
1331 4019 1382 4073 in
1410 4019 1638 4075 convalli
1664 4019 1774 4083 illa,
1805 4033 1923 4088 quae

323 4115 622 4168 lrnnzento
670 4114 812 4183 quod
869 4123 1140 4168 mortmnn
1197 4112 1420 4180 multum
1463 4113 1641 4167 attulit
1689 4113 1922 4166 fructum

324 4202 531 4271 (Joan.
567 4219 668 4267 xu,
702 4202 816 4272 2:5),
852 4217 1064 4272 semper
1092 4201 1350 4266 abundat,
1391 4201 1621 4272 gloriosa
1655 4201 1920 4271 gradatim

324 4299 469 4349 dum
513 4311 574 4348 sc
603 4295 851 4348 ltumiliat
907 4293 1252 4357 exaltatione,
1295 4292 1362 4348 ad
1413 4292 1710 4364 perfectum
1763 4291 1960 4347 totius.

322 4385 533 4442 ﬂorem
577 4384 902 4456 integritatis
929 4387 1178 4455 emigrat.

407 4477 753 4534 llumililatis
790 4480 1164 4548 prmrogntivm.
1197 4508 1267 4517 —
1296 4477 1419 4530 llaec
1451 4476 1612 4530 etiam
1652 4474 1908 4529 humilita-

325 4572 405 4626 tis
434 4568 773 4633 sublimitas,
805 4585 910 4622 non
958 4569 1059 4623 nisi
1110 4569 1160 4622 in
1201 4567 1354 4636 cujus
1383 4568 1535 4637 apice
1567 4568 1681 4622 haec
1721 4566 1788 4620 de
1817 4580 1922 4635 qua
1956 4601 1999 4656 Β

325 4663 553 4732 agimus
586 4660 866 4730 integritas
899 4668 1042 4714 stare
1067 4658 1333 4712 ullatenus
1362 4657 1576 4722 suﬂicit,
1604 4658 1944 4727 propensius.

322 4761 417 4808 est
461 4749 735 4804 rimanda.
773 4747 936 4817 Cujus
983 4749 1124 4803 laudi
1180 4749 1362 4803 valere
1401 4749 1749 4820 singulariter
1794 4748 1919 4804 illud

323 4841 685 4914 dignoscitur
727 4841 867 4911 quod
906 4841 1046 4894 nulla
1095 4841 1312 4895 humani
1344 4841 1586 4896 exercitii
1618 4849 1754 4903 arte,
1806 4840 1922 4894 nul-

322 4934 425 5001 lis,
461 4944 521 4986 ιιι
546 4933 765 4988 brevius
797 4933 1003 5003 loquar,
1038 4933 1267 4988 ullarum
1289 4934 1548 4988 virtutum
1579 4933 1922 4988 adminiculis

322 5025 542 5078 diaboli
577 5024 761 5078 cervix
783 5024 1049 5090 obruitur,
1073 5024 1188 5095 ejus
1211 5026 1420 5080 astutiee
1444 5026 1589 5080 acies
1615 5025 1916 5094 hebetatur,

321 5115 442 5169 nisi
471 5130 576 5184 per
607 5115 764 5177 hanc,
811 5113 964 5184 cujus
994 5116 1368 5180 irritamentis,
1411 5133 1530 5170 mox
1564 5125 1620 5171 ut
1651 5118 1922 5174 humilitas

321 5203 673 5272 oltjcctatur,
703 5205 833 5258 nihil
863 5206 920 5260 fit
941 5206 1084 5260 illico
1112 5207 1369 5276 quidquid
1399 5222 1495 5262 sua
1533 5208 1773 5264 fertilitas
1802 5225 1918 5263 ma-

322 5298 619 5359 chinatur,
652 5305 703 5349 et
731 5312 787 5350 sv.
819 5298 1001 5352 rudem
1025 5300 1090 5351 ad
1119 5314 1235 5353 eam
1263 5299 1675 5368 aggrediendam
1695 5299 1916 5368 invenit,

319 5389 465 5459 quia
528 5387 869 5441 altitudinem
927 5391 1141 5459 penitus
1181 5390 1300 5444 talis
1357 5392 1740 5462 prepngnaculi
1794 5409 1916 5447 nes-

318 5480 432 5533 cit.
463 5480 604 5530 Cum
638 5478 708 5530 sit
750 5478 892 5532 enim
925 5481 1190 5550 spirituali
1238 5483 1510 5536 creatione
1543 5483 1825 5545 subnixus,
1866 5493 1919 5536 et

320 5577 553 5624 natura!
578 5569 876 5622 subtilitate
894 5572 958 5623 ad
986 5572 1156 5625 nullas
1183 5589 1470 5642 (‘Ol'p’ll‘CﬂS
1495 5575 1919 5629 necessitudines

319 5659 674 5722 inﬂectatnr,
709 5660 837 5728 quid
879 5671 1020 5716 terra
1057 5673 1112 5717 et
1157 5665 1259 5718 vile
1312 5665 1479 5718 lntmn
1526 5666 1687 5720 homo
1733 5675 1917 5720 contra

317 5745 696 5810 invisibilem,
737 5756 790 5800 ct
839 5749 928 5817 qui
974 5749 1154 5818 diffngi
1204 5752 1443 5807 loc..liter
1468 5769 1574 5808 non
1623 5762 1800 5823 potest
1825 5754 1920 5808 bo-

317 5848 499 5902 stem,
528 5847 717 5891 contra
742 5852 875 5908 pene
900 5840 1304 5912 impenetrable
1333 5847 1464 5902 tanti
1498 5845 1668 5902 hostis
1692 5860 1915 5902 acumen

2031 653 2234 718 videre,
2265 669 2532 724 quemque
2573 657 2950 728 subterfugere
2991 668 3190 728 potest,
3233 660 3432 730 quique
3458 661 3610 730 inge-

2031 743 2122 799 nio
2168 744 2484 814 plerumque
2537 761 2594 800 se
2638 746 2972 814 inferiorem,
3003 766 3224 807 servare
3281 768 3340 806 se
3376 752 3630 808 suﬂicit?‘

2030 834 2134 890 Sed
2162 837 2320 901 Dens,
2351 836 2440 906 qni
2469 837 2614 890 omni
2647 845 2860 893 terreno
2881 839 3256 911 spiritualique
3287 843 3427 896 malo
3457 842 3614 896 insti-

2031 927 2131 981 tuit
2155 927 2496 988 medicinam,
2531 935 2586 978 et
2623 927 2765 982 hunc
2789 944 2895 996 qua
2929 930 3189 986 industria
3219 933 3402 987 evinci
3424 942 3607 1001 queat,

2027 1016 2262 1070 edocuit.
2297 1015 2462 1086 319
2493 1016 2626 1082 Quia
2657 1016 2797 1070 enim
2825 1016 2934 1071 sola
2963 1019 3045 1072 sui
3079 1021 3302 1074 tumoris
3324 1021 3611 1075 occasione

2028 1103 2271 1169 deﬂuxit,
2295 1120 2324 1157 a
2350 1106 2532 1159 cinere
2555 1114 2609 1160 et
2635 1105 2770 1169 luto,
2796 1105 2903 1160 imo
2931 1106 2998 1160 ab
3022 1107 3144 1171 illis,
3172 1110 3262 1178 qui
3289 1125 3346 1164 se
3371 1112 3608 1172 cinerem

2027 1198 2306 1268 lutumque
2331 1200 2634 1264 attendunt,
2667 1199 2962 1268 Spiritualis
2988 1201 3156 1269 ipsius
3185 1202 3440 1257 fortitudo
3474 1203 3609 1256 divi-

2030 1309 2098 1345 no
2144 1292 2384 1346 subsidio
2432 1291 2674 1361 superari
2733 1291 3134 1361 promptiSsime
3195 1307 3254 1346 se
3311 1294 3606 1360 conspicit;

2029 1398 2136 1453 quo
2165 1385 2308 1437 enim
2344 1384 2573 1452 quisque
2604 1399 2768 1452 penes
2812 1398 2964 1437 suam
2993 1382 3299 1452 opinionem
3343 1384 3518 1447 vilior,
3546 1401 3612 1438 co

2027 1472 2093 1525 ad
2125 1470 2516 1542 cﬂ'ringendum
2541 1471 2744 1526 inimici
2771 1471 3025 1526 verticem
3049 1472 3106 1525 lit
3127 1471 3420 1526 efﬁcacior.

2099 1561 2293 1615 Carnis
2321 1577 2451 1632 ergo
2498 1561 2886 1618 continentiam
2942 1577 3104 1631 quam
3161 1564 3276 1617 suis
3333 1563 3609 1632 praecipue

2030 1652 2206 1708 irritat
2228 1651 2457 1719 facibus,
2481 1669 2588 1724 quo
2620 1655 2785 1709 tutius
2822 1653 3107 1724 quisquam
3140 1654 3328 1726 clypeo
3367 1671 3610 1710 commu-

2029 1744 2194 1809 nibit,
2226 1759 2388 1814 quam
2418 1754 2479 1799 ut
2505 1745 2558 1799 in
2608 1758 2772 1799 carne
2820 1744 3028 1814 positus
3059 1745 3125 1799 de
3177 1761 3237 1800 se
3267 1762 3483 1816 semper
3513 1747 3611 1801 hu-

2029 1833 2176 1888 milia
2206 1842 2415 1905 penset,
2433 1833 2576 1905 quod
2599 1835 2686 1890 ille
2711 1844 2836 1907 typo
2859 1835 3075 1906 pr0prio
3102 1836 3282 1891 facere
3309 1834 3616 1906 supersedit

2030 1939 2152 1978 cum
2191 1925 2415 1996 spiritus
2441 1928 2627 1982 esset?
2657 1926 2849 1982 Carnis
2873 1929 3056 1997 itaque
3101 1942 3295 1983 sensus
3318 1928 3442 1981 dum
3491 1944 3611 1998 pre-

2031 2017 2214 2081 mitur,
2246 2019 2325 2073 vis
2379 2019 2527 2088 impii
2583 2020 2808 2091 spiritus
2855 2021 3191 2088 annullatur,
3231 2031 3287 2079 et
3323 2023 3437 2094 ipsa
3481 2038 3621 2077 caro.

2029 2107 2282 2176 patiendo
2309 2108 2473 2162 animi
2524 2108 2608 2163 vel
2655 2109 2882 2165 rationis
2914 2111 3220 2180 imperium,
3276 2114 3610 2168 mansuetior

2031 2196 2292 2262 redditur,
2337 2213 2444 2268 quo
2496 2200 2598 2254 sibi
2657 2199 2908 2270 ingenita:
2953 2203 3221 2272 superbiae
3275 2204 3606 2272 arrogantia,

2030 2285 2139 2342 imo
2157 2288 2267 2354 ipsa
2294 2290 2535 2344 exterior
2560 2289 2766 2357 laetitia,
2782 2306 2887 2362 qua
2911 2294 3107 2364 saapius
3128 2292 3272 2348 finde
3294 2293 3604 2359 resolvitur,

2029 2385 2088 2432 et
2126 2377 2316 2434 intima
2365 2395 2512 2451 vagae
2539 2383 2908 2452 cogitationis,
2961 2399 3068 2454 qua
3097 2383 3279 2454 inepte
3326 2385 3606 2450 discurrit,

2031 2469 2248 2524 lascivia
2277 2484 2568 2527 resecatur.
2602 2473 2715 2528 Sub
2740 2476 2846 2530 hac
2872 2475 3036 2547 igitur
3065 2475 3276 2529 nutrice
3305 2491 3428 2529 cum
3455 2485 3606 2530 tanta

2029 2563 2229 2634 proles,
2274 2573 2334 2618 nt
2389 2565 2724 2635 praelibatum
2779 2574 2886 2632 est,
2924 2564 3112 2632 alitur,
3157 2581 3378 2620 necesse
3433 2576 3617 2623 estut.

2030 2667 2150 2722 qua:
2179 2662 2302 2722 post
2333 2653 2505 2724 ipsam
2536 2663 2700 2710 tanta:
2732 2654 2956 2712 infantis
2983 2656 3166 2726 gerula
3217 2669 3338 2710 esse
3393 2655 3604 2721 debeat,

2027 2742 2204 2796 virtus
2249 2743 2416 2796 altera
2470 2746 2826 2816 requiratur;
2885 2745 3139 2802 nobiliter
3183 2745 3326 2800 enim
3362 2747 3617 2802 orinndis.

2030 2835 2326 2891 infantibus
2357 2837 2532 2894 solent
2570 2838 2966 2909 grandiuscula:
2997 2839 3283 2904 ancillulae,
3310 2854 3406 2894 seu
3439 2840 3606 2894 clien»

2031 2923 2150 2986 ltili,
2181 2926 2387 2994 quieos
2414 2926 2657 2998 quolibet
2696 2927 2890 2990 ferant,
2922 2937 3121 2998 printer
3155 2927 3413 2992 nutrices,
3447 2929 3605 2982 attri-

2030 3014 2118 3069 bui
2147 3033 2160 3080 ;
2196 3033 2292 3071 nec
2317 3033 2530 3088 aequum
2565 3027 2647 3073 est
2674 3029 2731 3072 ut
2763 3018 2814 3072 id
2867 3018 3082 3074 decoris
3107 3033 3212 3072 non
3241 3018 3458 3083 habeat,
3485 3034 3606 3087 qua:

2031 3108 2225 3162 nobilis
2255 3107 2600 3180 singulariter
2627 3119 2822 3164 exstat.

2645 3199 2873 3255 CAPUT
2910 3197 3000 3254 IX.

2100 3293 2357 3346 Mcdcslia
2395 3294 2622 3346 castitati
2646 3294 2849 3346 luem/tr
2877 3292 3283 3362 pernecessaria,
3313 3301 3359 3344 et
3382 3291 3606 3344 circnm-

2025 3386 2234 3454 ενοι-(ἕο.
2263 3383 2454 3440 Noxiw
2483 3385 2868 3455 familiaritates
2913 3397 3032 3439 sunt
3080 3387 3326 3441 vitanda'.
3355 3415 3425 3424 —
3452 3383 3606 3440 Post—

2025 3491 2186 3546 quam
2219 3475 2402 3546 itaque
2445 3492 2596 3531 mens
2627 3477 2713 3546 pia
2754 3493 2867 3530 sua:
2897 3477 3113 3531 conscia
3143 3477 3389 3542 vilitatis,
3421 3486 3474 3532 et
3513 3492 3606 3530 ac-

2025 3567 2226 3621 cidenti
2253 3566 2460 3634 injuria:
2491 3576 2598 3622 tam
2659 3567 2900 3637 subjecta
2958 3585 3120 3639 quam
3173 3579 3362 3640 parata
3389 3569 3612 3640 subjici,

2025 3667 2196 3711 semet
2227 3658 2328 3713 sibi
2356 3657 2616 3723 subdidit,
2665 3659 3032 3712 necessarium
3086 3669 3169 3713 est
3226 3667 3284 3712 ut
3339 3661 3604 3730 quidquid

2026 3757 2171 3818 agat,
2225 3763 2545 3818 quacunque
2602 3748 2684 3802 vel
2722 3765 3043 3818 quocunque
3090 3759 3197 3813 eat,
3243 3766 3452 3805 morum
3499 3751 3605 3805 sibi

2025 3840 2260 3907 gravitas
2281 3855 2494 3910 semper
2523 3855 2724 3906 comes,
2747 3839 2902 3908 quasi
2934 3839 3116 3910 gerula
3145 3855 3207 3895 ac
3231 3841 3598 3910 procuratrix,

2023 3937 2202 3982 motus
2240 3927 2564 3998 incongruos
2592 3940 2648 3982 et
2701 3927 2961 3997 quidquid
2992 3935 3076 3982 est
3127 3927 3384 3997 juvenile,
3415 3928 3589 3982 conti-

2023 4028 2168 4075 neat.
2216 4017 2365 4074 Solet
2417 4020 2735 4090 plerumque
2784 4029 2902 4089 post
2942 4020 3219 4076 orationes
3275 4020 3417 4076 inter
3442 4019 3602 4092 longa

2016 4108 2245 4180 jejunia,
2277 4121 2392 4181 post
2419 4110 2578 4167 ﬂetus
2608 4121 2663 4166 et
2687 4111 2879 4166 devota
2915 4111 3168 4180 suspiria,
3192 4127 3314 4166 cum
3356 4113 3421 4166 ad
3449 4123 3602 4167 exte-

2025 4201 2197 4256 riores
2227 4217 2355 4257 usus
2393 4211 2448 4257 et
2485 4217 2775 4256 commune
2827 4201 3152 4274 colloquium
3185 4203 3412 4263 reditur,
3445 4203 3602 4274 quasi

2022 4293 2091 4348 ob
2125 4292 2466 4348 relevandam
2490 4309 2520 4347 a
2547 4294 2762 4348 fastidio
2786 4293 3140 4358 mentem,vel
3167 4295 3235 4348 ob
3257 4293 3602 4348 ostendenda:

2024 4385 2413 4440 benevolentlm
2443 4395 2499 4440 et
2545 4385 2836 4440 hilaritatis
2863 4400 3104 4448 causam,
3158 4385 3430 4453 quoddam
3470 4401 3602 4454 gau-

2026 4475 2170 4530 dium
2199 4475 2468 4540 exhiberi,
2525 4477 2670 4544 quod
2708 4476 2834 4530 dum
2865 4476 3093 4530 honeste
3149 4475 3362 4528 videtur
3415 4475 3598 4545 incipi,

2027 4566 2091 4620 ad
2155 4566 2544 4635 turpitudinem
2599 4581 2741 4636 saepe
2803 4565 3089 4620 delabitur.
3148 4565 3280 4621 Nam
3331 4582 3452 4620 cum
3505 4584 3602 4638 per

2028 4657 2252 4712 hilarem
2278 4657 2622 4712 collationem
2660 4657 2946 4712 verborum
2992 4656 3600 4728 multiplicaturjucun-

2024 4751 2184 4816 ditas,
2211 4751 2410 4805 sensim
2462 4751 2672 4805 accedit
2715 4749 3040 4820 joculatoria
3099 4749 3413 4822 garrulitas,
3476 4750 3600 4803 inde

2023 4840 2472 4896 concurrentibus
2503 4841 2741 4910 turpium
2794 4840 3167 4895 narrationum
3209 4841 3474 4904 historiis,
3503 4858 3599 4910 per

2022 4931 2216 4986 blanda
2250 4930 2458 4986 ludicra
2482 4930 2801 5000 tepefactus,
2833 4930 2942 4985 imo
2985 4930 3195 4986 laxatus
3231 4931 3397 4984 animi
3432 4930 3589 4999 rigor,

2023 5024 2089 5078 ad
2113 5039 2196 5088 ea,
2228 5023 2425 5092 quibus
2464 5038 2652 5077 aure.n
2707 5022 3052 5093 linguamque
3101 5031 3289 5091 sponte
3329 5022 3591 5085 attribuit,

2021 5115 2323 5185 cogitanda,
2358 5114 2627 5184 insperata
2687 5123 2742 5170 et
2775 5114 2888 5184 jam
2921 5129 3056 5184 pene
3116 5113 3409 5167 invincibili
3456 5113 3596 5168 deleo

2023 5207 2258 5261 elatione
2291 5205 2577 5261 mollescit.
2632 5205 2744 5271 Sic,
2777 5207 3018 5275 inquam,
3043 5205 3169 5258 dum
3219 5203 3357 5258 male
3395 5201 3595 5269 dulcia,

2022 5299 2219 5367 quibus
2250 5297 2411 5353 facile
2438 5307 2618 5353 tamen
2659 5297 2836 5353 resisti
2866 5305 3066 5366 posset,
3119 5295 3383 5365 colloquia
3426 5297 3596 5366 praeli-

2021 5385 2236 5456 bantur,
2270 5406 2438 5456 mors,
2471 5391 2556 5446 cui
2617 5391 2959 5446 elimiuanda:
3003 5404 3180 5459 neque
3206 5406 3375 5457 mens,
3423 5407 3596 5463 neque

2022 5485 2161 5537 ratio
2190 5483 2402 5546 snﬂicit,
2435 5491 2488 5536 et
2517 5482 2710 5536 merito
2741 5482 2871 5536 satis
2901 5482 3266 5550 consequitur.

2093 5572 2383 5627 Vulnerata
2448 5573 2613 5643 igitur
2668 5572 2818 5642 gravi
2872 5573 2973 5626 hoc
3024 5572 3205 5641 jaculo
3265 5583 3476 5638 mente,
3537 5583 3599 5631 et.

2025 5668 2356 5736 cogitatione
2397 5667 2501 5720 huc
2555 5665 2787 5733 illucque
2839 5681 2935 5736 pro
2969 5677 3114 5720 motu
3169 5682 3277 5720 suae
3310 5666 3594 5736 voluptatis

2020 5756 2243 5818 erranti,
2272 5755 2335 5808 ad
2365 5754 2658 5808 amatorias
2680 5763 2789 5808 tota
2815 5755 3113 5810 devolvitur
3141 5756 3366 5809 intentio
3399 5771 3587 5824 nugas.

2021 5846 2146 5903 lla-c
2170 5846 2334 5917 loqui,
2373 5847 2483 5902 haec
2517 5861 2757 5918 qutcrere
2782 5847 3142 5904 ardentissimi
3168 5847 3266 5904 sibi
3295 5845 3458 5902 studii
3487 5856 3588 5900 est.
3645 5881 3648 5884 -
