4038 6330
524 411 631 483 595

1326 407 1387 465 V.
1428 406 1753 466 GUIBERTI
1792 357 2081 465 ABIlATlS
2121 401 2179 456 S.
2223 400 2462 458 ΜΑΙΠᾸΞ
2494 404 2583 461 DE
2610 406 3007 467 NOVIGENTO

3664 420 3744 480 596

524 534 629 581 est.
691 524 803 579 Etsi
832 525 1045 596 quando
1103 526 1169 578 ad
1208 536 1266 579 se
1291 523 1493 587 redeat,
1535 523 1678 580 hanc
1730 523 1784 577 in
1838 535 1896 577 se
1941 519 2107 575 multa
2138 520 2188 582 Δ
2214 533 2397 576 amore
2424 535 2484 575 se
2516 522 2654 576 trahi
2711 524 2899 588 sentit,
2956 522 3098 594 quod
3149 539 3311 580 suum
3360 529 3504 583 curis
3526 530 3749 601 aliquibus

525 616 875 672 excusatione
912 613 1299 671 humanissime
1337 614 1535 684 levigat
1568 612 1803 685 culpam,
1834 620 1889 667 et
1911 625 1969 666 se
2005 625 2113 666 non

527 706 674 773 vitii,
705 715 799 760 aut
851 705 1099 761 obscenae
1154 702 1453 775 cuiuspiam
1484 703 1563 759 rei
1617 717 1804 759 amore
1848 702 1901 758 id
1927 715 2108 771 agere,

528 797 626 856 sed
686 795 863 867 potius
910 796 1249 867 gestationis,
1303 804 1359 851 et
1420 794 1722 851 alacritatis
1775 791 2112 865 indulgentia

530 885 742 943 emcere
771 888 873 943 sibi
902 888 1163 943 ineantat.
1205 886 1336 944 inde
1359 887 1692 957 pedetentim
1732 888 1801 941 ad
1828 885 2116 940 familiari-

530 986 670 1033 tates
691 978 906 1035 venitur
936 979 1148 1045 noxias,
1206 994 1326 1048 qua:
1377 979 1593 1048 quidem
1643 987 1792 1034 tanta
1842 976 2116 1047 religionis

532 1069 870 1137 sinceritate,
903 1078 957 1125 et
995 1071 1149 1141 quasi
1175 1085 1273 1139 per
1302 1069 1619 1124 alterutram
1664 1070 1974 1124 orationum
2002 1067 2116 1122 col-

533 1158 814 1226 lationem,
847 1161 930 1215 vel
953 1159 1291 1217 aedificatorii
1340 1161 1605 1215 sermonis
1638 1160 2053 1231 impensionem,
2088 1172 2119 1212 a

532 1252 955 1321 compunctione
984 1252 1150 1306 etiam
1176 1251 1313 1309 solet
1350 1251 1589 1321 incipere
1617 1268 1631 1317 ;
1661 1252 1755 1306 sed
1776 1251 2117 1321 postmodum

532 1360 660 1410 usu,
691 1344 1044 1400 etamatoria:
1075 1344 1402 1399 adulationis
1451 1343 1780 1414 frequentia,
1832 1344 1898 1398 ad
1952 1343 2120 1398 verba

533 1432 694 1497 levia,
716 1434 996 1505 iocosque,
1014 1436 1208 1505 quibus
1232 1436 1394 1491 menti
1428 1436 1742 1505 improvida
1770 1442 2123 1492 exstruuntur

536 1524 810 1592 incendia,
849 1527 1152 1582 devertitur.

608 1616 887 1687 Paulisper
943 1623 1123 1691 itaque
1173 1620 1620 1677 confabulationis
1651 1620 1867 1690 ludique
1917 1618 2124 1674 facibus

535 1710 771 1779 iniectis,
794 1728 891 1768 sua
914 1712 1103 1783 incipit
1130 1712 1412 1782 impudens
1436 1712 1648 1768 animus
1675 1713 1866 1765 damna
1891 1711 2121 1777 sentire,

536 1800 628 1855 diu
660 1801 803 1856 enim
840 1801 948 1856 fota
971 1800 1111 1856 male
1136 1802 1379 1871 concepti
1433 1801 1635 1857 amoris
1684 1800 1942 1865 scintilla,
1982 1801 2025 1855 si
2070 1801 2123 1855 in

2217 628 2311 670 cor
2342 628 2371 667 a
2399 615 2510 669 Deo
2559 623 2791 686 separat,
2825 631 3133 686 personam,
3193 627 3653 695 quantumcunque
3680 643 3750 680 va-

2216 702 2353 770 leat,
2395 712 2641 775 aptaque
2677 705 2948 770 videatur,
3002 706 3102 760 etsi
3150 716 3339 777 spreta
3380 707 3638 764 infamiam
3682 727 3753 769 aut

2218 794 2471 850 damnum
2497 794 2597 850 sibi
2629 796 2850 861 excitet,
2872 812 2902 850 a
2930 810 2990 851 se
3016 795 3249 864 rejiciat,
3278 800 3480 869 przemii
3511 816 3604 855 non
3623 803 3753 859 οπως

2218 886 2385 941 sionis
2407 901 2526 942 esse
2548 887 2747 953 sciens,
2783 887 2827 943 si
2860 889 3026 944 Deum
3056 890 3158 945 sibi
3222 891 3320 945 tali
3370 907 3437 947 ex
3466 894 3583 950 odio
3607 899 3755 952 conci-

2219 976 2376 1038 lians,
2406 979 2547 1034 hanc
2596 978 2853 1035 offendat.
2885 954 3001 1035 Non
3054 981 3218 1049 igitur
3247 983 3537 1048 enerviter,
3581 996 3661 1039 aut
3698 986 3759 1041 lu-

2220 1066 2411 1129 dendo,
2447 1076 2539 1121 aut
2577 1083 2641 1123 eo
2665 1069 2760 1123 ira
2789 1084 3010 1140 genere,
3034 1070 3098 1124 de
3119 1071 3299 1140 quoin
3329 1072 3529 1127 Andria
3551 1072 3760 1129 Chremes

2220 1154 2331 1219 ille,
2364 1156 2467 1211 nisi
2499 1156 2680 1225 fallor,
2719 1159 2785 1214 ad
2831 1158 3109 1214 Simonem
3164 1160 3450 1229 loquitur:
3506 1181 3523 1212 ‹
3557 1162 3658 1229 iraa,
3696 1165 3759 1217 in-

2222 1246 2359 1316 quit,
2417 1248 2717 1307 amantium
2762 1250 3055 1319 integratio
3092 1251 3301 1308 amoris
3358 1260 3501 1307 est.»
3547 1253 3642 1308 Sed
3678 1264 3761 1311 tam

2223 1339 2333 1392 acri
2356 1346 2412 1393 et
2437 1338 2666 1410 abrupta
2690 1340 3049 1408 dissensione,
3077 1352 3135 1397 ut
3157 1358 3283 1414 spes
3300 1345 3499 1399 amoris
3518 1328 3760 1416 ieparandi

2224 1432 2403 1487 denuo
2454 1434 2599 1490 nulla
2646 1446 2832 1501 restet,
2882 1438 2993 1494 imo
3043 1453 3150 1493 non
3204 1440 3370 1494 modo
3425 1441 3627 1507 mentis,
3672 1457 3764 1510 qua:

2225 1525 2439 1581 mobilis
2463 1526 2736 1596 fallaxque
2796 1529 2990 1584 crebro
3032 1530 3397 1601 dignoscitur,
3439 1530 3530 1586 sed
3565 1522 3763 1600 corporis

2227 1616 2361 1681 situ,
2414 1614 2572 1685 juxta
2628 1618 2872 1690 Apostoli
2928 1619 3171 1690 prudens
3217 1618 3427 1676 dictum
3463 1662 3477 1686 ,
3530 1618 3764 1674 celerrime

2229 1708 2465 1779 fugiatur

2860 1801 3092 1859 CAPUT
3127 1804 3201 1859 Χ.

538 1889 820 1944 cxtratiles
851 1889 939 1967 ΠΣ,
967 1888 1234 1961 exitiales]
1288 1866 1509 1959 proruat
1542 1888 1787 1945 ﬂammas
1815 1889 1937 1959 quis
1965 1890 2125 1945 mira-
2157 1866 2201 1924 Β
2300 1891 2591 1962 Elegantia:
2616 1892 2788 1948 vultus
2814 1900 2862 1947 et
2899 1894 3120 1948 vestium
3147 1893 3319 1948 cultui
3355 1894 3564 1949 minime
3601 1894 3766 1947 incum.

540 1989 632 2037 tur
660 1980 684 2033 ?
720 1979 872 2037 Tunc
917 1981 1027 2052 iam
1056 1980 1291 2051 experiri
1322 1982 1534 2050 cogitur
1564 1980 1806 2035 morbida
1838 1980 2124 2035 conscien-

540 2069 617 2125 tia
642 2084 737 2126 eas
785 2085 921 2140 quas
970 2071 1024 2125 in
1067 2085 1125 2125 se
1156 2067 1405 2125 funestus
1434 2084 1588 2124 amor
1616 2069 1896 2138 passiones
1942 2069 2122 2125 habet.

541 2159 696 2217 Tunc
734 2161 1046 2224 inimicitias
1089 2169 1145 2217 et
1192 2161 1460 2221 redivivas
1508 2163 1575 2217 ad
1623 2178 1776 2218 suam
1827 2162 2125 2233 perniciem

540 2268 731 2325 paces,
762 2263 872 2309 tum
900 2253 1259 2329 suspiciones,
1294 2263 1404 2310 tum
1440 2254 1687 2321 timores,
1733 2255 1845 2310 iras
1880 2262 1935 2309 et
1980 2254 2129 2309 rixas

540 2344 696 2419 iuxta
728 2344 859 2408 illud
881 2344 1267 2409 Terentianum
1296 2344 1519 2412 dictum,
1545 2345 1599 2399 in
1633 2346 1724 2400 tali
1752 2345 1969 2417 negotio
2000 2344 2127 2400 licet

542 2437 748 2498 invitus
776 2437 1056 2497 exsolvere
1104 2437 1465 2509 compellitur.
1515 2436 1687 2493 Tanta
1740 2445 1822 2493 est
1850 2438 1993 2493 enim
2016 2436 2132 2506 eius

545 2526 822 2606 pestiferas
874 2528 1151 2585 societatis
1178 2528 1447 2594 molestia,
1496 2536 1559 2583 ut
1607 2528 1734 2585 licet
1772 2528 2041 2585 interdum
2066 2542 2139 2583 ex

546 2619 941 2675 consuetudine
962 2619 1218 2684 mulceat,
1252 2619 1306 2679 in
1358 2628 1569 2678 tantum
1609 2626 1788 2677 tamen
1818 2618 2136 2690 plerumque

546 2711 629 2767 rei
685 2726 808 2787 quae
853 2719 1067 2771 amatur
1123 2709 1364 2769 fruendae
1402 2707 1685 2771 difﬁcultas
1731 2716 2041 2780 exasperat,
2078 2715 2137 2763 ut

548 2813 883 2871 exsanguem
923 2808 977 2855 et
1001 2798 1314 2869 languidum
1343 2807 1639 2859 amatorem
1669 2797 1815 2859 omni
1844 2797 1995 2854 febre
2015 2812 2139 2853 cru-

550 2887 728 2945 delius
753 2887 963 2944 reddat.
996 2885 1104 2942 Sed
1146 2902 1270 2943 cum
1317 2886 1473 2961 quasi
1521 2886 1750 2957 pacifice
1802 2894 1857 2941 et
1913 2886 2138 2940 honeste

551 2983 621 3043 ab
651 2995 717 3036 eo
761 2979 906 3059 quod
952 2988 1118 3045 amat,
1148 2978 1265 3034 sine
1299 2978 1379 3034 ira
1431 2987 1485 3034 et
1516 2978 1757 3033 motione
1810 2992 2054 3049 personae
2079 2990 2140 3033 se

553 3076 879 3147 abrumpere
900 3072 1111 3139 nititur,
1138 3072 1197 3126 fit
1227 3073 1387 3127 modo
1425 3070 1723 3127 miserabili
1755 3080 1814 3125 ut
1840 3070 1993 3141 pejus
2020 3084 2137 3126 om-

2229 1981 2471 2035 bendum.
2510 2013 2581 2023 —
2630 1981 2900 2039 Praeterea
2955 1984 3277 2054 contingere
3333 1983 3610 2053 aliquando
3653 1982 3766 2035 haud

2229 2072 2449 2128 dubium
2472 2082 2554 2128 est
2576 2082 2635 2129 ut
2655 2090 2777 2130 cum
2807 2075 3038 2145 primum
3068 2075 3135 2131 ad
3160 2076 3326 2145 hujus
3352 2075 3515 2130 febris
3553 2072 3767 2142 igniculos

2228 2162 2486 2233 paulatim
2518 2164 2659 2219 inuri
2685 2166 2918 2237 cmperit
2962 2166 3201 2238 animus,
3236 2176 3295 2223 et
3341 2166 3465 2222 licet
3505 2164 3767 2220 tentatiouis

2231 2254 2521 2328 cujuslibet
2551 2256 2777 2312 minime
2834 2257 3176 2312 extrinsecus
3209 2257 3481 2312 sentiatur
3514 2254 3664 2319 calor,
3709 2262 3768 2305 ta-

2231 2361 2358 2402 men
2387 2346 2442 2401 in
2467 2355 2681 2402 tantum
2715 2348 3024 2403 accurando
3055 2348 3283 2419 proprio
3316 2344 3503 2413 vultui,
3555 2344 3768 2400 habenda

2234 2437 2395 2493 etiam
2440 2436 2585 2492 laudi
2626 2437 2975 2503 urbanitatis,
3022 2445 3077 2493 et
3127 2437 3415 2493 amatoriae
3456 2432 3764 2504 iucunditatis

2235 2526 2473 2587 anhelat.
2505 2525 2762 2583 Vestibus
2791 2527 3028 2598 denique
3075 2542 3172 2598 pro
3223 2527 3474 2597 corporis
3510 2522 3769 2580 habitudine

2236 2617 2576 2689 coaptandis,
2603 2624 2664 2672 ut
2691 2624 2801 2672 tota
2831 2617 3067 2675 hominis
3094 2616 3321 2671 solertia
3340 2616 3484 2671 circa
3513 2614 3615 2669 hzec
3632 2609 3770 2665 studia

2236 2718 2496 2780 occupata
2522 2708 2813 2779 deserviat,
2864 2706 3098 2779 qualiter
3125 2716 3450 2780 acceptetur
3467 2721 3495 2763 a
3520 2704 3770 2776 quibusque

2240 2818 2349 2857 suae
2381 2800 2693 2858 formositas
2744 2799 2945 2872 speciei
2979 2799 3273 2872 diligenter
3320 2800 3573 2868 explorat,
3600 2803 3647 2849 et
3676 2806 3771 2847 cum

2241 2909 2445 2959 secum,
2479 2893 2587 2947 imo
2634 2894 2776 2964 apud
2813 2907 2872 2948 se
2908 2891 3168 2963 quidquid
3199 2890 3484 2961 pulchrum
3526 2885 3771 2943 aestimatur

2242 2983 2566 3053 vilipendat,
2599 2998 2657 3038 se
2689 2982 3032 3053 putissimum
3054 2980 3513 3052 singularitcrque
3537 2970 3771 3045 praedicari

2246 3074 2488 3142 affectat,
2520 3088 2863 3144 summopere
2890 3074 3131 3127 adamari
3158 3072 3455 3127 desiderat.
3501 3068 3679 3121 Amans
3698 3061 3771 3129 ig}?

554 3164 790 3228 nimodis
817 3164 1104 3235 obligetur.
1135 3162 1253 3219 Non
1269 3164 1414 3221 enim
1437 3163 1592 3218 uxori
1616 3163 1682 3217 ad
1716 3163 1991 3218 lasciviam
2014 3176 2138 3233 pro—
2164 3205 2209 3269 Ο
2245 3176 2333 3226 tur
2393 3166 2591 3233 amari,
2650 3165 2778 3219 dum
2819 3164 3190 3219 curiosissime
3248 3173 3586 3233 personarum
3629 3153 3773 3225 gntia:

554 3270 661 3320 nae,
691 3254 884 3333 lepidis
924 3252 1267 3315 sermonibus
1306 3252 1592 3323 palpandze
1638 3261 1769 3308 sunt
1821 3267 2001 3317 aures,
2042 3251 2137 3305 sed

556 3348 779 3413 dorsum
838 3350 1155 3409 verberibus
1209 3350 1549 3411 severissime
1594 3350 2012 3415 abradendum;
2065 3349 2145 3403 sic

555 3443 726 3502 tuenti
758 3457 881 3503 cum
929 3442 1204 3514 perversis
1233 3441 1513 3498 affectibus
1541 3456 1599 3497 se
1629 3441 1874 3508 inclinat,
1902 3457 1996 3495 seu
2021 3455 2144 3499 cum

557 3534 817 3596 inclinata
839 3532 1001 3597 facile
1031 3549 1154 3589 cum
1184 3533 1417 3590 voluerit
1462 3550 1520 3593 se
1551 3543 1857 3593 erecturam
1888 3532 2147 3609 pollicens

560 3625 837 3685 emendari
865 3627 1251 3695 procrastinat,
1278 3640 1383 3681 non
1406 3625 1580 3681 solum
1612 3640 1717 3681 non
1740 3624 2145 3687 assentiendum

563 3725 667 3780 est,
698 3716 792 3771 sed
827 3716 992 3775 etiam
1020 3717 1218 3787 spretis
1247 3718 1489 3775 omnium
1518 3718 1678 3786 odiis,
1730 3725 1890 3771 tantae
1938 3715 2148 3773 frenum

565 3806 712 3867 illico
739 3807 1085 3866 cohibitionis
1111 3807 1227 3877 ejus
1252 3808 1461 3864 libidini
1498 3808 1919 3879 imprimendum
1965 3815 2026 3861 ut
2065 3814 2152 3860 to-

568 3899 677 3954 tius
697 3899 945 3970 corporis
969 3899 1287 3977 obsequium
1339 3899 1565 3975 impuris
1595 3898 1762 3971 ipsius
1784 3896 2157 3954 voluntatibus

568 3988 898 4052 omnimodis
929 3990 1125 4055 debeat
1146 3989 1427 4059 denegari.

640 4087 741 4143 Cui
769 4086 914 4142 enim
935 4086 1041 4151 nisi
1079 4085 1365 4154 desperato
1389 4099 1533 4155 aegro
1554 4084 1707 4140 cibus
1729 4083 1944 4148 noxius,
1974 4094 2154 4152 quan-

572 4180 829 4241 tumlibet
849 4178 1009 4237 avide
1035 4193 1157 4237 eum
1183 4177 1453 4243 comedat,
1479 4186 1535 4233 et
1564 4176 1666 4231 nisi
1692 4176 1760 4230 ab
1797 4173 2160 4230 insanissimis

574 4269 917 4333 detur?Dici
967 4267 1107 4327 solet
1159 4266 1358 4337 saepius
1401 4266 1469 4322 ab
1520 4266 1782 4337 :rgrotis:
1832 4262 2160 4327 Permittite,

574 4364 751 4433 aiunt,
802 4362 959 4427 nobis
1006 4361 1151 4433 quod
1192 4358 1444 4415 volumus
1500 4359 1854 4422 manducare,
1901 4355 2165 4426 quidquid

574 4457 880 4519 voluntarie
928 4455 1193 4517 sumimus
1247 4451 1404 4510 saluti
1447 4450 1712 4523 proﬁciet.
1759 4448 1964 4505 Dicitur
2002 4455 2057 4502 et
2096 4444 2166 4499 ab

2246 3256 2593 3326 acquirendae
2615 3265 2901 3321 exrestuat,
2933 3263 3070 3309 etut
3096 3254 3213 3323 eius
3262 3254 3339 3308 rei
3366 3259 3548 3306 natura
3587 3254 3675 3306 est,
3693 3255 3773 3310 quo

2246 3347 2493 3419 pluribus
2545 3347 2850 3403 insinuatur
2884 3386 2898 3412 ,
2964 3344 3327 3413 plurimorum
3391 3331 3776 3419 concupiscentia

2248 3418 2444 3505 inhiat,
2470 3438 2619 3505 dum,
2674 3438 2921 3507 inquam,
2951 3436 3004 3491 in
3033 3436 3217 3507 aliquo
3248 3434 3422 3507 optati
3473 3440 3668 3497 compos
3688 3418 3773 3476 elli-

2250 3531 2412 3596 citur,
2442 3531 2586 3585 illius
2613 3531 2698 3585 cui
2723 3530 2997 3587 inhaeserit
3026 3530 3397 3585 viscosissimo
3423 3529 3644 3595 raptatur
3661 3527 3775 3569 amo;

2251 3638 2330 3688 re,
2358 3623 2543 3686 etiam,
2576 3620 2726 3688 velit,
2746 3621 2898 3685 nolit,
2930 3620 3107 3675 victus
3137 3618 3429 3675 desideriis
3452 3617 3773 3700 amatamare.

2255 3715 2400 3770 Sane
2424 3730 2469 3769 ει
2496 3728 2603 3770 non
2635 3713 2924 3769 inhoneste
2976 3713 3295 3783 vagabunda
3341 3701 3648 3767 conscientia
3665 3692 3775 3760 vulgi

2254 3806 2623 3867 inordinatum
2650 3813 3095 3874 prosequeretur,
3122 3817 3229 3859 non
3264 3803 3383 3857 sine
3413 3796 3546 3866 turpi
3564 3786 3776 3885 supeer

2256 3913 2477 3971 genere,
2500 3895 2772 3963 affectum,
2815 3911 3088 3966 nunquam
3114 3898 3180 3952 ad
3204 3895 3352 3950 hunc
3381 3888 3570 3946 amoris
3591 3889 3778 3971 ωιιέξτιε·

2258 3967 2457 4045 simum
2489 3987 2803 4058 compedem
2835 3994 3141 4057 prorueret,
3192 4000 3293 4055 per
3338 3995 3493 4052 quem
3532 3967 3778 4039 detrahi!“

2259 4082 2326 4141 ad
2354 4080 2519 4135 totius
2542 4078 2753 4150 ﬂagitii,
2776 4079 2940 4139 etiam
2993 4077 3138 4147 quod
3173 4085 3260 4132 est
3299 4073 3531 4130 deterius
3571 4063 3777 4155 scienter,

2260 4173 2536 4231 effectum.
2561 4170 2806 4229 Vestium
2827 4172 3011 4241 itaque
3038 4170 3332 4238 vultusque
3360 4164 3517 4221 nimia
3540 4154 3778 4247 affectetis.

2262 4279 2386 4321 cum
2409 4263 2551 4318 sicut
2587 4259 2769 4321 fumus
2800 4261 3001 4332 ignem,
3052 4268 3109 4315 et
3159 4268 3351 4312 vcntus
3383 4252 3617 4325 pluviam,
3644 4234 3778 4332 libidi-

2263 4355 2382 4411 nosi
2414 4354 2655 4425 pectoris
2707 4323 2861 4424 signa
2910 4323 3196 4422 portenda,
3230 4359 3285 4405 et
3337 4323 3403 4402 ab
3431 4332 3660 4399 exteriori
3693 4323 3779 4425 ρςι·

2264 4412 2531 4504 lende-est
2554 4460 2675 4511 usu,
2698 4452 2751 4499 et
2779 4442 2947 4498 multo
2976 4441 3151 4510 magis
3178 4442 3246 4496 ab
3293 4435 3476 4501 animi,
3521 4432 3680 4497 utpole
3720 4412 3781 4466 ίο·

578 4551 908 4613 amantibus,
938 4545 1293 4604 saluberrime
1341 4559 1371 4598 a
1422 4544 1577 4603 nobis
1625 4542 1825 4615 agitur,
1874 4540 1920 4596 si
1971 4539 2162 4595 saltem
2189 4555 2383 4623 Dmes
2418 4536 2708 4602 scelerum,
2740 4534 3071 4593 excludenda
3114 4533 3281 4588 aditu.

581 4637 813 4709 simplici
836 4635 1292 4699 confabulatione,
1310 4644 1364 4692 et
1384 4635 1643 4697 exteriori
1666 4632 1964 4696 consortio,
1985 4638 2166 4684 mente

584 4732 640 4791 in
672 4744 771 4789 suo
803 4737 947 4791 statu
982 4730 1231 4793 durante,
1276 4743 1439 4797 quam
1484 4743 1650 4799 grave
1704 4740 2067 4783 onerosunive
2097 4723 2169 4783 sit

583 4819 738 4889 vagis
767 4818 972 4881 servire
998 4820 1274 4875 amoribus
1308 4820 1655 4889 experiamur
1685 4835 1704 4884 ;
1742 4826 1797 4873 et
1837 4816 1965 4873 dum
2000 4829 2165 4885 quam

585 4913 746 4975 noxia
778 4925 869 4967 res
908 4910 1107 4965 existat
1153 4908 1619 4979 perpenderimus,
1664 4924 1730 4963 eo
1778 4905 2170 4964 exsecrabilius

587 5020 694 5077 quo
715 5002 990 5075 expertius
1016 5002 1179 5083 320
1217 5010 1650 5057 contemnemus.
1692 5001 1846 5069 Quod
1899 5014 2022 5061 cum
2052 4998 2169 5068 ple-

588 5110 819 5166 rumque
845 5093 1033 5165 aliqui,
1057 5094 1171 5162 iam
1223 5092 1366 5169 quod
1398 5102 1644 5149 amarant
1691 5092 2052 5157 faStidientes,
2097 5090 2176 5145 fa-

590 5200 714 5244 cere
737 5184 905 5247 moliti
938 5186 1069 5251 sint,
1097 5185 1222 5245 dum
1251 5182 1409 5253 quasi
1436 5197 1505 5239 ex
1534 5197 1800 5241 Consensu
1820 5183 1920 5237 sub
1939 5181 2176 5252 quadam

590 5292 729 5357 pace
755 5292 814 5333 se
832 5280 1056 5352 cupiunt
1086 5276 1349 5347 separari,
1373 5276 1649 5331 consuetis
1671 5275 1961 5339 illecebris,
1981 5274 2177 5345 quibus

589 5371 705 5445 iam
737 5371 975 5435 caruisse
996 5380 1271 5427 austerum
1303 5380 1405 5436 eSt,
1439 5377 1532 5423 aut
1568 5368 1734 5429 etiam
1763 5383 2009 5439 persona:
2045 5367 2179 5422 mol-

596 5461 768 5521 litivis
788 5461 1131 5525 sermonibus
1152 5464 1229 5520 sic
1254 5471 1537 5519 arclantur
1576 5471 1637 5521 ut
1683 5462 1738 5515 in
1793 5461 1971 5516 omnis
1996 5460 2180 5529 perdia

599 5550 787 5620 tionis,
832 5552 1096 5617 obdurata
1156 5562 1364 5617 mente,
1424 5551 1778 5607 devolvuntur
1832 5549 2080 5621 abyssos,
2128 5555 2184 5601 et

602 5645 805 5713 absque
861 5643 1188 5708 reverentia,
1228 5652 1283 5699 et
1322 5644 1671 5704 cunctatione
1720 5641 2065 5712 impudenter
2102 5652 2185 5691 ar-

600 5735 788 5800 deant,
815 5734 959 5805 quod
995 5733 1158 5788 veluti
1186 5734 1436 5804 religiose
1462 5734 1776 5806 sensimque
1825 5732 2079 5787 adamare
2122 5746 2185 5785 ac

604 5830 650 5895 si
675 5829 995 5896 innocenter
1022 5836 1324 5906 cwperant,
1369 5828 1463 5883 sed
1505 5828 1815 5897 quicunque
1860 5840 2185 5901 quocunque

2340 4631 2457 4688 Non
2492 4632 2557 4686 de
2580 4597 2770 4684 eorum
2798 4627 2890 4697 qui
2934 4625 3069 4681 foris
3099 4633 3246 4689 sunt,
3286 4623 3337 4677 id
3392 4625 3468 4673 est
3496 4597 3778 4701 szeculariuta

2271 4722 2489 4778 lascivia
2512 4761 2527 4788 ,
2562 4721 2677 4775 haec
2713 4728 3032 4782 tractamus,
3079 4731 3201 4770 nam
3238 4729 3339 4769 nec
3380 4705 3528 4765 nobis
3570 4693 3778 4788 Ρθτίίηξιξ

2272 4814 2366 4871 sed
2391 4814 2472 4868 eis
2500 4784 2712 4868 consilii
2738 4807 3014 4879 quidpiam
3045 4807 3391 4878 propinamus
3433 4801 3638 4886 (ιιιοτυίξῖ

2271 4905 2609 4978 prOpositum
2638 4903 2706 4958 ab
2742 4868 3060 4957 extrinseca'
3087 4868 3446 4953 sollicitudine
3477 4876 3639 4978 mundi

2276 4967 2392 5055 lioc
2423 4998 2581 5069 plane
2604 4996 2795 5051 vitium
2829 4993 3046 5065 proprie
3096 5004 3262 5062 vagos
3283 4997 3338 5042 et
3388 4967 3777 5069 instabiles}???

2277 5102 2388 5146 tant
2420 5049 2584 5145 corde
2637 5102 2800 5157 quam
2852 5094 2907 5140 et
2962 5097 3191 5152 corpore
3239 5079 3319 5135 sui
3372 5072 3588 5129 cultores
3633 5049 3773 5157 emt-Il:

2274 5182 2429 5254 juxta
2467 5179 2811 5237 Salomonem
2861 5177 2928 5233 de
2978 5174 3205 5229 muliere
3231 5165 3437 5241 garrula

2280 5236 2479 5349 ἒίυίειεε
2505 5269 2789 5341 impatiens
2816 5264 2999 5338 (Prov-
3036 5279 3129 5327 νιιο
3167 5236 3276 5331 ίιῑν
3316 5266 3426 5360 elc;
3454 5236 3668 5360 “‘3‘”?
3689 5236 3753 5360 ηἷιῖ

2283 5329 2386 5424 sibi
2424 5329 2714 5423 contraria:
2742 5329 2944 5421 essent,
2991 5329 3277 5425 pulchrum
3305 5363 3362 5405 se
3403 5344 3584 5401 facere.
3624 5329 3773 5426 εξ

2284 5461 2414 5515 ehre
2436 5455 2642 5520 ornari,
2672 5452 2813 5509 etab
2847 5451 2931 5505 his
2970 5449 3169 5520 il“ibus
3208 5446 3433 5537 p'accm?
3461 5410 3770 5548 “natiiin‘iitdilrﬂ':

2285 5549 2422 5605 Hinc
2443 5518 2728 5617 prosiliunt
2752 5518 3037 5598 fmdissimi
3075 5536 3148 5591 illi
3184 5525 3461 5590 exterioris
3476 5518 3723 5640 homn':n3

2284 5598 2698 5708 bitusfiueptus
2748 5631 3164 5703 superciliorum
3227 5628 3388 5697 rigor.
3434 5598 3767 5725 VPlamipﬂfr:

2288 5748 2436 5796 cens,
2485 5740 2539 5785 et
2566 5686 2769 5799 procax
2797 5723 3100 5787 oculorum,
3135 5717 3421 5790 improbus,
3457 5686 3765 5819 imagini:

2290 5825 2407 5887 cius
2423 5773 2811 5887 'memrbrorum
2841 5823 3047 5889 gestus,
3076 5815 3220 5869 risus
3250 5806 3529 5871 indecores.
3551 5792 3595 5841 ει
3613 5773 3664 5835 ad
3684 5782 3721 5825 ⁰¹
