4038 6330
339 410 468 469 397

337 548 483 586 ιιι-ιιι
543 531 824 587 materiam
883 534 1117 605 prompti

341 637 642 689 gressuum
688 622 893 691 jactus,
928 625 1090 677 verba
1153 626 1371 694 quidem
1404 627 1582 695 primo
1610 626 1832 691 lasciva,
1877 638 1934 682 et

342 712 533 779 ipsum
564 714 653 781 qui
688 713 832 766 intro
861 712 1033 768 fervet
1057 731 1297 771 antorem
1339 717 1657 779 redolentia,
1696 730 1934 787 postmo-

341 801 487 853 dum
520 801 762 869 abrupta:
786 802 898 869 jam
926 805 1278 872 turpitudinis
1324 806 1717 874 impudentiam
1758 808 1932 873 palam

344 889 656 942 ructantia.
691 889 798 943 Sed
850 892 982 944 tanti
1042 893 1152 963 typi
1184 893 1344 957 eiata,
1378 905 1430 947 et
1465 896 1935 964 impatientissime

348 987 517 1031 tensa
555 977 821 1044 rigiditas,
846 986 955 1032 tant
986 984 1349 1036 exsecrantlus
1366 982 1544 1052 gaudii
1572 982 1728 1050 hujus
1758 993 1936 1037 ttttnor

346 1076 585 1133 repente
610 1066 839 1135 deperit,
874 1076 927 1121 et
974 1068 1154 1122 subito
1184 1071 1308 1121 dum
1334 1071 1654 1137 triumphat,
1687 1069 1934 1125 affectum

346 1168 678 1213 numinum
718 1168 773 1213 et
800 1160 1106 1230 languidum
1160 1162 1426 1215 redditum
1466 1162 1619 1215 dolor
1648 1163 1937 1217 intoleran-

344 1251 463 1303 dus
484 1251 769 1304 eviscerat.
796 1250 943 1304 Inter
966 1267 1059 1305 sua
1092 1253 1237 1306 enim
1298 1268 1553 1322 prospera
1596 1254 1720 1305 dum
1754 1268 1784 1305 a
1819 1253 1938 1322 qui-

345 1336 595 1391 buslibet
616 1341 863 1408 personis
886 1355 992 1393 non
1020 1340 1179 1395 modo
1205 1340 1469 1403 affectari,
1500 1345 1593 1394 sed
1619 1341 1726 1394 alto
1752 1355 1938 1409 super-

347 1431 490 1484 cilio
512 1446 570 1484 se
599 1432 871 1500 postponi,
904 1432 1011 1486 imo
1052 1448 1153 1487 nec
1194 1433 1388 1501 respici
1438 1433 1645 1496 vident,
1695 1433 1761 1487 ab
1812 1432 1936 1497 illis,

351 1520 607 1586 inquam,
630 1521 899 1588 personis,
939 1536 1170 1589 quarum
1200 1521 1587 1574 exanimantur
1638 1521 1935 1584 amoribus,

351 1610 408 1663 si
447 1610 610 1663 totius
640 1611 823 1664 tnundi
861 1611 1050 1665 lormae
1103 1613 1520 1681 voluptatesque
1569 1621 1937 1681 suppeterent,

354 1699 523 1752 nulla:
551 1710 744 1768 prater
790 1715 924 1769 quas
948 1702 1193 1755 ambiunt
1245 1703 1323 1756 eis
1353 1701 1679 1767 suilieerent,
1722 1713 1777 1756 et
1822 1717 1941 1771 qute

353 1797 561 1850 adsunt
587 1795 863 1861 libidines,
902 1812 1009 1850 non
1062 1806 1189 1851 sunt
1241 1798 1502 1862 remedia,
1549 1798 1674 1852 dum
1714 1797 1941 1852 aliarum

356 1886 601 1940 nondum
629 1884 731 1941 sibi
755 1884 1075 1954 subjugatur
1098 1888 1374 1955 superbia.

435 1980 589 2047 Apud
613 1990 824 2035 veteres
843 1982 1091 2036 ethnicos
1114 1981 1341 2049 Cupido,
1370 1979 1594 2033 Veneris
1616 1993 1686 2032 ex
1708 1977 1946 2032 Vulcano

360 2067 535 2129 tilius,
574 2067 771 2131 alatus,
814 2069 988 2123 facem
1047 2070 1409 2139 sagittatuque
1469 2078 1660 2121 tenens
1704 2066 1947 2135 quolibet

358 2158 707 2227 pingebatur.
769 2159 921 2224 Quod
956 2173 1059 2211 non
1106 2160 1224 2213 sine
1270 2160 1530 2230 mysterio
1589 2160 1715 2214 huic
1765 2175 1944 2228 operte

357 2265 603 2318 congruo
630 2250 848 2305 minime
875 2253 1153 2318 agebatur.
1171 2252 1304 2304 Cum
1334 2252 1478 2305 enim
1501 2266 1565 2305 ex
1591 2252 1837 2306 adamata
1855 2266 1945 2306 ve-

363 2351 526 2396 nusta
552 2342 731 2410 specie
756 2343 956 2397 caloris
997 2343 1140 2397 illius
1168 2342 1408 2405 flamma,
1445 2360 1564 2412 quze
1613 2358 1710 2413 per
1750 2344 1940 2398 Vulca-

362 2445 494 2481 num
520 2431 658 2499 ign's
698 2431 858 2484 deum
907 2440 1153 2495 notatur,
1204 2432 1498 2488 famulante
1523 2440 1810 2503 generetur
1855 2449 1948 2487 cu-

361 2518 512 2585 pido,
571 2520 625 2573 id
669 2531 756 2575 est
803 2520 1043 2576 libidinis
1092 2530 1276 2588 aestus,
1331 2524 1469 2577 idem
1520 2524 1726 2592 Cupido
1773 2524 1947 2592 primo

363 2611 541 2665 alatus
567 2622 672 2677 est,
715 2613 843 2682 quia
882 2630 1042 2683 quem
1076 2615 1277 2684 abripit
1308 2614 1597 2681 infelicem,
1656 2616 1707 2669 in
1742 2625 1946 2670 tantam

364 2701 534 2755 libido
557 2704 760 2759 excitat
804 2704 1102 2770 levitatem,
1137 2715 1194 2760 ut
1232 2706 1375 2759 nulla
1436 2706 1739 2776 hypocrisis
1780 2706 1947 2760 animi

366 2795 437 2846 de
461 2795 543 2849 sui
568 2805 829 2864 proventu
851 2799 1055 2853 amoris
1076 2800 1433 2869 comprimere
1458 2799 1635 2853 valeat
1666 2798 1947 2854 exsultan-

366 2894 500 2937 tem.
535 2885 736 2954 Uuipes
773 2888 935 2942 etiam
967 2890 1311 2960 pingebatur,
1341 2904 1449 2958 quo
1492 2889 1678 2944 talium
1702 2905 1945 2944 amorum

367 2972 701 3030 iustabilitas
729 2977 1064 3047 signabatur.
1106 2979 1293 3034 Caecus
1337 2994 1575 3050 quoque,
1608 2980 1735 3049 quia
1789 2980 1843 3033 in
1884 2980 1949 3033 iis

366 3065 512 3118 nihil
537 3067 880 3135 providentia
924 3077 1199 3138 operatur.
1248 3070 1495 3140 Denique
1534 3080 1591 3125 et
1636 3085 1785 3140 puer,
1821 3070 1945 3140 quia

366 3154 518 3208 facta
579 3166 638 3209 et
693 3158 834 3214 dicta
882 3159 1193 3228 hujusmodi
1244 3161 1393 3214 nulla
1436 3161 1646 3214 ratione
1694 3170 1945 3230 aguntur.

367 3248 568 3303 Facem
618 3251 980 3321 sagittamque
1011 3262 1175 3320 tenet,
1204 3254 1328 3321 quia
1367 3268 1483 3316 cor,
1513 3253 1654 3323 quod
1682 3261 1945 3323 penetrat,
1975 3219 2020 3282 Ο

366 3340 762 3393 miserabiliter
800 3341 1061 3407 incendit,
1095 3344 1300 3411 pariter
1319 3351 1376 3397 et
1418 3343 1686 3397 vulnerat.
1739 3341 1948 3415 Legun-

371 3438 465 3482 tur
490 3439 711 3486 auctore
736 3430 926 3486 Ovidio
974 3433 1081 3487 duo
1106 3434 1224 3504 ejus
1266 3433 1572 3504 jaculorum
1617 3450 1839 3505 genera,
1872 3435 1949 3489 al-

370 3533 551 3577 terum
579 3525 721 3593 quod
746 3541 931 3579 amare
964 3537 1122 3597 cogat
1149 3543 1177 3591 ;7
1203 3526 1433 3581 alterum
1461 3525 1621 3595 cujus
1648 3527 1754 3581 ictu
1785 3528 1944 3597 321

372 3630 530 3669 amor
556 3615 768 3685 frigeat.
815 3616 894 3671 Ad
926 3618 1040 3673 haec
1096 3618 1261 3688 igitur
1308 3617 1521 3673 funesta
1569 3618 1789 3673 vulnera
1841 3636 1953 3676 me—

371 3708 598 3764 dullitus
648 3708 913 3764 alterutro
961 3706 1276 3780 percussum
1334 3710 1441 3764 telo
1482 3710 1626 3765 dolet
1661 3720 1871 3780 pectus,
1899 3720 1953 3767 et

372 3801 502 3855 dum
534 3802 736 3857 mederi
764 3801 867 3855 sibi
900 3802 1157 3856 mutando
1194 3815 1408 3855 amores
1432 3802 1644 3865 nititur,
1680 3802 1875 3857 vulnus
1898 3803 1949 3857 in

373 3890 614 3944 deterius
670 3900 1069 3961 augmentatur.
1121 3890 1347 3946 Mutatio
1394 3892 1539 3948 enim
1606 3902 1952 3965 exaggerat,

373 3981 686 4035 omnimoda
714 3983 950 4036 desertio
981 3991 1157 4037 sanat.

444 4071 540 4125 Illo
566 4086 696 4127 sane
720 4072 899 4143 jaculo
926 4073 1073 4128 feriri
1108 4074 1227 4129 illas
1256 4074 1445 4131 vellem
1478 4092 1596 4145 qure
1626 4078 1951 4132 adamantttr

374 4175 665 4230 personas,
715 4163 859 4233 quod
908 4177 1146 4219 amorem
1200 4164 1391 4235 fugare
1447 4167 1674 4232 dicitur,
1724 4177 1783 4222 ut
1828 4184 1953 4223 cum

376 4262 651 4308 amatores
680 4252 832 4321 rejici
866 4270 926 4310 se
961 4256 1230 4321 viderent,
1262 4256 1453 4312 saltem
1490 4259 1694 4328 pudore
1725 4260 1957 4329 paenite-

378 4353 521 4399 rent.
565 4345 830 4414 Apollinis
860 4345 989 4399 illud
1016 4346 1429 4402 acerbissimum
1464 4350 1717 4404 damnum
1741 4351 1955 4416 vellem,

379 4444 439 4489 ut
470 4436 662 4504 cupido
688 4437 742 4490 in
775 4436 876 4491 hos
916 4446 1176 4502 verteret,
1204 4438 1411 4493 scilicet
1452 4442 1596 4509 quod
1637 4457 1759 4495 cum
1797 4443 1958 4497 heros

1475 420 1893 478 OPUSCULUM
1934 424 2020 481 DE
2063 428 2522 488 VIRGINITATE.

1156 578 1166 599 ,
1226 536 1472 606 stupidus
1519 537 1574 591 in
1633 537 1933 593 incedendo
1961 544 2008 604 Α
2037 546 2179 610 quod
2236 547 2431 615 saepius
2479 545 2811 614 frequentari
2860 545 3037 608 video,
3085 552 3407 613 opponatur.
3456 546 3610 615 Apud

3507 435 3609 493 598

2034 631 2307 686 diabolum
2336 633 2426 699 qui
2467 634 2580 688 suis
2611 633 2749 688 calet
2779 642 2833 688 et
2857 633 3014 688 callet
3045 634 3270 696 artibus,
3305 649 3402 687 nec
3444 648 3612 687 anno-

2034 723 2198 785 sitati,
2230 738 2329 779 nec
2364 725 2574 779 decoris
2602 735 2695 778 aut
2721 725 2988 780 indecoris
3017 738 3238 795 parcere
3268 733 3449 789 curat;
3481 723 3610 778 nihil

2036 821 2207 866 tutum
2242 815 2478 884 reperire
2501 829 2739 885 possunt.

2656 903 2887 959 CAPUT
2925 904 3015 959 XI.

2109 991 2212 1056 Qui
2242 999 2504 1045 austeram
2531 994 2687 1046 vitam
2716 1003 2832 1046 sunt
2862 993 3104 1063 professi,
3128 997 3382 1063 quomodo
3414 995 3466 1047 in
3497 1009 3616 1046 car-

2037 1080 2115 1134 nis
2145 1081 2322 1134 vitium
2351 1081 2536 1134 misere
2564 1080 2832 1136 labuntur.
2860 1113 2929 1123 —
2963 1082 3069 1137 Sed
3093 1084 3261 1152 quaeri
3290 1084 3491 1138 interea
3534 1100 3620 1138 so-

2038 1167 2131 1236 let,
2158 1179 2206 1223 et
2247 1185 2344 1238 pro
2368 1170 2603 1224 maximo
2628 1170 2765 1225 miro
2799 1172 3025 1225 habetur
3060 1172 3197 1241 apud
3233 1172 3463 1239 aliquos,
3495 1187 3618 1227 cum

2038 1261 2323 1330 cujuslibet
2355 1275 2516 1316 sexus
2544 1276 2775 1330 persona
2806 1263 3192 1317 continentiam
3219 1263 3615 1332 virginitatem-

2037 1364 2104 1403 ve
2145 1347 2391 1418 professa
2425 1350 2477 1402 in
2507 1349 2698 1403 vitium
2732 1351 2859 1414 ruit,
2898 1351 2964 1404 de
2996 1350 3100 1403 illis
3130 1351 3448 1418 praesertim,
3482 1367 3617 1419 quu-

2039 1454 2158 1492 rum
2204 1439 2339 1494 adeo
2381 1439 2551 1493 ardua
2597 1447 2683 1492 est
2730 1440 3074 1493 abstinentiae
3120 1439 3388 1493 institutio
3438 1450 3496 1493 ut
3546 1441 3615 1491 ab

2039 1528 2184 1582 omni
2224 1527 2368 1596 quod
2411 1528 2664 1595 coquitur
2705 1536 2901 1597 praeter
2928 1542 3123 1596 panem
3156 1541 3213 1580 se
3242 1538 3492 1590 arceant,
3529 1529 3622 1580 tri-

2039 1620 2142 1672 bus
2173 1618 2226 1671 in
2259 1619 2594 1673 hebdomade
2628 1619 2818 1675 diebus
2849 1618 2922 1672 nil
2951 1618 3257 1683 comedant,
3283 1619 3430 1688 gravi
3462 1620 3624 1672 mira-

2042 1707 2163 1764 culo
2206 1706 2344 1761 solet
2387 1721 2509 1761 esse
2548 1705 3023 1776 desperationique
3073 1706 3276 1759 multis.
3325 1707 3390 1759 Et
3438 1707 3501 1760 de
3542 1708 3625 1761 his

2039 1799 2178 1854 sileo
2222 1814 2359 1868 quos
2403 1798 2791 1863 adolescentia,
2825 1798 2870 1854 si
2902 1797 3175 1862 labantur,
3214 1807 3470 1861 excusat;
3506 1798 3625 1852 illos

1970 1885 2331 1952 Badhibeam
2383 1889 2473 1957 qui
2522 1889 2824 1959 juventutis
2883 1888 3179 1943 infortunia
3234 1888 3625 1958 przetergressi.

2048 1998 2169 2037 cum
2201 1982 2484 2036 maturitas
2505 1981 2603 2036 aevi
2627 1981 2947 2037 exhausisse
2974 1991 3233 2047 tumores,
3266 1982 3629 2050 humoresque

2047 2074 2359 2142 passionum
2408 2075 2688 2138 debuerat,
2717 2074 3035 2144 praeposteri
3077 2072 3204 2127 facti
3246 2073 3519 2142 spurcitize
3542 2072 3626 2143 ju-

2048 2165 2211 2219 venili
2241 2168 2353 2235 jam
2402 2175 2613 2219 veteres
2663 2164 3092 2234 immerguntur;
3131 2164 3223 2218 sed
3254 2164 3298 2217 si
3328 2170 3519 2217 eausas
3549 2173 3629 2215 ta-

2048 2257 2178 2311 lium
2229 2257 2528 2321 ruinarum,
2558 2271 2692 2324 quas
2736 2271 2842 2309 non
2889 2255 3227 2323 repentinas,
3278 2256 3370 2309 sed
3412 2264 3629 2308 antece-

2049 2346 2196 2401 denti
2242 2345 2330 2399 ditt
2383 2346 2607 2399 materia
2654 2354 2961 2400 contractas
3006 2344 3259 2408 arbitror,
3291 2343 3629 2413 perpendere

2047 2444 2102 2490 et
2143 2435 2456 2489 examinare
2499 2445 2744 2499 noscent,
2772 2434 2959 2490 dolere
3001 2450 3188 2488 eorum
3222 2434 3482 2503 lapsibus,
3518 2450 3627 2488 non

2050 2527 2237 2581 mirari
2292 2535 2538 2597 possent.
2599 2526 2790 2582 Subita
2843 2526 2980 2581 adeo
3039 2526 3273 2594 aliquem
3325 2526 3633 2580 incursione

2048 2620 2244 2674 cadere
2293 2633 2451 2687 posse
2493 2618 2636 2673 sicut
2683 2632 2782 2672 nec
2825 2615 3059 2686 experiri
3096 2630 3183 2669 me
3233 2614 3483 2683 contigit,
3534 2630 3634 2668 nec

2048 2707 2243 2776 legisse
2273 2706 2500 2761 definire
2534 2722 2621 2762 me
2657 2706 2933 2769 recordor,
2964 2704 3143 2759 dicere
3184 2703 3405 2757 minimc
3437 2703 3630 2758 audeo.

2048 2775 2238 2860 casus,
2264 2796 2355 2866 qui
2398 2804 2660 2850 vocantur
2688 2796 2874 2858 subiti,
2912 2775 3003 2847 aut
3050 2793 3235 2847 inclita
3282 2792 3511 2855 desidia,
3542 2802 3636 2846 aut

2047 2889 2219 2944 veteri
2258 2888 2485 2943 interius
2502 2887 2841 2943 ccalcscente
2870 2886 3118 2956 superbia
3152 2885 3264 2938 fieri
3297 2884 3426 2938 mihi
3456 2884 3632 2938 solere

2047 2978 2319 3033 videntur.
2353 2977 2488 3032 Dum
2531 2977 2675 3032 enim
2728 2991 2882 3032 mens
2934 2991 2964 3030 a
3012 2991 3110 3031 suo
3155 2975 3331 3045 rigore
3379 2974 3633 3044 paulatim

2048 3069 2221 3126 laxari
2263 3085 2358 3141 per
2393 3070 2614 3124 minima
2652 3083 2877 3138 qumque
2917 3068 3163 3139 coeperit,
3193 3075 3247 3122 et
3296 3068 3348 3121 in
3396 3075 3633 3137 teporem

2049 3162 2343 3233 pessimum
2376 3164 2447 3217 in
2495 3162 2607 3217 dies
2648 3161 2947 3218 deiicienda
2991 3159 3272 3223 deciderit,
3313 3160 3636 3215 succedente

2055 3254 2368 3309 tentationis
2392 3255 2467 3321 vi,
2497 3270 2615 3324 qua:
2649 3270 2941 3324 nunquam,
2972 3252 3185 3308 diabolo
3225 3252 3276 3306 id
3307 3258 3631 3320 aucupante,

2048 3347 2216 3401 menti
2248 3347 2485 3401 remissa:
2513 3346 2684 3409 deest,
2728 3361 2849 3399 mox
2883 3344 3075 3415 agitari
3108 3344 3176 3397 ad
3217 3343 3473 3411 nequiora
3509 3357 3638 3396 con-

2050 3436 2245 3492 suevit.
2279 3435 2406 3489 Inde
2453 3450 2558 3489 non
2601 3434 2714 3504 jam
2762 3434 3067 3503 insperatte,
3096 3432 3190 3486 sed
3234 3431 3373 3486 male
3408 3440 3638 3485 assueta:

2052 3526 2394 3599 cogitationis
2442 3526 2769 3597 indulgentia
2817 3526 2871 3580 in
2920 3539 3055 3594 opus
3104 3539 3171 3578 ex
3221 3536 3379 3593 poena
3428 3525 3636 3592 peccati

2051 3619 2313 3683 curritur,
2349 3626 2405 3672 et
2447 3617 2589 3686 quod
2635 3617 2867 3687 turpiter
2905 3625 3221 3686 conceptum
3256 3614 3513 3680 humano,
3539 3615 3639 3668 sub

2054 3711 2327 3781 hypocrisi
2377 3708 2814 3765 abscondebatur
2858 3708 3118 3778 aspectui,
3160 3708 3269 3763 Deo
3315 3706 3459 3775 juste
3510 3706 3643 3761 ulci-

2054 3812 2239 3858 sceute
2274 3802 2607 3873 producitur.
2662 3799 2810 3855 Solet
2853 3802 3017 3855 etiam
3062 3808 3300 3855 remotos
3332 3798 3640 3853 arszeculari

2055 3897 2457 3952 cohabitatione
2502 3894 2765 3964 plurimos
2810 3893 3174 3949 confabulatio
3224 3893 3639 3951 mundanorum,

2054 4000 2108 4043 et
2146 3989 2236 4058 qui
2271 3997 2483 4043 terrena
2524 3996 2579 4041 et
2610 3986 2826 4056 sapiunt
2868 3995 2923 4040 et
2960 3994 3194 4055 qucrunt
3236 3985 3300 4038 ad
3341 3994 3641 4039 extremum

2057 4082 2221 4135 totius
2250 4080 2534 4136 dementiae
2561 4078 2941 4149 voraginisque
2977 4078 3268 4132 deducere.

2128 4172 2375 4225 Custitati
2413 4169 2689 4239 iuvigilans
2729 4170 3097 4238 circumspecte
3135 4168 3415 4221 admodum
3460 4184 3513 4220 se
3552 4183 3631 4235 ge.

2059 4281 2173 4318 rere
2199 4263 2369 4317 debet.
2396 4293 2465 4302 —
2499 4261 2625 4316 Hzee
2658 4261 2821 4329 igitur
2846 4271 2913 4315 et.
2934 4260 3129 4315 talibus
3162 4260 3382 4322 similia,
3412 4273 3641 4326 quorum

2058 4353 2307 4407 vecordia
2358 4351 2609 4421 gravitati
2658 4365 2763 4403 non
2812 4350 3132 4412 concordat,
3175 4349 3253 4403 sic
3300 4348 3633 4400 attendatnut

2060 4445 2260 4498 dixisse
2293 4452 2348 4496 ut
2380 4458 2443 4497 ex
2485 4442 2615 4511 ipsis
2650 4442 2941 4495 contrariis
2966 4456 3086 4508 quae
3132 4452 3367 4509 congrue
3411 4436 3643 4490 salubri-

379 4526 635 4596 praefatus
672 4527 740 4581 de
780 4528 1031 4583 draconls
1069 4528 1212 4584 illius
1241 4529 1408 4584 divini
1448 4532 1672 4585 victoria
1698 4530 1958 4599 juvenili-
1994 4556 2036 4609 ι)
2066 4542 2252 4599 terque
2283 4531 2486 4601 agenda
2535 4530 2643 4583 sint
2676 4530 2957 4583 videamur
2991 4528 3345 4597 prudentibus
3378 4526 3642 4592 innuisse,

382 4628 468 4673 ter
496 4618 825 4687 superbiret,
858 4635 957 4675 nec
980 4619 1220 4688 jaculum
1267 4621 1536 4689 cupidinis
1562 4623 1672 4692 jam
1721 4623 1956 4689 timeret,

382 4707 632 4777 Daphnes
690 4707 793 4764 sibi
854 4710 1010 4764 unica
1073 4710 1325 4779 plumbeo
1356 4712 1482 4776 telo,
1536 4712 1679 4780 quod
1742 4712 1964 4783 fugabat

382 4811 642 4862 amorem,
677 4797 998 4866 percutitur,
1030 4807 1084 4852 et
1123 4798 1192 4852 ab
1232 4800 1346 4868 ipsa
1371 4802 1618 4869 protinus
1663 4801 1961 4857 foedissime

381 4886 571 4956 Apollo
598 4888 915 4956 despicitur.
948 4887 992 4944 Ο
1019 4890 1181 4950 Deus.
1216 4891 1357 4945 male
1401 4893 1707 4946 amantibus
1738 4894 1879 4948 etde
1904 4909 1962 4948 se

383 4980 860 5046 prresumentibus,
891 4980 981 5049 qui
1020 4981 1156 5034 bene
1186 4996 1284 5049 per
1323 4984 1611 5051 superbum
1657 4984 1958 5052 Apollinem

360 5067 706 5139 figurantur,
750 5071 821 5123 ita
871 5071 1169 5138 proveniat,
1217 5071 1343 5125 illud
1396 5075 1666 5141 praecipue
1718 5076 1957 5139 cunctis,

385 5159 471 5226 qui
496 5160 575 5212 sui
609 5160 660 5211 in
693 5159 833 5214 bono
856 5176 1040 5215 curam
1062 5163 1261 5216 habent
1291 5163 1576 5218 indicimus
1598 5174 1651 5218 et
1678 5181 1962 5220 monemus

386 5260 459 5313 nt,
471 5262 733 5319 quantum
750 5252 948 5307 virtute
963 5253 1327 5321 praeemineat,
1342 5255 1706 5322 quamtutnvis
1720 5256 1960 5323 impene-

388 5347 577 5401 trabile
623 5363 717 5401 cor
766 5349 961 5402 habeat
1008 5357 1063 5402 et
1110 5358 1323 5413 amator
1351 5359 1406 5403 et
1446 5350 1586 5418 quod
1628 5360 1857 5415 amatur,
1889 5351 1960 5404 ita

384 5445 738 5506 utrorumque
761 5438 1099 5493 familiaritas
1111 5440 1467 5503 discindatur,
1487 5449 1669 5507 utpote
1689 5456 1807 5509 ψιω
1830 5441 1964 5494 mul-

387 5537 440 5582 to
480 5530 632 5598 pejus
657 5540 914 5600 cperatur
940 5547 1102 5600 quam
1132 5533 1218 5585 illa
1253 5531 1635 5600 frequentatio,
1664 5548 1784 5601 qua:
1815 5535 1963 5587 utro-‘-

388 5618 548 5686 biquc
587 5636 616 5673 a
652 5622 954 5690 quibusque
1001 5621 1286 5676 levissimis
1324 5622 1625 5676 inchoatur.
1671 5620 1785 5675 Non
1830 5622 1962 5675 mihi

386 5708 544 5776 gelidi
578 5711 786 5764 senium
823 5711 1087 5779 corporis,
1110 5720 1166 5766 et
1207 5712 1460 5765 diuturna
1495 5710 1770 5780 religionis
1803 5726 1966 5779 expc-

387 5800 578 5857 t'ictttia
628 5798 945 5868 objiriatur,
977 5817 1079 5856 non
1124 5801 1431 5872 [Etltiupica
1492 5803 1736 5868 fmilitas,
1791 5804 1841 5856 in
1897 5820 1962 5859 eo

2063 4638 2125 4675 ac
2153 4623 2219 4683 si,
2252 4622 2399 4675 verbi
2429 4621 2620 4689 gratia,
2661 4618 2819 4673 alicui
2860 4619 3094 4673 dicerem
3127 4635 3139 4671 :
3171 4617 3359 4671 Perdis
3391 4617 3641 4686 teipsum,

2061 4713 2188 4780 quia
2216 4711 2354 4765 male
2380 4710 2536 4775 vivis,
2561 4719 2612 4764 et
2644 4709 2730 4763 ille
2771 4709 2959 4778 procul
2988 4709 3149 4763 dubio
3175 4708 3248 4761 nil
3271 4707 3414 4761 aliud
3446 4707 3646 4761 intelli-

2061 4811 2229 4874 geret,
2263 4802 2366 4856 nisi
2402 4801 2549 4855 salva
2576 4810 2625 4854 te
2656 4801 2826 4870 ipsum
2855 4801 2989 4855 bene
3017 4799 3267 4853 vivendo.
3306 4796 3431 4852 Haec
3463 4798 3645 4866 itaque

2063 4910 2273 4949 morum
2305 4893 2588 4946 maturitas
2615 4891 2778 4945 totius
2809 4891 3165 4959 temperantia
3198 4901 3282 4944 est
3311 4888 3559 4950 actionis,
3588 4898 3647 4939 ut

2063 4994 2322 5055 quantum
2366 4986 2658 5038 humanum
2686 4993 2788 5047 est,
2823 4982 2894 5037 nil
2941 4983 3117 5037 minus
3157 4991 3250 5035 aut
3294 4981 3520 5034 nimium
3550 4980 3639 5043 sit,

2064 5087 2337 5148 aspectus,
2370 5092 2572 5140 sermo,
2606 5076 2973 5131 membrorum
3018 5082 3213 5139 motus,
3242 5074 3440 5143 gradus
3478 5071 3644 5125 etiam

2062 5168 2178 5238 ipse
2214 5167 2285 5221 nil
2322 5181 2783 5237 supervacaneum
2831 5165 3128 5235 praetendat
3170 5163 3429 5217 exterius.
3468 5161 3644 5231 Supra

2062 5259 2244 5313 omnia
2293 5258 2516 5313 interior
2545 5257 2714 5311 animi
2758 5256 2941 5325 regula
2979 5263 3084 5309 tam
3117 5254 3301 5309 subtili
3334 5255 3645 5321 provisione

2066 5350 2279 5404 incedat
2327 5356 2386 5403 ut
2430 5349 2578 5402 nullo
2623 5350 2690 5401 ah
2740 5347 3010 5415 aequitatis
3058 5346 3248 5399 ordine
3297 5345 3645 5413 permittatur

2062 5440 2307 5494 derivare
2337 5450 2570 5507 torpore.
2591 5438 2731 5505 Ergo
2761 5436 2892 5491 nihil
2913 5451 3121 5500 eorum,
3150 5450 3269 5503 quae
3285 5449 3412 5489 caro
3442 5434 3645 5489 deside-

2066 5541 2250 5587 ranter
2291 5532 2538 5593 intendit,
2588 5532 2725 5583 intra
2775 5528 2970 5583 mentis
3018 5536 3203 5599 portas
3251 5526 3645 5581 admittendmn

2062 5633 2170 5688 est,
2203 5638 2303 5677 nec
2333 5624 2398 5677 ad
2429 5624 2514 5677 illa
2562 5622 2839 5676 Oculorum
2890 5621 3278 5690 intorquendus
3322 5630 3408 5675 est
3456 5621 3643 5682 tuitus,

2063 5727 2293 5782 quorum
2344 5712 2491 5766 cordi
2528 5710 2838 5764 Christiano
2885 5718 3093 5763 constat
3143 5709 3445 5779 prohibitus
3483 5724 3644 5776 appe-

2067 5806 2216 5859 titus.
