4014 6324
488 377 596 436 899

1309 374 1372 429 ν.
1413 370 1738 429 GUIBERTI
1775 364 2067 433 ABBATIS
2106 366 2161 422 S.
2199 365 2437 427 MARL‘E
2480 366 2569 422 DE
2596 364 2987 426 NOVICENTO

3640 369 3733 427 σω

566 489 679 544 Sub
733 488 825 543 tali
864 488 1027 557 igitur
1072 488 1277 559 gerula,
1316 488 1543 558 optimo,
1583 487 1777 548 lateor,
1828 484 2069 539 omnium
2098 485 2145 546 Α
2175 495 2296 535 oam
2319 479 2444 534 belli
2469 481 2669 548 optime
2690 481 2866 535 exacti
2890 481 3130 550 praemio,
3154 492 3394 551 quietum
3418 488 3477 537 et
3495 482 3737 552 solidum,

492 578 778 649 provisore
806 586 1005 632 sancta:
1029 575 1188 645 hujus
1214 577 1430 632 virtutis
1455 576 1770 647 provehitur
1797 576 2067 641 honestas,

492 677 551 723 et
574 681 696 737 qua:
723 681 821 736 per
859 679 919 720 se
953 665 1202 734 progredi
1256 680 1369 734 pra:
1415 673 1603 721 tenero
1638 664 1813 719 adhuc
1854 663 2069 729 robore,

493 773 595 819 nec
622 772 719 827 per
740 770 798 811 se
819 756 1115 812 subsistere
1144 754 1361 821 sullicit,
1387 765 1591 812 sanctae
1614 754 1895 826 gravitatis
1917 754 2070 823 quasi

492 846 875 911 circumcincta
919 852 1271 915 sustentaque
1303 846 1541 900 brachiis
1581 844 1860 914 repentino
1894 841 2067 906 casui,

491 944 545 995 et
575 936 843 1006 ingruenti
886 935 1148 991 molestiae
1184 936 1556 1002 subtrahatur.
1583 936 1770 1003 sicque
1811 933 1972 991 veluti
1999 933 2068 987 ab

490 1026 712 1092 ineunte
741 1033 902 1080 aetate
939 1024 1055 1092 ejus
1096 1026 1324 1081 solidata
1368 1028 1564 1082 ducatu
1598 1040 1721 1079 cum
1760 1026 1827 1080 ad
1877 1037 2072 1094 prove-

490 1117 717 1179 ctiorem
765 1118 1045 1172 devenerit
1095 1126 1319 1184 statum,
1351 1126 1526 1173 tracto
1574 1117 1630 1173 in
1684 1126 1931 1171 naturain
1978 1116 2069 1187 pio

489 1228 613 1277 usu,
640 1226 738 1281 per
763 1225 821 1267 se
849 1211 960 1281 jam
988 1210 1198 1268 ﬁrmior
1226 1212 1424 1280 ubique
1456 1212 1649 1281 vigeat.
1681 1210 1787 1265 Sed
1814 1210 1940 1279 quia
1971 1226 2069 1271 nu-

490 1301 683 1357 tricem
724 1316 788 1356 ac
828 1301 1068 1370 gerulam
1100 1316 1199 1371 pro
1228 1310 1414 1357 nostra
1444 1299 1758 1355 lacultatula
1791 1299 2067 1355 distribui—

491 1408 632 1456 mus,
682 1391 1063 1460 pubescentem
1109 1389 1568 1445 adolescentulam
1611 1388 1834 1444 lascivia
1880 1404 2068 1459 super-

486 1481 649 1536 biave
692 1480 985 1551 pulsatam,
1015 1479 1138 1549 quis
1169 1480 1426 1549 magister
1458 1479 1745 1547 deprimat,
1789 1486 1845 1533 et
1894 1479 2065 1534 inter-

487 1574 677 1637 misso,
727 1570 1006 1639 objectove
1064 1568 1348 1638 subjiciat,
1400 1568 1840 1640 remancipetque
1892 1569 2065 1640 operi,

483 1674 649 1731 parce
676 1658 987 1714 dicendum.

492 1734 497 1741 '
558 1749 757 1804 Timort’
780 1747 879 1803 Dei
902 1748 1238 1805 studendum.
1260 1779 1331 1791 -
1356 1748 1501 1804 Nihil
1537 1747 1747 1806 aestimo
1777 1747 1867 1802 tali
1893 1746 2069 1805 oilicio

2173 568 2378 637 absque
2404 569 2689 624 insolentia
2716 569 3019 639 cujuspiam
3048 570 3296 627 incursus
3327 571 3514 627 carnis
3540 571 3738 627 habita-

2162 659 2407 716 ‘torulum
2439 666 2617 714 rector
2644 660 2869 729 spiritus
2907 661 3166 726 obtineat,
3195 670 3249 716 et
3279 663 3451 717 totius
3491 663 3743 731 conquie-

2169 760 2288 807 scat
2314 749 2619 805 incendium
2644 750 2934 820 passionis,
2961 767 3119 820 quam
3143 752 3277 807 adeo
3296 754 3520 823 copiosa
3545 767 3740 822 repres.

2172 841 2310 896 serit
2335 840 2676 908 conﬂigendo
2704 842 2845 896 unda
2875 843 3104 898 sudoris.

2242 932 2510 997 Quantum
2540 934 2659 987 boni
2695 950 2760 987 ex
2788 935 2965 989 eodem
2992 951 3171 989 amore
3193 936 3417 1006 pudicus
3447 936 3737 997 exhauriat.

2168 1052 2238 1065 --
2270 1022 2351 1078 Ad
2401 1024 2850 1093 impassibilitatis
2906 1026 3090 1095 itaque
3138 1029 3364 1098 gloriam
3419 1029 3604 1083 anima
3652 1044 3747 1083 suo

2169 1117 2334 1172 etiam
2382 1116 2560 1171 adhuc
2608 1131 2835 1185 corpore
2880 1126 3163 1188 angustata
3209 1119 3557 1187 perveniens,
3605 1128 3743 1174 tanto

2169 1214 2390 1275 tamque
2418 1204 2709 1260 atl‘ectuoso
2738 1206 2804 1261 ad
2835 1222 3050 1261 omnem
3088 1207 3340 1276 puritatis
3378 1209 3743 1277 integritatem

2167 1311 2355 1352 amore
2383 1296 2748 1362 contrahitur,
2780 1305 2839 1351 ut
2883 1311 2989 1352 non
3027 1297 3189 1352 modo
3232 1299 3386 1367 quasi
3430 1297 3747 1352 naturaliter

2168 1388 2372 1458 aliquid
2415 1388 2826 1458 voluptuosum,
2874 1389 2970 1443 sed
3000 1388 3164 1443 veluti
3203 1389 3489 1459 paradisus
3532 1388 3744 1442 amonti-

2173 1486 2321 1534 tasve
2348 1479 2790 1548 incomparabilis
2814 1480 3060 1549 qumdam
3092 1480 3195 1535 sibi
3224 1480 3494 1546 videatur,
3520 1489 3576 1534 et
3609 1480 3747 1548 quod

2167 1570 2320 1640 prius
2364 1584 2504 1640 pene
2548 1572 2916 1640 importabile,
2969 1587 3114 1626 nunc
3160 1572 3281 1628 leve
3325 1586 3490 1640 supra
3536 1586 3748 1625 omnem

2168 1661 2583 1716 aestimationem
2631 1663 2746 1717 ﬁat.
2790 1662 2886 1719 Isti
2932 1678 3062 1733 ergo
3108 1672 3232 1732 post
3279 1664 3401 1719 illos
3444 1663 3751 1733 prrelibatos

2168 1752 2521 1823 paedagogos,
2549 1753 2642 1823 qui
2666 1751 2785 1822 ejus
2817 1754 2997 1807 adhuc
3023 1754 3404 1819 adolescentis,
3432 1753 3754 1823 discipulari

485 1842 684 1911 aptius,
714 1856 880 1912 quam
920 1840 1087 1905 divini
1131 1842 1343 1897 timoris
1371 1840 1554 1912 jugem
1591 1840 1929 1896 memoriam.
1956 1840 2071 1894 Pri-
2101 1839 2145 1899 B
2168 1843 2312 1913 jure,
2334 1842 2546 1914 fregere
2575 1846 2867 1911 cervicem,
2892 1846 3003 1914 isti,
3035 1846 3277 1916 inquam,
3310 1845 3464 1915 quasi
3492 1855 3752 1916 perpetuo

485 1947 575 1996 tuo
602 1932 821 2001 quidem
854 1945 1024 2000 preme
1057 1931 1332 2002 judicialis
1361 1941 1557 1997 metus,
1583 1931 1628 1986 si
1670 1930 1832 1997 adsit,
1855 1930 1933 1986 nil
1956 1929 2071 1985 olli-

484 2022 582 2085 cit,
612 2021 723 2074 imo
757 2018 988 2089 prolicit,
1018 2021 1144 2076 dum
1178 2020 1549 2079 conversionis
1579 2020 1729 2075 initia
1760 2020 1903 2075 bono
1930 2034 2068 2075 mte-

481 2126 609 2167 rore
649 2109 831 2175 allicit,
860 2120 915 2164 et
948 2111 1168 2166 virtutis
1197 2111 1511 2181 appetenda
1546 2111 1721 2181 prima
1751 2111 2071 2181 plerumque

483 2202 717 2255 materia
748 2202 837 2255 sit.
868 2199 974 2255 Sed
1001 2200 1089 2255 ille
1112 2210 1334 2256 sanctus
1366 2201 1420 2255 in
1453 2200 1709 2256 szeculum
1741 2201 1919 2257 saeculi
1946 2217 2072 2273 per-

482 2304 710 2346 manens
760 2288 921 2353 timor
969 2288 1141 2360 (Psal.
1196 2305 1365 2356 xvnt,
1406 2290 1515 2360 10),
1559 2305 1667 2360 quo
1712 2290 1795 2346 sui
1839 2292 2069 2361 gratiam

481 2379 662 2442 Patris
699 2377 973 2435 oll'endere
1009 2395 1161 2434 mens
1189 2381 1381 2435 devota
1420 2389 1640 2435 veretur
1682 2382 1817 2437 adeo
1861 2382 2069 2443 tuendae

482 2470 787 2539 integritati
838 2473 1182 2527 necessarius
1230 2481 1337 2538 est,
1365 2480 1426 2526 ut
1466 2471 1615 2527 nulla
1660 2472 1779 2528 sine
1822 2472 1914 2528 illo
1953 2472 2069 2543 ejus

482 2562 652 2641 gloria
688 2570 922 2628 constet,
952 2561 1095 2615 nulla
1132 2562 1376 2633 inquam,
1413 2578 1533 2634 qua:
1560 2563 1679 2618 sine
1718 2564 1839 2628 hac,
1867 2564 2069 2621 amoris

480 2653 693 2709 scilicet
744 2653 911 2713 divini
960 2654 1297 2720 intentione,
1354 2654 1703 2723 parvissimos
1757 2655 2068 2711 tentationis

484 2745 776 2816 cujuslibet
803 2746 1038 2815 impetus
1068 2745 1302 2807 tolerare
1328 2760 1434 2801 non
1476 2746 1751 2815 praevalet.
1780 2745 1893 2801 Hac
1920 2748 2066 2801 enim

482 2851 583 2906 spe
624 2835 719 2905 Dei
759 2836 1062 2901 dilectionis
1090 2838 1395 2899 obtinenda:
1424 2839 1611 2904 robur,
1652 2848 1839 2894 contra
1870 2849 2066 2895 cuncta

484 2925 801 2995 discrimina
849 2926 1061 2997 piorum
1116 2928 1312 2982 animis
1360 2928 1689 2994 innascitur;
1743 2930 1834 2999 qui
1883 2939 2067 2984 castus

481 3017 783 3086 ﬁtiationis,
808 3034 917 3083 non
947 3020 1227 3075 servitutis
1256 3020 1416 3075 timor
1444 3019 1614 3089 (Rom.
1644 3036 1760 3083 vnt,
1788 3020 1901 3092 l5),
1938 3022 2064 3075 dum

479 3125 647 3181 vagos
684 3109 849 3178 animi
879 3110 1170 3180 carnisque
1208 3119 1387 3167 motus
1421 3110 1627 3167 liberali
1661 3121 1851 3167 curvat
1890 3113 2061 3183 impe-

2170 1933 2365 1988 marito
2412 1935 2647 1990 nectitur
2692 1935 3012 2005 virginitas,
3070 1943 3130 1990 ut
3166 1936 3332 1990 etiam
3370 1930 3671 2006 pra-multa
3702 1935 3753 1991 vi

2171 2023 2494 2088 dilectionis,
2530 2024 2879 2079 securitatem
2926 2025 2993 2079 de
3030 2039 3126 2079 sua
3171 2025 3224 2079 in
3259 2025 3363 2079 hoc
3394 2025 3592 2080 saeculo
3630 2040 3753 2093 per-

2170 2112 2475 2168 severantia
2525 2122 2839 2181 przesumat,
2879 2122 2955 2178 et,
2988 2111 3145 2182 juxta
3192 2114 3483 2183 quamdam
3532 2113 3755 2184 gloriosi

2167 2204 2389 2258 Antonii
2445 2203 2795 2269 sententiam,
2849 2204 3019 2261 Deum
3071 2220 3178 2259 non
3226 2203 3340 2273 jam
3400 2205 3606 2268 timeat,
3668 2205 3758 2259 sed

2168 2304 2336 2361 amet,
2366 2301 2421 2347 et
2455 2294 2657 2350 bonum
2698 2310 2805 2349 non
2849 2303 2961 2349 tam
3004 2303 3227 2366 propter
3259 2294 3387 2350 boni
3421 2295 3591 2365 ipsius
3620 2310 3760 2365 pra:-

2169 2389 2359 2457 mium,
2384 2403 2547 2458 quam
2587 2397 2809 2458 propter
2836 2388 3069 2459 idipsum
3098 2388 3240 2459 quod
3280 2397 3365 2443 est
3410 2389 3644 2452 bonum,
3677 2403 3760 2441 se-

2168 2481 2307 2536 ctari
2336 2481 2570 2545 studeat,
2603 2490 2658 2535 et
2682 2488 2961 2550 peccatum
2992 2496 3099 2535 non
3128 2496 3227 2550 pro
3255 2479 3440 2534 debito
3464 2478 3755 2549 supplicio,

2167 2570 2263 2626 sed
2297 2570 2463 2625 solius
2509 2572 2717 2626 tuenda;
2745 2586 2857 2627 sure
2893 2572 3153 2628 bonitatis
3198 2568 3443 2641 diﬂ’ugiat
3476 2579 3627 2625 voto.
3656 2568 3759 2633 Sed

2168 2660 2234 2714 ad
2259 2660 2631 2733 prosequenda
2661 2668 2858 2719 caetera
2885 2675 3094 2716 eamus.

2762 2749 2989 2805 CAPUT
3006 2738 3011 2741 5
3030 2749 3143 2805 Xll.

2239 2843 2649 2913 Objectiunculis
2690 2847 2746 2899 in
2784 2848 3025 2905 virtutem
3066 2846 3333 2912 pudicitiae
3380 2846 3498 2915 ﬁeri
3554 2846 3759 2919 solitis,

2165 2945 2476 2989 occurritur.
2507 2964 2574 2974 —
2610 2935 2692 2989 Ad
2735 2937 2878 2991 hunc
2908 2937 3094 3006 igitur,
3118 2951 3150 2991 o
3176 2943 3378 2992 sancta
3423 2935 3760 3004 integritath

2166 3024 2365 3079 cultrix
2408 3026 2613 3092 anima,
2648 3034 2812 3080 tantm
2859 3026 3169 3081 eminentiae
3216 3034 3417 3081 statum
3465 3025 3755 3090 anhelans,

2166 3113 2290 3167 dum
2332 3113 2548 3168 sincere
2580 3113 2765 3169 vivere
2800 3114 3121 3183 incoeperis,
3176 3122 3280 3168 tua:
3330 3114 3760 3182 perseverantiae

478 3200 584 3277 rio,
626 3210 799 3267 tutam
849 3201 1079 3263 irruenti
1130 3202 1369 3263 animam
1423 3202 1598 3257 reddit
1650 3202 1917 3271 periculo;
1962 3174 2130 3259 necC
2161 3202 2473 3276 profuturas
2500 3204 2751 3260 sitienter
2769 3174 2963 3275 accipe-
2980 3206 3243 3260 rationes.

477 3299 688 3369 uspiam
733 3299 954 3356 desidiae
993 3301 1194 3370 praebet
1226 3301 1427 3364 locum,
1461 3294 1550 3369 qui
1601 3293 1851 3355 lortttidat
1896 3297 2060 3357 amit-

480 3400 596 3444 tere
632 3390 807 3446 solum
836 3391 1071 3456 bonum;
1120 3407 1220 3448 nec
1258 3392 1432 3461 placet
1472 3392 1575 3449 sibi
1620 3393 1666 3448 si
1705 3393 1922 3462 impune
1968 3408 2061 3462 pa-

480 3487 628 3536 trare
678 3481 842 3537 liceat
878 3482 1171 3552 quidquam
1219 3483 1440 3537 malum.
1470 3483 1756 3538 Accedenti
1794 3484 1957 3553 igitur
1994 3484 2061 3538 ad

482 3572 577 3628 Dei
609 3574 926 3629 servitutem
963 3575 1214 3629 standum
1258 3575 1419 3645 322
1457 3576 1508 3629 in
1539 3576 1751 3644 justitia
1786 3585 1840 3633 et
1873 3579 2063 3633 timore

479 3671 564 3717 est
593 3662 784 3733 (Eccli.
818 3679 882 3727 lt,
913 3663 987 3732 1).
1027 3682 1045 3715 ‹
1081 3661 1282 3719 Beatus
1311 3666 1453 3718 enim
1488 3664 1569 3718 vir
1598 3665 1690 3734 qui
1726 3680 1939 3735 semper
1978 3678 2062 3722 est

480 3754 746 3821 pavidus,
795 3754 889 3823 qui
936 3762 1117 3809 autem
1159 3756 1355 3811 mentis
1400 3766 1483 3813 est
1529 3757 1707 3824 durae,
1747 3770 1966 3814 corruet
2006 3758 2060 3812 in

480 3842 679 3907 malum
708 3840 892 3911 (Prov.
925 3861 1116 3910 xxvnt,
1147 3846 1257 3917 14).
1292 3867 1310 3899 ι

554 3934 638 3989 Ea;
671 3934 771 3990 Dei
800 3952 978 3991 amore
994 3937 1141 4009 jugis
1170 3938 1377 3994 laetitia.
1407 3970 1477 3981 —
1509 3939 1617 3995 Sed
1649 3943 1785 3997 tanti
1822 3942 2061 4013 discipli-

481 4040 565 4080 nae
600 4027 905 4082 documenti
949 4029 1170 4083 instanti
1210 4032 1390 4086 studio
1429 4030 1755 4098 iulormatte,
1788 4034 1909 4104 quis
1948 4051 2063 4089 ma-

480 4117 621 4181 ritali
656 4118 1011 4176 fmderabitur
1039 4122 1180 4192 lege,
1212 4124 1314 4177 nisi
1353 4124 1419 4188 is,
1452 4124 1518 4179 de
1544 4125 1698 4195 cujus
1735 4128 1942 4181 semine
1982 4128 2062 4186 in-

479 4213 733 4281 desinens
774 4214 877 4271 sibi
908 4218 1133 4273 accedat
1158 4232 1266 4272 non
1298 4218 1439 4281 aliud
1470 4234 1631 4288 quam
1652 4219 1780 4290 juge
1807 4222 2059 4291 gaudium

476 4312 687 4381 partus,
719 4300 872 4360 amo'r
900 4307 1150 4363 videlicet
1174 4308 1293 4373 Dei,
1319 4310 1411 4378 qui
1438 4310 1678 4367 charitas
1696 4311 1931 4367 dicitur!
1961 4312 2060 4369 Cui

478 4411 599 4464 cum
632 4414 775 4463 nunc
803 4399 1023 4455 assidua
1060 4400 1239 4455 inesse
1276 4400 1460 4455 laetitia
1490 4417 1556 4459 ex
1592 4405 1936 4462 conscientia:
1963 4421 2061 4476 pu—

2236 3296 2386 3352 Multi
2424 3296 2746 3366 plerumque
2783 3297 3073 3368 cujuslibet
3102 3297 3439 3367 professores
3469 3298 3758 3367 religionis

2163 3388 2265 3447 sibi
2291 3387 2565 3461 objectare
2592 3388 2786 3459 solent,
2816 3405 2920 3447 non
2954 3403 3279 3464 magnopere
3305 3391 3610 3445 curandam
3645 3406 3759 3445 car-

2164 3484 2249 3538 nis
2277 3482 2692 3549 continentiam,
2720 3498 2840 3552 quae
2868 3494 3110 3538 veterum
3147 3482 3397 3553 exemplo
3425 3482 3755 3553 paginarum

2164 3587 2430 3641 nusquam
2473 3585 2610 3641 pene
2643 3571 2911 3638 tinuatur,
2945 3587 3209 3641 nusquam
3238 3589 3305 3628 ex
3344 3582 3628 3642 praecepto
3665 3572 3757 3625 ulli

2163 3662 2431 3718 servanda
2470 3660 2749 3726 indicitur,
2785 3663 2894 3715 imo
2927 3677 3047 3716 cum
3084 3664 3134 3715 in
3171 3662 3454 3731 principiis
3495 3662 3757 3723 humane

2163 3756 2456 3811 creationis
2482 3755 2646 3811 homo
2688 3770 2791 3808 non
2827 3755 2942 3808 sine
2982 3754 3182 3809 femina
3215 3769 3336 3807 cum
3374 3754 3755 3809 membrorum

2160 3846 2522 3915 competentia
2564 3846 2629 3898 ad
2673 3845 2997 3915 gignendum
3048 3844 3385 3913 producitur.
3418 3843 3676 3911 Crescite,
3707 3854 3754 3898 et

2163 3937 2613 4006 multiplicamini,
2653 3946 2700 3989 et
2733 3936 2923 4005 replete
2951 3946 3144 3989 terram
3173 3936 3254 3989 eis
3287 3935 3487 3990 dicitur
3516 3935 3680 4005 (Cen.
3712 3953 3751 4001 ι,

2160 4027 2272 4097 9.8).
2330 4026 2531 4080 Fatuus
2576 4032 2661 4081 est
2700 4025 2786 4079 cui
2842 4023 2949 4080 tale
2988 4032 3047 4079 ut
3094 4023 3332 4094 excipiat
3364 4024 3559 4095 jugum
3605 4041 3734 4080 sua-

2160 4117 2340 4175 detur.

2231 4212 2431 4267 Contra
2470 4212 2583 4267 baec
2608 4210 2902 4267 refellenda
2928 4224 3032 4265 non
3065 4224 3198 4280 opus
3225 4218 3308 4266 est
3341 4209 3593 4264 laborare
3632 4226 3752 4264 ser-

2162 4316 2400 4357 monem.
2425 4301 2662 4357 Audiant
2694 4309 2873 4355 tamen
2901 4299 3140 4356 breviter
3164 4300 3332 4354 Deum
3368 4314 3466 4369 pro
3502 4308 3752 4370 tempore

2162 4401 2217 4447 et
2243 4407 2405 4447 causa
2434 4392 2648 4448 saeculis
2678 4392 2929 4447 mandata
2961 4390 3195 4455 dedisse,
3223 4398 3278 4446 et
3326 4390 3382 4446 in
3423 4391 3581 4445 initio
3622 4408 3750 4461 pro-

476 4488 642 4545 t'itate
678 4489 1012 4559 dignoscitur
1034 4489 1185 4561 (nam
1212 4492 1257 4548 si
1284 4492 1560 4549 saecularis
1592 4509 1746 4549 amor
1770 4511 1897 4551 suos
1943 4496 2058 4550 ina-
2091 4516 2135 4571 Ι)
2162 4483 2405 4552 pagando
2454 4482 2649 4540 semini
2698 4498 2794 4552 per
2823 4496 3054 4536 uxorum
3106 4495 3393 4541 numerum
3439 4495 3640 4563 vacare
3678 4481 3743 4534 li-

463 4579 620 4665 ititer
645 4582 921 4651 exsultare
949 4581 1101 4647 facit,
1134 4597 1296 4653 quam
1323 4585 1502 4651 potius
1529 4586 2056 4656 spiritualis?).Quid

476 4686 599 4725 cum
638 4672 706 4735 de
746 4672 973 4733 convalli
1022 4674 1125 4730 hac
1173 4674 1375 4731 doloris
1416 4686 1637 4743 erutus,
1684 4679 1830 4734 omni
1874 4679 2056 4735 nubilo

475 4760 736 4822 caruerit.
761 4762 859 4819 nisi
892 4771 1039 4818 totus
1068 4764 1121 4817 in
1150 4767 1548 4834 conspectando
1574 4767 1684 4822 Deo
1710 4768 1963 4837 gaudium
2002 4777 2057 4823 et

478 4852 947 4924 totusjucunditas
968 4856 1105 4909 erit?
1129 4854 1243 4910 Non
1262 4856 1422 4925 igitur
1447 4858 1697 4925 cuiquam
1735 4858 2055 4913 transitoria:

474 4944 698 5009 virtuti,
726 4953 783 4997 ut
809 4955 933 4999 sunt
961 4945 1094 5000 fides
1118 4954 1173 4998 et
1200 4961 1343 5014 spes,
1377 4948 1655 5017 virginitas
1683 4959 2053 5004 consummata

478 5034 848 5103 conjungitur,
867 5034 962 5089 sed
991 5034 1064 5087 illi
1093 5034 1184 5104 qui
1211 5050 1484 5103 nunquam
1508 5037 1707 5091 excidit
1728 5036 2049 5107 (ICor.xul,

477 5124 533 5192 β)
570 5134 865 5193 spontaneo
899 5124 1095 5186 amori,
1132 5123 1224 5191 qui
1271 5140 1415 5179 mine
1442 5126 1656 5193 quidem
1685 5135 1917 5196 emptus,
1957 5129 2054 5183 sed

476 5215 533 5272 in
583 5217 731 5287 regni
781 5215 1129 5286 perceptione
1166 5213 1468 5285 perfectus,
1516 5216 1778 5287 gloriows
1845 5219 2053 5276 inﬁnite

477 5304 591 5375 Deo
631 5308 697 5362 de
736 5322 832 5360 sua
878 5305 1136 5381 felicitate
1166 5305 1543 5374 gratulabitur.
1578 5306 1707 5363 Post
1745 5317 1818 5363 tot
1848 5317 1903 5364 et
1941 5318 2050 5371 tam

477 5414 673 5467 graves
699 5398 881 5469 carnis
910 5398 1239 5469 spiritusque
1268 5413 1609 5468 congressus,
1641 5409 1759 5470 post
1791 5401 2052 5455 tumultus

478 5498 533 5549 et
564 5489 952 5559 desideriorum
984 5490 1178 5547 levium
1212 5506 1368 5545 voces
1398 5493 1905 5561 itttportunissitnas,
1933 5508 2052 5561 qua:

480 5597 602 5649 cum
649 5589 799 5635 tanto
839 5582 1037 5637 sudore
1059 5583 1341 5651 comprimi
1368 5583 1781 5651 solent,justum
1816 5598 1946 5638 sane
1970 5592 2053 5637 est

483 5684 565 5736 ut,
599 5682 717 5741 post
747 5681 822 5726 tot
850 5674 1054 5742 praelia,
1085 5674 1195 5729 Deo
1222 5685 1492 5731 annuente
1522 5692 1728 5747 pacem,
1754 5676 1910 5730 sileat
1936 5691 2052 5731 om-

478 5766 566 5831 itis
598 5772 740 5816 terra
771 5779 799 5816 ει
833 5765 967 5820 facie
988 5766 1211 5822 victoris
1233 5767 1468 5836 spiritus,
1496 5779 1545 5822 et
1573 5767 1724 5837 quasi
1753 5783 1849 5838 pro
1873 5767 2047 5837 cujus-

2160 4574 2339 4629 cuisse
2378 4572 2634 4641 majores,
2667 4574 2758 4628 sed
2807 4587 3063 4628 successu
3111 4579 3495 4627 concrescente
3526 4573 3752 4640 generis

2158 4664 2407 4719 homines
2435 4665 2503 4719 ad
2529 4679 2635 4718 una
2666 4663 2905 4733 legitime
2931 4663 3182 4717 redactos
3208 4659 3478 4730 conjugia.
3506 4659 3751 4717 Gentilis

2112 4772 2119 4773 ί
2157 4756 2321 4811 etiam
2352 4756 2453 4811 sub
2482 4756 2589 4811 hoc
2624 4765 2808 4813 tenore
2840 4755 3080 4812 cohibita
3108 4764 3192 4810 est
3224 4754 3463 4809 licentia.
3494 4753 3745 4807 ltumana

2155 4860 2370 4916 quoque
2386 4846 2685 4901 liberalitas
2706 4847 3012 4901 adunitates
3028 4845 3287 4915 conjugii,
3303 4844 3419 4914 pari
3436 4852 3561 4897 ante
3573 4844 3747 4898 etiam

2154 4935 2627 4993 Christianismum
2678 4938 2886 4992 ratione
2925 4938 3221 4993 consensit.
3259 4936 3500 4992 Verbum
3553 4936 3747 5003 itaque

2155 5027 2285 5081 illttd
2323 5029 2390 5082 de
2426 5044 2622 5098 genere
2666 5029 3094 5097 multiplicando,
3141 5028 3379 5095 quandiu
3426 5041 3563 5093 opus
3613 5025 3743 5089 fuit,

2155 5118 2343 5189 viguit.
2383 5119 2633 5174 Attamen
2664 5118 2766 5173 etsi
2798 5119 3091 5187 Scriptura:
3121 5118 3197 5170 nil
3224 5118 3292 5170 ob
3320 5115 3741 5169 infamationem

2155 5210 2407 5264 connubii
2435 5211 2500 5265 de
2521 5211 2831 5279 virginitate
2855 5210 3129 5273 dixerunt,
3157 5217 3335 5262 tamen
3358 5208 3485 5276 quia
3507 5206 3740 5275 dignum

2152 5315 2270 5359 erat
2301 5314 2358 5359 ut
2385 5304 2479 5357 Dei
2508 5303 2679 5357 Filius
2708 5304 2961 5375 quiddam
2992 5297 3165 5370 majus
3205 5315 3368 5370 quam
3399 5297 3738 5366 conjugium,

2154 5398 2295 5465 quod
2342 5398 2543 5450 bonum
2594 5404 2649 5449 et
2696 5395 2993 5465 legitimum
3035 5403 3139 5457 cst,
3162 5393 3497 5455 ostenderet,
3535 5389 3575 5442 si
3623 5403 3738 5442 non

2154 5500 2286 5542 voce
2324 5486 2707 5556 praecipiendo,
2741 5496 2918 5540 tamen
2959 5484 3221 5553 exemplis
3259 5481 3553 5541 innttendo,
3581 5479 3739 5546 quod

2154 5597 2219 5635 ex
2249 5582 2365 5649 ejus
2397 5580 2717 5642 imitatione,
2746 5588 2799 5632 et
2844 5577 3143 5630 nativitatis
3182 5572 3442 5644 singulari
3492 5569 3738 5638 puritate

2154 5671 2369 5741 collegit
2394 5669 2703 5724 Christiana
2732 5669 2981 5735 fidelitas,
3012 5680 3266 5721 exercere
3299 5662 3562 5733 praecipua
3615 5668 3741 5717 stur:

2155 5760 2269 5817 duit
2297 5759 2580 5815 voluntate.
