4014 6324
262 391 362 447 σοι

1356 374 1781 453 OPUSCULUM
1821 394 1909 450 DE
1950 396 2412 461 VIRGINITATE.

3407 397 3510 453 602

326 506 443 564 Nec
473 508 598 565 illud
634 508 915 577 impudens
948 509 1261 578 genitalium
1292 519 1506 565 artuum
1539 525 1832 579 argumen-
1861 513 1912 573 Α
1942 515 2150 569 amoris
2192 519 2518 584 promiserat
2562 531 2850 588 personam
2884 516 3146 581 incurrat,
3188 512 3510 570 admonetur

257 611 376 654 tum
420 601 487 654 ad
520 598 736 654 tutelam
767 614 878 654 sua:
912 599 1150 654 libidinis
1178 600 1430 665 advocat,
1474 601 1569 655 sed
1597 614 1716 669 quae
1758 599 1827 654 li-

255 702 384 746 cent
422 700 603 745 etnon
650 691 945 760 expediunt
972 706 1001 743 a
1034 706 1092 746 se
1135 691 1432 760 prudenter
1474 692 1737 757 eliminat,
1769 701 1828 746 ut

256 783 325 837 ad
354 797 420 837 ea
452 796 569 851 quae
596 796 699 836 non
724 780 887 836 licent
912 782 1204 837 evincenda
1236 783 1506 838 robustior
1533 785 1645 836 tiat.
1674 800 1693 834 ‹
1725 782 1829 836 Me-

256 878 362 934 lius
387 894 521 934 sane
556 876 759 931 nubere
788 892 948 945 quam
978 876 1059 929 uri
1090 873 1139 945 (I
1172 872 1296 928 Cor.
1326 890 1421 939 vn,
1452 874 1532 945 9),
1569 894 1588 927 ι
1622 874 1831 929 scilicet

255 972 456 1042 quibus
506 970 611 1027 illis
657 983 831 1037 neque
867 966 1137 1036 professio
1180 966 1385 1033 obviat,
1435 981 1608 1035 neque
1647 975 1830 1019 votum

255 1072 353 1116 aut
391 1075 548 1115 suum
596 1068 688 1113 aut
736 1056 1038 1126 cujuspiam
1086 1058 1330 1126 parentis
1375 1057 1596 1127 obligat.
1640 1055 1831 1110 Votum

252 1153 499 1222 parentis
544 1151 665 1207 dico
691 1151 984 1206 secundum
1016 1149 1161 1220 quod
1198 1157 1436 1205 canones
1486 1149 1622 1219 (27')
1664 1162 1834 1218 usque

252 1245 322 1298 ad
356 1242 788 1300 duodecennium
822 1242 940 1297 fieri
969 1256 1133 1312 posse
1158 1249 1474 1296 sanxerunt.
1512 1241 1621 1295 llos
1648 1255 1679 1293 a
1708 1247 1834 1294 voto

250 1335 470 1399 resilire
499 1334 843 1403 sacrilegium
876 1331 1270 1403 permaximum
1317 1340 1422 1386 est.
1458 1330 1564 1385 Sed
1594 1329 1676 1383 his
1705 1344 1838 1398 pon-

250 1422 356 1477 dus
399 1423 505 1477 diei
554 1431 720 1478 aestus
760 1421 977 1490 (Matth.
1015 1420 1255 1490 xx,12),
1302 1420 1354 1475 id
1398 1428 1482 1474 est
1527 1420 1837 1473 auxietates

247 1517 380 1571 vitae
430 1515 593 1585 hujus
634 1516 993 1571 tentationum
1038 1514 1397 1570 tolerantibus
1445 1514 1679 1585 grande,
1727 1512 1837 1567 imo

247 1608 490 1679 speciale
526 1608 831 1679 praemium,
864 1609 989 1663 dum
1036 1608 1118 1663 eis
1167 1607 1438 1661 canticum
1487 1621 1709 1669 novum,
1739 1619 1834 1658 ex-

248 1698 427 1766 ceptis
474 1697 617 1761 aliis,
659 1706 881 1752 cantare
928 1697 1090 1750 datur
1125 1696 1310 1766 (Apoc.
1342 1709 1453 1760 xxv,
1486 1696 1562 1765 3),
1600 1695 1654 1749 in
1706 1709 1834 1764 quo,

245 1804 360 1860 pra:
393 1790 609 1845 caeteris
652 1790 743 1859 qui
780 1791 883 1845 hoc
929 1797 1116 1844 carent
1150 1801 1397 1852 munere,
1430 1787 1721 1858 singularis
1744 1803 1837 1843 eo-

247 1895 371 1933 rum
398 1879 466 1933 de
496 1879 680 1934 carnis
707 1878 1021 1948 integritate
1054 1877 1239 1932 laetitia
1278 1878 1589 1943 denotatur,
1616 1887 1667 1932 et
1698 1877 1834 1947 Agui

243 1968 500 2037 vestigiis
520 1983 839 2039 quocunque
861 1967 1026 2032 vadit,
1052 1968 1315 2022 inhaerent
1338 1965 1550 2037 (Ibid.),
1568 1967 1693 2035 quia
1715 1983 1836 2021 eum

244 2060 481 2130 reliquis
551 2060 847 2114 virtutibus
914 2058 1247 2115 conformari
1298 2059 1517 2114 Christo
1570 2060 1834 2129 gestiant,

245 2154 420 2206 etiam
461 2154 514 2206 in
554 2154 653 2207 ista
687 2154 899 2207 acutius
929 2153 1169 2222 ejusdem
1200 2152 1478 2221 gressibus
1508 2166 1840 2222 prosequen-

246 2244 332 2301 dis
379 2244 687 2313 invigilant.
726 2242 832 2297 Sed
872 2244 984 2297 haec
1021 2241 1391 2312 vulgatissima
1429 2240 1546 2310 ejus
1580 2240 1701 2297 laus
1733 2250 1836 2297 est.

242 2331 327 2388 Ad
369 2332 478 2387 alia
511 2347 945 2403 promoveamur.

852 2420 1080 2477 CAPU-T
1120 2420 1256 2476 XIII.

316 2513 495 2568 Caute
533 2529 589 2567 se
625 2520 807 2583 gerant
845 2512 935 2581 qui
970 2512 1319 2565 monasticam
1362 2510 1659 2564 institutum
1696 2509 1844 2578 fuere

242 2605 505 2677 professi.
534 2634 605 2644 —
632 2602 777 2659 Ordo
809 2603 1023 2659 illorum
1073 2604 1164 2671 qui
1212 2603 1283 2657 ita
1323 2602 1509 2656 vivant
1554 2602 1610 2657 in
1655 2610 1843 2656 sancta

243 2695 505 2753 Ecclesia
531 2709 637 2750 non
669 2694 932 2764 plurimus
966 2702 1067 2749 est.
1092 2693 1277 2762 Atqui
1301 2692 1460 2747 sunt?
1483 2692 1590 2746 Aut
1623 2692 1691 2746 ah
1723 2691 1844 2745 aliis

244 2785 468 2841 ineunti
501 2792 660 2840 aetate
705 2785 816 2839 Deo
860 2781 1182 2848 offeruntur,
1211 2791 1303 2836 aut
1350 2796 1409 2837 se
1448 2782 1548 2852 ipsi
1588 2781 1842 2837 offerunt.

242 2876 427 2934 Porro
461 2878 651 2932 talium
680 2877 805 2932 vita:
840 2884 1017 2946 etepta
1047 2874 1314 2930 munditia
1359 2875 1460 2930 sub
1501 2889 1610 2945 qua
1651 2875 1847 2929 debeat

245 2970 469 3026 cautela
516 2968 680 3024 tutari
725 2968 964 3024 breviter
1000 2967 1367 3022 mordeamus.
1399 2966 1583 3021 Primo
1626 2966 1679 3021 in
1716 2966 1848 3036 ipsis

243 3061 531 3133 puerariis
566 3060 910 3126 rudimentis,
937 3067 993 3115 et
1024 3059 1205 3129 inepta
1242 3058 1578 3113 familiaritas
1613 3072 1849 3127 expuen-

1930 619 1961 658 a
1997 620 2093 659 sua
2140 618 2321 662 mente
2371 618 2430 663 ut
2464 610 2619 677 quasi
2658 610 2841 663 sobrie
2862 606 2976 677 jam
3012 621 3136 662 cum
3180 620 3246 659 ea
3290 612 3510 657 acturus

1935 713 2093 752 usum
2120 699 2502 759 collocationis
2528 717 2642 756 non
2675 703 2907 757 deserat.
2945 700 3097 757 Unde
3124 699 3184 753 Iit
3216 706 3275 750 ut
3303 697 3509 763 absque

1936 787 2041 841 ulla
2101 790 2449 846 cunctatione
2500 806 2654 846 amor
2700 792 2840 846 male
2890 791 3152 859 repetitus
3204 788 3257 842 in
3299 794 3509 840 tantum

1931 877 2210 944 efferveat,
2257 890 2315 934 ut
2356 883 2421 935 ad
2475 882 2643 936 imum
2689 882 3086 949 abruptissimte
3124 876 3508 949 profunditatis

1934 970 2244 1024 avidissime
2282 981 2423 1026 ruat.
2476 973 2553 1027 Ex
2585 988 2693 1041 quo
2740 973 2998 1042 providus
3041 972 3215 1026 lector
3263 970 3513 1024 advertat

1934 1073 2137 1133 quanta
2169 1065 2643 1120 animadversione
2670 1065 2829 1132 primi
2856 1065 3214 1117 tentationum
3244 1060 3509 1120 assultus,

1937 1157 2339 1225 quantumlibet
2364 1157 2672 1221 adulcutur,
2708 1154 2979 1210 refutandi
3004 1164 3153 1208 sunt.

2009 1245 2369 1301 Praecavenda
2418 1247 2602 1315 itaque
2627 1246 2956 1308 dzemonum,
2984 1243 3069 1298 vel
3118 1241 3288 1311 ipsius
3330 1238 3513 1294 carnis

1937 1336 2252 1392 illecebrosa
2288 1345 2346 1391 et
2392 1336 2577 1392 dolosa
2599 1336 2805 1400 suasio,
2836 1348 2906 1388 ne
2947 1347 3070 1388 eum
3112 1338 3327 1384 nostras
3358 1327 3516 1380 nobis

1936 1429 2165 1482 virtutes
2190 1428 2595 1498 praetendimus,
2639 1436 2696 1482 et
2734 1441 2832 1495 per
2859 1423 3019 1495 plana
3061 1436 3159 1477 nos
3190 1415 3516 1487 campestria

1940 1518 2112 1575 ituros
2138 1520 2480 1583 conﬁdimus,
2513 1519 2567 1573 in
2604 1516 2810 1581 foveas,
2843 1515 3034 1570 fraude
3074 1512 3246 1567 hostis
3283 1510 3513 1577 adoper-

1940 1618 2058 1675 tas,
2107 1608 2446 1665 miserabiles
2491 1608 2861 1665 devolvamur.
2913 1602 3249 1662 Omnimodis
3299 1612 3517 1669 quoque

1940 1700 2186 1767 miroque
2239 1699 2418 1754 studio
2470 1698 2852 1753 attendendum
2907 1710 3019 1761 ne,
3079 1694 3205 1748 dum
3263 1688 3518 1746 volubilis

1942 1792 2157 1845 animus
2202 1790 2421 1855 acriter,
2452 1799 2511 1843 ut
2553 1789 2712 1855 solet,
2762 1786 3130 1844 iutestuaverit
3184 1785 3251 1837 ad
3288 1779 3517 1836 videnda

1941 1898 2060 1951 qua:
2095 1882 2319 1951 appetit,
2345 1880 2585 1950 cupidini
2609 1879 2810 1934 addicti
2836 1877 2977 1934 oculi
3008 1876 3192 1931 animo
3215 1873 3518 1941 obsequan-

1942 1982 2055 2037 tur,
2083 1973 2229 2042 quia,
2264 1988 2385 2027 eum
2430 1972 2624 2026 crebro
2673 1972 2726 2026 id
2758 1970 2901 2039 quod
2948 1967 3266 2037 simpliciter
3296 1960 3520 2033 respici-

1940 2080 2082 2131 mus,
2134 2064 2287 2121 nobis
2342 2062 2602 2117 atrociter
2656 2067 2868 2124 noceat,
2924 2056 3053 2111 illud
3120 2055 3264 2124 quod
3316 2051 3515 2123 przevia

1941 2167 2123 2213 mente
2168 2156 2307 2211 mala
2349 2155 2431 2218 ﬁt,
2480 2162 2740 2224 quantum
2784 2160 3038 2221 putamus
3075 2147 3346 2202 infelicem
3398 2143 3519 2197 ani-

1941 2266 2091 2306 mam
2144 2249 2448 2305 eviscerat?
2496 2247 2564 2302 Et
2601 2244 2872 2314 contingit
2923 2241 3232 2310 aliquoties,
3278 2247 3337 2293 ut
3392 2252 3516 2292 eum

1943 2342 2060 2395 visa
2090 2340 2158 2395 ad
2186 2338 2393 2394 nullum
2422 2338 2661 2392 calorem
2699 2335 2920 2389 noxium
2942 2332 3210 2386 videntem
3247 2334 3518 2387 moveant,

1946 2439 2124 2486 tactus
2165 2429 2470 2499 procaciter
2512 2435 2870 2497 przesumptus
2914 2422 2967 2477 in
3023 2430 3227 2474 tantam
3284 2416 3524 2473 libidinis

1943 2520 2248 2585 fornacem,
2282 2522 2447 2575 etiam
2497 2525 2679 2574 mente
2722 2514 2956 2569 inaniter
3008 2512 3296 2574 renitente,
3334 2507 3525 2577 praeei-

1943 2613 2119 2684 pitet,
2188 2620 2249 2667 ut
2294 2612 2385 2665 vix
2433 2620 2527 2664 aut
2582 2607 2895 2676 neutiquam
2954 2604 3157 2671 absque
3205 2599 3525 2669 contagione

1946 2711 2241 2774 conceptos
2287 2702 2532 2774 digerere
2574 2707 2739 2771 queat
2787 2698 2957 2768 ignes.
3010 2693 3268 2756 Inaniter,
3324 2690 3520 2754 fateor,

1948 2804 2078 2851 tunc
2121 2811 2276 2851 mens
2343 2794 2597 2850 renititur
2656 2799 2714 2845 ut
2764 2788 3106 2855 exstinguat,
3155 2798 3278 2838 cum
3328 2796 3525 2835 manus
3624 2774 3631 2789 ‘

1948 2896 2142 2957 sponte
2181 2885 2449 2941 emittitur
2491 2892 2552 2937 ut
2588 2880 2861 2936 incendat.
2915 2876 3030 2932 Non
3077 2875 3253 2930 solum
3294 2871 3529 2941 denique

1954 2979 2104 3033 visus
2133 2978 2419 3042 arcendus,
2448 2984 2624 3029 tactus
2649 2972 2770 3041 plus
2795 2970 2943 3026 onmi
2975 2968 3097 3038 igne
3127 2963 3403 3027 vitandus,
3433 2960 3529 3015 sed

1953 3074 2066 3141 ipsa
2114 3083 2373 3138 perquam
2422 3064 2658 3120 maxime
2704 3059 2960 3117 vicinitas
3016 3055 3380 3124 allocutioque
3439 3065 3531 3105 ca-

245 3153 341 3219 da,
360 3162 424 3210 et
452 3154 720 3209 lubricum
746 3152 1224 3223 deceptoriumque
1251 3150 1847 3222 magisterium,quam-
1873 3179 1918 3241 ο
1950 3163 2143 3217 venda,

249 3247 333 3301 vis
387 3245 533 3300 alias
577 3244 962 3309 utilissimum,
1005 3242 1387 3298 refutandum.
1438 3242 1497 3297 In
1552 3241 1847 3311 primordio

247 3337 407 3392 enim
438 3336 621 3407 colligi
648 3335 785 3392 solet
811 3336 954 3406 quod
984 3334 1078 3389 toti
1106 3333 1449 3405 postmodum
1481 3341 1674 3388 noceat
1701 3332 1850 3389 vitae.

246 3429 318 3487 At
362 3429 630 3484 introitus
676 3428 790 3499 ipse
829 3427 1234 3492 adolescentiae,
1268 3426 1313 3481 si
1347 3426 1596 3481 timorem
1629 3425 1725 3480 Dei
1760 3439 1851 3480 co-

247 3521 451 3575 mitem
503 3520 721 3585 habeat,
753 3519 899 3574 facili
943 3518 1298 3574 tentationem
1339 3515 1723 3587 congressione
1756 3516 1852 3571 de-

247 3612 469 3666 turbat.
505 3609 719 3679 Quauto
760 3623 995 3680 namque
1040 3608 1238 3678 aliquis
1280 3609 1558 3679 experitur
1592 3607 1850 3673 carnalia,

248 3718 319 3757 eo
350 3702 568 3755 leviora
597 3700 897 3771 corporalis
936 3701 1206 3770 appetitus
1246 3701 1451 3771 patitur
1487 3699 1802 3754 discrimina
1835 3715 1849 3751 ε

248 3792 397 3848 Nam
429 3792 563 3863 quid
597 3793 953 3863 periculosius
992 3792 1153 3863 323
1190 3807 1350 3861 quam
1390 3791 1679 3861 przeteritaz
1707 3790 1856 3845 volu-

246 3884 431 3963 ptatis
462 3884 769 3938 memoria?
802 3883 1023 3939 Talibus
1042 3884 1221 3953 plane,
1253 3882 1451 3952 quibus
1488 3898 1625 3938 esca:
1667 3882 1856 3936 morti-

251 3976 392 4031 fera:
424 3977 659 4030 necdum
699 3974 837 4030 male
868 3975 1041 4029 dulcis
1082 3990 1243 4043 sapor
1271 3974 1505 4039 inhzesit,
1534 3973 1577 4029 si
1611 3973 1857 4028 seducto-

253 4069 325 4123 rii
377 4066 605 4136 collega:
647 4066 974 4121 lenocinium
1023 4074 1401 4136 aspernentur,
1434 4065 1480 4120 si
1515 4079 1679 4135 vagos
1711 4064 1859 4120 visus

253 4168 586 4230 contegant,
618 4158 662 4212 si
696 4158 764 4214 ad
804 4158 943 4212 viam
975 4158 1365 4229 cogitationum
1397 4170 1656 4211 revocare
1684 4156 1860 4212 sciant

254 4264 505 4312 errores,
536 4249 651 4304 leve
677 4250 735 4303 fit
762 4248 1023 4319 quidquid
1056 4248 1369 4304 tentationis
1402 4247 1681 4317 ingruerit.

336 4341 535 4397 Solent
575 4350 753 4395 tamen
798 4340 851 4394 hi
900 4355 968 4394 ex
1018 4340 1184 4395 nimia
1216 4339 1297 4393 sui
1344 4338 1559 4399 fiducia,
1609 4338 1841 4407 quadam

260 4432 600 4486 curiositate
630 4430 986 4484 videndarnm
1019 4429 1344 4498 specierum,
1378 4430 1697 4497 plerumque
1728 4427 1865 4482 libe-

2555 3249 2786 3308 CAI‘UT
2818 3246 2960 3302 XIV.

2024 3351 2224 3417 Quibus
2246 3348 2415 3402 modis
2454 3343 2750 3399 maculatur
2770 3342 3061 3411 virginitas.
3084 3369 3155 3378 —
3178 3334 3357 3405 Quaeri
3394 3348 3533 3403 prte-

1953 3454 2102 3500 terea
2152 3444 2219 3496 ab
2269 3439 2543 3509 aliquibus
2597 3436 2737 3492 solet
2790 3432 2989 3504 quibus
3046 3430 3307 3501 peccandi
3355 3427 3531 3481 modis

1953 3537 2162 3608 perdita
2189 3533 2470 3605 virginitas
2500 3530 2818 3586 azstimetur.
2844 3527 2976 3594 Quae
3003 3523 3282 3594 inquisitio
3301 3519 3529 3575 nimium

1955 3630 2189 3684 obscena
2227 3626 2464 3687 videtur,
2497 3638 2619 3678 eum
2673 3620 2845 3688 magis
2872 3616 3061 3671 rimari
3107 3614 3405 3669 debuerant
3427 3625 3532 3678 qua

1955 3723 2177 3778 virtutis
2206 3717 2465 3774 instantia
2491 3715 2705 3786 plenius
2733 3709 2965 3767 obtineri
3000 3714 3204 3778 posset,
3235 3718 3396 3773 quam
3428 3715 3535 3770 quo

1958 3811 2275 3867 discrimine
2334 3806 2509 3876 perdi.
2566 3803 2693 3857 Ilaec
2737 3800 2883 3856 enim
2930 3796 3159 3867 qutestio
3204 3790 3538 3849 remissioris

1958 3902 2125 3959 animi
2153 3908 2255 3964 est,
2281 3897 2367 3953 illa
2394 3894 2672 3950 ferventis.
2700 3891 2808 3948 Sed
2844 3901 3026 3945 tamen
3056 3888 3179 3957 quia
3216 3886 3272 3939 in
3305 3882 3538 3939 stamine

1959 3997 2105 4050 lineo
2163 3994 2395 4047 Ianeum‘
2429 4003 2536 4043 non
2599 3986 2759 4042 debet
2803 3984 3119 4053 subtegmen
3174 3978 3377 4041 inseri,
3437 3990 3539 4029 nec

1960 4084 2269 4156 grossitudo
2299 4080 2546 4151 corporis
2584 4075 2759 4132 vitiati
2803 4090 2899 4145 spe
2938 4072 3252 4128 subtilitatis
3281 4067 3539 4139 virginem

1961 4175 2182 4246 gloriari
2224 4174 2443 4238 audeat,
2474 4170 2704 4241 quisque
2751 4181 2858 4222 non
2913 4179 3200 4235 quousque
3246 4162 3538 4223 discurrat,

1965 4266 2059 4321 sed
2091 4263 2236 4332 quod
2265 4264 2438 4317 vitare
2467 4260 2683 4315 debeat.
2712 4257 3121 4326 Restringeuda:
3151 4252 3333 4309 cordis
3377 4250 3539 4303 lasei-

1964 4358 2064 4411 vize
2088 4354 2336 4424 quisquis
2361 4350 2519 4420 hujus
2540 4349 2790 4421 puritatis
2812 4347 3119 4402 obtinendae
3140 4343 3412 4397 studiosus
3435 4349 3539 4405 est,

1968 4458 2249 4515 tantopere
2280 4443 2521 4513 invigilet
2550 4449 2608 4495 ut
2629 4442 2739 4503 vix,
2764 4447 2857 4492 aut
2876 4452 2984 4506 quo
3009 4437 3208 4495 minus,
3240 4448 3334 4488 seu
3364 4430 3543 4485 rarius

258 4528 386 4581 rius
415 4541 575 4596 aequo
600 4525 1075 4587 laxareintuitum,
1115 4534 1169 4579 et
1196 4525 1322 4580 dum
1354 4525 1558 4581 alienas
1583 4541 1847 4596 aucupan-

1964 4549 2162 4613 potest,
2204 4536 2616 4592 delectationem
2663 4529 2969 4599 hujusmodi
3014 4542 3143 4582 caro
3194 4525 3536 4594 prseseutiat,

264 4631 362 4675 tur
424 4621 637 4688 facies,
691 4621 817 4676 dum
882 4620 1128 4691 clypeum
1182 4619 1562 4691 palpebrarum
1629 4622 1855 4676 nimium

264 4723 490 4769 temere
527 4713 595 4768 ab
631 4713 806 4767 oculis
852 4720 1126 4777 amovent,
1170 4710 1352 4767 cordis
1382 4712 1570 4766 lumini
1612 4727 1733 4781 quae
1760 4713 1859 4767 im-

260 4805 446 4873 probe
494 4812 822 4858 contuentur
863 4802 1102 4857 crudelis
1146 4802 1351 4856 stimuli
1389 4800 1631 4869 jaculum
1689 4803 1860 4857 intor-

271 4907 476 4967 quent.
527 4897 840 4952 Trahuntur
876 4895 1042 4966 igitur
1072 4909 1169 4965 per
1218 4894 1272 4949 id
1320 4895 1516 4964 saepius
1563 4895 1630 4949 ad
1686 4896 1860 4953 totius

266 4991 411 5049 mali
467 4991 805 5059 voraginem.
843 4988 1171 5058 Contingere
1213 4996 1392 5043 tamen
1424 4988 1563 5042 solet
1592 4996 1652 5042 ut
1689 5004 1865 5060 neque

265 5083 436 5138 visus
468 5082 758 5137 admodum
800 5081 1082 5145 incendat,
1112 5080 1206 5135 sed
1236 5079 1447 5148 placide
1476 5080 1543 5134 ad
1570 5082 1865 5136 amandum

268 5171 401 5227 visa
458 5172 705 5235 suadeat,
743 5186 920 5241 neque
963 5169 1350 5231 confabulatio,
1410 5170 1497 5224 vel
1543 5170 1706 5225 etiam
1753 5172 1868 5242 ipse

271 5271 466 5317 tactus
522 5276 909 5332 usquequaque
955 5262 1025 5317 ad
1086 5261 1478 5332 turpitudinem
1523 5274 1766 5333 proruat,
1814 5274 1868 5320 et

271 5353 412 5409 ideo
441 5351 617 5407 foedus
647 5353 734 5408 ille
768 5354 950 5408 carnis
989 5362 1169 5407 motus
1205 5366 1394 5421 parum
1426 5352 1727 5421 displiceat.
1760 5354 1866 5410 Sed

272 5446 524 5513 animus,
547 5447 743 5517 quavis
765 5447 1074 5511 occasione,
1097 5445 1391 5513 aliquando
1417 5444 1541 5499 facti
1572 5450 1868 5515 paenitens,

277 5538 349 5590 ad
407 5540 781 5607 paenitendum
836 5540 1006 5609 culpa:
1048 5539 1235 5595 dolore
1274 5539 1580 5592 adducitur.
1640 5539 1744 5593 Sed
1804 5560 1872 5599 ne

280 5633 542 5702 perfidiae
616 5633 875 5703 probrum
937 5634 1080 5705 apud
1135 5648 1254 5689 eam
1315 5633 1400 5688 cui
1459 5634 1870 5702 perpetuitatem

1966 4650 2034 4689 ne
2089 4630 2195 4687 ulla
2248 4628 2299 4683 vi
2359 4624 2709 4682 delectationi
2763 4635 3060 4677 consensus
3115 4618 3355 4674 accedat.
3395 4616 3543 4679 Beati

1965 4718 2210 4789 Gregorii
2250 4723 2305 4770 et
2347 4728 2455 4768 non
2493 4720 2677 4767 nostra
2709 4708 2979 4764 sententia
3010 4714 3112 4772 est,
3146 4706 3288 4776 quod
3319 4720 3543 4759 conser-

1967 4832 2058 4872 sus
2108 4831 2137 4868 a
2203 4811 2374 4881 culpae
2434 4806 2626 4863 effectu
2693 4820 2800 4859 non
2853 4803 3055 4866 distat,
3116 4816 3241 4855 cum
3299 4798 3544 4852 voluntas

1967 4906 2163 4959 misera
2218 4900 2445 4955 interius
2479 4896 2622 4966 quod
2663 4903 2817 4949 extra
2848 4908 2953 4946 non
3001 4898 3198 4960 potest,
3239 4886 3543 4941 ambienter

1969 5006 2235 5070 peragat,
2295 4995 2340 5048 si
2394 5000 2573 5046 tanien
2626 4988 2768 5043 Deus
2815 4984 3063 5039 districte
3111 4984 3254 5036 hunc
3300 4977 3545 5048 judicare

1969 5095 2255 5161 proponat.

2042 5180 2172 5245 Qua:
2211 5177 2380 5245 igitur
2431 5188 2555 5243 spes
2612 5171 2722 5225 illic
2769 5167 3003 5224 exsultet
3057 5160 3404 5233 virginitatis,
3457 5158 3545 5212 ubi

1980 5273 2247 5326 theatrum
2309 5267 2472 5320 totius
2522 5263 2816 5334 perstrepit
2868 5257 3169 5314 fmditalis?
3221 5255 3286 5309 Et
3333 5262 3542 5322 patens,

1976 5365 2170 5422 fateor,
2203 5358 2354 5411 ruina
2406 5356 2601 5409 talibus
2635 5353 2771 5406 foret
2804 5350 3005 5412 utilior,
3050 5362 3169 5416 quae
3198 5354 3252 5400 et
3286 5360 3379 5414 spe
3408 5342 3545 5397 falsa

1975 5452 2215 5505 animum
2267 5456 2477 5500 tumere
2534 5450 2761 5504 vetaret,
2820 5449 2874 5493 et
2930 5453 3089 5491 casus
3140 5434 3470 5504 experientia
3518 5450 3547 5488 a

1980 5542 2180 5601 talibus
2226 5537 2453 5591 ulterius
2500 5530 2819 5587 affectandis
2878 5528 3148 5583 acerrime
3192 5526 3545 5580 absterreret.

1984 5634 2116 5690 Cum
2156 5645 2286 5695 ergo
2311 5629 2450 5682 Deus
2486 5625 2612 5695 quid
2636 5622 2803 5690 juste,
2842 5619 2971 5690 quid
2999 5617 3308 5689 picjudieet
3342 5617 3551 5687 ignore».

356 5785 500 5855 (27‘)
539 5768 747 5842 Conctl.
777 5786 947 5845 Tolet.
980 5804 1051 5855 iV,
1081 5802 1129 5844 c.
1158 5786 1252 5853 48;
1281 5784 1636 5851 Triburicns.,
1665 5800 1780 5855 cap.
1813 5789 1843 5840 6

1959 5787 2040 5841 ide
2074 5786 2136 5840 ad
2171 5800 2287 5853 cap.
2325 5780 2390 5836 (16
2419 5777 2679 5833 Concord.
2715 5776 3037 5847 Regularum
3069 5773 3325 5827 lic-nardi.
