4014 6324
539 374 645 429 605

1330 368 1389 423 V.
1419 365 1744 425 GUlBERTl
1782 366 2075 423 ABBATIS
2111 366 2126 422 ξ

2227 364 2450 422 llARUE
2488 364 2577 421 DE
2611 365 2815 423 NOVIG
2826 365 3007 423 ΕΝΤο
3680 377 3770 435 604

538 498 684 547 mus,
731 482 935 538 idcirco
965 481 1203 538 sciamus
1249 479 1325 534 nil
1370 480 1437 534 de
1482 480 1706 551 praemio
1756 480 1985 554 virginis
2023 496 2121 536 nos
2151 515 2197 572 Α
2227 479 2466 535 nentiam
2509 479 2814 550 proﬁtetur,
2848 494 3015 547 seque
3051 494 3144 549 per
3174 493 3233 535 se
3273 484 3599 540 tantumdem
3628 491 3769 546 cohi-

537 591 784 639 manere,
842 588 978 644 quos
1021 576 1220 627 mentis
1264 572 1494 625 luxuria:
1525 572 1833 628 constiterit
1874 572 2118 629 obedire.

538 667 766 721 Frustra
794 666 862 719 de
903 664 1111 719 macula
1142 663 1404 718 exteriori
1452 661 1751 728 fabularer,
1784 678 1907 733 quae
1948 664 2116 718 inter-

538 758 666 810 dum
719 755 1006 823 colloquiis
1055 753 1365 822 impudicis,
1414 763 1469 807 et
1516 754 1823 808 inhonestis
1885 756 2121 809 tactibus

546 856 924 915 extorquetur,
978 845 1031 899 in
1071 845 1269 913 quibus
1303 852 1357 898 et
1404 844 1727 897 naturaliter
1760 843 1930 913 spado
1977 843 2124 912 quis-

543 942 690 1011 piam
746 940 1041 1010 ingenitam
1078 937 1181 992 sibi
1230 937 1298 990 ab
1335 943 1457 989 ortu
1496 935 1680 989 carnis
1733 934 2122 1001 integritatem,

539 1048 640 1103 per
664 1032 808 1086 hanc
838 1030 1252 1101 spurcissimam
1281 1028 1447 1083 animi
1475 1027 1878 1097 corruptionem
1921 1025 2125 1097 absque

540 1123 704 1179 dubio
728 1124 1026 1178 amitteret.

1125 1210 1352 1266 CAPUT
1392 1210 1508 1266 XV.

614 1305 841 1370 Quantis
868 1303 1131 1374 voluptate
1157 1303 1331 1357 carnis
1362 1302 1596 1355 irretitus
1624 1301 1778 1356 malis
1805 1309 2120 1356 coarctetur.

541 1426 614 1436 —
641 1396 748 1449 Sed
795 1396 921 1464 quia
951 1395 1017 1449 ad
1063 1394 1198 1448 satis
1235 1395 1301 1448 de
1342 1394 1427 1448 bis
1457 1393 1769 1449 infortuniis
1812 1394 1919 1449 huc
1954 1407 2123 1462 usque

544 1486 884 1547 latravimus,
936 1484 1266 1555 integritatis
1306 1486 1466 1555 hujus
1495 1485 1721 1555 gloriam
1770 1485 1834 1539 de
1864 1484 1949 1539 sui
1985 1480 2123 1554 quii-

543 1579 647 1634 ties
699 1578 974 1633 aceedcrit
1023 1592 1184 1633 casus
1238 1578 1461 1633 miseria
1513 1578 1988 1647 contemplemur,
2048 1576 2126 1630 ait

542 1668 740 1723 nobilis
765 1668 853 1724 ille
874 1676 1067 1725 auctor
1090 1669 1308 1723 Boetius
1331 1667 1430 1739 (De
1451 1669 1646 1723 consol.
1675 1666 1904 1731 Philas,
1928 1667 2022 1722 lib.
2041 1683 2121 1731 ιιι,

541 1772 718 1819 metro
736 1763 819 1830 7i,
852 1778 974 1818 cum
1003 1763 1070 1817 de
1093 1762 1304 1816 latrone
1327 1762 1549 1831 pudoris
1579 1762 1861 1833 voluptate
1891 1768 2077 1829 ageret
2106 1776 2119 1812 :

832 1853 998 1908 Habet
1023 1855 1119 1908 hoc
1155 1853 1391 1922 voluptas
1427 1854 1639 1918 omnis;

828 1946 1074 2001 Stimult’s
1104 1946 1211 2015 agit
1242 1945 1497 2014 furentes,
1531 1953 1636 1999 etc.

543 2037 652 2093 Sed
686 2038 883 2108 quibus
908 2037 1177 2092 stimulis?
1221 2035 1360 2103 Qua,
1399 2037 1641 2107 inquam,
1673 2035 1875 2090 doloris
1914 2034 2122 2090 insania

545 2126 855 2197 languidum
903 2124 1259 2181 excarniﬁcat
1306 2136 1517 2195 pectus,
1566 2135 1622 2181 et
1665 2127 1790 2181 dum
1831 2126 2121 2181 furibunda

543 2217 785 2272 remedia
845 2216 1034 2271 furiosi
1088 2217 1328 2287 cupidini
1375 2218 1442 2271 ad
1492 2218 1900 2287 cxaggerandas
1957 2204 2126 2273 furias

548 2308 946 2377 exquiruntur,
994 2308 1062 2361 ad
1110 2316 1385 2363 extremos
1432 2308 1709 2374 defectus,
1762 2317 1818 2364 et
1869 2319 2127 2365 cruentas

547 2408 793 2455 torturas
831 2414 988 2455 mens
1011 2400 1252 2469 undique
1277 2399 1476 2465 lacera,
1508 2408 1562 2455 et
1593 2400 1852 2470 dissipata
1884 2400 2125 2455 devolvi-

543 2502 654 2547 tur.
685 2491 799 2546 Etsi
829 2491 1121 2561 aliquoties
1145 2490 1422 2547 doloribus
1443 2499 1564 2546 acta
1595 2492 1876 2561 pmniteat,
1907 2499 2126 2547 exacto-

544 2598 634 2639 res
686 2583 831 2640 illico
870 2585 1100 2640 redeunt
1136 2581 1472 2650 Pharaonis,
1530 2592 1586 2640 et
1639 2583 1968 2655 ﬁagellatum
2032 2599 2128 2639 cor

546 2674 809 2730 miserum
851 2675 920 2730 ad
950 2674 1172 2732 solitum
1206 2690 1317 2732 suae
1344 2674 1626 2746 pensionis
1663 2683 1882 2742 cogunt,
1909 2674 2125 2728 duriora

466 2788 481 2803 ί
540 2780 759 2836 semper
786 2765 1139 2837 adjectantes,
1167 2780 1469 2838 pr0perare
1521 2764 1775 2836 vectigal.
1813 2764 1965 2820 Unde
2001 2777 2128 2818 mox

545 2858 615 2913 ad
640 2858 820 2913 odium
855 2858 1019 2914 totius
1041 2858 1318 2931 religionis
1343 2857 1643 2922 acceditur,
1671 2865 1861 2911 sancta
1888 2855 2127 2911 claustra

544 2959 600 3003 et
630 2948 873 3003 fraterna
921 2949 1278 3005 contubernia
1323 2949 1511 3013 fetent,
1557 2949 1821 3019 quidquid
1870 2963 2129 3018 perverso

544 3041 717 3094 amori
776 3041 1006 3105 resistit,
1062 3042 1312 3112 quamvis
1362 3043 1626 3111 optinunu
1658 3082 1673 3106 ,
1732 3040 2127 3109 maledicitur,

544 3130 707 3199 empti
747 3130 1036 3199 cujuslibet
1073 3131 1199 3186 boni
1230 3132 1549 3202 poenitentia
1578 3132 1952 3201 consequitur.

2226 570 2466 625 biturum
2516 571 2824 640 pollicetur.
2870 571 3141 637 Quantum
3175 586 3245 626 ne
3292 589 3421 628 suus
3456 577 3661 644 quidem
3694 598 3772 651 pa.

2226 670 2361 727 stor,
2392 663 2434 716 si
2465 663 2566 717 sibi
2608 662 2750 717 foret
2784 661 3088 726 confessus,
3120 672 3351 718 arceret.
3390 666 3457 719 At
3498 666 3596 721 ista
3629 668 3769 729 fallax

2225 754 2577 823 praesumptio
2609 754 2748 810 male
2782 754 2953 808 fotum
2986 755 3039 808 in
3085 755 3402 825 multiplicia
3438 758 3656 814 crimina
3678 766 3769 820 cri-

2226 861 2347 900 men
2371 861 2674 917 propagare
2705 848 2957 916 protinus
2998 864 3104 903 non
3139 849 3361 913 desinit,
3391 859 3445 904 et
3479 852 3599 907 dum
3626 856 3774 913 latens

2227 934 2457 991 delectat
2477 952 2572 991 cor
2598 937 2884 1007 iniquitas,
2913 936 3139 1008 quoque
3159 950 3318 1009 pacto
3352 932 3506 1011 signo
3529 944 3607 997 vel
3634 960 3774 1015 opere

2226 1029 2418 1098 quovis
2448 1030 2513 1083 ad
2538 1029 2779 1085 omnium
2820 1032 3141 1099 propalatur
3172 1033 3418 1087 notitias.
3449 1034 3595 1090 Tunc
3623 1038 3775 1109 impu-

2226 1116 2428 1181 dentia,
2473 1126 2527 1171 et
2571 1118 2774 1186 pariter
2815 1118 3093 1174 induratio
3143 1122 3537 1190 consequitur:
3572 1129 3774 1195 reprobo

2228 1220 2412 1270 sensu,
2448 1215 2500 1260 et
2543 1208 2926 1276 desperatione
2954 1210 3019 1263 ad
3048 1210 3296 1265 ultimum
3329 1214 3675 1269 concluditur.

2300 1294 2695 1351 Verecundiam
2742 1312 2872 1351 sane
2910 1309 3037 1353 ante
3082 1311 3363 1367 peccatum
3404 1310 3650 1372 tanquam
3683 1322 3779 1362 ser-

2225 1384 2387 1441 vilem
2461 1395 2665 1440 metum
2732 1386 2920 1441 utilem
2983 1390 3303 1459 plerumque
3368 1392 3629 1459 dixerim,
3676 1409 3779 1466 post

2227 1475 2442 1545 culpam
2495 1484 2645 1530 tanto
2691 1478 3179 1546 perniciosiorem,
3237 1492 3445 1550 quanto
3497 1499 3654 1552 pravo
3697 1503 3778 1543 suo

2224 1568 2420 1639 pudori
2475 1569 2677 1624 tuendo
2730 1584 3019 1638 personam
3082 1573 3286 1628 videris
3347 1589 3451 1628 non
3501 1577 3778 1634 conﬁtendo

2227 1664 2551 1718 cautiorem.
2603 1662 2832 1718 Ametur
2889 1665 3057 1736 igitur
3105 1667 3355 1722 confusio
3408 1685 3523 1738 qure
3575 1670 3775 1743 gloriam

2228 1754 2484 1820 adducit;
2540 1755 2605 1808 ad
2658 1755 2987 1827 Babylonem
3038 1758 3184 1814 enim
3225 1759 3328 1815 boc
3389 1762 3547 1816 modo
3597 1766 3779 1820 venisse

2152 1871 2199 1931 Β
2227 1845 2520 1915 plurimum
2552 1857 2753 1903 nostra:
2789 1848 3094 1903 liberationi
3124 1852 3356 1920 proﬁcit.

2807 1940 3035 1997 CAPUT
3074 1942 3213 1998 XVI.

2297 2028 2591 2085 Monastica
2620 2031 2881 2095 instituta,
2916 2032 3144 2102 fugaque
3189 2033 3550 2101 strettlarium,
3590 2037 3775 2106 virgini-

2226 2123 2321 2175 tati
2350 2122 2560 2176 tuenda?
2607 2122 2859 2191 optimum
2907 2122 3215 2177 remedium.
3244 2155 3314 2164 —-
3342 2124 3544 2179 Tacere
3583 2141 3781 2194 prorsus

2225 2226 2325 2266 nos
2359 2212 2706 2281 proposuisse
2731 2211 2798 2265 de
2826 2212 3065 2268 caelestis
3108 2215 3563 2269 remunerationis
3588 2219 3775 2286 quanti-

2227 2309 2355 2366 tate,
2380 2316 2500 2371 quze
2537 2302 2766 2357 debetur
2788 2302 3112 2373 virginibus,
3142 2318 3302 2358 nemo
3330 2303 3575 2369 miretur,
3604 2308 3715 2375 quia
3734 2316 3778 2361 et

2224 2407 2326 2447 nos
2354 2392 2506 2457 latet,
2554 2392 2683 2446 etei
2731 2393 3076 2448 enuntianda:
3121 2408 3226 2448 non
3260 2394 3571 2457 suﬂicimus,
3609 2404 3781 2464 etquae

2226 2499 2332 2539 non
2369 2491 2555 2553 patent
2584 2482 2755 2537 oculis
2791 2483 3003 2553 tepidos
3036 2484 3213 2539 minus
3241 2485 3483 2540 excitant
3514 2485 3781 2551 auditores,

2224 2587 2287 2629 ea
2330 2587 2460 2627 vero
2508 2587 2738 2641 quorum
2798 2574 2930 2627 dura
2976 2574 3310 2643 experientia
3357 2584 3468 2643 est,
3495 2584 3548 2630 et
3566 2591 3674 2645 qua:
3700 2577 3780 2630 abs

2226 2662 2467 2733 quolibet
2505 2662 2767 2717 usualiter
2806 2664 3022 2733 probari
3046 2680 3206 2732 quam
3251 2665 3391 2718 mala
3441 2674 3567 2720 sunt
3594 2667 3781 2721 creber-

2228 2755 2364 2810 rime
2398 2754 2595 2820 solent,
2624 2754 2856 2824 exempli
2887 2754 3225 2809 adhibitione
3253 2755 3505 2828 digniora
3538 2756 3659 2809 mibi
3684 2757 3778 2813 vise

2227 2854 2373 2909 sunt,
2404 2853 2462 2899 ut
2505 2845 2696 2900 saltem
2726 2844 2955 2900 horreat
2998 2846 3214 2901 animus
3247 2846 3516 2900 tantillum
3545 2847 3702 2903 mellis
3734 2848 3776 2900 in

2228 2937 2346 3007 apis
2375 2951 2471 2993 ore
2494 2952 2763 3007 quaerere,
2800 2937 2927 2992 dum
2959 2939 3163 3010 cogitat
3196 2938 3442 2993 aculeum
3475 2941 3565 3009 qui
3604 2940 3781 2996 cruciet

2228 3026 2409 3082 inesse
2457 3027 2599 3082 illius
2630 3029 2838 3082 cauda}.
2889 3028 2952 3083 Et
2985 3029 3115 3086 illud
3160 3031 3439 3086 inculcare
3484 3047 3587 3086 non
3616 3034 3699 3087 abs
3731 3047 3779 3085 re

2228 3127 2333 3182 est,
2371 3118 2511 3187 quod
2552 3133 2617 3173 eo
2653 3118 2869 3173 stimulo
2900 3120 3192 3175 concitatis
3230 3120 3306 3174 nil
3330 3120 3401 3175 sit
3432 3120 3614 3175 utilius
3641 3135 3779 3189 quam

620 3222 872 3277 pessima;
933 3223 1090 3278 isuus
1140 3223 1332 3277 cicuta;
1381 3224 1621 3293 primos,
1677 3224 1753 3277 mi
1807 3222 2126 3289 referimus,
2158 3221 2199 3279 ο
2233 3209 2456 3263 claustri
2527 3210 2951 3278 monasteriique
3026 3212 3405 3282 perpetuitas,
3471 3210 3778 3293 smeularium
3830 3266 3833 3269 γ

544 3310 844 3381 profectus,
902 3320 958 3367 et
1005 3311 1245 3379 ejusdem
1294 3314 1543 3368 contritae
1591 3313 1857 3369 obscenos
1908 3313 2127 3380 odores,

546 3417 845 3473 succosque
896 3402 1211 3459 mortiferos
1272 3404 1585 3472 praelibatus
1626 3412 1821 3460 auctor
1862 3403 2030 3476 324
2075 3404 2127 3458 in

545 3495 841 3561 anteriori,
888 3503 949 3549 ut
1005 3496 1236 3566 opinor,
1306 3496 1579 3550 sententia
1649 3496 1813 3565 plene
1868 3496 2124 3550 elucidat.

550 3605 572 3638 ι
606 3587 767 3654 Quid,
826 3587 1027 3657 inquit,
1078 3588 1142 3642 de
1190 3588 1560 3657 voluptatibus
1606 3588 1834 3658 loquar?
1882 3588 2128 3654 Quarum

545 3676 764 3747 quidem
789 3679 1095 3748 appetentia
1120 3679 1277 3748 plena
1298 3680 1593 3735 anxietatis
1618 3689 1724 3745 est,
1754 3680 1980 3735 satietas
2002 3694 2131 3734 vero

544 3770 881 3839 paenitentia:
913 3770 1197 3839 (BOETIUS,
1221 3787 1377 3840 prosa
1400 3786 1484 3837 ιιι,
1513 3772 1591 3842 7).
1624 3789 1643 3822 ι
1671 3770 1778 3825 Sed
1801 3785 1867 3824 ex
1892 3771 2130 3841 prmfatis

549 3860 721 3915 babes
775 3861 1127 3922 anxietatem.
1179 3861 1309 3927 Qua:
1340 3876 1470 3916 vero
1518 3861 1606 3916 illa
1663 3861 1908 3926 satietas,
1965 3878 2127 3932 quam

546 3952 806 4005 venenosi
858 3960 914 4006 et
965 3936 1178 4007 atroces
1225 3951 1369 4008 illius
1426 3961 1664 4009 cruenta:
1712 3956 2129 4011 comessationis

547 4051 757 4113 gustus,
784 4041 940 4113 cujus
984 4051 1094 4098 tam
1122 4044 1296 4113 putidi
1326 4052 1454 4100 sunt
1483 4054 1669 4102 ructus
1695 4054 1755 4101 ut
1783 4062 1878 4102 sua
1917 4049 2129 4103 audito-

548 4148 639 4187 res
674 4132 816 4187 fama
847 4134 1124 4189 teterrime
1156 4145 1371 4191 vexent:
1407 4136 1575 4203 Cujus
1620 4137 1932 4195 refectionis
1978 4139 2128 4193 dcfe-

546 4225 656 4279 ctui
702 4226 768 4279 ad
802 4225 1054 4281 effectum
1114 4228 1332 4296 quidem
1387 4243 1543 4282 suum
1592 4230 1853 4284 momenti
1893 4232 2125 4299 spatium

546 4327 686 4383 pene
718 4312 939 4379 suﬁicit,
971 4313 1065 4368 sed
1100 4314 1294 4368 inﬁniti
1326 4314 1530 4370 doloris
1553 4331 1758 4372 maeror
1787 4317 2126 4373 brevissimae

547 4405 648 4472 ipsi
682 4404 1030 4459 delectationi
1067 4405 1328 4459 succedit.
1366 4404 1475 4461 Sed
1500 4407 1623 4475 quis
1661 4408 1904 4462 maeror?
1928 4408 2126 4462 acerri-

546 4516 687 4567 mus,
713 4510 768 4554 et
790 4500 989 4555 nullius
1016 4500 1197 4554 damni
1229 4501 1543 4569 temporalis
1577 4501 1815 4555 tristitiae
1838 4502 2119 4557 conferen-

546 4594 666 4656 dus,
699 4593 788 4661 qui
821 4593 873 4645 in
905 4601 1110 4645 tantum
1141 4580 1297 4645 suum
1329 4591 1647 4661 plerumque
1689 4593 1910 4648 stimulo
1950 4608 2153 4663 ango-.

547 4684 625 4738 ris
657 4684 864 4754 agitare
889 4683 1172 4739 consuevit
1214 4691 1493 4738 auctorem
1529 4692 1590 4738 ut
1629 4686 1849 4755 propria
1879 4685 2123 4754 seipsum

546 4774 774 4827 dextera
806 4772 861 4826 in
909 4773 1104 4827 mortis
1149 4773 1317 4841 eligat
1361 4774 1703 4843 przecipitare
1748 4774 2038 4828 discrimen
2071 4786 2127 4829 et

476 4934 481 4937 _
544 4880 669 4921 eum
716 4865 1013 4935 perpetrati
1066 4864 1327 4920 facinoris
1375 4864 1477 4919 sibi
1521 4874 1720 4934 praeter
1773 4879 1834 4920 se
1871 4865 2125 4919 conscius

544 4973 651 5012 non
717 4958 941 5023 existat,
1000 4958 1273 5012 neminem
1329 4972 1433 5010 non
1492 4957 1632 5010 scire
1685 4956 1960 5011 arbitrans
2014 4970 2125 5011 sua:

544 5050 705 5105 dente
747 5050 1074 5121 suspicionis
1104 5049 1240 5102 adeo
1270 5047 1387 5101 dire
1425 5045 1610 5101 infelix
1640 5045 1853 5099 animus
1883 5046 2126 5100 corrodi-
2158 5066 2159 5071 η

544 5152 633 5197 tur
658 5153 715 5197 ut
740 5144 852 5213 jam
886 5143 1127 5198 omnium
1160 5141 1303 5195 inter
1328 5155 1466 5208 quos
1500 5138 1711 5192 habitat
1742 5138 2034 5207 exsanguis
2061 5153 2125 5192 ac

542 5235 817 5305 pavidus,
867 5249 1031 5305 super
1082 5248 1180 5287 suo
1245 5247 1368 5287 eum
1419 5230 1598 5284 adhuc
1654 5230 1821 5283 lateat
1876 5228 2122 5299 ﬂagitio,

538 5324 798 5396 judicium
827 5324 1191 5396 prmstoletur.

615 5417 836 5472 Talibus
858 5416 1026 5488 igitur
1048 5415 1271 5470 subesse
1300 5410 1594 5483 suppliciis,
1636 5412 1763 5481 quid
1795 5413 1897 5467 nisi
1930 5412 2122 5484 imagi-

541 5508 731 5565 narius
777 5508 1000 5579 quidam
1043 5505 1289 5562 infernus
1346 5503 1740 5557 verisimillime
1783 5504 2126 5558 aestimetur?

542 5603 648 5661 Sed
674 5608 800 5660 dum
833 5611 955 5675 post
986 5603 1195 5673 lapsum
1220 5600 1509 5671 aliquoties
1534 5599 1807 5655 erubescit
1837 5600 2126 5655 vehemen-

545 5708 627 5757 ter
656 5696 904 5753 conﬁtcri
943 5695 1088 5765 quod
1123 5695 1327 5765 egerit;
1361 5693 1501 5764 apud
1534 5709 1592 5748 se
1622 5693 1917 5764 quamdam
1947 5693 2123 5750 conli-

615 5804 724 5877 (23)
766 5801 896 5857 Vide
920 5814 1078 5872 capp.
1102 5800 1133 5853 4
1158 5809 1208 5855 et
1235 5800 1265 5850 7
1298 5798 1514 5869 Regula:
1537 5797 1594 5853 S.
1622 5798 1821 5855 liened.

2231 3301 2671 3372 quampraeeipue
2719 3301 2977 3371 colloquii
3024 3302 3147 3374 fuga
3199 3318 3581 3373 personarum,
3622 3292 3779 3355 rumo-

2231 3402 2351 3442 rum
2410 3387 2652 3451 evitatio,
2707 3396 2763 3442 et
2815 3388 3076 3458 quidquid
3119 3390 3363 3443 animose
3418 3387 3646 3445 carnalis
3686 3402 3777 3441 am~

2230 3477 2481 3548 plexatur
2510 3476 2728 3532 electio.

2302 3580 2449 3635 Inter
2508 3595 2628 3651 qua:
2688 3594 3033 3650 summopere
3087 3582 3332 3637 ciborum
3391 3591 3445 3637 et
3499 3579 3775 3636 victualium

2230 3673 2470 3727 omnium
2518 3674 2708 3741 ingens
2752 3673 2804 3727 in
2836 3673 3099 3728 sumendo
3145 3674 3389 3728 habenda
3432 3674 3693 3736 discretio,
3734 3678 3776 3725 et

2232 3764 2442 3819 servilis
2470 3764 2620 3817 multi
2662 3764 2843 3834 opcris
2891 3765 3177 3829 instantia,
3208 3774 3262 3818 et
3296 3765 3428 3835 jugo
3460 3762 3776 3834 parcimoniae

2230 3855 2501 3907 curvanda
2547 3852 2827 3920 ferocitas,
2880 3869 2947 3909 ne
2990 3854 3116 3909 dum
3163 3854 3344 3909 cordis
3390 3853 3649 3907 munditia
3678 3852 3774 3905 siuc

2231 3944 2558 3999 abstinentia
2608 3945 2939 3999 exteriorum
2974 3945 3310 4014 voluptatum
3346 3946 3625 4012 quaeritur,
3656 3959 3775 4012 qua:-

2230 4034 2401 4087 rentis
2422 4034 2666 4101 eﬂ'cctus,
2696 4047 2755 4089 ut
2782 4036 3004 4107 dignum
3032 4044 3134 4101 est,
3176 4034 3445 4090 cludatur.

2303 4138 2632 4191 Tentationes
2688 4136 2841 4191 Patri
2888 4138 3155 4205 spirituali
3207 4149 3329 4193 sunt
3380 4139 3687 4210 aperieudw.
3721 4165 3774 4175 —

2231 4227 2406 4297 Supra
2437 4230 2549 4283 haec
2579 4229 2913 4299 permaxime
2938 4239 2991 4284 et
3018 4242 3262 4285 extreme
3294 4230 3494 4286 bonum
3524 4231 3633 4287 fore
3657 4228 3775 4282 arbi-

2231 4330 2386 4386 tror,
2449 4324 2772 4393 obrepentes
2836 4325 3030 4378 anima:
3101 4326 3497 4395 qualiscunque
3574 4322 3774 4379 lascivize

2229 4422 2410 4467 motus
2450 4413 2688 4482 pmprio,
2745 4414 2829 4468 cui
2880 4416 2961 4467 sui
3005 4415 3345 4483 potissimum
3379 4416 3611 4485 pertinet
3646 4426 3769 4471 cura,

2232 4504 2435 4573 pastori
2495 4503 2894 4573 quamprimum
2947 4504 2999 4558 in
3046 4506 3177 4574 ipsis
3224 4505 3587 4576 suggestionis
3633 4503 3771 4559 initiis

2231 4594 2623 4665 pandere(28);
2658 4610 2757 4649 nec
2777 4596 3086 4650 summatim
3115 4605 3207 4650 aut
3231 4596 3503 4664 simulate,
3534 4595 3621 4652 sed
3644 4608 3769 4651 suum

2227 4687 2362 4741 adeo
2406 4696 2668 4756 quantum
2690 4688 2834 4741 valet
2878 4689 3153 4743 denudare
3184 4690 3501 4759 cogitatum,
3532 4698 3588 4743 ut
3627 4696 3766 4741 totum

2226 4791 2287 4831 se
2330 4780 2554 4833 rectoris
2596 4778 2799 4848 judicio
2853 4779 3090 4836 insinuet
3150 4780 3582 4850 gubernandum;
3641 4788 3770 4831 nemo

2226 4869 2369 4922 enim
2417 4868 2553 4923 bene
2592 4868 2841 4923 subditus
2892 4870 3003 4940 regi
3054 4884 3084 4922 a
3121 4870 3345 4939 przelato
3383 4871 3600 4939 poterit,
3644 4866 3770 4935 cujus

2226 4957 2342 5028 ipse
2386 4960 2731 5013 conscientia:
2777 4960 2998 5028 ignarus
3032 4960 3156 5013 erit.
3209 4958 3264 5014 Si
3315 4975 3445 5030 ergo
3486 4975 3627 5029 aeger
3665 4957 3768 5013 Oho-

2227 5049 2401 5103 rientc
2430 5049 2619 5103 morbo
2647 5050 2747 5103 sibi
2778 5050 3073 5118 prudenter
3098 5051 3366 5120 providet,
3404 5051 3567 5104 menti
3609 5043 3768 5101 medici

2226 5150 2450 5192 necesse
2510 5148 2594 5192 est
2644 5147 2703 5192 ut
2752 5140 3036 5193 materiam
3081 5141 3409 5209 modumque
3461 5135 3764 5211 :egritudiuis

2226 5230 2606 5299 pronuntians,
2646 5231 2954 5285 universum
2998 5248 3057 5286 sc
3090 5233 3383 5303 mancipct.
3422 5233 3545 5287 llaec
3579 5229 3763 5302 quidem

2227 5321 2371 5376 facto
2398 5323 2608 5391 gravia,
2640 5323 2731 5377 sed
2760 5337 2865 5395 quo
2898 5324 3149 5393 graviora
3178 5337 3243 5379 eo
3278 5324 3520 5379 utiliora.

2302 5427 2499 5492 Quanti
2548 5427 2668 5485 boni
2717 5430 2960 5498 pacisque
3000 5429 3077 5481 vel
3120 5432 3173 5482 in
3212 5430 3310 5483 hoc
3340 5430 3534 5483 swculo
3567 5423 3763 5481 obveniat

2225 5517 2469 5586 puritatis
2520 5518 2772 5571 studioso.
2809 5545 2879 5557 -—-
2914 5518 3078 5588 Igitur
3126 5519 3318 5573 tantilli
3359 5518 3559 5573 laboris
3612 5510 3764 5566 viruui

2225 5608 2505 5678 praemium
2549 5623 2649 5678 ego
2692 5609 2825 5663 mire
2870 5619 3079 5679 potens,
3140 5611 3277 5665 mire
3320 5625 3486 5665 suave
3519 5606 3763 5679 praefigere

2225 5700 2389 5755 etiam
2422 5699 2472 5753 in
2505 5701 2605 5757 hoc
2637 5700 2832 5756 saeculo
2876 5701 3125 5767 audeam,
3154 5702 3221 5757 ad
3258 5696 3412 5774 cujus
3444 5696 3763 5774 comparatiw
