4038 6330
200 381 353 440 605
1352 379 1776 439 OPUSCULUM
1820 381 1909 438 DE
1956 383 2415 445 VlRGlNlTATE.
3406 393 3514 453 6(6

205 512 378 552 nem
436 491 678 548 lantillus
729 505 857 547 vere
904 491 1058 548 labor
1113 492 1201 549 ille
1248 504 1486 565 putetur.
1545 496 1826 551 Neminem
1854 502 1903 559 Α
1932 515 2029 555 nos
2057 502 2312 570 quaelibet
2343 518 2596 574 nequam,
2636 514 2958 578 suggerente
3006 507 3202 563 Satana
3236 518 3289 565 et
3321 514 3519 567 acriter

212 587 420 656 hujus
471 584 592 640 talis
654 584 980 641 titillationis
1043 601 1271 657 gnarum
1330 588 1499 653 latet,
1552 596 1612 642 ut
1661 602 1829 655 reor,
1900 589 2194 665 instante,
2246 593 2593 648 humiliantcs
2650 612 2747 650 nos
2815 598 2917 652 sub
2960 599 3166 666 potenti
3220 615 3379 653 manu
3420 601 3515 655 Dei

214 685 464 740 quanto
499 673 866 743 suspicionum
899 674 1133 741 turbine,
1184 684 1277 730 aut
1310 677 1494 731 animo
1535 678 1711 733 adhuc
1746 692 1836 734 ce-
1940 679 1991 752 (I
2022 679 2172 735 Petr.
2201 699 2253 746 v,
2281 682 2335 753 6)
2380 684 2596 753 rejectis
2634 688 2867 742 terrenis
2895 686 3181 742 affectibus
3210 689 3347 744 coelo
3378 690 3512 745 infe-

215 764 402 823 lante
454 764 600 829 fota,
637 770 732 816 aut
781 777 945 833 opere
995 773 1307 834 perpetrata
1358 765 1529 822 libido
1575 767 1835 822 miseram
1937 785 2121 825 ramus
2151 771 2424 836 intuitum,
2454 789 2616 842 opere
2650 776 3053 831 conelamantes
3080 796 3091 830 :
3122 778 3253 831 Mihi
3293 785 3516 833 mundus

215 863 416 910 vexet
446 863 704 915 mentem,
734 852 954 922 quantis
985 854 1318 924 captivatum
1367 853 1618 910 sollicitet
1657 856 1833 911 homi-
1937 862 2222 928 cruciﬁxus
2250 872 2348 927 est,
2371 873 2418 916 et
2438 879 2529 932 ego
2555 865 2747 917 mundo
2773 865 2914 935 (Gal.
2940 882 3014 931 vi,
3043 869 3152 933 Ml.
3182 868 3328 923 Vade
3351 880 3514 933 retro,

221 964 378 1003 nem
432 948 600 1003 curis.
645 946 837 1002 Libido
866 962 998 1002 sane
1027 957 1324 1015 transacta,
1376 957 1435 1003 ut
1479 952 1556 1004 ait
1590 951 1832 1021 quidam,

221 1059 480 1115 semper
512 1043 595 1098 sui
627 1043 889 1112 relinquit
924 1045 1338 1112 paenitudinem.
1372 1045 1436 1098 Et
1487 1060 1640 1099 mens
1695 1043 1835 1098 male

218 1135 505 1199 conscia,
544 1143 605 1188 ut
644 1133 782 1188 alter
813 1133 909 1198 ait,
956 1135 1192 1204 propriis
1225 1150 1440 1204 semper
1474 1136 1713 1205 agitatur
1740 1134 1837 1188 sti-

220 1226 437 1281 mulis.
499 1225 604 1281 Sed
653 1227 775 1297 pius
829 1227 1056 1296 quisque
1096 1227 1346 1296 puritatis
1402 1227 1675 1282 studiosus
1713 1226 1836 1282 talis

221 1315 531 1387 spurcitiae
562 1316 629 1371 ab
651 1316 859 1371 intimis
890 1317 1086 1371 rudera
1119 1318 1432 1379 discutiens,
1471 1333 1595 1373 cum
1636 1332 1830 1388 corpo-

221 1408 362 1462 reis
382 1407 504 1475 jam
551 1421 782 1477 regnare
822 1407 1060 1464 motibus
1105 1410 1355 1477 coeperit,
1388 1417 1445 1462 et
1483 1408 1710 1465 obsoleti
1746 1409 1833 1464 sui

221 1500 397 1571 vulgi
425 1502 657 1570 quadam
691 1500 744 1555 vi
772 1500 1122 1571 imperatoria
1154 1503 1347 1556 sedare
1392 1502 1679 1566 tumultus,
1711 1502 1836 1570 quis

226 1590 420 1660 digne
473 1590 707 1645 disserat
736 1604 857 1659 quae
908 1591 1024 1656 lux,
1050 1606 1170 1660 qua:
1217 1606 1343 1661 pax,
1393 1607 1512 1660 quae
1564 1592 1832 1645 securitas

227 1679 409 1736 cordi
451 1679 595 1735 illico
621 1679 696 1733 illi
730 1680 1055 1744 innascitur,
1085 1682 1358 1749 quodnon
1400 1681 1648 1734 meditati
1682 1680 1834 1751 ﬂagi-

226 1768 305 1822 tii
363 1767 588 1824 fceditas
626 1767 816 1835 inficit,
871 1784 975 1824 non
1023 1770 1292 1840 appetitus
1348 1771 1607 1840 impudici
1669 1771 1836 1826 ardor

229 1859 443 1924 inurit,
470 1860 612 1913 nulla
642 1874 759 1925 qua:
787 1875 816 1914 a
851 1860 961 1916 Deo
998 1871 1213 1931 separet
1250 1862 1448 1931 cupido
1480 1862 1759 1917 distendit.

227 1972 233 1985 -
321 1947 439 2003 lloc
468 1959 551 2003 est
578 1948 706 2003 illud
734 1949 943 2015 oleum,
977 1966 1085 2020 quo
1120 1966 1274 2006 mens
1304 1951 1533 2022 gloriose
1567 1951 1829 2016 delibuta,

234 2038 449 2093 faciem
500 2039 912 2108 contemplando
944 2056 1043 2095 suo
1074 2041 1343 2096 exhilarat
1376 2041 1621 2097 Creatori
1656 2042 1827 2113 (Psal.

232 2144 367 2195 cui,
399 2127 511 2199 15).
543 2128 721 2199 Ipsum
752 2130 915 2186 etiam
968 2131 1165 2186 laetitiae
1206 2130 1383 2187 oleum
1404 2173 1419 2198 ,
1455 2148 1562 2201 quo
1601 2132 1833 2189 Sanctus

236 2224 565 2273 sanctorum
595 2232 707 2288 pra:
734 2219 847 2273 suis
865 2220 1223 2290 participibus
1242 2222 1461 2289 ungitur
1482 2218 1655 2292 (Psal.
1685 2238 1832 2288 xuv,

235 2308 324 2377 8).
357 2308 495 2375 Hoc,
532 2310 775 2382 inquam,
812 2320 898 2367 est
940 2311 1155 2378 oleum,
1183 2313 1329 2382 quod
1374 2312 1650 2368 doloribus
1694 2313 1835 2368 inte-

236 2401 410 2457 stinis
440 2402 708 2465 medetur,
740 2417 849 2472 quo
894 2418 1020 2459 ossa
1066 2413 1283 2469 nostra,
1322 2404 1532 2461 scilicet
1570 2405 1831 2459 virtutum

238 2499 563 2548 nostrarum
598 2492 813 2558 abdita,
857 2493 1155 2562 irrigantur
1188 2503 1242 2551 et
1292 2495 1639 2559 roborantur,
1677 2494 1833 2565 juxta

238 2580 381 2636 illud
419 2583 752 2637 contrarium
778 2583 833 2638 in
861 2584 1070 2655 psalmo
1105 2602 1118 2638 :
1151 2584 1297 2640 Sicut
1338 2586 1508 2641 oleum
1547 2587 1601 2641 in
1631 2587 1834 2644 ossibus

239 2672 367 2741 ejus
394 2671 567 2743 (Psal.
600 2688 763 2739 cvm,
796 2674 905 2746 l8).
950 2674 1067 2731 Hoc
1109 2675 1294 2735 itidem
1343 2687 1586 2736 nostrum
1635 2676 1835 2734 debere

243 2772 418 2832 caput
453 2763 809 2833 impinguari,
841 2774 1076 2821 mentem
1109 2766 1456 2837 significans,
1489 2768 1625 2822 alias
1655 2768 1834 2839 perbi-

239 2854 410 2913 betur
444 2853 618 2925 (Psal.
650 2870 762 2910 χχιι
782 2895 797 2922 ,
825 2856 902 2927 5).
944 2856 1090 2911 Bona
1134 2858 1315 2926 itaque
1344 2858 1675 2913 conscientia
1705 2858 1834 2929 quid

241 2946 497 3013 suavius,
530 2946 660 3018 quid
709 2949 762 3003 in
801 2948 1084 3018 praemium
1135 2951 1387 3019 prmsenti
1426 2950 1637 3009 felicius
1684 2952 1835 3007 dixe-

240 3037 393 3092 rim?
419 3051 540 3107 quae
565 3052 687 3094 cum
721 3038 1035 3097 obtineatur
1060 3040 1345 3111 aliquoties
1376 3052 1693 3098 eaeterarum
1725 3054 1836 3098 stu-

1940 949 2188 1017 Satauas,
2218 966 2339 1006 cmn
2390 955 2546 1022 nugis
2588 955 2712 1007 tuis.
2750 955 2859 1010 llac
2892 966 2979 1010 tua
3015 957 3240 1013 libidine
3259 959 3372 1026 jam
3411 960 3513 1015 du-

1940 1039 2063 1094 dum
2097 1055 2181 1092 me
2222 1041 2458 1095 ccelestis
2502 1044 2763 1096 castravit
2803 1060 2975 1097 amor.
3026 1045 3080 1099 Si
3137 1048 3297 1099 bever
3347 1049 3516 1101 ultro-

1937 1144 2072 1183 ueus
2099 1129 2273 1183 cilicio
2305 1140 2412 1184 tam
2447 1132 2589 1196 utili,
2633 1133 2841 1186 scilicet
2870 1148 2978 1201 quo
3006 1145 3249 1200 generat,
3287 1147 3439 1190 caret
3462 1146 3517 1190 et

1937 1220 2079 1287 quod
2124 1220 2452 1289 praecipuum
2502 1222 2667 1276 habet
2694 1237 2792 1292 pro
2819 1223 2930 1276 vita
2967 1223 3199 1278 libenter
3231 1225 3515 1294 impendit,

1936 1312 2269 1381 perdendum
2295 1314 2364 1368 ab
2394 1314 2613 1369 homine
2639 1316 2946 1386 gratantius
2973 1324 3054 1372 est
3080 1316 3224 1386 quod
3259 1316 3380 1386 plus
3415 1317 3518 1372 sib'.

1936 1402 2097 1456 olIicit
2125 1417 2287 1472 quam
2323 1405 2540 1474 prolicit

2002 1494 2225 1548 Scimus
2275 1510 2492 1566 quoque
2541 1497 2785 1552 vultures
2829 1498 3078 1554 crudeles
3126 1500 3281 1555 aliter
3316 1500 3520 1570 absque

1937 1584 2228 1637 concubitu
2261 1600 2360 1655 pro
2390 1586 2549 1638 modo
2574 1570 2669 1639 suo
2695 1596 2749 1640 et
2777 1602 2990 1656 parere,
3026 1599 3082 1642 et
3121 1588 3263 1643 fetus
3303 1605 3517 1645 creare.

1939 1671 1995 1727 Si
2047 1673 2186 1728 hanc
2224 1674 2367 1729 Deus
2403 1674 2730 1745 integritatis
2773 1679 2999 1749 gloriam
3040 1680 3390 1748 aequissimis
3433 1687 3516 1735 in-

1937 1762 2075 1817 sevit
2124 1764 2327 1829 avium,
2369 1766 2497 1836 quid
2540 1776 2594 1821 tu
2648 1770 2928 1824 rationalis
2976 1771 3153 1826 anima
3185 1787 3347 1841 quam
3384 1787 3521 1842 prte-

1938 1854 2104 1907 mium
2145 1854 2473 1924 virginitatis
2522 1873 2630 1912 non
2680 1858 2829 1926 latet,
2872 1875 2903 1914 a
2956 1860 3307 1915 continentia:
3336 1868 3520 1917 tenore

1937 1944 2179 2016 refugis?

2008 2037 2048 2088 Α
2088 2038 2276 2107 quibus
2316 2050 2491 2093 careat
2534 2041 2766 2096 castitati
2813 2042 3114 2113 iuvigilans.
3142 2074 3208 2084 -—
3240 2042 3343 2097 Sed
3394 2044 3518 2114 quia

1936 2126 2042 2180 nisi
2079 2143 2289 2181 summo
2320 2144 2447 2199 erga
2482 2129 2648 2183 Deum
2682 2131 2898 2201 vigente
2941 2130 3135 2187 affectu
3187 2133 3359 2187 virtus
3402 2134 3520 2188 inec

1935 2219 2119 2274 valere
2171 2236 2277 2273 non
2323 2228 2525 2289 potest,
2570 2222 2710 2292 ignis
2752 2223 2974 2292 quidam
3016 2237 3123 2278 non
3170 2222 3515 2289 honorarius,

1935 2312 2031 2367 sed
2080 2313 2371 2368 continuus
2414 2322 2602 2368 nostro
2644 2315 3020 2385 suggereudus
3070 2329 3285 2385 semper
3314 2325 3397 2370 est
3423 2331 3514 2386 pe-

1938 2402 2100 2467 ctori,
2148 2404 2304 2474 cujus
2328 2419 2393 2459 ea
2426 2414 2622 2458 natura
2666 2404 2738 2461 sit
2784 2414 2842 2461 ut
2889 2420 3050 2461 omne
3103 2407 3247 2477 quod
3301 2407 3519 2463 aliunde

1937 2494 2159 2550 noxium
2206 2494 2414 2560 fervet,
2470 2496 2801 2567 exstinguat.
2851 2493 3080 2551 'Anima
3144 2511 3276 2566 ergo
3329 2505 3518 2552 nostra

1937 2599 2124 2641 amore
2145 2584 2288 2641 illius
2317 2584 2497 2641 dilecti
2526 2584 2817 2656 singularis
2845 2585 3088 2642 ardendo
3122 2586 3436 2651 incandeat,
3463 2594 3518 2639 et

1936 2676 2181 2733 osculum
2233 2677 2345 2733 oris
2393 2677 2512 2749 ejus
2536 2678 2696 2733 anxia
2748 2679 2927 2745 votis,
2989 2679 3180 2734 anhela
3233 2678 3519 2735 desideriis

1937 2778 2234 2839 exposcat,
2300 2770 2576 2836 osculum,
2638 2770 2894 2840 inquam,
2945 2770 3075 2826 illud
3127 2770 3273 2841 quod
3327 2770 3517 2825 intima

1937 2874 2186 2930 superna:
2226 2860 2577 2930 aspirationis
2621 2860 2903 2932 illapsione
2947 2861 3251 2931 perﬁcitur,
3282 2875 3390 2930 quo
3418 2875 3515 2915 ore

1938 2951 2006 3007 de
2049 2950 2156 3007 illis
2198 2950 2561 3006 ineffabilibus
2603 2950 2783 3017 labiis,
2820 2960 2874 3005 et
2902 2950 3141 3005 anhelitu
3172 2958 3325 3004 tanto
3355 2950 3520 3004 mira-

1937 3044 2103 3099 bilius
2146 3052 2201 3098 et
2249 3042 2478 3107 dulcius,
2523 3051 2729 3113 quanto
2750 3042 3012 3100 secretius
3057 3041 3341 3106 hauritur;
3398 3041 3514 3110 qui,

242 3126 365 3192 dio,
404 3127 508 3184 hac
529 3128 870 3198 potissimum
901 3130 1103 3185 virtute
1134 3133 1403 3187 castitatis
1435 3134 1756 3204 acquiritur.
1857 3170 1903 3233 ϐ
1932 3134 2088 3205 juxta
2122 3135 2339 3189 beatum
2383 3132 2648 3189 Joannem
2692 3134 3009 3203 apostolum,
3040 3131 3518 3203 coneupiscentias

715 3221 876 3294 325
898 3221 1126 3279 CAPUT
1168 3222 1326 3281 xvu.

324 3309 693 3377 Quorumdam
721 3312 1032 3368 animalium
1067 3317 1295 3384 puritate
1326 3317 1561 3373 homines
1588 3320 1656 3372 ad
1677 3319 1833 3387 pudi-

247 3405 429 3458 citiam
451 3416 820 3475 provocautur.
842 3436 912 3451 --
939 3405 1045 3462 Sed
1069 3409 1192 3477 quis
1219 3408 1352 3464 adeo
1374 3410 1680 3480 prredicata:
1715 3420 1833 3465 tan-

248 3496 433 3564 tisque
484 3495 783 3569 privilegiis
838 3510 1138 3554 muneratus
1186 3500 1448 3570 refragari
1485 3502 1834 3557 continentia:

251 3588 472 3656 audeat,
510 3606 673 3660 quam
725 3606 902 3662 neque
929 3593 1042 3648 suis
1091 3593 1349 3663 propriis,
1380 3609 1555 3664 neque
1585 3595 1833 3651 humanae

251 3680 554 3751 cujuspiam
582 3682 704 3738 vitae
728 3683 993 3755 exemplis
1022 3684 1276 3740 Salvator
1310 3686 1483 3741 solum
1516 3687 1830 3743 imitabilem

252 3770 371 3831 fore
405 3772 706 3843 perdocuit,
737 3774 831 3828 sed
862 3774 1027 3829 etiam
1068 3775 1369 3831 bestiarum
1409 3776 1700 3847 aviumque
1752 3776 1832 3832 fe-

252 3862 449 3917 ralium
475 3863 802 3920 documento
843 3866 1123 3922 celebrare
1165 3884 1273 3923 non
1304 3870 1524 3924 renuit?
1567 3870 1830 3926 Conside—

256 3969 438 4009 remus
488 3964 731 4011 castores
799 3973 935 4027 quos
995 3960 1260 4017 usualiter
1325 3963 1552 4018 bevcres
1605 3962 1833 4035 [Gallice

254 4045 491 4120 Bieures]
517 4049 841 4116 vocitamus,
868 4066 1098 4121 quorum
1126 4053 1357 4109 testiculi
1387 4070 1509 4109 cum
1541 4055 1831 4125 plurimum

257 4137 469 4193 vaieant
510 4138 815 4206 medicinze,
855 4142 1123 4198 maximas
1160 4143 1535 4200 insectationis
1561 4145 1834 4201 molestias

259 4243 442 4285 eorum
474 4244 637 4284 causa
667 4230 720 4284 in
774 4232 888 4287 suis
926 4231 1239 4288 referuntur
1264 4235 1577 4306 regionibus
1601 4239 1830 4307 perpeti.

263 4321 382 4387 Qui,
430 4321 555 4377 dum
605 4338 704 4392 pro
741 4323 945 4379 eisdem
995 4326 1177 4380 acrius
1203 4342 1261 4380 se
1286 4328 1522 4381 viderint
1564 4328 1830 4394 infestari,

262 4427 378 4467 eum
402 4426 515 4467 suae
545 4413 727 4484 fugam
760 4414 919 4469 saluti
953 4415 1200 4473 sufficere
1234 4434 1338 4473 non
1371 4434 1528 4488 posse
1552 4435 1833 4490 perscnsc-

1934 3225 1988 3279 in
2021 3240 2078 3279 se
2102 3226 2402 3280 exsuscitet
2421 3226 2799 3295 sempiternas,
2835 3234 2891 3281 et
2922 3224 3013 3281 ubi
3049 3224 3199 3280 omni
3244 3222 3368 3278 favo
3397 3238 3520 3295 gra-

1936 3316 2061 3372 tiori
2106 3318 2274 3371 saliva
2317 3314 2435 3385 ejus
2480 3317 2761 3388 tingimur,
2814 3332 2935 3387 qua:
2968 3316 3138 3371 totius
3172 3315 3338 3372 divini
3365 3315 3518 3372 verbi

1933 3407 2273 3464 salutiferum
2320 3418 2504 3464 nostra
2540 3409 2762 3463 innovat
2794 3409 2847 3464 in
2881 3417 3061 3465 mente
3090 3422 3362 3479 saporem.
3397 3407 3517 3463 Sic-

1941 3515 2048 3569 que
2092 3514 2215 3555 cum
2270 3500 2532 3570 singulari
2585 3500 2841 3556 titillantc
2893 3500 3140 3567 lascivia,
3192 3508 3312 3570 post
3357 3499 3520 3555 alieni

1933 3594 2047 3649 oris
2076 3591 2373 3648 blanditias
2409 3593 2622 3648 animus
2650 3602 2837 3649 tenere
2864 3593 3103 3664 agitatus
3133 3592 3393 3648 oberrare
3425 3606 3519 3646 vo-

1934 3686 2118 3750 luerit,
2151 3686 2425 3740 memoriae
2447 3700 2510 3739 ea
2535 3685 2762 3743 dulcedo
2786 3695 3035 3742 revocata
3060 3693 3231 3742 totum
3259 3684 3519 3756 quidquid

1936 3794 2104 3850 vagos
2169 3779 2410 3834 exterius
2460 3777 2725 3835 fomentat
2782 3781 3004 3835 obtutus
3062 3776 3521 3848 contemplatione

1934 3879 2168 3940 expertae
2212 3869 2565 3940 aspirationis
2612 3870 2899 3925 amaricat.
2934 3868 3042 3925 Sed
3081 3868 3301 3938 quando
3333 3874 3516 3921 tactus

1937 3962 2205 4032 impudice
2239 3962 2377 4017 lenis
2405 3970 2461 4016 et
2488 3962 2775 4017 inhoneste
2806 3961 3082 4017 delectans
3119 3960 3284 4014 menti
3320 3966 3518 4012 nostrre

1938 4061 2282 4122 suggeratur,
2320 4067 2429 4107 non
2467 4052 2542 4106 illi
2578 4054 2718 4107 desit
2748 4067 2850 4107 nec
2876 4053 3010 4107 vitio
3036 4051 3219 4120 aliquo
3249 4049 3520 4119 oppiletur

1939 4144 2081 4199 illius
2111 4144 2397 4199 foraminis
2428 4154 2708 4214 apertura,
2745 4158 2843 4213 per
2888 4143 3033 4212 quod
3081 4142 3313 4196 dilectus
3362 4153 3514 4193 suam

1935 4237 2106 4306 possit
2146 4236 2440 4290 immittere
2484 4250 2726 4299 manum,
2762 4235 2827 4289 ad
2849 4234 3001 4302 cujus
3043 4242 3248 4287 tactum
3302 4240 3513 4295 venter,

1938 4329 1988 4383 id
2042 4336 2125 4382 est
2178 4335 2381 4382 nostra:
2434 4326 2772 4383 carnalitatis
2834 4325 3119 4398 fragilitas,
3181 4322 3516 4377 intremiscat

1939 4418 2112 4491 (Cant.
2143 4434 2196 4483 v,
2227 4416 2309 4486 Α),
2334 4426 2389 4471 et
2418 4433 2541 4471 cum
2567 4416 2877 4481 Ezechiele,
2919 4416 3107 4469 eadem
3155 4428 3316 4467 manu
3359 4411 3513 4466 nobis

266 4504 388 4568 rint,
427 4519 547 4560 sese
596 4505 748 4559 humi
801 4506 1083 4575 dejieiunt,
1120 4523 1181 4563 ea
1213 4523 1311 4575 pro
1339 4510 1534 4577 quibus
1571 4520 1833 4580 urgentur
1863 4510 1908 4568 D
1939 4523 2154 4579 semper
2187 4509 2326 4564 facta
2371 4508 2592 4571 comite,
2631 4506 2847 4561 assidue
2886 4504 3225 4560 eoufortctur
3255 4509 3309 4557 et
3336 4501 3518 4556 mollia

268 4595 501 4649 membra
550 4596 823 4652 mordicus
852 4598 1159 4666 abscidunt,
1194 4609 1247 4653 et
1278 4601 1392 4654 suis
1428 4601 1831 4656 insecutoribus

270 4686 417 4755 quasi
448 4689 738 4757 quamdam
793 4690 1217 4760 redemptionem
1268 4708 1364 4760 pro
1411 4708 1470 4747 se
1518 4693 1832 4747 dimittunt.

273 4779 422 4845 Quid,
448 4787 503 4834 tu
542 4778 847 4835 Christiana
893 4795 1146 4851 persona,
1178 4782 1343 4838 facies
1370 4798 1437 4837 an
1467 4799 1705 4838 amorem
1732 4792 1836 4838 tute

272 4868 499 4925 libidinis
539 4869 852 4925 factitandte
901 4880 1003 4926 tum
1044 4874 1168 4927 vitae
1200 4875 1514 4944 praepones?
1548 4875 1778 4930 Abscide
1805 4889 1834 4927 a

277 4970 325 5014 te
363 4961 501 5029 quod
550 4960 751 5017 diaboli
806 4963 1053 5033 nequitia
1102 4979 1131 5017 a
1161 4973 1211 5019 te
1253 4965 1440 5035 exigit.
1487 4964 1739 5021 Gaudere
1784 4974 1839 5021 et

278 5052 411 5121 pasci
439 5054 504 5108 de
537 5061 626 5108 tua
667 5053 881 5109 luxuria
925 5057 1153 5125 appetit,
1207 5058 1450 5123 abscide,
1499 5058 1742 5127 inquam,
1783 5067 1838 5112 et

280 5141 461 5211 projice
481 5143 579 5199 abs
609 5152 684 5207 te,
711 5159 780 5199 ne
801 5161 923 5200 cum
945 5161 1006 5200 ea
1032 5146 1303 5201 infernum
1326 5148 1520 5202 subeas
1548 5147 1763 5216 (Matth.
1783 5164 1835 5214 v,

282 5231 377 5302 50).
416 5231 546 5289 Sine
590 5234 801 5292 luxuria
848 5237 1031 5294 vivere
1074 5248 1248 5309 potes,
1292 5254 1415 5293 cum
1448 5238 1559 5305 illa,
1591 5240 1691 5294 etsi
1720 5255 1840 5297 cor-

283 5338 415 5394 pore,
438 5324 726 5381 infelicitcr
749 5328 950 5382 anima.

345 5415 543 5472 Accidit
572 5417 786 5474 demum
818 5419 992 5474 eidem
1024 5421 1212 5477 bestia:
1243 5430 1323 5487 ut,
1351 5422 1546 5479 amissa
1594 5424 1840 5491 corporis

289 5504 361 5559 illa
386 5515 554 5574 parte,
584 5523 773 5563 rursus
797 5510 864 5564 ab
889 5510 1091 5580 ignaris
1114 5512 1380 5581 aliquibus
1404 5512 1719 5580 impetatur,
1746 5514 1841 5568 sed

290 5611 392 5649 eum
429 5596 643 5666 fatigari
688 5600 935 5668 cmperit,
973 5600 1227 5671 fugiendo
1254 5616 1372 5657 sese
1401 5602 1713 5656 divaricatis
1748 5618 1841 5671 po-

292 5687 585 5745 sterioribus
632 5690 882 5746 cruribus
927 5694 1221 5763 resupinat,
1252 5702 1303 5747 et
1339 5708 1395 5748 se
1424 5694 1564 5763 quod
1594 5702 1843 5763 quierunt

295 5793 379 5837 non
401 5781 599 5839 habere
629 5774 911 5859 pandeiido
936 5784 1152 5852 clamat,
1199 5788 1380 5859 sicque
1425 5786 1731 5845 diniihilur.
1778 5787 1839 5843 Et

1936 4614 2163 4670 quaeque
2196 4597 2392 4651 refutet
2421 4596 2639 4659 (Ezech.
2664 4612 2746 4659 tu,
2774 4595 2885 4666 14).

2011 4691 2067 4745 Si
2094 4690 2377 4759 amplexus
2405 4696 2461 4743 et
2490 4696 2689 4743 cratera
2717 4686 2903 4742 mundi
2937 4684 3241 4754 frequentia
3274 4684 3519 4753 volupta-

1938 4789 2050 4835 tum
2087 4779 2435 4834 iuterioribus
2467 4776 2640 4831 irruat
2668 4776 2862 4841 oculis,
2898 4783 2953 4829 et
2980 4776 3043 4830 ad
3081 4790 3140 4830 se
3179 4790 3273 4828 eos
3304 4783 3520 4828 contor—

1941 4886 2110 4940 quere
2160 4869 2309 4933 velit,
2361 4870 2681 4923 remulemur
2726 4866 3009 4935 sexaginta
3044 4866 3164 4919 illos
3194 4864 3522 4918 fortissimos

1941 4978 2195 5034 proceres
2212 4961 2425 5018 lsraelis
2436 4960 2526 5030 qui
2547 4959 2795 5015 lectulum
2813 4957 3045 5012 ambiunt
3068 4955 3391 5018 Salomonis,
3411 4970 3521 5005 om-

1942 5070 2032 5107 nes
2064 5061 2291 5107 tenentes
2316 5050 2543 5121 gladios,
2576 5059 2622 5104 et
2650 5049 2717 5102 ad
2748 5048 2883 5103 bella
2908 5047 3199 5100 doctissimi
3227 5044 3402 5114 (Cant.
3434 5059 3521 5108 tu,

1945 5145 1998 5208 7,
2023 5144 2103 5215 8),
2129 5144 2220 5212 qui
2252 5143 2470 5212 quidem
2512 5142 2815 5211 sexaginta,
2852 5139 3032 5208 operis
3061 5139 3129 5207 pii
3162 5135 3519 5207 perfectione,

1942 5250 2066 5291 eum
2124 5235 2215 5305 qui
2268 5244 2391 5305 post
2441 5235 2758 5289 exercitium
2823 5231 3132 5285 laborantes
3196 5236 3378 5282 manet
3430 5227 3523 5280 do-

1943 5328 2157 5384 narium
2200 5326 2315 5396 jam
2366 5335 2668 5391 merentur,
2721 5324 2952 5392 ideoque
3009 5330 3160 5376 tanto
3205 5320 3522 5391 vigilantius

1943 5421 2201 5477 lectulum
2244 5419 2578 5485 Salomonis,
2628 5418 2680 5472 id
2710 5424 2793 5472 est
2823 5429 3034 5471 sacram
3064 5428 3217 5468 suam
3256 5412 3520 5474 animam,

1944 5531 2052 5586 quo
2080 5528 2207 5569 vera
2237 5528 2344 5583 pax
2390 5521 2444 5567 et
2486 5510 2781 5581 pacificans
2828 5509 3078 5565 Christus
3123 5505 3379 5577 quiescit,
3420 5505 3521 5558 ob-

1943 5616 2199 5671 servant;
2253 5614 2456 5676 quanto
2502 5603 2743 5667 interiori
2793 5618 2939 5658 curae
2981 5603 3048 5657 ab
3092 5600 3347 5655 exteriori
3370 5613 3529 5655 exsu-

1945 5702 2023 5756 les
2048 5708 2267 5755 vacant.
2315 5698 2381 5753 Et
2420 5698 2520 5753 hoc
2562 5712 2665 5751 non
2698 5696 2814 5751 sine
2850 5695 3065 5767 gladiis,
3110 5694 3161 5750 id
3205 5704 3287 5747 est
3321 5690 3530 5761 magnis

1953 5792 2299 5851 acuminibus
2341 5789 2711 5859 discretionis,
2754 5789 2945 5866 quibus
2985 5789 3109 5847 hinc
3144 5784 3407 5859 superﬂua
3441 5800 3527 5837 ως
