4014 6324
620 382 721 440 607

1434 373 1493 429 V.
1539 373 1865 432 GUIBERTI
1889 370 2275 431 ABBATlS-S.
2316 372 2558 431 MARI/E
2597 375 2686 431 DE
2728 374 3126 435 NOVIGENTO
3726 390 3804 452 603

620 491 899 567 gitationis
933 486 1208 554 excidunt,
1263 486 1411 542 illinc
1454 488 1637 559 operis
1685 489 1834 543 noxii
1885 488 2184 560 repentinis
2209 490 2261 550 Α
2287 486 2397 552 dat.
2445 495 2499 544 et
2531 496 2733 559 quanto
2758 505 2857 546 suo
2886 489 3093 559 judicio
3124 490 3355 548 nitorem
3383 504 3683 565 consuetum
3706 512 3805 563 ami-

617 575 927 642 incurslbus
990 578 1215 634 militari
1275 578 1507 648 quadam
1566 579 1825 635 instantia
1886 581 2182 636 obsistunt.

621 670 1049 740 Uniuscujusque
1080 667 1220 723 ensis
1252 685 1408 740 super
1444 670 1616 740 femur
1653 687 1806 725 suum
1860 680 2071 740 propter
2122 670 2188 724 ti-

614 777 785 818 mores
830 769 1110 815 nocturnos
1161 759 1339 831 (Cant.
1370 762 1479 835 Ill).
1516 762 1621 819 Per
1666 777 1849 818 ensem
1894 762 2018 816 istic
2054 760 2186 815 mihi

614 852 998 921 longanimitas
1042 854 1186 909 inter
1232 854 1458 910 adversa
1490 868 1648 923 posse
1687 853 1910 924 intelligi
1946 853 2183 920 videtur,

612 946 737 1017 quia
791 959 859 1000 ex
915 955 1227 1000 transverso
1262 945 1478 1016 capulo,
1530 954 1584 1000 et
1625 946 1964 1014 prominente
2007 952 2184 1014 parte,

616 1035 796 1091 crucis
840 1035 1089 1107 efﬁgiem,
1122 1036 1176 1091 in
1218 1052 1325 1107 qua
1369 1036 1652 1092 tolerantia
1691 1045 1928 1102 notatur,
1967 1035 2186 1106 praefert

611 1134 668 1179 et
703 1139 770 1180 ex
806 1125 1050 1181 inferiori
1092 1126 1427 1197 longitudine
1452 1126 1690 1197 patiendi
1722 1128 2184 1197 perseverantiam

611 1216 937 1283 portendere
964 1216 1288 1271 aestimatur.
1318 1216 1402 1273 Ad
1430 1218 1533 1273 hoc
1564 1216 1929 1286 adjiciendum
1968 1219 2113 1287 quod
2152 1232 2183 1272 a

610 1318 822 1358 summo
843 1305 1058 1376 sperula
1080 1306 1411 1375 prmeminet,
1434 1307 1559 1376 quia
1590 1314 1754 1362 totam
1778 1315 2018 1361 nostram
2041 1306 2186 1361 inter

613 1396 956 1451 incommoda
991 1397 1374 1452 sustinentiam
1409 1413 1440 1452 a
1475 1412 1570 1468 5pc
1612 1397 1833 1466 superni
1873 1398 2048 1453 bravii
2091 1398 2187 1453 de-

609 1488 870 1543 scendere
907 1488 1052 1543 haud
1085 1487 1305 1547 dubium
1347 1499 1453 1546 est.
1504 1491 1617 1546 Hoc
1653 1491 1817 1561 igitur
1845 1505 1976 1546 ense
2008 1489 2183 1545 femur

611 1577 910 1632 carnalium
959 1579 1522 1649 concupiscentiarum
1556 1580 2016 1650 comprimendum
2049 1581 2183 1635 irre-

614 1668 781 1724 misse
823 1678 941 1737 est,
992 1684 1094 1725 nec
1137 1669 1376 1739 frustra,
1428 1672 1714 1727 timoribus
1762 1673 1904 1726 enim
1959 1681 2185 1727 noctur-

608 1756 693 1811 nis
730 1757 1044 1823 excludens,
1081 1760 1361 1815 diabolicis
1411 1761 1622 1816 scilicet
1665 1760 2044 1817 dolositatibus
2091 1775 2181 1816 ar-

607 1846 819 1914 cendis,
843 1851 1132 1907 immodica
1165 1838 1442 1924 vigilantia
1473 1852 1777 1908 adhibenda
1804 1861 1908 1909 est.

682 1941 885 1997 Deinde
915 1944 962 1998 si
1004 1928 1197 1998 nebula
1245 1956 1298 2001 et
1343 1956 1487 2001 terra
1530 1947 1771 2000 omnium
1817 1945 2177 2001 obscenorum

610 2040 852 2086 motuum
876 2034 1115 2089 densitas
1137 2036 1373 2091 animant
1400 2036 1679 2106 irruperit,
1709 2044 1930 2091 cantare
1961 2051 2182 2094 necesse

608 2129 689 2176 est
712 2121 950 2177 animum
980 2125 1321 2181 resistentem
1358 2144 1370 2180 :
1395 2127 1561 2198 323
1591 2126 1761 2197 Nigra
1790 2144 1928 2192 sum,
1955 2129 2046 2182 sed
2075 2128 2183 2199 for-

609 2225 778 2276 mosa,
800 2210 929 2279 lilia:
952 2211 1273 2281 Jerusalem,
1302 2216 1436 2270 sicut
1459 2214 1793 2270 tabernacula
1822 2213 2014 2281 Cedar,
2046 2219 2182 2272 sicut

604 2301 764 2370 pelles
804 2303 1105 2361 Salomonis
1143 2305 1319 2377 (Cant.
1345 2325 1385 2376 ι,
1414 2308 1495 2379 4).
1544 2309 1730 2380 Nigra,
1769 2309 1963 2379 inquit,
2006 2321 2065 2367 ut
2098 2320 2183 2367 ta-

608 2391 901 2449 bernacula
949 2395 1145 2458 Cedar.
1190 2408 1379 2467 utpote
1425 2414 1546 2470 qua:
1590 2401 1734 2455 inter
1779 2402 2010 2456 obscura
2055 2402 2181 2456 vita:

534 2554 550 2567 κ
610 2485 917 2551 mundialis,
945 2487 997 2541 in
1020 2488 1343 2560 caliginibus
1368 2493 1768 2561 erumpentium
1803 2501 2179 2562 tempestatum

608 2574 710 2629 sub
753 2590 848 2644 spe
891 2579 1225 2633 manentium
1265 2582 1502 2637 civitatis
1549 2582 1746 2648 milito,
1796 2591 1850 2638 et
1879 2582 2180 2652 corporalis

608 2663 875 2721 molestiae
898 2667 1083 2723 nubilo
1111 2671 1425 2726 necessario
1467 2671 1646 2727 adhuc
1678 2672 1885 2726 turbor.
1915 2670 2021 2728 Sed
2054 2672 2180 2727 licet

609 2748 696 2810 his
744 2756 1033 2827 aliquoties
1082 2759 1249 2816 invita
1302 2760 1651 2831 subjaceam,
1708 2762 1945 2818 formosa
1998 2774 2179 2819 tamen

608 2858 752 2910 sum,
796 2854 856 2900 ut
902 2848 1069 2917 pelles
1131 2849 1469 2919 Salomonis,
1525 2853 1652 2923 quia
1698 2854 1953 2923 quiddam
2005 2853 2180 2909 simile

608 2945 906 3009 martyrum
947 2941 1162 3008 molior,
1195 2943 1321 2999 dum
1348 2958 1470 2999 eum
1505 2960 1666 3016 quem
1701 2946 1776 3001 illi
1808 2956 1996 3001 contra
2027 2947 2178 3016 prin-

607 3029 758 3097 cipes
804 3039 1207 3103 potestatesque
1264 3038 1608 3091 tenebrarum
1668 3039 1958 3093 visibilium
1999 3054 2180 3109 perse-

605 3131 874 3188 cuturum,
918 3124 1278 3193 incentorum,
1326 3128 1516 3197 positis
1558 3144 1868 3199 corporum,
1918 3131 1969 3184 in
2020 3139 2173 3195 tegu-

606 3212 803 3267 mentis
848 3213 1041 3269 animaa
1082 3217 1314 3283 scilicet,
1347 3218 1596 3288 pellibus,
1625 3218 1964 3291 conﬂigendo
1989 3220 2175 3275 sortiri

602 3301 859 3358 studuere
908 3303 1263 3376 triumphum.
1314 3306 1471 3363 Hunc
1501 3323 1603 3380 ego
1648 3309 1909 3365 adversus
1955 3324 2177 3365 carnem

603 3401 660 3446 et
699 3394 1018 3465 sanguinem
1058 3398 1306 3469 exposito
1354 3399 1612 3455 vitiorum
1652 3400 1916 3470 pondere,
1947 3400 2179 3455 circnm-

601 3494 753 3541 stans
800 3501 889 3542 me
935 3498 1217 3558 peceatum
1246 3491 1549 3559 excutiens,
1581 3507 1686 3546 non
1718 3492 1834 3546 sine
1856 3493 2037 3548 carnis
2064 3494 2177 3548 acri

602 3575 825 3644 injuria,
858 3587 913 3634 ct
941 3580 1107 3635 animi
1140 3584 1392 3653 angustia
1425 3584 1694 3641 diuturnis
1725 3585 2063 3641 conﬂictibus
2092 3585 2178 3641 di-

602 3665 855 3721 micando
875 3669 1122 3727 obtinere
1143 3672 1307 3728 nitor.

679 3757 1055 3827 Dispensative
1086 3776 1268 3819 sanea
1294 3763 1404 3820 Deo
1442 3765 1622 3836 agitur
1648 3774 1726 3830 nt,
1766 3780 1886 3820 cum
1927 3766 2178 3821 tcntatio-

608 3845 693 3899 nis
728 3847 852 3903 fuco
892 3849 1188 3921 aliquando
1229 3870 1348 3911 mea
1393 3856 1731 3912 conscientia
1779 3855 2105 3922 offunditur,
2144 3874 2174 3913 a

611 3936 804 3996 timore
830 3956 963 4010 suae,
992 3959 1113 4011 qua:
1141 3946 1368 4003 forsitan
1395 3948 1720 4019 subriperet,
1757 3948 2006 4006 elationis
2030 3951 2177 4006 exci-

671 4087 807 4163 (28‘)
837 4091 974 4150 Nota
999 4098 1239 4155 auctoris
1265 4115 1532 4156 summam
1557 4102 1723 4158 animi
1754 4102 2154 4159 demissionem.

632 4203 3646 4237 MM

2287 577 2423 634 sisse
2452 594 2510 635 se
2532 580 2694 645 dolet,
2723 595 2788 635 eo
2818 582 2957 651 apud
2985 581 3232 636 intimum
3261 583 3618 655 inspectorem
3652 591 3805 653 formo-

2286 667 2400 724 sior
2442 678 2640 724 exstet.
2666 667 2822 725 Sicut
2864 671 3009 725 enim
3052 669 3223 725 lilium
3272 671 3416 728 inter
3455 674 3630 745 spinas
3664 680 3805 750 (Cant.

2286 774 2348 825 lt,
2374 758 2456 832 ἓ),
2487 768 2544 816 et
2580 760 2627 819 si
2657 760 2872 830 quando
2896 776 3082 817 earum
3108 760 3312 817 aculeis
3341 761 3587 831 illiditur,
3629 769 3720 826 vim
3743 779 3806 833 sui

2286 857 2465 905 tamen
2494 849 2678 905 odoris
2704 865 2809 907 non
2840 851 3058 919 minuit,
3103 852 3184 907 sic
3229 867 3384 908 meus
3428 855 3615 911 aeterni
3651 858 3806 931 δμοηεί

2281 937 2394 1009 jam
2439 954 2624 995 amore
2660 941 2882 1010 donata,
2932 941 3078 998 inter
3117 942 3263 1010 illas,
3314 958 3451 1014 quas
3487 959 3579 1001 rex
3612 948 3805 1024 Egypti,

2286 1028 2571 1100 diligenter
2593 1032 2832 1088 maribus
2865 1034 3125 1098 enecatis,
3164 1034 3349 1090 fovere
3384 1033 3649 1094 desiderat
3687 1042 3795 1102 ﬁlias

2287 1118 2486 1190 (Exod.
2516 1135 2555 1183 ι,
2588 1118 2703 1190 22),
2738 1122 2791 1177 id
2817 1130 2903 1178 est
2936 1122 3111 1179 ﬂuxos
3143 1122 3451 1194 mollesque
3477 1126 3735 1197 cogitatus,
3759 1149 3808 1191 ac

2285 1208 2330 1264 si
2360 1208 2504 1264 inter
2534 1209 2881 1268 mulierculas
2913 1221 3123 1282 turpes,
3168 1214 3330 1285 regite
3358 1214 3516 1287 virgo
3555 1221 3803 1291 munditia,

2284 1298 2487 1369 speciei
2514 1308 2570 1355 et
2598 1299 2826 1358 honoris
2871 1302 3044 1374 gloria
3088 1303 3410 1360 excellentis
3447 1307 3688 1365 emineat.
3726 1313 3806 1369 Ex-

2280 1394 2657 1463 pergiscamur
2688 1395 2874 1466 igitur,
2907 1403 2963 1451 et
3000 1397 3372 1452 omnimodum
3403 1411 3434 1452 a
3464 1400 3615 1456 nobis
3647 1400 3808 1463 laboris

2282 1482 2563 1553 exigamus
2610 1483 2860 1556 vectigal,
2897 1493 2953 1539 et
2990 1485 3350 1541 emundanda:
3390 1501 3609 1557 operam
3653 1491 3808 1552 demus

2280 1573 2474 1641 ruenti,
2521 1589 2621 1629 nec
2662 1574 2904 1630 vacando
2940 1574 3173 1631 virtutes
3220 1584 3415 1647 sponte
3445 1578 3596 1634 nobis
3617 1583 3808 1640 aestime-

2281 1680 2403 1721 mus
2455 1665 2855 1730 iuuascituras,
2907 1674 2963 1722 et
3014 1666 3158 1722 sicut
3204 1666 3365 1739 vulgo
3422 1665 3719 1737 joculariter
3757 1674 3808 1729 de

2250 1754 2616 1832 presbyteris
2655 1759 2795 1816 solet
2830 1760 2936 1816 dici
2976 1775 3122 1832 quon
3162 1759 3375 1817 infulati
3425 1774 3728 1833 operantur,
3766 1780 3809 1824 et

2279 1850 2610 1908 rebrachiatl
2673 1853 2989 1909 comedunt.
3057 1851 3138 1908 Ita
3190 1868 3290 1910 nos
3333 1863 3554 1910 exertas
3604 1855 3807 1914 habendo

2280 1958 2473 2000 manus
2521 1943 2843 2000 exercendae
2896 1943 3143 2015 corporis
3185 1944 3486 2015 voluptati,
3542 1959 3601 2000 ac
3643 1946 3806 2017 sepitos

2282 2033 2536 2089 habendo
2567 2034 2764 2091 divinis
2794 2034 2985 2091 ciliciis
3018 2051 3213 2092 sensus
3252 2035 3571 2093 somniando
3602 2046 3809 2107 putemus

2280 2125 2577 2195 promereri
2602 2125 2795 2190 Deum;
2831 2136 2887 2181 at
2913 2127 3071 2198 longe
3101 2128 3259 2182 aliter
3284 2125 3447 2199 (28‘).

2356 2213 2481 2270 Hmc
2512 2214 2643 2282 tibi,
2690 2231 2725 2271 ο
2767 2228 2952 2272 sancta
2996 2225 3051 2272 et
3089 2217 3362 2273 excellens
3404 2216 3552 2271 omni
3578 2216 3658 2287 pio
3678 2234 3805 2277 exer-

2283 2303 2412 2359 citio
2464 2304 2684 2372 anima,
2740 2314 2964 2362 coactus
3018 2307 3226 2361 monitu
3286 2313 3478 2361 contra
3543 2321 3619 2361 me
3667 2307 3804 2376 ipsum

2280 2395 2589 2450 vehementi
2628 2394 2831 2465 impetu
2875 2395 3160 2462 delatravi,
3209 2404 3265 2452 et
3308 2396 3438 2450 dum
3484 2396 3603 2450 vitia
3637 2398 3807 2452 animo-

2285 2502 2403 2542 rum
2439 2488 2531 2542 tihi
2562 2491 2729 2543 multa
2758 2487 3235 2543 circumlocutione
3268 2486 3516 2552 distinxi,
3544 2503 3622 2542 me
3646 2488 3804 2558 ipsum.

2282 2578 2472 2633 vellem
2511 2580 2727 2641 nollent,
2761 2579 2854 2634 tibi
2884 2578 3138 2648 cxpandi.
3168 2577 3238 2632 At
3265 2577 3309 2632 si
3332 2577 3400 2633 de
3425 2576 3635 2632 virtutis
3663 2579 3807 2633 studio

2282 2670 2577 2740 quidquam
2641 2670 2795 2734 dixi,
2861 2679 3068 2724 natura:
3118 2668 3301 2738 potius
3360 2668 3629 2723 ascribere
3676 2669 3809 2724 debes

2282 2763 2559 2833 potentiaa,
2585 2778 2708 2833 quae
2734 2776 3011 2832 nunquam
3053 2776 3084 2815 a
3132 2761 3276 2819 bono
3312 2776 3539 2831 prorsus
3562 2750 3632 2815 est
3656 2775 3805 2824 ctors,

2282 2869 2443 2924 quam
2486 2868 2617 2908 mete
2645 2853 2699 2907 in
2731 2852 2912 2921 aliquo
2952 2852 3132 2907 stttdio
3173 2852 3545 2922 experientiae.
3590 2849 3802 2904 Narratio

2282 2942 2447 3009 stulti,
2499 2952 2556 3010 ut
2598 2943 2674 2998 ait
2717 2942 2959 3012 quidam,
2997 2943 3149 3012 quasi
3199 2943 3414 2996 sarcina
3464 2942 3618 2997 invia
3648 2940 3800 3011 (Ercli.

2284 3049 2397 3100 xxr,
2445 3033 2555 3105 t9).
2593 3032 2698 3089 Sed
2728 3047 2893 3104 penes
2936 3042 2987 3087 te
3027 3041 3342 3088 excusatum
3391 3032 3458 3088 de
3515 3031 3797 3103 longiloquio

2282 3124 2610 3194 praesumere
2654 3138 2740 3178 me
2781 3124 2976 3189 audeo,
3002 3124 3093 3193 qui
3116 3122 3258 3192 quod
3289 3137 3453 3176 ausus
3478 3138 3613 3189 sinu,
3650 3130 3801 3192 rogatu

2284 3215 2626 3286 potissimum
2676 3215 2778 3270 feci
2817 3223 2929 3271 tuo.
2980 3214 3115 3269 Dant
3160 3214 3254 3269 tibi
3301 3214 3394 3268 alii
3452 3216 3616 3285 pictos
3651 3202 3798 3269 etco-

2280 3307 2435 3376 pioso
2480 3314 2675 3362 ornatu
2727 3304 3049 3379 spectabiles
3097 3304 3287 3369 IIDI‘OS,
3340 3318 3443 3375 ego
3486 3304 3672 3358 utinam
3697 3300 3803 3356 utile

2284 3398 2488 3470 aliquid
2534 3400 2641 3453 tuis
2684 3413 2880 3468 queam
2913 3397 3132 3453 deferre
3175 3396 3587 3468 conspectibus!
3625 3394 3800 3462 ’Arcipe

2281 3492 2449 3563 igitur
2476 3491 2543 3547 de
2571 3500 2661 3546 tua
2694 3498 2744 3545 te
2770 3490 2946 3546 salute
2976 3498 3307 3555 monentem,
3346 3497 3403 3544 et
3424 3488 3547 3544 licet
3576 3503 3650 3541 me
3674 3500 3801 3541 secus

2280 3596 2441 3653 agere
2468 3596 2628 3652 quam
2663 3580 2783 3637 dico
2805 3594 3122 3650 cognoscas,
3156 3593 3224 3634 ne
3243 3578 3549 3650 asperneris
3573 3576 3696 3647 quod
3724 3590 3802 3645 pro

2282 3680 2370 3726 tua
2404 3672 2497 3727 tibi
2528 3671 2829 3726 salvatione
2860 3672 3216 3741 depromitur.
3255 3668 3452 3725 Libens
3483 3665 3799 3738 qutcjusseris

2279 3764 2502 3833 egerim.
2557 3760 2841 3815 Prtcminm
2889 3759 3080 3815 saltem
3130 3759 3335 3815 laboris
3373 3758 3531 3829 hujus
3567 3752 3803 3813 tuasmihi

2279 3854 2553 3909 orationes
2586 3851 2854 3921 impende.

2958 3957 3115 4003 FINIS.

1102 4296 1545 4413 VEN-
1609 4298 2499 4411 GUIBERTI
2579 4297 3386 4413 ABBATIS

1529 4531 1654 4620 IN
1726 4528 2159 4623 LIBROS
2232 4526 2808 4638 QUATUOR

1069 4728 1265 4853 DE
1365 4723 2307 4855 PIGNORIBUS
2405 4722 3362 4854 SANCTORUM

1508 4952 2018 5032 EPISTULA
2094 4954 2933 5035 NUNCUPATORIA.

2067 5120 2400 5136 ..Ψ

667 5238 829 5310 327
853 5238 1057 5295 Domno
1094 5250 1149 5293 et
1180 5239 1346 5303 Patri,
1376 5238 1561 5294 Sancti
1587 5239 1965 5313 Symphoriaui
1998 5245 2179 5301 abbati
2219 5245 2260 5302 Ι)
2284 5249 2487 5319 gissent
2512 5290 2526 5315 ,
2576 5249 2759 5306 censui
2810 5248 3006 5304 litteris
3052 5264 3221 5321 pauca
3266 5263 3427 5321 super
3472 5239 3683 5315 capitulo
3715 5234 3795 5289 isto

600 5329 876 5401 omni):
910 5330 1222 5386 GUIBERTUS
1250 5331 1342 5386 Dei
1373 5331 1666 5388 Genitricis
1698 5334 1900 5390 utinam
1937 5336 2182 5394 minister

599 5436 663 5477 ac
693 5439 911 5489 servus;
950 5423 1096 5479 laetos
1130 5425 1184 5479 in
1215 5424 1309 5481 Dei
1343 5426 1622 5481 servitium
1651 5427 1850 5485 habere
1873 5444 2177 5500 processus.

674 5514 870 5571 Auctor
906 5515 1134 5569 instituti
1179 5519 1261 5572 sui
1301 5518 1555 5573 rationem
1596 5521 1785 5575 reddit.
1810 5522 2035 5578 —Cnm
2064 5523 2181 5593 plu-

601 5603 753 5657 rima:
779 5601 1091 5673 questiones
1119 5621 1281 5678 super
1308 5609 1468 5665 dente
1492 5608 1809 5679 Salvatoris,
1840 5627 2000 5682 quem
2025 5613 2180 5668 nobis

604 5695 841 5766 rordigui
872 5692 1059 5751 Sancti
1108 5697 1486 5757 Medardenses
1537 5703 1737 5760 habere
1795 5720 1853 5761 se
1902 5718 2175 5772 asserunt,

605 5786 744 5855 apud
777 5801 860 5842 mc
885 5795 1243 5859 perstrepunt,
1276 5807 1398 5847 cum
1426 5792 2010 5875 vnlgariteraliquibus
2038 5808 2175 5857 sate.

2286 5343 2671 5412 perstringere,
2702 5352 2757 5397 et
2805 5342 2983 5397 tacitis
3019 5341 3247 5397 aliorum
3287 5340 3523 5398 sensibus
3566 5331 3677 5403 quid
3702 5321 3791 5379 aui-

2284 5448 2404 5486 mus
2451 5447 2602 5488 meus
2654 5432 2777 5487 inde
2824 5434 3051 5488 sentiret
3107 5434 3338 5489 edicere.
3380 5433 3507 5487 Dum
3555 5436 3669 5492 ergo
3708 5423 3793 5466 '9'“

2284 5522 2458 5591 ipsam
2513 5522 2564 5576 in
2613 5523 2730 5594 ipsa
2784 5523 2943 5578 libelli
2998 5523 3174 5579 fronte
3222 5524 3548 5595 aggrederer,
3592 5521 3643 5568 cl
3684 5495 3794 5572 (1⁸³0⁴Ι

2285 5608 2641 5681 conceperam
2688 5616 2774 5668 vix
2805 5616 2996 5685 pagina
3047 5615 3261 5684 integra
3307 5610 3544 5675 dictando
3580 5599 3791 5685 eniterer.

2285 5715 2434 5761 tanta
2484 5721 2582 5775 p50
2630 5683 2897 5761 similibus
2942 5683 3293 5763 dicendorum
3339 5701 3537 5761 influxit
3577 5683 3791 5759 COP'av‘"

2285 5806 2459 5866 coepta
2492 5795 2763 5853 indefinite
2799 5812 2921 5852 mox
2953 5803 3293 5854 desereretur
3338 5788 3567 5865 materia.
3595 5777 3791 5839 Cum‘l"c
