4038 6330
122 355 258 406 eos
943 353 1032 409 ns
1071 351 1482 412 maneamus
1521 353 1963 412 sucronem.
2005 387 2071 398 -
2104 356 2319 415 EPIST.
2347 334 2668 418 muscae!
3313 364 3418 419 διο

118 470 283 533 alia,
318 466 410 523 sed
441 481 549 522 non
581 466 780 532 aliena,
809 467 877 522 ab
908 467 1012 523 bac
1045 469 1333 524 occasione
1363 484 1738 539 prosequerer,
1770 482 1816 538 Α
1849 471 1927 542 3),
1971 481 2102 537 etc.,
2147 460 2240 528 tali
2287 475 2554 540 oratione,
2603 476 2654 530 ui
2700 475 2873 540 fallor,
2924 476 3224 532 occludam.
3267 479 3420 544 Quod
3505 455 3508 458 I

121 556 353 611 excudi
398 557 662 625 Primum.
707 555 1024 624 imperfecm
1068 572 1228 624 quam
1279 557 1506 613 adorsus
1534 558 1742 614 fueram
1845 565 1986 618 enim
2024 579 2212 620 eorum
2261 583 2414 622 mens
2443 569 2496 622 in
2529 568 2850 623 diabolieum
2889 567 3148 634 furorem,
3179 571 3426 624 obstina-

119 649 409 704 oratione
439 647 700 702 libellum.
742 647 799 701 ln
844 648 1092 717 sequenti
1121 645 1204 717 (re
1234 662 1395 716 quam
1439 648 1621 704 dicere
1649 650 1744 704 de-
1846 652 2155 722 lienemque
2185 654 2468 720 deciderit,
2520 655 2652 710 satis
2682 656 2735 710 in
2767 655 2955 710 eodem
2989 671 3149 726 quem
3189 655 3255 710 de
3285 656 3424 713 inte-

119 756 415 797 voveram
456 742 569 812 jam
601 740 789 812 libata)
824 741 913 796 ubi
963 741 1028 796 de
1059 741 1273 796 Domini
1303 757 1533 812 corpore
1563 757 1742 797 sermo
1843 741 1974 795 riori
2007 743 2207 798 mundo
2240 744 2550 799 vocaverim
2579 745 2740 813 libro,
2772 745 3031 817 probasse
3061 760 3148 802 me
3175 747 3423 815 memini,

123 832 373 897 incidit,
407 841 578 886 totum
623 831 787 885 etiam
837 839 962 885 tunc
1005 831 1147 900 quod
1200 831 1344 900 loqui
1392 845 1554 900 super
1583 834 1743 888 dente
1845 833 1926 887 sin
1973 834 2125 899 alias,
2159 851 2219 890 ea
2271 837 2383 890 sola
2417 837 2570 906 quasi
2609 839 2868 892 contrarii
2908 840 3247 908 oppositione
3287 857 3420 895 con-

125 938 503 994 ceperamus
531 923 756 976 excidit.
792 921 946 977 Unde
985 923 1051 977 iis
1092 937 1210 991 qua:
1259 923 1528 977 irruerant
1573 924 1744 978 disse-
1845 922 2001 990 clusi,
2032 927 2174 994 quod
2206 941 2308 996 qua
2339 927 2712 981 benevolentia
2754 929 3004 984 Christus
3035 931 3085 982 in
3122 931 3258 986 coelo
3293 947 3420 986 suos

129 1017 330 1071 rendo
359 1014 678 1085 proﬂigatis,
713 1015 927 1069 tandem
976 1014 1030 1068 in
1073 1014 1234 1068 tertio
1270 1024 1520 1068 conatum
1561 1030 1739 1069 meum
1843 1015 1943 1070 sibi
1976 1020 2370 1074 commembres
2399 1020 2516 1074 unit
2554 1031 2714 1089 atque
2745 1033 3121 1092 concorporat,
3154 1039 3215 1077 ea
3247 1025 3419 1080 rabiei

124 1108 401 1162 exercui.
432 1107 540 1162 Sed
567 1107 754 1161 nescio
781 1114 964 1160 utrum
996 1106 1292 1176 quidpiam,
1319 1105 1466 1175 quod
1491 1105 1740 1176 prudenti
1842 1106 2198 1162 similitudine
2219 1108 2464 1164 diabolus
2495 1126 2610 1175 eos,
2631 1110 2828 1180 quibus
2855 1121 3018 1182 caput
3047 1111 3295 1179 efficitur,
3321 1113 3423 1168 sibi

127 1198 395 1268 cuipiam
425 1198 498 1251 sit
523 1197 678 1261 satis,
709 1195 966 1266 explicui.
1842 1196 2150 1252 conformes
2180 1197 2355 1252 factos
2383 1199 2697 1254 iuviscerat.

221 1288 445 1342 Auctori
483 1288 760 1357 objectum.
806 1288 856 1340 l.
901 1286 1056 1354 Quod
1089 1303 1278 1356 corpus
1305 1286 1498 1352 Christi
1537 1286 1591 1342 in
1624 1285 1739 1340 Eu—
1911 1283 2078 1353 328
2100 1283 2266 1338 Valde
2284 1285 2427 1338 enim
2453 1287 3212 1352 absurdum,etomnirationi
3237 1288 3424 1344 incon-

131 1381 413 1434 chariuia
461 1378 715 1433 uicarium
742 1376 936 1432 Christi
967 1377 1266 1447 appellarit.
1294 1407 1366 1418 —
1387 1378 1653 1433 Caeterum
1691 1376 1738 1432 si
1841 1373 2060 1428 cinnum
2088 1389 2248 1431 nemo
2273 1377 2486 1432 dubitat
2511 1379 2654 1446 quod
2682 1379 2772 1448 qui
2802 1379 3098 1434 malevolus
3122 1395 3152 1434 a
3175 1382 3426 1450 prmsenti

134 1471 290 1541 quid
339 1469 628 1534 senserim,
667 1483 731 1522 ex
785 1469 892 1522 ﬁde
931 1482 1090 1522 sensa
1136 1475 1246 1520 tota
1295 1466 1416 1522 ﬁdei
1450 1467 1742 1522 securitate

137 1563 501 1636 protulerim,
550 1561 596 1616 si
628 1561 750 1632 quis
778 1559 970 1615 melius
1014 1558 1230 1620 sentiat.
1263 1558 1442 1613 velim.
1486 1557 1738 1612 Attamen

138 1669 218 1707 ex
253 1655 395 1708 meis
424 1651 703 1707 benevolis
733 1651 1026 1705 lectoribus
1058 1649 1184 1703 illud
1213 1649 1266 1702 in
1293 1649 1532 1703 secundo
1559 1647 1740 1702 libello

139 1745 471 1801 subnotavit
503 1743 648 1814 quod
676 1742 832 1812 panis
866 1756 929 1796 ac
977 1741 1086 1794 vini
1123 1739 1441 1811 mysterium
1475 1738 1739 1793 vicarium

1842 1464 2056 1535 migrat,
2101 1465 2211 1521 illic
2254 1478 2540 1538 rccuperet
2565 1470 2707 1540 quod
2756 1470 2866 1536 hic,
2901 1472 3025 1526 dum
3070 1472 3290 1538 advivit,
3333 1473 3428 1526 ha-

1839 1555 1972 1611 bere
1995 1571 2103 1611 non
2131 1567 2318 1625 curat;
2344 1559 2584 1629 alioquin
2612 1559 2922 1618 Salomonis
2947 1565 3217 1618 sententia
3245 1575 3428 1631 vacat,

1842 1647 1934 1718 qui
1987 1648 2192 1720 lignum
2243 1651 2555 1720 praecisum,
2608 1651 2725 1707 sive
2767 1653 2835 1707 ad
2881 1663 3148 1720 austrum,
3199 1655 3311 1708 sive
3358 1656 3427 1708 ad

1841 1737 2148 1807 aquilonem
2179 1739 2452 1808 decidens,
2501 1755 2824 1811 quocunque
2866 1741 2985 1797 loco
3014 1745 3292 1808 ceciderit,
3326 1745 3429 1797 im-

143 1836 362 1893 Christi
394 1834 745 1906 appellarim,
779 1833 920 1903 quod
953 1833 1021 1887 ob
1065 1833 1170 1887 hoc
1205 1832 1306 1887 sibi
1341 1831 1518 1886 minus
1549 1829 1740 1885 idonee
1772 1821 2114 1884 “mobiliter
2164 1845 2384 1886 manere
2438 1833 2758 1902 pronuntiat
2811 1831 3012 1904 (Eccle.
3054 1851 3131 1902 xi,
3184 1835 3260 1906 5).
3309 1835 3427 1890 Non

144 1927 365 1981 dictum
393 1927 566 1980 visum
603 1934 704 1988 est,
751 1925 894 1994 quod
945 1923 996 1978 id
1037 1922 1180 1992 quod
1220 1922 1482 1978 vicarium
1521 1921 1739 1987 dicitur,

147 2019 341 2074 minus
371 2033 457 2083 eo,
487 2016 642 2087 cujus
670 2017 933 2072 vicarium
965 2025 1068 2082 est,
1101 2015 1283 2084 aliquo
1316 2015 1476 2071 modo
1503 2013 1740 2070 testima-

151 2121 265 2164 tnr.
295 2110 402 2165 Sed
431 2111 476 2165 si
507 2110 650 2165 dicta
675 2125 791 2164 mea
823 2108 1144 2162 attendisset
1173 2106 1575 2176 quibus.........
1601 2105 1744 2172 quod

149 2215 238 2256 est
273 2220 338 2256 ex
375 2203 616 2270 Virgine,
646 2211 700 2257 et
723 2201 1014 2272 signiticati
1043 2200 1183 2268 quod
1213 2200 1476 2253 iu.........
1510 2207 1740 2262 constat,

151 2310 181 2345 a
227 2310 316 2346 me
359 2307 734 2362 smpeuumero
765 2292 1020 2345 identitas
1047 2291 1383 2354 enuntiatur,
1421 2289 1600 2343 omnis
1627 2287 1745 2356 ejus

153 2382 311 2436 illico
349 2381 678 2450 ambiguitas
703 2381 926 2451 sopiret,
961 2394 1084 2434 cum
1116 2379 1231 2448 ipsa
1263 2378 1426 2432 verba
1468 2377 1745 2432 Dominica

155 2491 286 2528 mox
313 2474 445 2528 inibi
476 2473 715 2542 subjecta
749 2481 950 2527 met....
983 2472 1048 2525 ad
1082 2471 1163 2526 sui
1196 2471 1514 2524 memoriam
1547 2469 1597 2522 id
1626 2468 1744 2524 lleri

155 2565 462 2635 imperant,
491 2579 766 2632 nunquam
799 2563 866 2619 de
900 2561 1276 2618 vicissitudine
1305 2562 1532 2631 quaestio
1570 2568 1744 2614 mota-

156 2672 338 2716 retur.
379 2659 510 2728 Quis
553 2661 698 2715 enim
746 2661 960 2716 viear...
1003 2659 1096 2732 ΗΖ,
1139 2657 1427 2730 vicarium]
1460 2653 1748 2728 cujuslibet

156 2753 584 2823 repraesentandi
639 2753 874 2819 dubitat,
930 2753 1072 2823 quod
1124 2768 1286 2824 super
1343 2759 1742 2822 repraesenta...

157 2845 252 2918 [{.,
278 2844 750 2916 reprazsentatam]
775 2845 1094 2899 memoriam
1118 2844 1371 2899 innovat?
1394 2842 1562 2912 Magis
1589 2840 1746 2911 plane

157 2939 212 2992 in
252 2952 418 2993 causa
447 2951 568 2993 esse
603 2937 817 2992 videtur
845 2936 989 3006 quod
1025 2935 1260 3004 Spiritus
1297 2925 1514 2988 sanctus
1550 2929 1746 3001 Pignus

156 3029 363 3084 dicitur
397 3027 616 3099 (Ephes.
658 3044 706 3094 ι,
754 3028 867 3098 14),
919 3027 1062 3096 quod
1105 3007 1275 3080 Filius
1325 3025 1441 3094 ipse
1489 3021 1748 3092 Splendor

156 3121 372 3191 glorior,
403 3117 606 3190 Figura
632 3118 939 3173 substantia:
969 3115 1156 3188 (Hebr.
1191 3131 1232 3180 ι,
1263 3115 1341 3181 5),
1365 3124 1419 3169 et
1443 3114 1576 3168 alias
1607 3113 1747 3165 Ima-

155 3229 224 3284 go
261 3211 361 3266 Dei
385 3211 687 3281 appellatur
714 3209 802 3283 (II
836 3209 955 3264 Cor.
993 3225 1069 3274 tv,
1099 3208 1176 3280 2).
1207 3208 1273 3262 Ει
1302 3215 1452 3261 certe
1486 3205 1744 3260 vicarium

159 3305 296 3374 quid
339 3303 570 3358 obsistat
598 3304 782 3358 vocari
821 3320 924 3358 non
961 3302 1136 3365 video,
1173 3302 1315 3370 quod
1349 3309 1404 3355 et
1431 3301 1542 3370 ipse
1571 3297 1750 3368 quoli-

159 3395 386 3448 dianum
428 3393 681 3464 appellat,
714 3408 779 3448 ac
825 3393 870 3448 si
916 3400 1252 3464 suggereret,
1285 3391 1363 3445 sic
1409 3405 1474 3446 eo
1524 3389 1576 3442 in
1608 3404 1748 3457 prae-

161 3487 340 3550 senti,
391 3485 517 3539 dum
562 3485 763 3540 dicitur
811 3484 990 3549 hodie,
1046 3483 1338 3544 utendmn,
1395 3490 1453 3534 ut
1501 3480 1566 3533 ad
1618 3478 1748 3534 illud

162 3588 374 3633 aeterne
418 3578 730 3644 fruendum,
761 3577 906 3648 quod
933 3577 1178 3632 considet
1212 3577 1448 3630 dextera:
1486 3582 1746 3645 paternae,

165 3685 268 3724 nos
304 3669 486 3723 ducat.
529 3666 684 3735 Quod
729 3669 889 3738 plane
919 3668 997 3722 sic
1031 3667 1084 3721 in
1134 3667 1235 3722 hoc
1274 3665 1470 3721 saeculo
1513 3664 1748 3718 ﬁendum

166 3761 395 3816 mandat
437 3770 493 3815 ut
524 3761 580 3816 in
611 3761 824 3816 saeculis
869 3760 1214 3825 saeculorum,
1248 3773 1370 3812 cum
1415 3755 1482 3809 ad
1513 3755 1748 3825 speciem

169 3852 328 3921 hujus
354 3852 584 3922 originis
607 3851 1011 3922 perligerimus,
1057 3849 1172 3904 fieri
1203 3863 1308 3903 non
1342 3855 1517 3916 egeat,
1549 3845 1750 3900 sentire

171 3960 276 3998 non
309 3959 530 4013 possum
558 3944 690 4014 quin
717 3953 1020 4014 opportune
1049 3942 1184 3996 vicis
1209 3939 1489 4009 cujusdam
1517 3938 1748 4009 speciem

173 4035 284 4104 ipsa
320 4034 447 4088 licet
493 4035 824 4099 omnimoda,
853 4033 1057 4088 veritas
1082 4041 1252 4103 gerat.

242 4124 411 4194 llujus
427 4125 610 4195 itaque
631 4124 875 4195 opusculi
903 4137 952 4178 te
968 4124 1225 4192 judicem,
1250 4123 1334 4176 vir
1353 4121 1746 4186 amantissime,

175 4229 358 4269 creare
377 4215 640 4284 disposui,
654 4230 813 4285 quem
832 4225 884 4269 et
901 4214 1195 4268 acrimonia
1212 4229 1473 4282 nusquam
1491 4214 1750 4282 torpentis

177 4308 403 4378 ingenii,
435 4323 538 4363 non
571 4309 730 4364 modo
752 4309 946 4363 littera:
975 4315 1174 4363 statum
1215 4307 1528 4361 examinare
1555 4307 1750 4377 perdo-

178 4399 306 4464 cuit,
339 4399 433 4453 sed
466 4399 532 4453 ad
569 4400 736 4470 ipsius
772 4399 984 4464 litterae,
1028 4409 1087 4453 ut
1115 4398 1194 4453 sic
1221 4399 1471 4463 dixerim,
1501 4398 1750 4468 spiritum

181 4492 580 4559 disquircndum
610 4491 1008 4562 contemplandi
1048 4491 1338 4545 assiduitas
1378 4491 1639 4544 assuevit.
1675 4488 1752 4544 Te

183 4597 305 4652 ergo
351 4597 576 4638 securus
617 4583 897 4653 clegerim,
941 4597 1100 4650 quem
1145 4581 1210 4636 ad
1242 4581 1561 4650 corrigenda
1593 4580 1755 4632 etiam

187 4671 390 4725 hostilia
418 4673 672 4744 progredi
704 4687 809 4726 non
839 4672 941 4727 nisi
967 4687 1032 4726 ex
1068 4671 1306 4742 ingenita
1336 4671 1430 4724 tibi
1455 4670 1759 4726 humilitate

187 4764 482 4818 didicerim.
1051 4757 1058 4762 ’

251 4854 302 4909 Ξ.
346 4855 482 4920 Quia
517 4855 652 4910 male
683 4857 834 4909 verba
879 4857 1248 4926 interpretatus
1294 4855 1427 4910 illud
1473 4855 1603 4925 Sap.
1639 4873 1757 4924 cap.

188 4961 236 5012 ν,
277 4948 330 5001 '5.
371 4946 525 5012 Quod
579 4950 904 5018 potissimum
945 4950 998 5000 in
1032 4949 1120 4999 lib.
1173 4947 1246 5000 [)e
1282 4949 1518 5002 interiori
1563 4949 1758 5002 mundo

191 5043 396 5111 refutat.
422 5073 492 5082 —
521 5040 692 5097 Porro
721 5043 862 5112 quod
906 5053 954 5096 te
984 5043 1235 5095 audiente
1263 5043 1663 5110 quidam........
1699 5057 1761 5096 us

192 5135 273 5206 [[2,
301 5133 550 5206 aemulus]
596 5136 724 5190 mihi
761 5135 978 5201 objecit,
1025 5135 1158 5188 satis
1196 5135 1270 5187 uti
1298 5148 1382 5199 me
1417 5133 1760 5202 promptulus

193 5227 251 5281 ad
285 5227 635 5296 loquendum,
667 5226 762 5281 sed
798 5227 979 5281 minus
1017 5225 1276 5294 providus
1313 5226 1378 5278 ad
1411 5225 1461 5278 id
1495 5223 1638 5294 quod
1667 5227 1757 5278 dea

194 5318 476 5376 latraverat
509 5319 786 5373 tuendum.
833 5317 1056 5374 Scilicet
1084 5319 1226 5387 quod
1255 5327 1445 5372 contra
1479 5316 1760 5386 sapientia:

195 5412 378 5468 librum
413 5427 508 5468 eos
534 5413 625 5483 qui
654 5412 705 5484 in
739 5411 951 5467 inferno
983 5423 1130 5474 sunt,
1165 5419 1258 5463 aut
1289 5409 1452 5463 futuri
1488 5420 1634 5474 sunt,
1667 5425 1762 5462 cor

195 5504 533 5575 imptenitens
578 5513 634 5557 et
673 5503 900 5580 habere,
942 5512 998 5556 et
1035 5501 1318 5556 habituros
1361 5499 1614 5563 dixerim,
1669 5499 1758 5554 ubi

193 5595 434 5651 videlicet
455 5594 686 5666 legitur:
719 5593 984 5659 Dicentes,
1018 5593 1212 5662 inquit,
1243 5593 1381 5646 intra
1406 5609 1479 5657 se,
1512 5593 1763 5660 pwniten—

195 5690 305 5742 liam
337 5698 572 5758 agentes,
601 5697 646 5742 et
677 5704 784 5757 pra:
820 5686 1065 5756 angustia
1106 5685 1319 5755 spiritus
1353 5695 1610 5755 gementes
1640 5700 1656 5738 :
1694 5683 1762 5736 Ili

194 5791 325 5844 sunt,
356 5797 485 5849 quos
525 5769 801 5835 habuimus
841 5780 1124 5847 aliquanto
1163 5781 1213 5832 in
1246 5779 1473 5834 derisum
1515 5777 1665 5850 (Sep.
1705 5796 1760 5845 γ,

1845 1923 1988 1975 enim
2018 1932 2284 1988 maneret,
2315 1923 2360 1978 si
2389 1938 2418 1977 a
2445 1924 2642 1994 capitis
2667 1925 2748 1980 sui
2781 1925 3063 1991 alteruter,
3092 1928 3206 1982 sive
3232 1928 3428 1994 bonus,

1845 2013 1958 2067 sive
1987 2015 2178 2078 malus,
2211 2015 2595 2072 conformitate
2626 2027 2883 2088 statuque
2915 2018 3171 2073 desciret.
3205 2019 3274 2072 At
3303 2019 3430 2088 quia

1845 2119 1874 2158 a
1906 2105 2039 2158 tmtti
2072 2105 2193 2158 libri
2239 2121 2398 2160 sensu
2431 2122 2550 2162 sese
2598 2107 2888 2162 absentare
2926 2108 3262 2178 dignoscitur
3305 2124 3427 2163 om-

1846 2196 1976 2248 nino
2017 2196 2309 2261 nefarium,
2345 2197 2414 2251 ita
2448 2213 2634 2252 eorum
2667 2199 3043 2268 pmnitentiam
3074 2200 3427 2266 disseramus,

1848 2298 1902 2341 ut
1951 2289 2189 2357 ipsorqu
2240 2289 2706 2358 impceuitudinem
2751 2299 3066 2360 perpetuam
3111 2306 3215 2346 non
3266 2306 3430 2362 nege-

1846 2393 1986 2431 "IIIS.

1921 2471 1974 2524 In
2008 2471 2110 2526 hoc
2152 2486 2282 2525 sane
2311 2471 2426 2525 solo
2468 2473 2548 2526 eis
2590 2473 2858 2541 paenitere
2893 2488 3050 2542 posse
3081 2473 3429 2540 ascribimus,

1847 2563 1972 2618 licet
2021 2565 2314 2632 pmnitcndi
2349 2565 2428 2618 eis
2459 2579 2848 2633 usquequaque
2891 2566 3069 2619 nullus
3100 2565 3169 2619 sit
3198 2565 3431 2628 fructus,

1847 2656 1989 2726 quod
2039 2656 2182 2710 inter
2239 2656 2566 2710 acerbitates
2616 2655 3004 2724 suppliciorum
3057 2655 3137 2710 sic
3184 2665 3428 2725 peccat,

1847 2767 1944 2820 pro
1993 2749 2189 2821 quibus
2236 2756 2363 2807 Sunt
2413 2749 2607 2823 puniti,
2658 2749 2962 2815 tastidiunt,
3014 2759 3074 2803 ut
3120 2766 3310 2804 rursus
3341 2766 3436 2804 ex-

1848 2847 2048 2914 templo
2090 2863 2210 2901 cunt
2258 2847 2666 2902 infructuositas
2697 2843 2878 2903 anittto
2930 2842 3068 2902 tanti
3110 2843 3191 2898 sui
3233 2842 3436 2896 doloris

1847 2938 2166 2999 occurrerit,
2201 2939 2342 3008 quod
2380 2939 2526 2992 nulla
2559 2939 2770 2994 ratione
2806 2939 3008 2993 mutari
3049 2935 3241 3009 possit,
3288 2932 3438 2992 furit

1847 3027 2242 3097 desperationis
2267 3029 2431 3083 corda
2459 3029 2764 3096 subvertet,
2801 3039 2856 3084 et
2885 3031 2937 3084 in
2969 3039 3178 3084 tantum
3211 3031 3435 3085 oderint

1849 3121 1990 3190 quod
2031 3130 2157 3175 sunt
2185 3130 2245 3175 ut
2280 3137 2373 3176 cos
2419 3123 2684 3192 paeniteat.
2727 3123 2870 3193 quod
2907 3123 3089 3178 minus
3119 3131 3436 3193 peccatores

1852 3212 2138 3282 minusque
2188 3215 2239 3266 in
2297 3213 2409 3269 suis
2467 3213 2869 3286 voluptatibus,
2917 3215 3044 3270 dum
3097 3214 3435 3280 adviverent,

1850 3301 2057 3357 eﬂ'erati
2089 3303 2323 3358 filerunt.

1921 3393 2018 3449 Cui
2064 3395 2302 3450 concinit
2349 3396 2498 3452 lsaia:
2549 3396 2718 3451 illud:
2779 3398 2926 3461 Sola,
2980 3399 3180 3469 inquit,
3233 3399 3436 3452 vexatio

1851 3483 2172 3537 intellectum
2224 3485 2367 3538 dabit
2405 3485 2613 3539 auditui
2670 3486 2827 3557 (Isai.
2873 3503 3076 3552 xxvm,
3126 3487 3236 3555 19).
3284 3486 3436 3552 Quod

1853 3572 1904 3626 in
1957 3571 2095 3626 libro
2149 3572 2442 3643 Sapientia:
2491 3576 2810 3643 paenitentia
2862 3577 3087 3645 dicitur,
3143 3579 3248 3632 hoc
3295 3577 3436 3646 apud

1850 3661 2042 3718 Isaiam
2080 3665 2387 3721 intellectus
2435 3666 2756 3736 appellatur.
2797 3666 2866 3722 Et
2905 3667 3036 3723 licet
3085 3669 3225 3737 apud
3281 3667 3435 3721 Salo-

1851 3770 2065 3810 monem
2096 3772 2195 3811 nec
2223 3757 2384 3822 ratio,
2416 3773 2520 3812 nec
2557 3758 2788 3814 scientia
2831 3759 2972 3830 apud
3021 3758 3228 3814 inferos
3255 3759 3436 3811 futura

1851 3850 2234 3918 pronuntietur
2263 3849 2464 3920 (Eccle.
2497 3867 2574 3917 ιχ,
2627 3851 2742 3923 10),
2785 3861 2964 3907 tamen
2997 3854 3114 3908 sine
3161 3851 3436 3907 intellectu

1851 3941 1906 3994 in
1961 3942 2064 3996 hoc
2117 3940 2234 3996 solo
2289 3957 2396 3997 non
2457 3959 2580 3998 esse
2639 3952 2964 4009 noscuntur,
3029 3945 3174 4014 quod
3225 3958 3442 4013 semper

1852 4033 2163 4089 discernunt
2189 4049 2286 4104 pro
2317 4050 2422 4106 quo
2451 4036 2754 4106 patiuntur,
2789 4037 2883 4092 scd
2913 4037 3051 4092 inter
3084 4033 3396 4106 patiendum
3421 4075 3435 4100 ,

1832 4123 1978 4193 {quia
2014 4125 2193 4180 millus
2225 4126 2572 4182 discretionis
2595 4136 2679 4182 est
2713 4127 2942 4193 fructus,
2968 4125 3034 4182 ad
3061 4123 3470 4188 obdurationis-

1853 4227 1905 4271 et
1936 4225 2278 4287 contemptus
2305 4217 2571 4271 insaniam
2607 4217 2941 4272 relabuntur.

1929 4306 2082 4362 Unde
2114 4317 2197 4362 est
2229 4307 2360 4362 illud
2404 4305 2529 4371 Job,
2561 4315 2911 4370 cumterram
2940 4303 3170 4362 miseriae
3199 4319 3262 4358 ac
3293 4312 3442 4358 tene-

1852 4397 2072 4452 brarum
2113 4397 2445 4452 describeret
2480 4414 2492 4450 :
2533 4395 2886 4474 Ubi,_inquit,
2919 4394 3102 4448 umbra
3139 4392 3346 4454 mortis,
3384 4399 3436 4443 et

1785 4515 1833 4573 υ
1861 4488 2036 4542 nullus
2073 4489 2226 4553 ordo,
2265 4489 2356 4541 sed
2398 4489 2744 4557 sempiternus
2781 4487 2970 4539 horror
3019 4484 3276 4537 inhabitat
3317 4481 3444 4552 (Job

1861 4599 1914 4648 it,
1954 4582 2066 4653 2'2).
2117 4581 2262 4636 Ordo
2290 4581 2446 4650 plane
2472 4590 2639 4644 esset,
2672 4580 2714 4632 si
2755 4580 2824 4643 is,
2871 4577 2962 4648 qui
3010 4575 3327 4645 paeniteret,
3373 4573 3446 4628 ab

1860 4673 1976 4744 ejus
2001 4675 2076 4729 rei
2105 4673 2321 4738 cll'cctu,
2353 4674 2460 4726 imo
2489 4684 2537 4724 et
2571 4671 2788 4735 allectu,
2815 4671 2880 4725 de
2911 4685 3014 4740 qua
3049 4667 3441 4739 paenitudinem

1860 4770 2020 4836 gerit,
2051 4767 2354 4822 absisteret.
2398 4764 2583 4819 Nullus
2609 4780 2738 4834 ergo
2773 4749 2843 4818 ibi
2875 4764 3008 4818 ordo
3039 4771 3144 4823 est,
3175 4761 3300 4814 dum
3336 4775 3438 4830 pro

1863 4857 2004 4910 malo
2030 4857 2308 4910 cruciatus
2348 4856 2474 4908 hinc
2505 4854 2752 4924 poenitet,
2786 4853 2937 4907 illinc
2966 4853 3287 4923 desperatur
3317 4849 3441 4903 mali

1861 4947 2101 5017 appetitu
2132 4945 2318 5000 furens
2346 4943 2536 5001 fervet.
2582 4944 2751 5011 Quem
2791 4943 3028 4998 furorem
3079 4942 3447 5011 sempiternus

1861 5039 1950 5094 ille
1996 5040 2188 5094 horror
2217 5037 2504 5110 signiﬁcat,
2539 5037 2630 5107 qui
2659 5037 2712 5090 in
2742 5036 2938 5090 animis
2969 5035 3080 5104 Spei
3107 5033 3285 5088 omnis
3311 5031 3444 5085 alie-

1864 5133 2083 5185 natione
2128 5131 2436 5185 crudelibus
2479 5129 2775 5184 euormitcr
2819 5128 3029 5199 ﬂagrat.
3070 5124 3224 5192 Quod
3270 5132 3442 5176 totum

1863 5223 2222 5293 liquidissime
2265 5223 2318 5276 in
2361 5221 2511 5276 Juda:
2549 5220 2844 5292 proditoris
2884 5219 3028 5273 facto
3066 5215 3444 5288 perpenditur,

1863 5329 2024 5384 quem
2066 5313 2191 5367 dum
2236 5313 2392 5368 factm
2427 5311 2750 5382 proditionis
2798 5308 3057 5380 paenitet,
3099 5320 3443 5376 nequaquam

1865 5415 2043 5460 tamen
2077 5416 2353 5475 resumpto
2400 5403 2612 5472 culpam
2661 5398 2966 5472 corrigendi
3022 5397 3222 5465 studio,
3269 5411 3299 5450 a
3346 5409 3444 5451 sua

1863 5501 2104 5568 pernicie
2133 5515 2325 5556 manus
2353 5511 2522 5555 arcet.

1935 5588 2096 5645 Certe
2130 5591 2174 5646 si
2221 5590 2354 5660 ipse,
2393 5589 2483 5659 qui
2523 5588 2612 5643 tali
2647 5586 3034 5658 quazstiuneula
3075 5582 3317 5655 obiigare
3356 5597 3444 5638 me

1866 5683 2055 5746 voluit,
2108 5697 2345 5752 praesens
2392 5689 2556 5747 esset,
2606 5683 2673 5736 ab
2721 5697 2786 5736 eo
2821 5696 3144 5750 qumrerem,
3189 5687 3242 5732 et
3276 5676 3444 5730 multo

1870 5778 2070 5833 rectius
2122 5791 2278 5846 quam
2332 5774 2608 5845 qumsivit,
2667 5776 2792 5844 quid
2846 5792 3006 5846 super
3068 5777 3334 5829 l'atuarum
3387 5771 3437 5822 in
