4038 6330
667 335 768 389 6H

1416 320 1479 376 ν.
1514 319 1834 378 GUIBERTI
1877 312 2163 372 ABBATIS
2185 309 2241 364 S.
2271 307 2508 365 MARle
2535 311 2623 366 DE
2649 305 3045 366 NOVIGENTO
3741 310 3811 365 θη

665 443 955 515 Evangelio
984 440 1247 510 virginum
1284 434 1450 490 verbo
1483 433 1745 496 sentiret,
1795 445 1914 501 quae
1963 427 2078 481 dari
2127 422 2228 478 sibi
2257 423 2306 481 A
2335 420 2387 473 in
2458 410 2549 474 illo
2617 431 2868 487 supremo
2951 412 3207 468 examine
3237 448 3253 475 ,
3319 409 3470 515 quasi
3523 411 3594 465 sui
3646 414 3814 482 ipmrum

663 514 840 589 oleum
878 546 907 584 a
937 526 1308 599 prudentibus,
1342 532 1395 577 et
1432 538 1461 575 a
1493 536 1692 591 sponso
1719 519 1900 574 clausa
1928 517 2040 587 jam
2068 514 2233 583 janua

664 621 864 692 aperiri
910 618 1009 673 sibi
1055 622 1242 685 petunt
1278 611 1493 683 (Matth.
1540 625 1666 672 xxv,
1708 610 1763 670 8,
1807 605 1918 675 ll),
1959 619 2081 659 cum
2105 600 2234 692 nulli

665 691 885 767 dubium
933 708 1037 770 sit,
1076 704 1218 773 quod
1269 710 1392 772 post
1434 698 1920 761 resurrectionem,
1961 709 2080 763 qua:
2128 691 2237 745 illic

665 802 947 857 evidenter
992 796 1257 854 inanitur,
1295 791 1470 846 nullus
1496 790 1563 844 de
1597 804 1694 844 suo
1723 796 1865 842 statu
1902 801 1993 839 seu
2028 782 2238 837 salvan-

666 893 789 953 dus,
818 903 911 943 seu
944 886 1209 956 perditus,
1242 882 1375 936 inibi
1405 879 1650 935 dubitare
1678 879 1901 932 sinatur.
1926 875 2059 928 Cum
2092 871 2237 926 enim

667 982 781 1034 dies
824 988 1164 1046 quorumque
1213 970 1424 1033 mortis,
1473 965 1800 1034 diesjudicii
1854 965 1907 1018 in
1956 962 2275 1030 Scriptura‘

666 1068 952 1138 aliquoties
998 1063 1306 1119 nominetur
1353 1060 1429 1129 (in
1477 1059 1595 1126 ipso
1629 1057 1791 1126 ,eni'm
1835 1055 2012 1110 exitus
2067 1051 2239 1106 nostri

669 1166 868 1228 puncto
900 1154 1227 1210 sententiam
1258 1159 1351 1204 aut
1387 1148 1725 1211 salvationis,
1762 1153 1852 1199 aut
1884 1140 2241 1199 damnationis

672 1258 870 1302 nostra:
921 1243 1266 1313 suscipimus)
1313 1240 1459 1295 nullo
1514 1240 1676 1294 modo
1723 1236 2027 1307 quempiam
2076 1233 2243 1287 latere

672 1343 848 1407 potest
879 1348 1014 1403 quas
1054 1332 1398 1386 haereditates
1433 1329 1487 1383 in
1517 1337 1794 1398 posterum
1832 1326 2107 1388 sortiatur,
2152 1321 2242 1376 ubi

674 1427 744 1481 ab
788 1427 1159 1495 integumento
1202 1422 1443 1492 corporis
1471 1430 1632 1475 exuto
1663 1419 1851 1488 spiritu
1872 1458 1886 1482 ,
1932 1417 1997 1471 ad
2026 1413 2242 1469 aeterni-

678 1518 801 1570 tatis
835 1530 927 1571 seu
973 1517 1126 1569 bona:
1174 1528 1267 1568 seu
1310 1511 1461 1566 malae
1493 1510 1740 1565 notitiam
1779 1506 2084 1562 nullatenus
2110 1502 2243 1558 eali-

672 1615 796 1677 gatu
805 1621 851 1658 r.

745 1695 799 1750 Si
825 1711 954 1767 ergo
981 1705 1202 1751 exutum
1232 1706 1425 1747 recens
1455 1706 1482 1744 a
1515 1704 1742 1759 corpore
1769 1701 1987 1743 suarum
2015 1684 2242 1739 sortium

676 1787 808 1841 nihil
844 1788 997 1851 latet,
1031 1795 1085 1840 et
1114 1794 1234 1855 post
1264 1782 1715 1838 resurrectionem
1756 1780 1922 1835 multo
1947 1778 2247 1832 evidentius

674 1894 775 1948 per
801 1877 1195 1948 experientiam
1223 1874 1464 1943 corporis
1502 1882 1556 1927 et
1586 1872 1800 1935 animae,
1826 1871 1947 1924 vita:
1973 1868 2248 1937 sequentis

677 1964 898 2020 habitus
920 1975 1089 2036 patet,
1114 1965 1201 2020 ubi
1232 1979 1332 2018 nec
1356 1962 1489 2017 falsa
1512 1964 1704 2033 pietas,
1736 1976 1832 2015 nec
1859 1960 2114 2025 adulatio,
2143 1974 2249 2013 non

681 2056 805 2111 dico
833 2071 891 2111 se
920 2065 1217 2126 promovet,
1249 2056 1343 2111 sed
1369 2069 1488 2109 esse
1515 2070 1619 2109 non
1656 2052 1930 2124 praevalet,
1957 2053 2120 2106 verba
2148 2052 2249 2105 ista

676 2148 947 2216 quomodo
998 2148 1051 2201 in
1106 2147 1195 2202 illa
1239 2147 1467 2201 veritate
1506 2154 1778 2211 constant,
1823 2161 1943 2215 qua:
1989 2148 2041 2201 in
2092 2144 2252 2214 hujus

676 2237 860 2291 saeculi
907 2238 1168 2302 vanitate,
1198 2238 1242 2293 si
1290 2237 1429 2307 apud
1469 2238 1700 2307 aliquem
1752 2239 2049 2319 sapientem
2092 2237 2251 2291 modo

677 2328 1083 2398 depromantur,
1144 2345 1249 2384 non
1301 2331 1478 2385 stant?
1515 2330 1646 2397 Quis
1694 2332 1836 2386 enim
1897 2332 1949 2385 in
1994 2330 2252 2402 prarsenti

677 2419 868 2473 alienae
901 2421 1266 2483 conscientiae,
1317 2420 1362 2474 si
1402 2435 1590 2474 sanum
1638 2421 1834 2490 sapiat,
1885 2421 2252 2475 testimonium

682 2508 842 2575 ferat,
873 2511 1016 2580 quod
1042 2526 1175 2577 sum,
1204 2512 1247 2565 si
1268 2513 1414 2582 juste
1438 2519 1647 2580 penset,
1678 2512 1948 2581 nequeat?
1973 2510 2102 2578 Quis
2126 2525 2255 2580 ergo

684 2603 965 2670 nugaciter
1003 2617 1033 2656 a
1086 2602 1196 2658 Deo
1239 2603 1533 2672 quidquam
1579 2612 1709 2659 tunc
1754 2612 1991 2672 expetat,
2043 2612 2137 2656 aut
2189 2602 2255 2656 ab

683 2689 901 2745 homine
930 2692 1133 2761 exigat,
1168 2692 1261 2762 qui
1291 2693 1343 2747 in
1376 2693 1625 2761 praesenti
1664 2693 1934 2762 quomodo
1970 2708 2028 2747 se
2066 2692 2256 2746 metia-

686 2786 793 2844 tur,
835 2779 1084 2849 ignorat?
1123 2780 1236 2835 Non
1276 2782 1418 2836 enim
1456 2782 1737 2837 mendacia
1766 2783 1815 2837 ei
1845 2782 2062 2837 obtendi
2107 2791 2258 2853 pote-

686 2878 835 2934 runt,
863 2871 1014 2940 cujus
1037 2881 1232 2926 cuncta
1254 2870 1456 2941 judicio
1479 2874 1621 2928 nuda
1644 2882 1825 2927 erunt.

757 2957 908 3024 Quod
944 2961 1110 3015 etiam
1164 2962 1292 3017 alibi
1321 2962 1540 3033 legitur,
1579 2963 1734 3018 multi
1764 2964 1981 3018 dicent:
2017 2962 2255 3032 Domine,

2338 512 2533 583 ignari,
2559 506 2928 565 elementariis
2956 504 3184 559 vocibus
3213 516 3341 569 eum
3374 502 3479 555 Deo
3498 502 3704 556 cordiunt
3725 515 3817 564 teste

2337 602 2705 661 contendent?
2737 601 2871 655 Dum
2903 612 3033 668 ergo
3077 596 3134 650 in
3167 591 3465 648 absurdum
3505 592 3662 649 littera
3690 600 3819 662 tendit,

2338 693 2720 748 attendendum
2749 698 2832 744 est
2860 689 2950 757 qui
2985 688 3037 741 in
3066 687 3132 741 iis
3157 698 3284 740 sese
3308 698 3499 739 sensus
3529 685 3719 753 aperiat.
3745 687 3823 743 Erit

2340 786 2523 853 itaque
2570 798 2676 836 non
2718 781 2859 850 quod
2892 779 3173 849 perspicax
3211 784 3343 829 tunc
3378 774 3591 845 spiritus
3614 776 3744 843 dicat,
3766 793 3825 835 aut

2340 876 2556 945 cogitet,
2609 872 2704 927 sed
2748 870 2892 941 quod
2933 869 3002 924 ab
3044 867 3271 923 homine
3318 866 3373 919 in
3418 867 3647 934 praesenti
3684 872 3829 937 magna

2341 963 2743 1037 hypocritarum
2784 956 3098 1022 virtutibus,
3135 970 3262 1025 qua:
3292 962 3563 1024 putantur,
3609 955 3830 1025 stupefacto

2341 1055 2559 1127 pensari
2602 1060 2847 1123 possunt,
2890 1050 2975 1103 vel
3024 1049 3091 1102 ab
3136 1048 3209 1101 iis
3256 1046 3549 1116 hypocritis
3588 1056 3760 1113 captata
3788 1051 3832 1100 alt

2342 1146 2653 1202 hominibus
2684 1143 2842 1197 laude
2869 1140 3084 1197 caccatis
3113 1137 3313 1194 sentiri
3340 1145 3559 1206 queunt,
3589 1136 3666 1205 qui
3689 1151 3736 1190 ea
3756 1154 3832 1206 qua

2343 1239 2409 1294 de
2442 1252 2500 1293 se
2536 1238 2604 1291 ab
2641 1233 2949 1289 hominibus
2994 1230 3370 1294 celebrantur,
3412 1227 3544 1297 apud
3575 1228 3715 1281 Deum
3747 1244 3834 1282 con-

2347 1340 2496 1387 stare
2542 1328 2792 1384 credunt.
2835 1323 2990 1380 Unde
3028 1330 3149 1377 est:
3205 1318 3298 1374 Va:
3341 1316 3721 1372 desiderantibus
3746 1320 3835 1371 dies:

2345 1420 2594 1477 Domini!
2627 1420 2805 1491 (Amos
2845 1431 2898 1482 v,
2931 1413 3048 1485 18.)
3081 1412 3275 1469 Caecus
3300 1410 3448 1464 enim
3474 1410 3672 1478 praemia
3697 1418 3836 1476 sperat,

2346 1512 2545 1582 quibus
2581 1525 2639 1565 se
2678 1509 2900 1579 dignum
2947 1503 3116 1559 falsus
3163 1502 3496 1557 miserorum
3528 1498 3837 1554 adulationibus

2346 1604 2594 1659 aistimat.

2421 1694 2512 1750 Sic
2539 1694 2722 1763 itaque
2751 1690 2841 1761 qui
2874 1690 2926 1745 in
2967 1687 3180 1743 inferno
3220 1694 3354 1741 sunt
3398 1684 3537 1738 intra
3572 1697 3624 1737 se
3648 1679 3836 1751 poenitur

2351 1784 2484 1839 tiam
2515 1789 2731 1851 gerunt,
2762 1796 2884 1835 cum
2915 1794 3011 1850 per
3046 1778 3126 1831 sui
3158 1773 3661 1836 considerationem,
3682 1773 3839 1824 etdna

2350 1873 2585 1927 nationis
2610 1869 2916 1938 exemplum
2954 1881 3220 1937 perpensa
3251 1873 3562 1919 sanctorum
3597 1858 3839 1915 excellentia

2350 1966 2486 2020 alios
2521 1962 2787 2033 poenitere
2825 1957 3178 2028 compellunt.
3230 1956 3290 2009 Si
3321 1953 3468 2008 enim
3501 1965 3589 2006 eos
3613 1950 3692 2019 qui
3721 1949 3760 2002 in
3783 1949 3838 2001 in-

2352 2056 2505 2112 ferno
2536 2055 2852 2126 puniuntur,
2885 2050 3068 2106 Solem
3089 2048 3322 2114 iustitia:
3351 2045 3476 2115 quia
3498 2042 3573 2097 eis
3596 2057 3686 2096 non
3706 2040 3841 2092 luxerit

2353 2146 2587 2203 doluisse
2652 2142 2950 2207 sentimus,
3004 2138 3233 2195 verbum
3287 2133 3591 2205 Sapientis:
3634 2130 3837 2183 Antonio

2353 2238 2558 2295 scilicet
2584 2236 2714 2305 perit
2742 2232 2999 2300 confessio
3042 2228 3238 2301 (Eccli.
3292 2242 3427 2288 xvn,
3458 2223 3565 2294 26).
3590 2222 3651 2277 Et
3679 2219 3839 2290 psalmi:

2354 2325 2422 2380 In
2452 2325 2657 2395 inferno
2691 2324 2806 2394 quis
2845 2321 3174 2391 conﬁtebitur
3209 2318 3345 2371 tibi?
3378 2313 3545 2387 (Psal.
3574 2328 3638 2377 vt,
3672 2311 3735 2379 6.)
3768 2308 3837 2362 Et:

2358 2419 2481 2476 Non
2508 2430 2582 2475 est
2618 2420 2674 2473 in
2704 2427 2869 2473 morte
2896 2416 2983 2487 qui
3013 2430 3211 2469 memor
3239 2413 3309 2467 sit
3348 2412 3426 2464 tui
3456 2408 3624 2481 (Prov.
3656 2404 3841 2469 ιςιιι,5).

2355 2512 2556 2583 Impius
2604 2523 2819 2580 quoque
2866 2522 2985 2560 cum
3030 2505 3221 2560 venerit
3265 2506 3321 2557 in
3367 2499 3618 2572 profundo
3656 2494 3841 2549 malorum

2358 2603 2475 2677 [al.,
2505 2599 2859 2674 peccatorum]
2891 2600 3194 2654 contemnit.
3226 2598 3404 2653 Pravo
3443 2592 3691 2650 intellqu
3720 2587 3843 2643 obrui-

2356 2712 2498 2753 mus.
2537 2694 2638 2750 Ubi
2678 2694 2824 2749 enim
2874 2692 3048 2748 sancti
3093 2698 3239 2745 stant
3290 2690 3343 2743 in
3390 2699 3573 2756 magna
3616 2678 3841 2737 constantia

2358 2785 2515 2857 (Sap.
2558 2799 2613 2849 v,
2659 2782 2735 2853 1),
2768 2781 2873 2837 nisi
2906 2781 3047 2836 inter
3089 2778 3251 2847 hujus
3301 2778 3427 2832 vitae
3469 2771 3620 2845 329
3654 2764 3844 2857 adrersat

2359 2855 2469 2931 lilio
2491 2874 2640 2939 impii
2684 2872 2898 2927 labores
2946 2884 3135 2924 eorum
3182 2858 3725 2932 abstulerunt(lbid.),
3759 2855 3843 2908 dum

2361 2981 2456 3023 eos
2503 2965 2707 3021 frustra
2752 2971 3036 3032 tantopere
3074 2975 3172 3029 pro
3211 2959 3326 3013 Deo
3374 2956 3610 3010 laborare
3643 2948 3843 3032 dixerunt.

687 3065 855 3103 nonne
892 3051 946 3104 in
988 3054 1192 3107 nomine
1228 3064 1319 3108 tuo
1347 3031 1787 3124 prapltetavimus,
1809 3054 2068 3109 dtemonia
2098 3031 2254 3124 ejecié
2289 3074 2335 3137 ρ
2363 3053 2530 3123 Igitur
2566 3052 2619 3107 in
2652 3031 2951 3122 Scripturis
2988 3062 3283 3118 pensemus
3314 3043 3530 3109 similia,
3566 3034 3761 3106 alioquin
3775 3031 3844 3103 Iid-

685 3141 1050 3206 mus,virtutes
1076 3143 1265 3199 multas
1290 3144 1544 3214 fecimus?
1570 3144 1783 3215 (Matth.
1810 3144 1990 3210 1,22.)
2014 3144 2264 3215 Nunquid

2372 3160 2587 3201 versum
2622 3158 2680 3198 se
2708 3142 3035 3197 constabunt
3056 3138 3210 3209 plura
3243 3133 3489 3192 rebellia.
3522 3194 3525 3197 μ

691 3237 3845 3298 W

1878 3381 2238 3468 LIBER
2310 3380 2760 3469 PRIMUS

988 3557 1190 3739 .DE
1278 3553 1876 3668 SANCTIS
1960 3556 2140 3665 ET
2228 3554 2712 3669 EORUM
2796 3538 3665 3707 PIGNORIBUS.

1202 3876 1428 3933 CAPUT
1467 3875 1752 3935 PRIMUM.

768 3973 824 4029 Si
853 3973 917 4027 de
947 3978 1087 4027 statu
1105 3971 1369 4041 generalis
1398 3971 1633 4024 omnium
1654 3970 2057 4027 resurrectionis
2080 3985 2266 4026 errare

696 4064 893 4119 malum
922 4072 1024 4126 est,
1052 4062 1218 4116 multo
1258 4061 1488 4130 amplius
1519 4062 1616 4129 ipsi
1643 4062 1813 4131 Capiti
1843 4063 2142 4132 resurgenti
2172 4062 2271 4115 ali-

695 4155 823 4224 quid
850 4151 1145 4208 detraxisse
1169 4167 1502 4222 perversum.
1554 4150 1685 4206 Cum
1726 4154 1867 4207 enim
1918 4155 2084 4208 totius
2112 4152 2270 4221 hujus

696 4246 808 4315 spei
835 4243 1115 4299 efficientia
1157 4244 1224 4298 ab
1250 4243 1418 4312 ipsius
1460 4244 1705 4312 exemplo
1738 4244 2055 4313 dependeat,
2085 4244 2271 4314 procul

696 4335 857 4389 dubio
883 4342 992 4388 tota
1023 4332 1327 4401 sponsionis
1355 4331 1509 4400 hujus
1531 4335 1911 4403 consequentia
1946 4334 2267 4400 infirmatur,

696 4426 739 4478 si
779 4425 828 4476 in
856 4439 921 4477 eo
950 4422 1038 4492 qui
1068 4422 1349 4491 spopondit
1380 4421 1604 4476 faciendi
1648 4422 1976 4492 possibilitas
2011 4423 2274 4478 titubave-

698 4516 786 4578 rit,
816 4523 906 4567 aut
936 4514 1000 4568 de
1024 4527 1087 4567 eo
1118 4513 1409 4581 quidpiam,
1462 4512 1600 4581 quod
1646 4512 1965 4580 promissum
1995 4522 2095 4576 est,
2141 4527 2274 4581 quo-

700 4606 1070 4673 modocunque
1115 4615 1373 4657 cassatur.
1406 4602 1538 4657 Nam
1569 4618 1690 4657 eum
1720 4606 1809 4673 qui
1862 4603 2122 4674 promittit
2148 4618 2271 4671 pro—

700 4696 864 4748 missa
886 4710 990 4748 non
1023 4694 1227 4762 implet,
1260 4701 1350 4746 aut
1376 4692 1623 4748 falsitatis
1662 4694 1925 4763 arguitur,
1961 4701 2053 4747 aut
2088 4693 2152 4747 de
2186 4706 2273 4756 eo,

700 4788 842 4857 quod
889 4787 1023 4840 alios
1073 4787 1364 4840 dilaturum
1414 4799 1471 4840 se
1518 4785 1756 4850 dixerat,
1804 4786 1979 4839 minus
2023 4799 2179 4855 posse
2216 4799 2275 4839 se

702 4878 968 4949 perhibet.
1000 4878 1109 4931 Deo
1142 4893 1268 4945 ergo
1298 4886 1389 4929 aut
1414 4878 1705 4945 potentiam
1731 4878 2094 4931 inttninuendo
2121 4878 2276 4931 deco-

702 4986 889 5040 quere,
922 4980 1011 5023 aut
1041 4970 1189 5039 quasi
1219 4968 1583 5023 infidelitatem
1617 4971 1669 5023 in
1714 4971 1991 5038 promissis
2039 4971 2274 5036 inurere,

701 5079 823 5117 cum
853 5062 921 5115 sit
957 5061 1036 5113 vel
1069 5063 1146 5114 sic
1181 5060 1401 5129 cogitari
1459 5061 1807 5123 horrendum,
1840 5077 1996 5116 nemo
2042 5062 2142 5116 sibi
2179 5064 2277 5117 sub

701 5154 917 5207 nontine
943 5152 1160 5221 pietatis
1190 5152 1472 5215 attribuat,
1498 5152 1638 5221 qttod
1669 5153 1889 5221 impittm
1927 5153 2162 5207 omnium
2193 5169 2279 5206 ra-

702 5247 830 5298 tioni
861 5243 1292 5313 probabilissitne
1321 5251 1552 5304 constat,
1590 5243 1839 5311 quodque
1881 5242 1947 5297 ad
1998 5254 2158 5297 contu
2183 5259 2273 5298 ue-

700 5335 824 5389 liam
852 5335 1187 5391 credulitatis
1216 5335 1479 5388 universa:
1510 5336 1844 5404 respondeat.

773 5425 875 5491 Qui
905 5426 1153 5481 Ecclesia:
1182 5426 1319 5494 falsa
1347 5426 1547 5491 tribuit,
1572 5426 1737 5495 ipsam
1758 5428 2007 5480 dedecore
2027 5426 2274 5496 afﬁcit.—

702 5513 760 5567 Si
790 5513 930 5567 enim
954 5529 1052 5585 pro
1075 5515 1331 5586 singulari
1360 5514 1717 5571 Ecclesiarum
1747 5531 1965 5571 suarum
2003 5516 2269 5571 excellen-

704 5606 778 5657 tia
836 5604 936 5659 sibi
984 5607 1277 5671 ascribunt,
1338 5606 1478 5661 unde
1530 5607 1866 5676 potissimum
1906 5607 2026 5663 ﬁdei
2073 5616 2272 5663 nostrae

698 5697 817 5768 jura
867 5696 1253 5765 succumbunt,
1309 5700 1528 5755 omnino
1586 5701 1670 5754 hic
1727 5703 1894 5757 honor
1942 5700 2272 5757 detestabilis

2366 3879 2735 3944 aestimandus,
2767 3878 2857 3949 qui
2895 3877 3090 3949 spebus
3113 3876 3489 3933 universorum
3519 3853 3846 3942 parturildﬂ‘li‘

2368 3972 2617 4027 nationes
2644 3980 2698 4024 et
2720 3970 2919 4039 lapsus.
2952 3969 3108 4023 Certe
3133 3968 3177 4023 si
3223 3968 3470 4022 dextram
3500 3966 3734 4025 tantopere
3758 3956 3847 4000 auro

2369 4076 2564 4116 oneres
2604 4070 2657 4113 ut
2686 4061 2829 4114 vires
2863 4073 2926 4112 eo
2972 4066 3164 4111 ornatu
3208 4055 3451 4125 corporis
3497 4048 3641 4103 totius
3671 4046 3843 4095 enerves,

2370 4154 2596 4208 multum
2626 4153 2730 4207 erit
2757 4151 3057 4221 hujusmodi
3088 4149 3291 4204 inutilis
3324 4139 3655 4219 pulchritudo,
3677 4144 3766 4202 qua?
3781 4137 3845 4194 l‘ro

2369 4244 2680 4315 particulari
2702 4242 2918 4306 decore,
2939 4240 3133 4296 otliciat
3158 4242 3411 4295 universo
3447 4260 3459 4290 .
3505 4233 3625 4287 sicut
3649 4240 3699 4278 ex
3723 4230 3842 4273 emcr-

2371 4336 2608 4405 gentium
2639 4333 2939 4404 frequentia
2965 4331 3299 4387 surculorum
3336 4328 3570 4387 interitus
3601 4316 3754 4376 accidit
3785 4324 3841 4361 r3-

2371 4440 2479 4486 mo,
2514 4425 2621 4478 imo
2643 4425 2693 4477 in
2728 4423 2939 4477 arboris
2967 4436 3193 4491 corpore
3227 4430 3361 4478 toto.

2444 4515 2801 4569 Ecclesiarum
2823 4514 3221 4568 consuetudines
3246 4514 3461 4569 diversa
3473 4508 3541 4564 nil
3565 4503 3743 4574 ofﬁcium
3759 4488 3838 4560 ﬁt!“

2372 4606 2737 4661 catholicw.—
2757 4606 2925 4661 Porro
2943 4606 3105 4661 etiam
3137 4606 3191 4660 in
3215 4605 3282 4661 iis
3317 4620 3434 4677 quae
3460 4584 3835 4657 ecclesiasticos"!

2374 4708 2626 4756 tenentur
2663 4708 2755 4754 aut
2804 4701 3093 4766 docentur,
3144 4709 3293 4755 tanta
3344 4692 3616 4755 moderatio
3656 4684 3837 4772 battentn

2374 4801 2585 4847 constat
2630 4792 2811 4847 inolita
2851 4801 2908 4845 ut
2938 4792 3114 4847 nullus
3139 4793 3471 4864 promulgare
3493 4781 3748 4855 prtesumal.
3769 4776 3834 4816 "'5'

2374 4885 2515 4953 quod
2547 4884 2823 4939 catholica:
2845 4884 3207 4938 consonantiae
3243 4884 3342 4939 sub
3372 4880 3579 4938 ratione,
3615 4874 3689 4922 aut
3709 4867 3835 4915 exem‘

2375 4973 2462 5043 plo
2488 4972 2846 5027 examinatior
2858 4988 3081 5028 censura
3096 4973 3399 5028 confirmat.
3423 4971 3546 5025 Sunt
3564 4958 3723 5016 etenim
3740 4956 3837 5043 αυπζ

2377 5064 2522 5129 dam:
2554 5078 2673 5132 quin
2721 5072 2988 5126 tenentur,
3029 5064 3120 5118 sed
3166 5078 3270 5118 non
3324 5065 3580 5117 docentur,
3612 5047 3720 5102 sicut
3752 5034 3835 5132 sunt

2378 5152 2793 5207 consuetudines
2818 5161 2908 5205 aut
2927 5152 3223 5221 jejunandi,
3250 5163 3341 5208 aut
3368 5142 3631 5223 psallendi;
3662 5130 3832 5223 quia}?fo

2379 5241 2588 5297 diversa
2612 5258 2735 5296 sunt
2764 5254 2903 5308 actu,
2946 5260 3207 5313 nusquam
3242 5212 3414 5299 tamen
3435 5233 3732 5314 discretum?
3751 5212 3831 5314 ἷί¹¹ῗ¹

2378 5348 2562 5397 sensu,
2596 5348 2692 5387 nec
2715 5333 2872 5388 aliter
2912 5332 3111 5388 faciens
3139 5336 3288 5405 argui
3315 5340 3496 5405 potest,
3522 5323 3599 5393 qui
3626 5333 3648 5370 a
3671 5310 3833 5405 dissim!"

2376 5425 2500 5482 liter
2536 5428 2860 5488 abstinente,
2889 5435 2983 5480 aut
3007 5386 3236 5481 canente
3263 5386 3358 5497 perr
3383 5406 3727 5486 intelligentiam
3748 5386 3827 5497 Itlll‘

2376 5517 2587 5574 latenus
2612 5520 2779 5574 abest.
2810 5519 3083 5589 Alioquin,
3120 5520 3209 5589 qui
3244 5490 3298 5574 in
3325 5514 3473 5574 simili
3499 5507 3588 5564 ilde

2375 5617 2483 5665 tem
2518 5608 2607 5681 [f.,
2647 5609 2804 5666 fidem
2848 5583 3182 5684 diversitate]
3226 5609 3561 5680 frugalitatum
3587 5583 3823 5684 οπίεξθξξηᾟ

2388 5716 2491 5769 quc
2556 5703 2898 5770 detonderet,
2966 5719 3029 5759 ex
3092 5706 3171 5760 sui
3245 5695 3585 5775 singularitate
3637 5667 3822 5747 primo,"
