4038 6330
292 337 399 391 (Ηδ

1244 337 1331 391 DE
1365 334 1777 393 l’lGNORlBUS
1815 329 2252 391 SANCTORUM.
2282 362 2351 377 -ι-
2389 339 2515 395 LIB.
2557 342 2577 394 Ι

3439 348 3544 404 6H

291 450 671 507 schisniaticus
702 457 755 503 et
782 449 973 503 merito
997 449 1099 503 dici
1129 460 1328 519 praset.
1363 451 1418 507 Si
1443 466 1571 522 ergo
1593 450 1864 505 diversum
1894 449 1941 505 A
1966 449 2267 521 quibusque
2306 455 2510 510 sanctis
2539 456 2848 523 relationes,
2898 460 3093 529 quibus
3134 444 3313 530 potius
3353 478 3542 517 eorum

288 546 568 615 quidpiam
612 544 825 613 psallis,
875 545 1313 614 dissimiliterque
1355 546 1592 615 jejunas,
1638 561 1744 601 non
1781 553 1866 602 est

289 643 604 702 competens
649 643 742 687 aut
791 634 1073 699 idoneum,
1110 644 1167 689 ut
1213 636 1315 690 hoc
1359 636 1478 691 aliis
1505 652 1607 689 non
1656 637 1864 691 minora

288 726 432 781 bona
471 725 827 780 tractantibus
872 725 1207 794 importunus
1237 726 1517 794 praedices,
1554 735 1647 779 aut
1694 726 1866 794 injun-

287 831 411 886 gas.
438 816 575 871 Audi
606 815 920 884 Apostolum
950 833 963 869 :
1000 814 1103 879 Qui
1134 816 1435 879 manducet,
1470 816 1692 870 Domino
1714 835 1865 872 man-

286 910 481 973 ducat;
511 917 556 961 et
587 907 677 976 qui
720 924 821 960 non
845 907 1147 970 manducet,
1191 905 1411 960 Domino
1452 923 1553 959 non
1583 908 1865 961 manducet

287 1000 467 1069 (Rom.
502 1015 609 1063 xw,
646 998 722 1068 5).
760 998 835 1053 De
867 997 1132 1053 similibus
1158 998 1297 1053 idem
1319 997 1567 1067 judicare
1592 1000 1642 1052 in
1684 1014 1866 1068 prom-

283 1099 389 1159 ptu
424 1100 524 1144 est.

371 1182 569 1250 Absque
612 1181 918 1247 baptismate
974 1189 1023 1233 et
1068 1180 1401 1234 Eucharistia
1450 1180 1578 1247 ﬁdes
1628 1190 1866 1234 constare

285 1273 490 1341 nequit,
514 1288 734 1340 quorum
758 1270 943 1340 ubique
960 1287 1056 1338 par
1079 1279 1151 1324 est
1175 1271 1439 1339 forma.—
1455 1270 1590 1323 Sunt
1606 1279 1865 1339 praeterea

286 1376 416 1430 qva:
459 1370 709 1415 tenentur
737 1371 792 1415 et
815 1361 1092 1423 docentur,
1139 1361 1212 1413 uti
1255 1369 1379 1414 sunt
1425 1369 1477 1415 et
1508 1361 1863 1429 baptismatis,

286 1468 359 1506 ac
388 1453 573 1507 hostim
598 1452 888 1506 Dominicze
907 1462 1259 1516 sacramenta,
1279 1469 1417 1523 qute,
1433 1454 1555 1523 quia
1584 1453 1636 1507 in
1663 1461 1865 1507 tantum

286 1552 424 1596 sunt
454 1542 842 1597 Christianitati
873 1545 1201 1609 communia,
1233 1553 1291 1598 ut
1341 1544 1457 1599 sine
1483 1545 1547 1599 iis
1576 1545 1868 1600 subsistere

289 1646 404 1684 non
433 1630 607 1685 valeat
633 1630 766 1685 ﬁdes
790 1641 992 1698 nostra,
1018 1634 1093 1686 sic
1116 1634 1439 1688 auctoritate
1462 1642 1711 1687 tenentur
1728 1649 1867 1688 sem-

286 1736 393 1788 per
422 1720 726 1775 indissimili
758 1722 953 1790 ubique
986 1723 1227 1790 immota,
1254 1733 1309 1778 ut
1341 1739 1555 1794 semper
1593 1734 1646 1780 et
1670 1725 1867 1794 ubique

285 1810 481 1865 eadem
526 1812 836 1876 comitetur,
882 1813 1169 1881 praecedat,
1221 1822 1276 1868 et
1317 1814 1676 1883 subsequatur
1722 1816 1868 1885 paris

286 1896 482 1953 forma:
508 1900 781 1953 doctrina.
802 1900 975 1965 Paris,
1002 1903 1235 1971 inquam,
1267 1902 1474 1968 formaa,
1508 1912 1565 1957 ut
1612 1906 1751 1973 quod
1774 1921 1869 1959 ex-

289 1992 561 2047 trinsecus
626 1995 889 2061 pronunti.
915 2002 1035 2060 tur,
1093 1996 1387 2049 secundum
1452 1997 1503 2051 id
1557 1996 1865 2051 docentium

288 2082 551 2148 procedat
590 2082 783 2135 oratio.
841 2081 897 2135 lu
942 2085 1134 2152 quibus
1182 2095 1357 2139 tamen
1385 2085 1593 2140 duobus
1621 2086 1673 2140 id
1702 2085 1868 2142 refert

292 2181 353 2224 ιιι
380 2174 497 2227 sine
523 2189 659 2242 aqua
690 2182 784 2227 aut
820 2175 1080 2242 sanguine
1109 2174 1445 2232 Christianus
1471 2192 1593 2232 esse
1627 2192 1732 2231 non
1774 2194 1868 2233 va-

289 2261 423 2328 leat,
455 2263 570 2317 sine
597 2264 932 2319 Eucharistia
959 2280 1088 2320 vero
1132 2282 1251 2323 esse
1281 2268 1472 2335 possit,
1517 2269 1562 2324 si
1602 2276 1780 2324 tamen
1810 2271 1864 2325 in

290 2354 412 2422 ejus
437 2363 748 2408 constanter
792 2356 895 2410 ﬁde
929 2366 1261 2425 permaneat.
1304 2359 1455 2424 Quod
1502 2361 1553 2413 in
1596 2359 1867 2431 plerisque

288 2454 471 2515 potest
518 2444 733 2515 probari
786 2448 1132 2516 martyribus,
1183 2449 1296 2504 sive
1339 2451 1597 2517 eremitis,
1637 2468 1864 2523 quorum

289 2536 446 2590 alteri
475 2552 773 2605 nunquam,
806 2538 961 2592 alteri
988 2540 1153 2595 semel
1185 2552 1273 2595 aut
1304 2542 1578 2599 rarissime
1628 2556 1864 2615 sumpta,

289 2637 482 2681 sancto
509 2627 763 2695 deinceps
789 2642 951 2697 opere
976 2643 1034 2683 se
1076 2630 1124 2685 ei
1172 2630 1594 2703 incorporantes,
1626 2634 1865 2707 longaava

288 2719 583 2773 solitudine
610 2720 923 2775 sanctiﬁcati
948 2729 1090 2776 sunt.

363 2810 658 2880 Aliquando
682 2812 811 2880 ﬁdes
841 2814 951 2867 sine
995 2814 1232 2883 operibus
1265 2817 1333 2871 ad
1367 2817 1633 2888 justitiam
1659 2831 1867 2892 reputa-

288 2899 635 2953 tur.—ldem
671 2909 752 2954 est
777 2910 830 2955 et
876 2902 927 2954 in
958 2906 1258 2973 prccceptis.
1304 2916 1362 2962 ut
1404 2910 1722 2966 vacantibus
1759 2926 1865 2967 ca:-

288 2990 449 3055 tcris,
480 2988 610 3045 ﬁdes
650 2991 716 3045 ad
765 2992 990 3046 salutem
1018 2993 1283 3051 sullieiens
1326 3000 1549 3053 tenenda
1587 3001 1862 3058 doceatur.

250 3106 255 3109 τ
290 3081 450 3137 Unde
493 3080 779 3151 Apostolus
818 3102 830 3136 :
873 3083 938 3138 Ei
963 3096 1138 3139 autem
1184 3090 1274 3157 qui
1302 3105 1402 3143 non
1434 3101 1694 3159 operatur,
1733 3092 1863 3160 ﬁdes
1890 3108 1935 3172 ο

289 3182 567 3242 reputatur
591 3174 661 3228 ad
695 3174 960 3244 justitiam
998 3176 1174 3246 (Rom.
1212 3194 1284 3245 tv,
1329 3179 1404 3250 4).
1436 3180 1678 3251 Amplior
1708 3184 1866 3238 nihil-

288 3264 509 3317 ominus
554 3264 804 3318 charitati
860 3268 1213 3337 praerogativa
1265 3269 1539 3336 tribuitur,
1590 3272 1717 3325 dum
1742 3273 1867 3329 ﬁdei

288 3355 519 3421 speique
542 3356 893 3424 pratponitur,
928 3358 1055 3411 dum
1080 3359 1197 3414 ’sola
1225 3376 1323 3430 pro
1352 3363 1600 3417 omnibus
1636 3364 1867 3419 testima-

292 3452 406 3506 tur,
439 3444 561 3496 dum
591 3445 702 3498 sola
751 3461 885 3515 Opus
932 3448 1086 3516 quasi
1128 3454 1554 3509 antonomastice
1608 3456 1867 3523 przedica-

292 3542 417 3583 tur:
455 3530 644 3600 Opera,
671 3534 865 3603 inquit,
898 3552 1145 3590 manuum
1173 3549 1469 3593 nostrarum
1498 3543 1665 3612 dirige
1712 3561 1868 3613 super

290 3636 391 3674 nos
418 3621 587 3691 (Psal.
618 3639 839 3692 Lmtx,
885 3626 958 3698 7).
992 3627 1122 3695 Qua:
1170 3638 1307 3685 sunt
1336 3634 1641 3687 communia
1690 3634 1867 3703 cujus-

292 3712 426 3766 libet
478 3714 828 3783 professionis
856 3718 1007 3773 bona:
1052 3722 1327 3777 exercitia.
1354 3721 1422 3776 Et
1457 3740 1584 3793 opus
1616 3742 1865 3781 manuum

290 3814 593 3858 nostrarum
627 3807 1018 3881 dirige(lbid.),
1052 3812 1101 3865 id
1128 3822 1231 3876 est,
1259 3812 1479 3869 meliora
1515 3816 1863 3883 charismata,

290 3895 707 3950 eminentiorem
731 3899 933 3955 scilicet
959 3902 1121 3967 viam,
1147 3919 1243 3959 nos
1268 3905 1417 3960 doce.
1460 3905 1584 3962 llzec
1611 3908 1749 3977 apud
1769 3924 1866 3965 nos

290 3993 351 4036 et
379 3992 525 4037 tenta
556 3984 833 4051 docentur,
870 3998 924 4044 et
947 3990 1188 4046 docendo
1214 4002 1483 4049 tenentur.

368 4073 634 4130 Prmterea
682 4088 808 4132 sunt
855 4082 1122 4149 quaedam,
1182 4099 1301 4152 qua:
1344 4086 1444 4140 etsi
1477 4086 1619 4142 inter
1656 4104 1865 4146 summe

295 4165 601 4219 necessaria
646 4165 803 4222 saluti
848 4178 1074 4236 nostra,
1127 4173 1193 4228 de
1240 4175 1434 4244 quibus
1482 4178 1712 4248 agimus,
1756 4197 1863 4237 non

293 4264 701 4324 computantur,
725 4259 842 4315 sine
870 4263 1065 4331 quibus
1089 4265 1192 4319 vivi
1220 4276 1361 4322 recte
1410 4285 1513 4325 non
1545 4282 1741 4341 potest,
1787 4282 1864 4329 ta-

294 4360 422 4399 men
450 4356 504 4401 et
533 4356 799 4413 tenentur,
833 4361 887 4406 et
922 4353 974 4406 in
1023 4354 1276 4411 Ecclesiis
1315 4361 1691 4428 prmdicantur,
1744 4366 1862 4421 sine

294 4444 525 4497 quorum
559 4433 714 4503 plane
765 4451 885 4501 usu,
922 4448 976 4492 et
1007 4443 1290 4507 praesentia
1352 4445 1502 4499 multi
1546 4446 1685 4502 vitas
1725 4448 1860 4503 bene
1888 4454 1939 4513 D

297 4531 692 4593 transegerunt,
750 4536 803 4581 et
849 4530 1173 4600 transigunt,
1225 4543 1433 4589 utsunt
1458 4538 1717 4592 cadavera
1743 4555 1861 4594 san-
1906 4560 1909 4561 ν

294 4622 534 4680 ctorum;
593 4626 649 4670 ut
692 4619 934 4687 pignora.
984 4621 1049 4677 de
1102 4624 1164 4678 iis
1191 4624 1437 4681 videlicet
1491 4643 1609 4697 qua:
1645 4629 1860 4687 fuerunt

296 4700 347 4752 in
383 4702 567 4758 usibus
612 4706 875 4775 ipsorum.
928 4709 1050 4765 llaec
1097 4714 1251 4768 nobis
1294 4725 1418 4770 sunt
1448 4721 1761 4773 reverentia:
1796 4737 1859 4777 ac

292 4788 455 4861 330
485 4794 691 4859 honori,
722 4813 820 4867 pro
864 4802 1108 4871 exemplo
1155 4807 1508 4878 praesidioque
1548 4827 1749 4865 eorum
1802 4813 1856 4868 ln

294 4883 489 4949 quibus
515 4886 762 4955 equidem
818 4906 880 4947 ea
928 4894 1037 4948 sola
1088 4898 1392 4953 authentica
1441 4902 1578 4955 ratio
1612 4902 1855 4957 habenda

293 4980 460 5038 esset,
489 4985 542 5029 ut
578 4978 623 5032 is
667 4981 922 5037 duntaxat
954 4985 1227 5041 diceretur
1253 5000 1490 5057 sanctus,
1545 5007 1703 5061 quem
1751 5010 1855 5049 non

293 5062 495 5129 opinio,
528 5068 620 5121 sed
653 5072 956 5139 vetustatis,
990 5084 1081 5128 aut
1108 5078 1429 5146 scriptorum
1452 5083 1720 5136 veracium
1749 5092 1858 5137 tra-

294 5152 428 5208 ditio
460 5168 605 5211 certa
632 5160 887 5218 ﬁrmaret.
913 5164 963 5219 ls
1007 5167 1151 5221 enim
1190 5173 1457 5238 quomodo
1484 5181 1663 5241 putas,
1695 5185 1751 5229 ut
1783 5176 1857 5230 ita

291 5242 491 5309 dicam,
548 5252 819 5317 sancitur,
876 5254 1027 5323 cujus
1083 5260 1419 5315 auctoritatis
1453 5266 1707 5319 memoria
1750 5265 1856 5320 ulla

293 5338 550 5405 nescitur,
584 5342 778 5399 nedum
802 5347 942 5414 quod
968 5362 1068 5411 nec
1100 5348 1319 5417 litteris,
1349 5364 1440 5407 aut
1467 5364 1651 5424 aperta
1692 5356 1857 5412 mira-

291 5424 533 5480 culorum
550 5433 879 5500 esperientia
903 5438 1195 5495 solidatur?
1218 5440 1437 5500 Litteris
1460 5445 1580 5500 dico
1608 5447 1674 5502 ad
1700 5448 1857 5505 robo-

291 5518 519 5572 randum
542 5519 843 5581 efﬁcacibus
872 5543 886 5582 :
918 5539 1044 5587 sunt
1065 5532 1209 5589 enim
1238 5514 1397 5604 quam
1422 5535 1661 5606 plurimae
1695 5554 1857 5610 super

360 5672 472 5743 (ει)
511 5676 692 5750 Elfego
724 5685 954 5740 nomine.

1963 542 2289 607 przeconium
2319 546 2457 612 apud
2488 546 2733 603 inﬁdeles
2760 549 2970 621 itnpiari
3002 561 3232 621 poterat,
3262 570 3421 622 quam
3446 556 3542 610 ali-

1964 641 2231 699 quatenus
2254 634 2532 690 illustrari.
2567 637 2664 691 Ubi
2694 640 2837 692 enim
2880 641 3043 696 etiam
3086 658 3206 711 qua).
3256 658 3382 697 vera
3412 653 3541 698 sunt

1965 721 2102 775 adeo
2131 737 2391 789 pannoso,
2418 733 2472 780 et
2502 727 2761 795 pedestri,
2788 738 2863 796 et,
2888 738 2943 784 ut
2968 732 3183 801 poetico
3198 732 3364 787 verbo
3393 743 3539 799 utar,
3570 724 3575 727 ’

1965 810 2111 864 lmmi
2143 814 2375 881 serpenti
2404 814 2620 884 eloquio
2669 817 3037 887 proferuntur,
3081 821 3189 876 imo
3229 822 3542 876 inconditis-

1966 903 2101 956 sime
2130 902 2484 971 delatrantur,
2537 916 2595 960 ut
2645 922 2768 961 cum
2817 910 3039 964 minime
3077 912 3205 979 sint,
3251 912 3540 968 falsissima

1966 1008 2085 1048 esse
2110 995 2420 1049 credantur.

2036 1086 2100 1140 Et
2139 1088 2407 1156 quomodo
2437 1088 2618 1141 talium
2647 1097 2925 1143 auctorum
2956 1091 3311 1147 subornandce
3333 1094 3541 1162 astipu-

1966 1177 2164 1232 labitur
2215 1178 2433 1233 falsitati
2495 1180 2698 1246 oratio,
2750 1197 2868 1250 qua:
2916 1198 2981 1237 ex
3045 1184 3126 1238 sui
3171 1185 3540 1252 indignissima

1966 1268 2231 1322 cruditate
2256 1269 2421 1323 etiam
2450 1270 2733 1326 veritatem
2761 1272 2911 1340 ponit
2940 1272 2992 1326 in
3019 1273 3212 1327 dubio?
3258 1274 3322 1326 Et
3347 1276 3541 1343 quibus

1968 1371 2128 1426 super
2148 1357 2307 1425 hujus
2331 1357 2625 1413 inﬁictione
2676 1360 2811 1415 naevi
2855 1377 3072 1430 parsutn
3103 1370 3370 1432 putamus,
3417 1380 3541 1418 cum

1967 1461 2073 1502 non
2107 1447 2267 1511 vitas,
2298 1448 2391 1502 sed
2416 1449 2595 1517 potius
2618 1450 2806 1503 nenias
2835 1450 3136 1519 aliquorum
3174 1452 3542 1519 apostolorum
3608 1442 3619 1453 ”

1970 1543 2119 1590 tanta
2150 1536 2446 1592 infuscalas
2484 1535 2708 1607 fuligine
2731 1538 3007 1593 videmus?
3052 1540 3119 1593 Et
3173 1540 3363 1594 harum
3391 1552 3539 1595 rota-

1970 1634 2057 1680 tus
2086 1625 2387 1680 fabularum
2417 1627 2596 1682 omnis
2622 1627 2763 1681 carri
2809 1628 3042 1683 stridore
3078 1630 3342 1694 deterior;
3377 1646 3541 1698 quam

1968 1714 2380 1769 aediﬁcationem
2411 1714 2598 1772 afferet
2626 1717 2750 1786 piis,
2784 1718 2873 1786 qui
2899 1718 3060 1772 etiam
3090 1720 3417 1774 incentivum
3436 1720 3543 1774 bla-

1900 1780 1940 1837 Β
1969 1806 2227 1874 Sphemiae
2265 1805 2504 1875 snggetit
2566 1780 2969 1875 inipiis?'Quid
3014 1807 3232 1862 Thema:
3281 1810 3540 1874 historia,

1968 1895 2069 1949 nisi
2118 1895 2379 1963 strepitus
2422 1895 2635 1949 aurium
2685 1896 3014 1964 appelletur,
3065 1897 3151 1952 cui
3218 1913 3321 1951 non
3373 1899 3542 1952 scniel

1967 1986 2321 2056 Augustinus,
2355 1987 2448 2041 sed
2477 1986 2610 2041 locis
2630 1987 2873 2057 pluribus
2895 1987 3238 2059 refragatur?
3275 1989 3396 2060 (Job
3422 2006 3542 2056 xm,

1970 2075 2046 2147 7.)
2072 2077 2137 2147 (³)
2176 2077 2382 2147 Egebat
2411 2077 2642 2132 forsitan
2694 2087 2787 2133 aut
2815 2078 3089 2146 Deus,aut
3123 2082 3293 2136 sancti
3330 2097 3541 2149 eorum,

1960 2166 2112 2237 juxta
2141 2168 2268 2222 illud
2299 2168 2419 2233 Job,
2450 2170 2753 2235 mendacio,
2787 2179 2846 2225 ut
2873 2186 2972 2240 pro
3022 2172 3136 2241 ipso
3183 2172 3540 2241 loquerentur

1968 2258 2140 2313 dolos.
2169 2260 2226 2312 Si
2274 2259 2375 2330 ipsi
2418 2260 2590 2313 sancti
2646 2262 2874 2329 apostoli
2919 2262 3008 2329 qui
3047 2263 3199 2331 quasi
3233 2262 3408 2330 capilli
3451 2271 3545 2316 aut

1967 2348 2129 2403 barba
2168 2365 2380 2405 summo
2405 2351 2569 2419 capiti
2589 2352 2943 2417 cohaeserunt,
2973 2354 3271 2423 hujusmodi
3319 2353 3543 2409 fallaciis

1967 2440 2189 2493 minime
2219 2450 2530 2496 caruerunt.
2594 2441 2662 2495 Et
2706 2442 2810 2496 nisi
2862 2457 2927 2496 ex
2974 2443 3284 2511 evangeliis,
3322 2453 3374 2499 et
3427 2444 3540 2497 suis

1967 2530 2202 2599 ipsorum
2230 2531 2438 2584 actibus
2457 2531 3056 2602 nostraainsignirentur
3083 2534 3308 2599 notitiae,
3341 2534 3544 2603 aliquo-

1965 2636 2084 2673 rum
2124 2620 2335 2675 animos
2367 2621 2549 2675 talium
2578 2621 2829 2693 figmenta
2861 2625 3159 2679 turbarent.

2036 2712 2173 2780 Quid
2200 2713 2375 2767 dicant
2411 2714 2478 2768 de
2508 2714 2634 2781 illis,
2671 2715 2763 2785 qui
2796 2716 2953 2772 nullis
2988 2716 3241 2771 aliorsum
3296 2718 3538 2772 testimo-

1964 2804 2070 2859 niis
2097 2805 2429 2872 claruerunt,
2467 2815 2522 2861 et
2555 2823 2619 2862 ex
2651 2823 2716 2863 eo
2766 2809 2907 2879 quod
2951 2809 3236 2879 scripturis
3258 2810 3539 2879 qualibus-

1965 2910 2175 2964 cunque
2212 2895 2472 2950 celebrari
2501 2907 2778 2967 putantur,
2807 2900 3142 2968 potissimum
3163 2899 3542 2954 tenebrantur?

1965 2986 2106 3055 Quid
2138 3004 2300 3058 super
2336 2989 2442 3043 illis
2472 3004 2653 3060 agam,
2680 3005 2909 3059 quorum
2959 3006 3057 3046 nec
3100 2992 3276 3056 initia,
3306 3007 3406 3047 nec
3436 3006 3544 3046 me-

1965 3077 2052 3132 dia
2087 3077 2178 3131 ulli
2212 3087 2420 3147 patent,
2442 3079 2573 3133 etin
2604 3093 2711 3149 quo
2750 3081 2925 3135 omnis
2957 3080 3073 3136 laus
3102 3091 3375 3145 cantatur,
3418 3081 3540 3135 finis

1966 3169 2179 3237 penitus
2221 3168 2530 3238 ignoratur?
2560 3169 2627 3222 Et
2673 3170 2795 3238 quis
2830 3169 2971 3234 illos,
3009 3178 3066 3223 ut
3105 3185 3163 3225 se
3199 3170 3392 3237 jnvarc
3442 3170 3539 3226 de-

1965 3259 2147 3324 beant,
2165 3261 2505 3330 deprecetur,
2532 3276 2668 3330 quos
2697 3261 2871 3315 nescit
2894 3270 3072 3315 utrum
3100 3261 3370 3332 quidpiam
3400 3261 3539 3330 apud

1964 3352 2133 3407 Deum
2207 3352 2567 3406 mereantur?
2648 3360 2703 3406 et
2780 3367 2958 3407 nonne
3016 3354 3253 3423 graviter
3306 3353 3538 3408 hominis

1966 3441 2296 3497 conscientia
2327 3440 2570 3507 oll‘endit,
2598 3458 2715 3512 quae
2751 3458 2898 3508 cum,
2927 3445 2993 3497 ile
3023 3458 3129 3513 quo
3174 3443 3244 3496 nil
3289 3460 3537 3513 magmnu

1965 3543 2169 3603 sperat,
2201 3533 2312 3588 Deo
2361 3549 2458 3603 pro
2503 3549 2562 3589 sc
2589 3535 3004 3589 intercessorem
3036 3534 3315 3588 obtendit?
3352 3534 3539 3588 Nonne

1966 3641 2075 3680 sua:
2140 3642 2360 3695 prorsus
2418 3641 2643 3680 acumen
2708 3626 2993 3690 orationis,
3060 3625 3167 3678 imo
3229 3625 3540 3678 intentionis

1965 3716 2231 3781 obtundit,
2264 3717 2354 3785 qui
2384 3731 2507 3771 eum
2557 3732 2717 3785 quem
2769 3728 2954 3787 rogat,
3015 3725 3193 3770 utrum
3256 3730 3539 3769 conminue

1965 3807 2093 3877 quid
2123 3822 2245 3861 cum
2282 3807 2390 3861 Deo
2424 3808 2641 3870 habeat,
2676 3808 2888 3862 nescit?

2035 3921 2195 3976 Certe
2217 3920 2322 3975 vidi
2346 3922 2631 3991 quosdam,
2660 3921 2750 3992 qui
2780 3937 2900 3977 cum
2941 3922 3241 3977 diutissime
3275 3922 3534 3991 aliquem,

1965 4020 2024 4065 ut
2066 4011 2340 4077 ferebant,
2389 4022 2675 4080 sanctum,
2725 4029 2790 4069 ex
2844 4014 3121 4067 Britannia
3180 4014 3408 4068 delatmn
3438 4029 3537 4083 pro

1964 4102 2274 4158 confessore
2311 4103 2649 4171 habuissent,
2668 4113 2873 4158 mutato
2896 4106 2959 4158 de
2987 4116 3206 4175 repente
3232 4106 3409 4159 animo
3439 4120 3537 4174 pro

1966 4204 2206 4264 martyre
2253 4194 2619 4249 celebrarunt.
2668 4195 2869 4251 Causas
2920 4212 3041 4250 cum
3084 4196 3419 4267 rogitassem,
3462 4196 3535 4250 nil

1964 4284 2177 4354 dignius
2206 4300 2367 4352 super
2399 4286 2659 4356 martyrio
2690 4287 2947 4353 hominis,
2998 4300 3157 4356 quam
3200 4286 3267 4341 de
3310 4294 3535 4355 praetcr-

1968 4376 2135 4431 missa
2164 4376 2504 4432 confessione
2540 4379 2814 4433 dixerunt.

2035 4489 2161 4561 Legi
2190 4499 2354 4547 testor
2382 4491 2568 4553 Deum.
2597 4501 2652 4546 et
2682 4493 2767 4557 iis,
2799 4493 2888 4561 qui
2918 4493 3047 4547 mihi
3080 4501 3273 4563 praesto
3297 4491 3531 4558 fuerant,

1964 4596 2084 4635 cum
2118 4582 2282 4635 nimia
2314 4584 2668 4639 detestatione
2696 4584 2857 4655 relegi
2886 4603 2898 4637 :
2933 4585 3138 4640 scilicet
3164 4585 3349 4639 inVita
3380 4583 3534 4637 Satn-

1963 4673 2112 4728 sonis
2141 4674 2501 4739 celeberrimi,
2530 4675 2669 4745 apud
2692 4675 2931 4730 Francos
2953 4685 3007 4729 et
3038 4677 3301 4740 Britones,
3338 4677 3530 4739 sancti,

1964 4767 2213 4820 abbatem
2270 4768 2587 4834 quemdam,
2648 4782 2807 4835 quem
2858 4778 3103 4822 sanctum
3160 4769 3422 4841 Pyronem
3466 4770 3530 4836 t“)

1965 4857 2126 4913 lectio
2165 4858 2252 4912 illa
2293 4858 2645 4928 agnominat;
2676 4857 2831 4928 cujus
2856 4873 2979 4914 cum
3020 4859 3179 4915 ﬁnem
3216 4868 3276 4915 ut
3313 4860 3529 4914 beatmu

1960 4949 2213 5015 putabam
2239 4948 2342 5003 rite
2376 4949 2600 5019 legendo
2625 4964 3005 5019 prosequerer,
3040 4953 3211 5021 reperi
3254 4950 3527 5006 cumulum

1960 5040 2286 5103 sanctitatis,
2322 5041 2590 5093 hominem
2614 5040 2865 5096 videlicet
2907 5043 3167 5097 ebrietate
3202 5041 3524 5105 madentem,

1958 5136 2174 5196 puteum
2201 5130 2473 5193 incidisse,
2502 5130 2687 5200 sicque
2714 5140 2988 5186 enectum.

2032 5240 2097 5310 (⁸)
2129 5240 2236 5296 Nec
2267 5240 2393 5295 illud
2418 5241 2640 5307 excidit,
2672 5244 2814 5312 quod
2862 5242 3197 5296 Lanfrancus
3225 5240 3527 5296 Cantuariae

1958 5330 2100 5401 apud
2134 5330 2335 5400 Anglos
2376 5334 2693 5403 episcopus,
2741 5333 3038 5388 successori
3069 5340 3253 5402 postea
3285 5348 3383 5388 suo
3411 5334 3525 5387 An-

1956 5423 2125 5478 selmo
2140 5465 2154 5489 ,
2182 5432 2306 5479 tunc
2325 5425 2504 5479 abbati
2530 5424 2785 5479 Beccensi
2800 5424 3149 5494 qutestioncm
3166 5423 3347 5489 infert,
3363 5440 3527 5493 super

1958 5514 2188 5582 quodam
2212 5514 2611 5583 praedecessore
2631 5529 2729 5571 suo
2746 5513 2881 5585 (29),
2908 5516 2996 5585 qui
3026 5516 3077 5572 in
3105 5515 3312 5573 vincula
3339 5514 3515 5583 conje-
