4038 6330
623 314 724 369 (iiii

1437 310 1495 365 ν.
1533 309 1856 366 ΟυΙΒΕἰῖὶῚ
1892 307 2185 363 ABBATIS
2215 307 2270 361 S.
2312 305 2552 360 .‘leerE
2595 306 2679 360 DE
2721 305 3111 362 NOVIGENTO

3720 320 3796 373 διε

619 425 889 495 ctus,quia
929 418 1170 493 pecuniis
1195 437 1311 479 sese
1352 424 1614 479 redimere
1649 424 1848 489 renuit,
1886 428 2194 494 peremptus
2222 422 2271 481 Α
2302 416 2544 487 Philippo
2582 420 2722 488 patri
2769 421 3072 474 criminibus
3116 419 3358 474 obvoluto
3405 437 3626 493 negatum
3649 443 3725 484 est.
3749 435 3795 489 lt

619 528 721 571 εει.

693 609 989 675 Antequam
1027 606 1142 675 quis
1172 606 1442 659 invocetur
1467 606 1529 658 de
1555 605 1718 674 ipsius
1758 603 1904 657 debet
1952 611 2197 656 constare

584 672 915 753 ‘sunctitate.
943 728 1008 736 —
1029 672 1094 768 (⁸)
1124 696 1261 764 Quid
1308 696 1484 751 dicam
1529 697 1595 750 de
1620 696 1685 749 iis
1710 696 1933 758 sanctis,
1965 709 2194 763 quorum

618 796 710 840 aut
764 786 885 839 linis
941 795 1023 840 est
1068 786 1121 840 in
1172 786 1315 840 malo
1352 785 1690 855 propatulus,
1724 796 1816 838 aut
1854 785 1985 839 latet
2014 794 2194 838 utrum

617 876 788 931 bonus
818 892 883 929 an
919 878 1111 941 malus,
1145 888 1239 930 aut
1266 879 1403 931 inter
1447 886 1737 944 utrumque
1781 876 1839 928 lit
1874 876 2197 944 scrupulus?

613 968 739 1023 Jesu
765 969 879 1037 pie!
913 970 1214 1038 cujttsmodi
1244 980 1461 1022 sanctus
1500 968 1654 1033 cujus
1687 969 1808 1021 ﬁnis
1837 976 2048 1022 constat
2077 984 2193 1021 am-

618 1059 843 1127 biguus?
871 1060 1175 1126 Antequam
1203 1072 1331 1128 ergo
1361 1072 1483 1110 eum
1531 1057 1810 1125 deprecer,
1847 1072 2069 1110 necesse
2113 1066 2196 1111 est

617 1160 675 1201 ut
710 1149 775 1204 de
806 1149 1030 1202 veritate
1060 1148 1368 1202 sanctitatis
1395 1148 1510 1216 ejus
1537 1149 1783 1202 altercer.
1838 1148 1968 1202 Illud
2017 1149 2195 1202 dicere

620 1239 831 1292 audebo
906 1237 1219 1306 profanum,
1297 1238 1438 1305 quod
1493 1252 1712 1290 ararum
1765 1251 1905 1305 pone
1955 1239 2193 1292 sacraria

617 1328 912 1381 altissimos
941 1327 1283 1381 tribunalium
1324 1326 1497 1380 instar
1525 1327 1745 1380 thronos
1765 1328 2030 1392 obtinent,
2063 1344 2195 1397 quo-

617 1433 737 1471 rum
771 1426 1001 1487 tempus,
1020 1417 1235 1481 natalis,
1253 1431 1317 1471 ac
1339 1417 1467 1481 vita,
1495 1417 1608 1471 dies
1634 1432 1850 1486 quoque
1876 1426 1931 1472 et
1958 1419 2195 1486 qualitas

616 1508 869 1561 mortium
898 1509 950 1561 in
975 1508 1172 1562 nullius
1192 1509 1423 1562 viventis
1471 1509 1728 1563 memoria
1779 1510 2038 1564 resident.
2078 1511 2193 1565 Etsi

615 1613 708 1653 eos
753 1599 936 1653 tideles
982 1616 1079 1668 pro
1101 1602 1318 1655 nomine
1348 1600 1654 1655 sanctitatis
1683 1601 1973 1667 honorant,
2015 1618 2194 1657 sacer-

613 1690 765 1743 dotes
793 1700 972 1744 tamen
1003 1693 1167 1760 (quod
1193 1708 1321 1760 pace
1360 1692 1597 1761 ipsorum
1627 1694 1884 1765 dixerim)
1910 1710 2017 1749 non
2045 1707 2192 1751 recte

2295 509 2544 579 Anglicus
2595 526 2686 564 rea:
2722 513 2991 579 potestatis
3026 512 3240 565 minime
3269 513 3440 566 habet.
3465 545 3531 555 —
3555 517 3673 583 Quid
3696 527 3798 591 quod

2295 600 2571 654 dominum
2598 613 2843 656 nostrum
2865 602 3194 656 Ludovicum
3239 618 3422 674 regem
3451 615 3798 669 consuetudina-

2296 690 2377 745 rio
2400 690 2475 744 uti
2507 691 2752 745 videmus
2800 693 3046 763 prodigio
3072 694 3095 746 ?
3124 694 3191 764 (⁸)
3226 695 3339 747 llos
3373 696 3546 764 plane,
3580 702 3658 769 qui
3687 720 3798 760 sero.

2292 781 2427 848 phas
2444 781 2859 849 circajugnlum,
2894 792 2986 835 aut
3008 784 3216 852 uspiam
3247 785 3300 837 in
3327 800 3543 854 corpore
3565 791 3798 861 patiuntur,

2293 873 2357 924 ad
2392 880 2594 926 tactum
2629 873 2765 939 ejus,
2794 875 3338 943 superadditocrucis
3357 877 3525 947 signo,
3551 883 3642 935 vidi
3668 896 3799 940 cater-

2292 946 2481 1026 vatim,
2524 979 2610 1016 me
2655 964 2701 1017 ei
2732 966 3038 1019 cohrerente
3065 976 3117 1019 et
3165 968 3334 1021 etiam
3367 969 3678 1036 prohibente,
3705 991 3800 1029 con-

2294 1068 2533 1109 currere.
2561 1055 2705 1120 Quos
2731 1057 3010 1113 tamenille
3037 1059 3278 1127 ingenita
3307 1060 3634 1128 liberalitate,
3655 1082 3800 1123 serena

2299 1148 2364 1199 ad
2401 1162 2459 1200 se
2489 1163 2648 1201 manu
2668 1149 2963 1214 obuncans,
2988 1150 3293 1205 humillime
3320 1154 3664 1223 consignabat.
3684 1157 3802 1226 Cujus

2294 1236 2518 1304 gloriam
2552 1238 2802 1292 miraculi
2837 1254 2959 1293 cum
2995 1240 3278 1312 Philippus
3310 1252 3463 1312 pater
3487 1244 3592 1311 ejus
3610 1247 3804 1306 alacriter

2297 1335 2597 1390 exerceret,
2647 1330 2830 1383 nescio
2858 1331 3052 1398 quibus
3083 1332 3451 1387 incidentibus
3479 1336 3636 1406 culpis
3649 1340 3801 1395 amisit.

2301 1416 2476 1487 Super
2499 1418 2619 1473 aliis
2649 1421 2864 1491 regibus
2889 1423 3126 1491 qualiter
3164 1439 3224 1478 se
3254 1435 3445 1495 gerant
3478 1426 3527 1480 in
3551 1428 3640 1483 hac
3659 1446 3805 1494 re,su-

2294 1509 2585 1574 persedeo-;
2618 1524 2797 1579 regem
2829 1520 3008 1567 tamen
3043 1514 3334 1583 Anglicum
3372 1517 3658 1588 neutiquam
3680 1520 3722 1575 in
3745 1533 3802 1576 ta-

2296 1597 2434 1652 libus
2452 1600 2651 1655 audere
2673 1601 2807 1655 seio.

2913 1715 3144 1772 CAPUT
3183 1717 3246 1773 ll.

610 1781 874 1850 iudicant,
908 1782 1000 1850 qui
1033 1784 1223 1853 vulgus
1248 1784 1517 1854 opinionis
1543 1798 1656 1839 suae
1699 1794 1861 1840 vento
1902 1787 2189 1842 circumla.
2221 1775 2269 1834 Β
2369 1797 2395 1870 §
2423 1798 2464 1853 1.
2498 1798 2661 1870 Signa
2683 1813 2730 1856 et
2758 1806 2977 1860 visiones
3004 1824 3106 1861 non
3128 1826 3313 1863 eorum
3338 1828 3552 1882 quorum
3580 1815 3801 1869 ministerio

614 1879 727 1923 tum
774 1887 880 1926 non
923 1873 1242 1942 corripiunt,
1297 1889 1397 1928 nec
1442 1873 1754 1928 emendant.
1792 1874 1849 1931 Si
1902 1879 2044 1931 enim
2077 1880 2194 1933 sine

614 1964 939 2018 testimoniis
978 1965 1043 2017 ad
1089 1965 1558 2035 gradus'summos
1603 1965 1839 2037 legitime
1887 1985 2043 2024 nemo
2070 1985 2194 2039 pro-

614 2054 853 2117 vehitur,
883 2054 957 2109 illi
1001 2065 1203 2111 temere
1260 2056 1410 2112 falsis
1458 2058 1564 2111 imo
1612 2059 1889 2130 sacrilegis
1919 2062 2193 2117 vocabulis

614 2144 987 2214 insignientur,
1019 2148 1083 2200 ad
1115 2149 1215 2202 hoc
1251 2159 1302 2204 ut
1330 2151 1537 2206 cunctis
1564 2152 1879 2206 mortalibus
1897 2153 2191 2219 emineant,

609 2250 998 2308 proponentur,
1045 2241 1136 2310 qui
1184 2242 1410 2297 forsitan
1442 2245 1492 2298 in
1526 2245 1641 2299 loca
1690 2245 1919 2314 pmnalia
1949 2245 2189 2316 relegati,

612 2340 706 2383 aut
758 2330 813 2383 in
859 2338 1058 2385 tartara
1107 2333 1371 2400 perditum
1404 2334 1571 2405 ducti,
1605 2335 1649 2390 si
1701 2335 1800 2389 sibi
1850 2334 2190 2402 profuturum

613 2422 838 2485 scirent,
871 2430 924 2475 et
958 2422 1187 2477 facultas
1215 2435 1545 2494 suppeteret,
1593 2442 1747 2496 opem
1802 2443 1829 2480 a
1876 2428 2193 2483 mortalibus

613 2528 737 2565 cum
771 2512 860 2566 illo
890 2514 1056 2567 divite
1086 2528 1457 2582 precarentur.

687 2623 938 2677 Ecclesia:
975 2629 1313 2693 prrelatorum
1337 2638 1430 2690 est,
1464 2638 1515 2681 ut
1544 2630 1708 2683 debite
1738 2642 2036 2685 sanctorum
2080 2633 2192 2686 cul-

613 2714 701 2766 tui
738 2714 1001 2766 incumbat
1036 2717 1259 2785 populus
1307 2718 1595 2788 invigilare.
1617 2752 1679 2759 —
1704 2723 1768 2792 (⁷)
1798 2723 1879 2777 Sit
1912 2724 2089 2792 itaque
2115 2727 2192 2778 vi-

616 2802 746 2855 dere
788 2802 1123 2870 pontiﬁcum,
1158 2806 1228 2859 sit
1278 2806 1370 2860 Dei
1424 2809 1600 2877 populi
1647 2811 1829 2865 videre
1882 2813 2189 2879 custodum,

614 2901 883 2960 quatenus
924 2894 1037 2948 suis
1079 2897 1413 2964 provideant,
1471 2910 1528 2953 ut
1570 2901 1612 2955 si
1656 2903 2051 2957 armnlationem
2099 2906 2192 2960 Dei

614 2982 841 3048 habent,
873 2985 1011 3040 hanc
1040 2987 1301 3042 duntaxat
1350 2990 1552 3046 habere
1598 2992 1848 3047 sinantur
1896 2995 2191 3050 secundum

616 3076 923 3142 scientiam,
978 3093 1045 3132 ne
1091 3088 1335 3148 peccent,
1389 3083 1434 3136 si
1487 3092 1631 3139 recte
1673 3085 1929 3150 ollerant,
1966 3096 2017 3142 et
2046 3097 2192 3145 recte

613 3182 719 3220 non
749 3168 1011 3222 dividant.
1039 3170 1117 3236 Si,
1143 3173 1437 3227 secundum
1474 3177 1812 3246 prophetam,
1871 3178 1961 3235 Va:
1991 3182 2064 3234 eis
2102 3181 2192 3251 qui

612 3259 793 3311 dicunt
822 3260 1021 3313 malum
1051 3262 1261 3328 bonum,
1292 3275 1337 3317 et
1370 3266 1556 3321 bouum
1587 3268 1783 3322 malum
1811 3269 1965 3340 (Isai.
1998 3288 2047 3336 v,
2075 3273 2188 3344 90):

612 3348 932 3418 quaa'major
960 3354 1311 3421 perversitas,
1346 3371 1507 3424 quam
1552 3358 1683 3413 tales
1726 3362 1898 3417 sacris
1929 3361 2191 3421 altaribus

612 3440 913 3507 intrudere,
944 3458 1079 3511 quos
1122 3443 1365 3500 fortassis
1394 3448 1461 3501 ab
1490 3449 1621 3517 ipsis
1646 3453 1818 3506 sacris
1851 3453 2015 3509 aditis
2064 3469 2193 3510 con-

615 3530 868 3585 veniebat
902 3537 1224 3588 extrudere?
1252 3536 1307 3590 Si
1341 3538 1393 3591 hi
1421 3555 1449 3592 c
1471 3555 1698 3608 quorum
1728 3545 2045 3613 corporibus
2072 3555 2192 3614 post

613 3628 844 3673 nmrtem
872 3621 1126 3676 miracula
1152 3623 1539 3691 ellluxerunt,a
1565 3632 1894 3688 cruciatibus
1926 3635 1977 3688 in
2005 3636 2189 3690 anima

614 3710 792 3777 liberi,
848 3723 906 3765 ιιι
954 3714 1200 3785 legimus,
1241 3734 1345 3771 non
1396 3720 1635 3787 fuerunt,
1669 3724 1875 3793 justum
1909 3727 2051 3779 enim
2103 3729 2193 3782 vix

617 3800 814 3854 salvari
844 3814 1070 3871 experto
1102 3806 1411 3875 didicimus,
1440 3812 1568 3879 quid
1615 3813 1681 3867 de
1714 3814 1820 3870 illis
1873 3833 2092 3885 sperare
2124 3819 2191 3873 li-

615 3894 781 3958 cebit,
817 3910 1045 3963 quorum
1077 3897 1383 3954 claritudini
1419 3918 1591 3973 neque
1622 3906 1789 3972 visus,
1823 3924 1996 3979 neque
2044 3913 2194 3966 audi-

618 3995 727 4050 tus,
776 4002 949 4055 neque
992 3991 1210 4060 scripta,
1261 4009 1435 4062 neque
1463 3999 1722 4052 miracula
1765 4007 2194 4059 concurrerunt?

615 4087 670 4130 et
714 4088 862 4132 certe
884 4077 1190 4137 dillicillime
1237 4087 1565 4140 credendum
1615 4090 1770 4160 331
1827 4093 1996 4163 signis
2036 4106 2189 4162 erat,

616 4179 812 4239 [muter
853 4171 939 4225 illa
976 4187 1096 4242 qua:
1143 4174 1285 4229 bono
1337 4178 1679 4234 continuatus
1730 4182 2191 4240 initiolinis'edi-

614 4260 787 4315 dmaL

685 4372 848 4441 Signa
886 4378 1144 4430 exteriora
1192 4381 1334 4433 haud
1377 4382 1573 4438 iudicia
1616 4390 1928 4445 sanctitatis.
1972 4424 2040 4432 —
2072 4394 2194 4450 Haec

612 4466 813 4519 etenim
854 4468 949 4532 ita,
981 4479 1039 4522 ut
1078 4472 1156 4524 sic
1186 4472 1382 4539 dieam,
1435 4478 1737 4547 amphibola
1792 4496 2110 4553 reputantur
2138 4498 2190 4541 ut

614 4559 759 4611 sicut
785 4558 991 4615 dextris
1017 4562 1092 4615 sic
1123 4571 1179 4616 et
1216 4565 1451 4622 sinistris
1498 4571 1740 4639 partibus
1768 4574 1965 4643 glorias
1996 4593 2191 4646 suppe-

614 4649 789 4702 ditare
811 4651 1094 4719 dicuntur;
1133 4657 1221 4723 qui
1254 4658 1395 4711 enim
1428 4659 1549 4714 filiis
1576 4663 1737 4717 Israel
1773 4682 1920 4721 mare
1947 4668 2191 4724 Rubrum

614 4739 820 4805 divisit,
852 4741 1042 4812 Magno
1062 4746 1368 4804 Alexandro
1391 4749 1811 4823 Pamphylicum.
1839 4756 1979 4829 Lege
2004 4760 2193 4815 Sueto-

616 4832 790 4895 nium,
820 4836 1087 4901 quomodo
1124 4838 1481 4907 Vespasianus
1516 4845 1803 4913 impactum
1827 4850 1977 4918 pedis
2004 4853 2193 4919 pollice

615 4924 901 4979 sustulerit
945 4927 1217 4983 claudum.
1266 4932 1321 4985 In
1351 4944 1595 5005 promptu
1632 4954 1844 5007 quoque
1873 4951 1955 4996 cst
1991 4944 2042 4997 in
2070 4956 2191 4999 ortu

614 5024 1007 5085 praepotentem
1036 5019 1362 5091 principum,
1413 5034 1597 5094 utputa
1629 5030 1837 5097 praefati
1873 5032 2186 5102 Alexandri,

614 5105 741 5162 Julii
769 5108 1023 5176 Cresaris,
1058 5110 1369 5181 Octaviani;
1424 5118 1517 5172 sed
1545 5127 1598 5173 et
1628 5120 1855 5177 aliorum
1880 5125 2031 5195 signa
2057 5144 2192 5197 prcc-

614 5198 805 5263 missa,
836 5209 891 5255 et
918 5200 969 5255 in
993 5202 1261 5259 mortibus
1298 5206 1550 5263 habuisse
1585 5209 1857 5279 Carolum,
1884 5224 1935 5269 et
1960 5215 2193 5271 Ludovi-

613 5304 738 5344 cum
766 5290 931 5346 lilium
954 5294 1069 5363 ejus
1093 5300 1458 5367 prognostica.
1488 5301 1637 5358 Unde
1666 5315 1719 5359 et
1742 5318 1924 5364 nostro
1952 5321 2193 5381 tempore

616 5381 671 5434 in
712 5391 1041 5453 nostrorum,
1095 5398 1150 5443 et
1183 5390 1658 5464 Lotharingorum,
1707 5415 1798 5454 seu
1849 5406 2190 5475 Anglicorum

616 5487 803 5544 rogum
834 5480 1141 5546 occasibus,
1193 5493 1247 5538 et
1294 5485 1642 5544 innovatione
1665 5506 1973 5563 regnorum,
1998 5499 2191 5569 saepius

615 5573 855 5621 cometes
877 5572 1165 5628 emersisse
1195 5578 1590 5647 conSpcximus.

688 5678 979 5740 Ludorirus
1000 5686 1217 5746 Crassus
1239 5708 1326 5747 seu
1353 5706 1545 5764 sextus,
1574 5703 1818 5771 strophas
1848 5718 2010 5762 curat.
2039 5708 2192 5776 Quod

2295 1889 2449 1956 ﬁunt,
2496 1894 2586 1945 sed
2639 1895 2867 1948 aliorum
2909 1898 3190 1951 identidem
3224 1902 3444 1955 utilitati
3474 1905 3803 1959 iuserriunt.—-

2296 1978 2585 2034 Sciendum
2617 2000 2745 2053 ergo
2759 1985 3090 2054 plurifariam
3123 1989 3403 2059 signorum
3435 1993 3565 2046 dona
3590 1995 3799 2049 distribui.

2297 2068 2433 2123 Sunt
2486 2072 2629 2124 enim
2690 2076 2905 2141 quidam
2954 2092 3051 2145 per
3086 2094 3225 2146 quos
3258 2096 3323 2135 ac
3367 2082 3410 2135 si
3446 2084 3643 2137 carnales
3662 2086 3800 2139 eadem

2293 2169 2543 2226 portenta
2574 2160 2843 2228 feruntur,
2885 2176 2938 2220 et
2974 2166 3099 2220 dum
3125 2183 3224 2236 per
3257 2171 3371 2225 haec
3396 2172 3609 2225 aliorum
3639 2175 3801 2226 utittmi

2294 2251 2549 2315 militant,
2596 2254 2694 2322 ipsi
2724 2269 2907 2309 eorum
2935 2274 3053 2326 qua:
3084 2275 3178 2327 per
3204 2277 3303 2315 eos
3340 2263 3470 2315 liunt
3500 2278 3710 2319 exsortes
3736 2267 3802 2319 lia-

2296 2340 2509 2394 bentur.
2530 2343 2681 2409 Quod
2709 2345 2760 2399 in
2785 2346 2993 2417 loquela
3024 2351 3190 2404 asinae
3214 2362 3268 2406 et
3300 2356 3472 2425 angeli
3493 2357 3690 2419 visione,
3714 2373 3800 2424 pro-

2294 2430 2475 2497 phctia
2502 2431 2718 2487 Balaam
2747 2435 2936 2507 (Num.
2960 2456 3094 2503 χχιι,
3126 2440 3241 2512 27),
3279 2452 3336 2497 et
3364 2446 3799 2515 Caiphzerauxt,

2292 2522 2382 2589 bl)
2410 2526 2712 2582 certissime
2749 2529 2946 2607 conjici
2969 2542 3165 2601 potest,
3191 2536 3323 2603 quia
3361 2553 3479 2606 qtue
3512 2538 3716 2592 exterius
3740 2553 3800 2589 so-

2294 2624 2549 2679 nuerunt,
2595 2632 2624 2670 a
2677 2634 2733 2673 se
2792 2622 3008 2689 penitus
3066 2624 3244 2678 aliena
3304 2626 3535 2682 fuerunt.
3569 2629 3696 2683 Unde
3718 2636 3801 2681 eta

2295 2706 2648 2762 morientibus
2701 2710 3069 2783 cujuscunque
3095 2720 3278 2773 meriti
3323 2721 3482 2774 nmlta
3514 2722 3718 2774 videmus
3743 2720 3800 2770 lu-

2294 2801 2412 2848 tura
2445 2798 2679 2865 praedici,
2724 2809 2776 2855 et
2827 2804 2893 2857 de
2938 2810 3215 2874 sequentis
3269 2812 3444 2865 saeculi
3480 2811 3800 2879 staluplurima

2292 2888 2581 2942 enuntiari.
2615 2890 2740 2946 [nde
2768 2901 2824 2948 et
2844 2899 3139 2953 secundum
3172 2901 3319 2957 hunc
3349 2904 3553 2958 modum
3582 2903 3716 2955 verba
3739 2900 3798 2952 in-

2293 2976 2518 3032 fantium
2566 2995 2789 3049 prorsus
2848 2986 3217 3046 innocentium
3273 2993 3506 3048 solemus
3542 2991 3799 3063 appretiari.

2298 3082 2424 3121 nam
2462 3084 2622 3139 super
2647 3072 2777 3137 suis
2809 3074 3070 3144 ipsorum.
3104 3080 3443 3153 aliorumque
3467 3084 3729 3143 eventibus,
3750 3079 3797 3131 ab

2294 3158 2374 3212 eis
2407 3157 2582 3213 solent
2609 3162 2762 3230 quasi
2793 3180 2889 3233 per
2920 3167 3306 3226 hebetudinem
3339 3171 3489 3243 plena
3510 3167 3798 3241 providentiae

2294 3250 2434 3305 dicta
2459 3251 2673 3322 jactari.
2705 3254 2857 3321 Quod
2888 3260 2987 3315 sub
3014 3264 3261 3331 sequenti
3293 3265 3492 3335 patebit
3519 3261 3742 3329 exemplo.

2364 3338 2672 3408 Infantulus
2702 3344 2839 3399 videt
2861 3347 2995 3400 inter
3014 3360 3252 3419 agentem
3280 3369 3431 3407 sacra
3458 3351 3673 3421 mysteria
3690 3363 3798 3417 pm-

2293 3430 2525 3501 byterum
2545 3451 2701 3488 manu
2724 3439 2999 3505 puerulum
3029 3442 3212 3496 hostia:
3237 3444 3352 3498 loco
3372 3453 3624 3498 tenentem.
3647 3469 3704 3480 —
3720 3438 3796 3491 Νυ-

2292 3524 2547 3592 perrime,
2605 3527 2811 3583 scilicet
2864 3530 3072 3587 Pascha
3118 3536 3415 3602 praeterito,
3455 3535 3535 3589 die
3568 3535 3683 3602 ipsa.
3707 3543 3796 3583 cum

2294 3615 2484 3669 eadem
2538 3615 2804 3673 festivitas
2859 3634 3126 3693 ageretur,
3178 3625 3235 3679 in
3281 3626 3411 3681 urbe
3437 3624 3578 3679 nobis
3604 3620 3793 3686 contigua

2295 3704 2612 3759 Suessornm
2628 3708 2715 3778 (θ).
2741 3710 2937 3765 mulier
2949 3700 3191 3780 quaedam
3207 3716 3276 3770 ad
3294 3715 3569 3771 ecclesiam
3582 3710 3794 3781 proprium

2296 3794 2615 3852 infantulum
2662 3802 3021 3872 suscipiendae
3064 3808 3239 3875 gratia
3280 3805 3649 3864 communionis
3668 3797 3794 3854 addu-

2293 3897 2468 3941 xerat.
2486 3888 2726 3960 Cumque
2751 3901 2959 3961 tempus
2977 3895 3334 3953 Eucharistim
3350 3894 3666 3953 conficiendae
3683 3899 3795 3941 acce-

2294 3980 2445 4035 deret
2474 3982 2582 4052 (⁸ο),
2616 3992 2670 4038 et
2694 3986 2948 4054 puerulus
2978 4003 3159 4043 rerum
3184 3993 3361 4046 adhuc
3384 3989 3601 4043 omnium
3622 3980 3791 4038 inscius,

2294 4071 2393 4124 sub
2415 4074 2698 4139 praiseutia
2740 4077 2930 4132 matris
2953 4094 2982 4131 a
3015 4082 3318 4137 sacerdotis
3353 4091 3495 4151 tergo
3516 4076 3789 4133 consisteret.

2296 4161 2428 4217 vidit
2456 4162 2507 4215 in
2542 4165 2717 4219 medio
2740 4168 2949 4233 altaris,
2974 4170 3100 4224 dum
3127 4188 3211 4227 res
3235 4174 3410 4227 divina
3440 4170 3639 4242 geritur,
3665 4160 3790 4217 inlan-

2298 4252 2463 4306 tnlum
2491 4256 2636 4308 onmi
2682 4259 2862 4324 specie
2902 4259 3269 4328 pulchriorem
3301 4263 3439 4317 inter
3463 4272 3630 4314 manus
3652 4262 3788 4306 sarcre

2295 4342 2435 4395 (lotis
2467 4342 2618 4413 erigi.
2656 4345 2806 4410 Quod
2831 4362 2951 4401 cum
2984 4350 3288 4406 intueretur
3314 4349 3498 4422 puerili
3521 4341 3786 4404 curiositate.

2226 4470 2269 4523 Ι)
2296 4450 2399 4501 qua
2422 4436 2533 4489 visa
2564 4438 2720 4492 silere
2745 4457 2848 4494 non
2875 4442 3085 4506 sinitur,
3121 4446 3360 4502 Ecclesia
3386 4445 3634 4504 audiente,
3654 4432 3787 4527 CXCI-3"

2296 4535 2407 4579 mat
2434 4528 2500 4580 ad
2552 4538 2776 4583 ntatrem
2814 4551 2825 4585 :
2858 4553 2873 4583 ‹
2904 4534 3150 4604 Domina,
3202 4538 3394 4608 inquit,
3431 4546 3593 4590 nonne
3613 4521 3788 4581 attendts

2296 4635 2456 4688 quam
2486 4620 2771 4689 pulchrmn
2796 4642 3021 4694 puerum
3058 4645 3221 4700 super
3253 4631 3420 4685 altare
3464 4625 3708 4712 presbyter
3729 4624 3784 4712 ις’

2294 4719 2420 4764 neat
2447 4711 2471 4764 ?
2503 4730 2520 4763 ι
2559 4712 2779 4769 Matrem
2815 4732 2941 4769 vero
2982 4721 3380 4786 respicientem,
3422 4716 3544 4772 nihil
3580 4710 3705 4776 hujus
3728 4710 3784 4754 vi.

2295 4800 2465 4853 sionis
2512 4804 2789 4871 attigerat.
2820 4804 2968 4883 ,Ροέι
3021 4810 3293 4877 paululum
3340 4819 3530 4873 autem,
3572 4798 3783 4862 cuml‘o“

2294 4891 2647 4947 elevationem
2698 4896 3009 4953 demitteret
3060 4913 3471 4963 sacramentum,
3518 4906 3565 4951 et
3606 4887 3785 4960 operitct

2294 4983 2535 5049 sindone,
2585 5002 2771 5043 rursus
2800 4990 3141 5047 inclamitat:
3177 5013 3195 5049 ι
3232 4995 3383 5058 Ecce,
3410 4993 3497 5054 ait,
3519 4988 3623 5042 albo
3650 4986 3781 5051 palmo

2294 5073 2515 5129 involvit
2547 5092 2690 5131 eum.
2728 5099 2743 5132 ι

2362 5167 2604 5237 Cumque
2630 5172 2840 5226 cunctis
2862 5174 3205 5233 audientibus
3226 5178 3336 5232 lucc
3356 5175 3525 5231 eadem
3541 5162 3774 5256 replicaret.

2292 5260 2595 5328 capacioris
2632 5262 2998 5333 intelligentia:
3033 5268 3251 5336 quidam
3297 5260 3778 5323 animadverluulﬂﬂ‘

2290 5352 2599 5406 nocentium
2656 5357 2917 5424 puerilem
2980 5359 3101 5414 aliis
3150 5361 3319 5417 oculis
3373 5355 3623 5430 pulchrum
3662 5340 3773 5438 illum

2293 5442 2572 5511 puerulum
2615 5445 2843 5511 intueri;
2879 5448 2998 5503 aliis
3029 5451 3225 5521 pallam
3277 5446 3579 5506 materialem
3607 5447 3689 5505 qua
3716 5442 3774 5479 '“‘

2293 5532 2611 5589 tellectualis
2659 5538 3044 5596 obvolvcbatur
3090 5546 3315 5600 attendi.
3346 5542 3476 5597 Ecce
3499 5534 3575 5589 ille
3595 5524 3669 5597 qui
3688 5521 3771 5573 Ιιῖεθ

2294 5625 2446 5691 vidit,
2498 5626 2626 5682 huic
2673 5629 2872 5685 saeculo
2907 5632 3227 5703 innutritur,
3282 5649 3374 5691 nec
3404 5601 3769 5705 sequentcmspel

2293 5718 2591 5773 aestimatur
2641 5722 2880 5780 melioris
2931 5725 2994 5781 ad
3032 5701 3219 5784 vitam.
3266 5726 3408 5785 Unde
3435 5720 3583 5778 scitur
3604 5701 3768 5764 iu-Jubte
