4038 6330
655 384 754 441 619

1540 380 1601 436 ν.
1631 378 1956 438 GUIBERTI
1982 375 2271 433 ABBATIS
2310 376 2366 431 S.
2412 373 2649 430 MARUE
2682 373 2769 428 DE
2805 368 3196 428 NOVIGENTO
3742 380 3819 437 ego

657 502 752 564 tia,
795 498 1054 554 nudiebrc
1087 495 1337 554 convolat
1370 494 1580 566 vulgus,
1614 509 1720 548 non
1747 493 2052 549 teneritudo
2093 506 2223 561 pue-
2255 499 2297 554 Α
2324 490 2439 544 dit:
2475 509 2492 539 ι
2536 488 2797 558 Triginta,
2835 486 3037 554 inquit,
3069 485 3134 539 iis
3167 483 3365 539 diebus
3401 486 3663 554 praeteritis
3693 498 3821 558 quoii.

654 591 824 658 rules,
856 606 959 645 non
982 604 1152 642 annos
1190 587 1402 657 pigritia
1431 586 1628 655 pressit
1660 584 1832 639 aniles
1852 623 1867 650 ,
1922 583 2051 653 quin
2077 582 2230 637 ocior

659 681 887 749 quisque
919 685 1290 732 concurreret.
1323 676 1627 730 Dimittitur
1657 689 1869 744 quoque
1895 675 1986 743 qui
2017 674 2229 728 demer-

658 784 772 821 sam
806 769 1025 822 funibus
1073 767 1284 832 efferat,
1308 776 1362 821 et
1390 766 1825 836 exspectantibus
1866 765 2057 818 turmis
2077 764 2229 818 exhi—

657 859 800 911 beat.
827 859 941 923 Qua
972 858 1232 923 exhibita,
1265 868 1321 913 et
1347 858 1517 912 relato
1548 867 1707 910 tanta:
1735 855 2046 910 salvationis
2067 869 2229 909 even-

660 954 739 1007 tu,
769 960 873 997 non
907 943 1047 998 intra
1079 960 1171 1000 rus
1194 946 1333 1000 idem
1378 945 1623 999 miraculi
1658 958 1775 999 sese
1802 942 1939 997 fama
1965 942 2222 1004 cohibuit,

657 1036 750 1089 sed
780 1035 832 1087 in
861 1044 1100 1089 remotas
1132 1050 1192 1089 se
1220 1036 1489 1105 regiones,
1508 1037 1678 1088 virtus
1706 1034 1793 1089 isti
1827 1034 2052 1103 tempori
2075 1048 2228 1101 pror-

661 1139 753 1178 sus
780 1124 1034 1177 inusitata
1064 1123 1415 1180 circumtulit.

732 1212 869 1265 Ecce
908 1211 1034 1279 quid
1088 1211 1257 1265 valuit
1299 1212 1431 1266 fides
1470 1211 1521 1264 in
1554 1210 1891 1281 pmnitentia.
1939 1210 2076 1264 Ecce
2100 1209 2227 1279 quid

657 1301 830 1355 valuit
863 1300 917 1355 in
963 1301 1260 1356 intentione
1310 1302 1613 1373 corrigendi
1670 1292 2093 1372 pérseverantia.
2135 1300 2228 1355 llle

660 1392 817 1446 fidem
860 1392 1023 1447 habet
1077 1393 1131 1447 in
1185 1394 1528 1463 poenitentia,
1589 1393 1679 1462 qui
1709 1401 1829 1462 post
1870 1391 2229 1447 confessionis

2329 578 2487 632 diana
2516 591 2632 631 sum
2666 575 2994 645 flagellorum
3017 574 3250 630 caesione
3272 573 3522 628 multatus
3545 593 3557 629 :
3588 595 3604 627 ι
3626 580 3692 632 Ad
3709 596 3821 650 quem

2329 668 2612 737 episcopus
2642 684 2655 719 :
2694 684 2712 716 ‹
2750 666 2818 719 Et
2847 676 2899 718 tu
2927 704 2941 729 ,
2987 664 3194 733 inquit,
3225 663 3469 727 domine,
3496 680 3640 734 quam
3659 671 3714 724 ob
3736 688 3824 727 m-

2328 758 2481 812 sam?
2514 778 2531 809 )
2563 758 2627 811 Et
2656 757 2778 811 ille:
2834 776 2851 808 ι
2889 756 3106 822 Mirum,
3133 758 3233 819 ait,
3278 765 3364 809 est
3400 758 3536 824 quod
3561 757 3715 813 dixisti
3738 778 3822 818 cum

2328 855 2467 909 scias
2499 854 2769 908 hominem
2805 852 2907 907 etsi
2936 862 3183 907 sanctum
3206 890 3223 916 ,
3255 860 3363 915 tot,
3395 852 3518 905 velit
3550 853 3688 917 nolit,
3714 855 3825 927 fragi-

2327 944 2536 998 litatum
2570 943 2810 1012 lapsibus
2846 942 3160 1011 subjacere;
3198 942 3295 996 sed
3326 951 3381 995 et
3409 942 3472 994 de
3504 941 3565 995 iis
3605 958 3704 1011 qua:
3727 945 3823 1009 Deo,

2326 1042 2382 1086 et
2403 1033 2534 1087 mihi
2567 1030 2843 1087 confessus
2868 1046 2928 1086 es
2953 1031 3192 1101 cogitare
3222 1032 3507 1096 debueras,
3534 1042 3587 1085 ut
3609 1036 3828 1104 corrigere-

2328 1126 2424 1188 ris,
2462 1123 2600 1178 sicut
2632 1122 2763 1176 mihi
2804 1121 3193 1192 spoponderas.
3228 1120 3309 1176 Ne
3336 1120 3596 1175 cuneteris
3616 1137 3722 1193 ergo
3747 1138 3828 1179 oor-

2331 1217 2455 1286 rigi,
2483 1218 2606 1285 quia
2640 1215 2856 1284 expedit
2888 1214 2984 1269 tibi
3033 1221 3092 1267 ut
3138 1213 3332 1269 facias.
3374 1231 3393 1265 ι
3425 1211 3481 1267 In
3519 1213 3668 1268 natali
3702 1215 3828 1285 itaque

2330 1305 2536 1358 Domini
2570 1302 2668 1357 sibi
2702 1302 2825 1356 finis
2852 1302 3140 1372 obtigerat.

2400 1393 2512 1447 llac
2531 1393 2723 1448 deinde
2748 1408 2766 1443 κ
2781 1392 2950 1446 isione
2978 1401 3033 1446 et
3056 1392 3290 1447 aliorum
3313 1390 3433 1445 aliis
3460 1390 3725 1460 publicatis,
3745 1409 3828 1448 cum

666 1482 917 1551 gratiam,
949 1498 1012 1537 ex
1046 1485 1335 1539 securitate
1366 1484 1755 1538 emendationis
1783 1492 2055 1552 conceptae
2088 1498 2225 1536 nun-
2322 1484 2433 1554 jam
2464 1484 2754 1539 secundum
2789 1483 2983 1538 seriem
3007 1497 3217 1549 earum,
3249 1490 3305 1535 et
3328 1482 3453 1536 vitae
3473 1482 3628 1551 ipsius
3644 1483 3829 1553 pietatem

662 1587 823 1641 quam
844 1572 1031 1627 difIidit
1052 1573 1117 1628 de
1145 1574 1319 1628 venia.
1350 1573 1475 1629 Hice
1504 1584 1587 1628 est
1611 1589 1740 1645 ergo
1782 1574 1867 1628 illa
1899 1575 2031 1628 fides
2060 1588 2225 1642 quam

658 1664 711 1717 in
733 1666 981 1720 omnibus
1009 1681 1143 1736 pene
1167 1667 1595 1735 praecedentibus
1615 1668 1938 1737 patriarchis
1962 1676 2108 1722 tanta
2143 1682 2227 1722 re-

656 1756 944 1826 plicatione
975 1759 1317 1813 commendat
1367 1760 1675 1829 Apostolus,
1716 1770 1774 1813 ut
1807 1760 1969 1816 etiam
2003 1760 2150 1814 Raab
2172 1767 2227 1816 et

2328 1574 2425 1630 sub
2454 1588 2549 1644 spe
2576 1575 2713 1628 bona
2737 1576 2803 1628 de
2831 1588 2896 1628 eo
2923 1576 3105 1628 omnia
3137 1572 3512 1639 crederentur,
3544 1572 3713 1627 festum
3742 1588 3829 1628 eon-

2328 1674 2618 1735 sequenter
2638 1665 2897 1720 Paschale
2925 1666 3235 1721 transierat.
3263 1664 3333 1720 Et
3357 1679 3483 1720 ecce
3509 1664 3559 1718 in
3581 1665 3833 1719 monasterio

2330 1756 2741 1827 Brotbnrgensi,
2777 1758 2919 1828 quod
2956 1757 3139 1811 multa).
3177 1756 3456 1827 religionis
3483 1765 3748 1810 sanctorum
3775 1766 3829 1811 est

655 1842 847 1915 .lephte
871 1846 1418 1917 connumeret(Hebr.
1444 1865 1522 1913 xt,
1545 1849 1763 1919 31,52),
1791 1850 1881 1919 qui
1907 1850 2025 1903 fidei
2053 1858 2222 1905 tanto-
2259 1841 2305 1901 B
2333 1851 2599 1921 virginum
2627 1850 2649 1915 ,⁷
2692 1856 2811 1904 dua:
2860 1847 3281 1903 adolescentuli».
3345 1846 3646 1902 clarissimae
3695 1845 3832 1900 indolis

657 1948 785 2004 pere
829 1934 1131 2004 prmdicatte
1161 1937 1503 1993 obscuriores
1549 1940 1836 1992 admodum
1868 1939 2027 2009 333
2076 1952 2233 1994 caete-

656 2026 733 2080 ris
754 2041 945 2081 causas
980 2027 1200 2083 habent.
1235 2029 1328 2084 Est
1358 2040 1536 2084 autem
1581 2031 1739 2100 hujus
1776 2047 1893 2100 quae
1917 2032 2046 2085 mihi
2086 2032 2233 2085 vide-

657 2127 743 2171 tur
775 2119 1039 2188 praecipua
1069 2119 1395 2175 muliercula:
1410 2120 1559 2183 fides,
1584 2119 1755 2174 fidelis
1779 2129 1832 2175 et
1867 2120 2229 2174 irreverbera-

665 2215 748 2259 tus
787 2206 839 2260 in
882 2222 978 2261 sua
1013 2208 1080 2262 ad
1124 2207 1289 2261 Deum
1349 2210 1673 2263 necessitate
1723 2224 2040 2263 concursus.
2104 2208 2232 2275 Quae

656 2305 834 2351 tamen
876 2306 1020 2352 tanta
1059 2300 1197 2367 apud
1232 2299 1395 2353 Deum
1445 2309 1547 2365 est,
1591 2300 1836 2354 utetiam
1867 2301 1955 2365 iis,
2002 2314 2229 2368 quorum

653 2390 919 2444 correctio
948 2398 1029 2443 est
1071 2389 1376 2444 nullatenus
1404 2399 1677 2453 secutura,
1702 2404 1900 2459 negare
1930 2390 2231 2444 subsidium

656 2475 830 2544 pietas
872 2491 1102 2547 superna
1137 2493 1242 2533 non
1267 2480 1456 2549 possit.
1494 2479 1644 2534 Unde
1680 2495 1709 2532 a
1734 2479 2015 2550 prephetis
2039 2479 2232 2533 crebro

657 2567 705 2620 ei
740 2568 999 2638 ingeritur
1033 2590 1045 2625 :
1082 2573 1162 2626 Ne
1200 2574 1441 2637 moreris,
1482 2572 1768 2642 inquiunt,
1812 2582 2019 2642 propter
2056 2582 2235 2626 temet-

656 2660 827 2726 ipsum
875 2661 1037 2731 (Dan.
1071 2680 1146 2728 ιχ,
1180 2664 1288 2733 19).
1334 2665 1434 2718 Et:
1473 2664 1688 2732 PrOpter
1715 2664 1961 2717 honorent
2010 2664 2232 2717 nominis

658 2754 734 2806 tui
764 2754 924 2808 libera
964 2772 1055 2809 nos
1088 2754 1256 2827 (Psat.
1288 2773 1515 2823 Lxxvm,
1541 2757 1616 2827 9).
1647 2757 1773 2811 Inde
1798 2766 1851 2813 et
1867 2767 2017 2812 certo
2034 2758 2233 2813 certius

658 2843 830 2898 dicam
877 2846 1063 2911 Deum,
1119 2848 1208 2917 qui
1261 2848 1429 2916 pietas
1465 2856 1567 2911 est,
1598 2848 1831 2917 seipsum
1879 2863 2076 2918 negare
2127 2864 2231 2903 non

657 2948 816 3003 posse
839 2935 921 3005 (II
951 2936 1083 2989 Tim.
1119 2954 1177 3003 ll,
1200 2938 1307 3007 l5),
1330 2939 1455 3007 quin
1483 2948 1538 2993 et
1576 2939 1641 2993 iis
1668 2940 1810 3008 quia
1836 2954 1894 2993 se
1919 2938 2080 2993 futuri
2110 2950 2232 2995 sunt

657 3033 901 3080 extorres
942 3028 1114 3081 etiam
1164 3026 1396 3082 celerius
1430 3043 1590 3097 quam
1619 3026 1781 3095 justis
1816 3028 2055 3093 assistat,
2108 3029 2233 3084 dum

652 3114 828 3182 iustos
879 3116 1167 3172 salubriter
1216 3126 1408 3184 tentat,
1458 3127 1514 3173 et
1559 3118 1664 3173 illis
1695 3119 1837 3189 quod
1881 3128 2141 3191 expetunt
2165 3120 2230 3175 ad

656 3221 813 3262 suum
838 3207 1073 3277 ipsorum
1091 3209 1351 3279 judicium
1377 3209 1535 3264 citius
1556 3216 1842 3279 praerogat.

728 3294 756 3368 §
794 3296 880 3351 IV.
914 3297 989 3352 De
1011 3298 1311 3365 Erlebaldo,
1336 3299 1697 3354 Cameracensi
1717 3299 1934 3366 decano,
1958 3302 2234 3355 sanctitate

656 3396 704 3441 et
734 3387 973 3441 doctrina
996 3389 1292 3458 conspicuo.
1326 3418 1397 3429 —
1435 3387 1572 3444 Sunt
1618 3389 1847 3456 denique
1886 3398 1941 3444 et
1976 3390 2099 3454 alii,
2141 3391 2231 3461 qui

657 3491 763 3531 non
793 3493 890 3548 pro
918 3478 1030 3533 sola
1066 3480 1169 3534 fide
1195 3480 1260 3534 ad
1275 3480 1510 3535 subitum
1538 3480 1632 3535 sed
1664 3481 1950 3536 modernas
1971 3491 2024 3535 et
2049 3497 2234 3551 super-

657 3567 907 3623 cmlestes
949 3567 1146 3639 glorias
1205 3568 1371 3624 multa
1422 3570 1593 3625 sancti
1647 3568 1846 3625 laboris
1896 3570 2233 3640 longazvitate

659 3666 953 3711 merentur.
981 3656 1037 3711 ln
1068 3657 1445 3713 Cameracensi
1472 3658 1709 3713 Ecclesia
1729 3700 1743 3725 ,
1785 3667 1912 3714 ante
1938 3660 2040 3715 hoc
2067 3658 2234 3715 ferme

659 3745 936 3801 biennium
953 3746 1208 3813 decanns,
1224 3748 1314 3816 qui
1336 3756 1390 3802 et
1411 3763 1650 3803 summus
1665 3749 1891 3805 aedituus
1916 3750 2095 3820 templi
2121 3750 2235 3805 fue~

659 3843 776 3898 rat,
802 3835 886 3889 cui
920 3834 1233 3891 Erlebaldus
1269 3852 1462 3891 nomen
1493 3848 1640 3902 erat,
1674 3838 1762 3907 qui
1797 3839 1850 3892 in
1892 3840 2073 3893 multis
2102 3855 2235 3909 quos

660 3925 1083 3995 circumquaque
1110 3926 1343 3981 faciebat
1372 3927 1439 3981 ad
1469 3927 1723 3996 populum
1768 3929 2132 3990 sermonibus,
2167 3929 2233 3984 ad

662 4011 894 4068 fructum
924 4028 1065 4071 verae
1091 4016 1447 4071 confessionis
1468 4016 1853 4070 ostendendum
1873 4056 1887 4081 ,
1921 4015 2061 4071 idem
2090 4018 2232 4087 quod

660 4105 820 4161 modo
853 4106 1131 4161 retulimus
1161 4107 1428 4162 referebat
1447 4105 1768 4176 exemplum.

727 4200 776 4255 ls
809 4215 1005 4270 corpus
1028 4202 1304 4273 proprium
1333 4201 1480 4272 gravi
1511 4200 1853 4256 abstinentia:
1879 4199 2024 4255 fasce
2054 4200 2234 4271 profli-

657 4306 813 4360 gans,
840 4300 1099 4361 perpetuo
1126 4292 1284 4346 cilicii
1313 4290 1561 4360 squalore
1589 4291 1896 4356 contabuit,
1927 4291 1979 4345 in
2007 4308 2112 4362 quo
2143 4294 2229 4346 vix

658 4388 752 4433 aut
788 4394 1062 4448 nunquam
1110 4379 1402 4434 munditias
1432 4379 1646 4445 habuit,
1696 4380 1749 4434 in
1789 4395 1897 4450 quo
1936 4389 2083 4434 tanta
2110 4397 2232 4436 ver-

657 4469 823 4523 mium
856 4467 1209 4538 ingenitorum
1249 4468 1590 4540 scaturiginis
1618 4469 1786 4523 instar
1813 4469 2093 4524 insolentia
2138 4485 2228 4525 co-

657 4557 810 4623 aluit,
841 4565 901 4611 ut
930 4558 1123 4612 mirum
1151 4558 1442 4613 haberetur
1461 4560 1729 4629 quomodo
1757 4557 1809 4612 id
1838 4574 1965 4613 caro
1996 4559 2229 4613 humana

660 4649 892 4704 tolerare
914 4650 1169 4717 potuerit,
1196 4666 1316 4704 cum
1343 4664 1408 4705 eo
1439 4666 1712 4721 nunquam
1748 4665 1813 4705 ne
1839 4650 2054 4720 quidem
2086 4650 2234 4705 cubi-

662 4740 823 4793 tando
870 4740 1126 4793 caruerit.
1157 4739 1391 4795 Culcitra
1422 4741 1731 4809 neutiquam
1772 4756 1921 4803 usus,
1951 4755 2234 4795 scamnqu

658 4841 796 4897 pene
857 4826 971 4881 sine
1018 4826 1176 4881 ullius
1220 4828 1408 4883 sternii
1452 4829 1621 4883 fulcro
1648 4844 1745 4897 pro
1798 4829 1958 4884 cubili
2006 4830 2231 4896 habens,

659 4932 933 4987 nunquam
966 4918 1140 4971 nudus
1169 4918 1508 4972 accumbens.
1552 4918 1718 4989 Igitur
1764 4934 1883 4972 cum
1915 4920 2039 4974 vita:
2079 4922 2235 4989 hujus

658 5008 1046 5079 prepinquaret
1074 5005 1141 5059 ad
1170 5004 1329 5059 finem
1356 5045 1371 5070 ,
1413 5007 1574 5075 coepit
1614 5007 1666 5060 in
1699 5006 1886 5076 spiritu
1917 5008 2235 5075 gravissime

656 5112 690 5153 a
715 5094 1047 5152 daemonibus
1077 5093 1369 5158 molestari,
1395 5102 1449 5146 et
1476 5095 1542 5147 ab
1570 5096 1697 5163 ipsis
1727 5095 1885 5150 veluti
1910 5111 2005 5164 per
2026 5097 2232 5151 voluta-

657 5186 755 5241 bra
808 5184 970 5239 trahi.
1017 5184 1257 5253 Cumque
1302 5184 1565 5253 passionis
1611 5184 1768 5253 hujus
1793 5200 1971 5239 causa:
2014 5186 2082 5240 ab
2110 5201 2232 5240 eum

658 5275 1016 5331 invisentibus
1037 5284 1431 5345 quaererentur,
1464 5273 1641 5327 intulit
1673 5275 1774 5329 hoc
1803 5276 1902 5329 sibi
1940 5277 2180 5345 apprime
2202 5293 2231 5330 a

660 5366 887 5422 diabolis
916 5366 1108 5436 objiei,
1140 5367 1283 5437 quod
1318 5364 1419 5421 sibi
1458 5365 1800 5420 commissum
1835 5368 2051 5422 minime
2080 5368 2233 5437 plene

659 5462 973 5518 coercuerat
1000 5462 1221 5517 clerum.

730 5552 901 5606 marte
924 5553 1088 5623 igitur
1111 5551 1211 5606 sibi
1247 5550 1388 5605 obita
1409 5590 1423 5616 ,
1451 5565 1574 5604 cum
1614 5550 1860 5621 plurimis
1887 5551 2023 5605 bona
2053 5552 2232 5621 specie

657 5645 1020 5715 apparuisset,
1045 5652 1154 5697 tum
1185 5643 1415 5696 maxime
1439 5643 1709 5713 episcopo,
1740 5642 1899 5697 modo
1931 5641 2041 5710 tali,
2072 5642 2231 5697 inter-

660 5744 876 5808 rog-atus
906 5736 973 5791 ab
1000 5734 1187 5789 eodem
1215 5732 1449 5801 qualiter
1478 5748 1661 5789 secum
1700 5745 1982 5803 ageretur,
2015 5750 2232 5805 respon-

2334 1942 2577 2008 fuerant,
2612 1956 2840 2012 quarum
2883 1955 3004 1995 cum
3047 1940 3226 1995 obiret
3268 1938 3437 1993 altera
3467 1944 3584 1992 ante
3614 1936 3830 1991 Dominica:

2335 2032 2765 2088 Resurrectionis
2810 2034 2986 2097 diem,
3027 2046 3059 2085 a
3101 2030 3277 2085 sodali
3324 2038 3610 2092 conventa,
3638 2037 3682 2081 et
3705 2027 3832 2081 multis

2333 2125 2783 2180 obtestationibus
2808 2132 2892 2179 est
2920 2124 3182 2178 obstricta
3202 2161 3218 2187 ,
3257 2129 3522 2191 quatenus
3547 2133 3688 2174 carne
3715 2117 3829 2187 depo-

2335 2217 2457 2279 sita,
2501 2218 2545 2270 si
2576 2215 2785 2286 Spiritui
2817 2215 2933 2283 ejus
2972 2215 3081 2269 Deo
3111 2206 3464 2284 permittente
3504 2210 3688 2273 liceret,
3722 2209 3771 2259 ad
3793 2222 3832 2259 se

2333 2309 2553 2373 rediret,
2582 2318 2636 2362 et
2665 2308 2792 2378 quid
2820 2322 3003 2361 secum
3032 2306 3154 2360 boni
3184 2316 3281 2358 aut
3312 2304 3439 2357 mali
3474 2309 3732 2374 gereretur,
3752 2298 3827 2353 edi-

2334 2408 2497 2452 ceret.
2551 2398 2857 2468 Tantopere
2918 2397 3063 2452 enim
3122 2405 3312 2450 mutua
3370 2407 3428 2449 se
3476 2393 3727 2447 dilectione
3765 2391 3829 2445 de-

2333 2494 2650 2560 vinxerant,
2680 2503 2733 2548 et
2768 2509 2885 2563 quae
2918 2494 3061 2547 inter
3092 2491 3388 2545 vivendum
3428 2489 3647 2543 omnium
3672 2500 3829 2540 suorum

2335 2584 2561 2638 COIlSCltB
2606 2583 2842 2638 vicissim
2879 2581 3119 2647 fuerant,
3147 2580 3416 2635 obeuntes
3445 2592 3547 2631 non
3590 2590 3694 2631 esse
3728 2574 3831 2628 noleo

2334 2680 2484 2734 bant.

2404 2769 2569 2841 Igitur
2588 2777 2705 2839 post
2732 2768 2936 2839 aliquot
2963 2766 3150 2839 puella:
3176 2765 3371 2822 mortis
3400 2778 3461 2818 ac
3492 2760 3600 2817 festi
3622 2754 3831 2813 Paschalis

2335 2861 2469 2925 dies.
2486 2877 2606 2915 cum
2621 2869 2892 2931 superstes
2905 2858 3191 2927 juvencula
3206 2854 3573 2912 dormitorium
3586 2850 3733 2905 nescio
3743 2843 3830 2915 quid

2334 2962 2516 3006 actura
2541 2953 2792 3021 petisset,
2818 2966 2943 3006 ecce
2970 2964 3152 3005 comes
3178 2947 3545 3003 amantissima
3566 2942 3630 2996 nil
3648 2938 3828 2999 funebre,

2335 3041 2409 3095 nil
2427 3041 2697 3095 horridum
2731 3040 3046 3111 praeferens,
3063 3039 3155 3093 sed
3180 3038 3325 3108 quod
3354 3033 3626 3108 gratiosius
3647 3026 3830 3084 sensibus

2334 3145 2544 3206 poterat
2570 3150 2851 3205 apparere,
2883 3133 3213 3189 subrutilans
3241 3140 3460 3203 repente
3481 3128 3648 3183 astitit.
3675 3119 3829 3177 lniinito

2334 3228 2419 3283 illa
2446 3241 2663 3299 stupore
2691 3228 3109 3298 succingitur,et
3134 3226 3407 3281 bmsitanti
3442 3235 3604 3278 tamen
3621 3211 3827 3284 orequali-

2335 3331 2418 3377 ter
2439 3337 2495 3375 se
2516 3330 2719 3391 ageret,
2736 3321 2846 3390 ipsa
2872 3320 3113 3390 requirit.
3137 3338 3153 3369 ι
3169 3318 3442 3382 Fcliciter,
3457 3313 3752 3383 inquit,ago;
3770 3302 3828 3357 die

2334 3414 2726 3470 enim'sanctat
2775 3411 3205 3468 Resurrectionis
3247 3423 3436 3465 recens
3472 3414 3619 3467 acta),
3645 3397 3829 3454 dominus

2334 3503 2650 3559 Erlebaldus
2677 3503 3083 3558 Cameracensis
3128 3503 3382 3563 decanns,
3431 3506 3484 3553 et
3522 3511 3609 3565 ego
3642 3501 3825 3547 cumet).

2334 3611 2455 3651 cum
2505 3596 2765 3649 immensa
2816 3593 3130 3663 frequentia:
3157 3591 3396 3647 caelestis
3426 3586 3594 3643 lzetitia
3624 3581 3678 3635 ad
3700 3574 3826 3633 omni-

2334 3687 2565 3756 potentis
2589 3685 2677 3739 Dei
2705 3684 2895 3739 faciem
2922 3685 3119 3754 recepti
3143 3700 3351 3738 sumus.
3375 3702 3391 3733 ι
3422 3680 3618 3734 Dixitet
3638 3666 3824 3727 excess".

2334 3778 2426 3833 sed
2455 3787 2561 3831 tam
2595 3776 2702 3831 cito
2728 3775 3001 3830 dimissam
3036 3775 3325 3829 immodico
3361 3772 3539 3826 dolore
3564 3758 3824 3832 compressit-

2333 3868 2457 3922 Fuit
2484 3874 2663 3920 autem
2697 3866 2859 3919 homo
2888 3864 2990 3919 iste
3014 3880 3135 3920 cum
3168 3863 3491 3926 sacerdotio,
3516 3873 3612 3929 quo
3636 3849 3822 3922 fulgebat.

2333 3967 2387 4013 et
2419 3958 2472 4012 in
2519 3953 2813 4026 Scriptura:
2857 3957 3085 4012 scientia
3133 3957 3416 4027 copiosus.
3467 3963 3518 4008 et
3565 3945 3676 4004 mihi
3718 3937 3825 3993 mide

2336 4049 2570 4104 amicitia
2608 4046 2803 4113 aflinis,
2837 4049 2921 4103 cui
2976 4049 3116 4104 sicut
3158 4049 3223 4104 de
3262 4050 3381 4120 ejus
3408 4047 3595 4101 honore
3620 4042 3820 4104 supremi).

2334 4151 2394 4196 ut
2420 4142 2609 4208 debeo,
2637 4144 2864 4214 gaudeo,
2895 4142 3096 4195 utinam
3121 4156 3150 4195 a
3177 4143 3337 4197 modo
3359 4137 3588 4195 inveniar
3606 4125 3820 4202 gratiosus-

2328 4232 2460 4287 illam
2493 4232 2624 4287 fides
2658 4246 2885 4303 operosa
2914 4232 3259 4309 commeruit,
3292 4246 3410 4300 qua:
3435 4228 3503 4298 pii
3536 4219 3703 4309 laboris
3718 4223 3821 4309 cont-

2337 4325 2537 4379 mercio
2564 4323 2731 4378 Deum
2756 4325 2856 4380 sibi
2897 4306 3139 4379 effecerit
3171 4323 3488 4377 debitorem.
3517 4316 3628 4370 llaec
3657 4306 3710 4361 ab
3742 4306 3821 4370 ε1³⁵⁸

2336 4431 2499 4486 scepo
2531 4414 2871 4469 Laudunensi
2919 4416 3134 4470 domino
3179 4428 3301 4468 meo
3357 4405 3694 4486 Bartholometl
3723 4400 3817 4486 fin"

2264 4512 2308 4565 D
2334 4481 2624 4567 audissem,
2659 4510 2735 4558 tot
2762 4504 3143 4574 propemodum
3174 4511 3357 4571 postea
3385 4500 3448 4555 de
3488 4481 3817 4574 provincialibus

2336 4595 2495 4664 hujus
2525 4594 2663 4649 beati
2692 4570 2925 4648 hominis
2946 4590 3110 4649 testes
3133 4570 3306 4648 secuti
3333 4599 3475 4654 sunt,
3497 4584 3578 4657 qui
3598 4589 3729 4647 super
3748 4570 3815 4623 ¹¹²⁶

2337 4698 2395 4736 re
2426 4683 2760 4737 indissimilia
2787 4692 3103 4747 sonuerunt,
3135 4693 3265 4754 quot
3288 4681 3399 4750 jam
3429 4680 3478 4733 in
3500 4666 3718 4729 memoria
3733 4667 3814 4715 De!

2336 4785 2604 4831 recenseri
2642 4791 2748 4831 non
2780 4784 3052 4845 poterunt.

2410 4868 2437 4939 §
2471 4868 2533 4921 V.
2566 4868 2714 4923 Sicut
2743 4883 2865 4921 vera
2899 4878 3203 4921 sanctorum
3233 4875 3350 4920 acta
3377 4858 3548 4916 honori
3573 4852 3681 4912 Deo.

2335 4957 2473 5025 falsa
2505 4957 2745 5010 dedecori
2772 4965 3061 5009 vertuntur.
3089 4985 3161 4996 —
3200 4957 3268 5009 At
3300 4954 3420 5025 quia
3455 4951 3558 5004 lucc
3585 4947 3707 5005 signa
3742 4939 3812 4981 ⁰⁰¹¹

2336 5057 2444 5101 tam
2491 5063 2587 5117 pro
2630 5048 2711 5102 sui
2753 5048 2992 5102 novitate
3021 5063 3181 5118 quam
3212 5063 3318 5118 pro
3353 5050 3612 5102 causarum
3639 5029 3811 5118 ipsml'.n

2336 5109 2602 5190 reddenda
2643 5136 2969 5191 dirersitatis
3007 5109 3235 5192 ratione'
3252 5136 3551 5193 retulimus,
3583 5118 3685 5178 illud
3721 5109 3813 5172 adii“

2334 5226 2583 5280 ciendum
2620 5242 2766 5290 reor,
2791 5227 2933 5295 quod
2965 5229 3105 5281 sicut
3148 5227 3411 5282 evidentia
3447 5229 3497 5276 et
3521 5207 3700 5271 indubia
3723 5200 3810 5295 sttui

2336 5314 2759 5383 prtccordialiter
2810 5292 3131 5380 affectanda,
3184 5317 3256 5371 ita
3306 5314 3438 5369 fucis
3481 5298 3704 5371 aliquibus
3736 5292 3809 5336 n0“

2336 5408 2474 5460 facta
2531 5407 2623 5460 sed
2671 5406 2828 5470 ﬁcta,
2860 5406 2992 5459 diris
3043 5417 3169 5460 sunt
3219 5387 3713 5480 animadversionibttt

2335 5498 2548 5551 nieuda.
2602 5496 2702 5561 Qui
2752 5467 2894 5551 enim
2949 5497 3057 5552 Deo
3105 5498 3245 5566 quod
3303 5489 3562 5564 nequidem
3602 5467 3804 5566 cnsili“:

2334 5586 2588 5650 ascribit,
2615 5595 2875 5654 quantum
2914 5585 2965 5639 in
2998 5602 3056 5641 se
3082 5597 3184 5648 est,
3217 5587 3376 5639 Deum
3405 5570 3591 5635 mentiri
3618 5559 3802 5654 (ἰοειιιξί

2334 5678 2455 5745 quis
2486 5692 2572 5730 me
2603 5676 3015 5732 homuncionem
3048 5677 3273 5745 alicujus
3303 5667 3533 5729 falsitatis
3558 5645 3801 5787 accersiit

2344 5776 2424 5787 ,__.
2457 5766 2583 5787 ωειλ
2623 5766 2756 5787 ---με
2798 5782 2897 5787 -.-μ
2935 5768 3094 5787 Α--)
3120 5785 3145 5787 ..
3183 5768 3369 5787 ρλρη-
3401 5751 3685 5787 Σηιηῖησρτρί.
3735 5748 3743 5765 ⁸
3788 5749 3801 5759 ⁸

3700 4845 3756 4896 ita
3781 4841 3813 4887 ιι

2336 5776 2429 5821 aut
2457 5766 2584 5821 mihi
2617 5766 2757 5835 quod
2798 5782 2901 5823 non
2918 5768 3151 5859 .feceritn
3182 5768 3372 5823 fecisse
3400 5751 3686 5828 εωρίιιεοτθίι
