4038 6330
352 405 452 462 Gil

355 529 470 573 tum
502 518 634 575 mihi
664 518 877 575 horrori
900 524 953 574 et
979 517 1103 573 odio
1124 528 1284 573 esset.
1309 518 1377 573 Et
1396 517 1521 585 quid
1544 532 1607 572 eo
1631 514 1912 573 funestius.
1946 519 1989 573 Α

351 609 724 677 desperatius,
768 608 1103 672 damnatius,
1133 608 1223 676 qui
1255 609 1425 677 ipsum
1465 609 1629 662 totius
1671 606 1921 677 puritatis

352 696 521 751 Deum
572 696 773 751 fontem
813 697 928 751 solo
952 695 1114 767 334
1140 696 1345 750 ambitu
1392 694 1701 750 fmdissimac
1731 693 1920 748 volun~

362 787 489 841 tatis
514 787 834 841 attaminat?

427 875 573 932 Puer
610 878 886 947 defunctus
912 880 1046 932 velut
1085 888 1297 933 sanctus
1326 877 1682 947 imprudenter
1712 875 1915 930 colitur.

345 999 421 1011 —
452 968 609 1024 Certe
660 969 799 1034 vidi,
846 978 900 1023 et
949 969 1199 1024 retulisse
1249 983 1335 1024 me
1387 968 1590 1037 pudet,
1645 967 1919 1036 vulgarem

348 1062 637 1129 quemdam
668 1076 893 1130 puerum
931 1060 1118 1115 militis
1145 1060 1398 1130 alicujus,
1429 1068 1485 1114 ut
1519 1059 1809 1122 ferebatur,
1835 1073 1921 1112 ar-

348 1149 613 1218 migerum
637 1149 724 1203 die
752 1149 1078 1204 Pamscevcs
1102 1148 1261 1202 biduo
1293 1157 1418 1201 ante
1448 1146 1649 1201 Pascha
1674 1146 1919 1215 proxima

349 1239 633 1309 Bellovago
692 1239 819 1293 villa
865 1237 1531 1302 occubuisseyattinebat
1593 1245 1771 1291 autem
1818 1235 1917 1288 viri

349 1328 625 1397 cujusdam
656 1329 1084 1400 przedicalissimi
1113 1328 1340 1383 abbatis.
1378 1327 1555 1397 Cmpit
1597 1336 1808 1381 mortuo
1844 1325 1917 1378 illi

348 1433 449 1482 pro
478 1434 630 1473 sacra
660 1419 750 1473 illa
802 1420 855 1473 in
888 1433 992 1488 qua
1042 1418 1252 1472 obierat
1280 1418 1366 1471 die
1390 1417 1624 1487 gratuita
1662 1416 1920 1469 sanctitas

346 1510 623 1579 imputari.
653 1509 895 1579 Cumque
922 1509 975 1563 id
1016 1507 1201 1563 rustici
1237 1523 1419 1562 rerum
1450 1521 1710 1561 novarum
1741 1505 1918 1574 cupidi

348 1600 745 1664 celebrassent,
795 1608 1021 1669 repente
1063 1597 1363 1653 oblationes
1400 1606 1455 1654 et
1493 1598 1635 1653 cerei
1676 1597 1743 1651 ab
1772 1595 1916 1651 omni

346 1690 641 1775 ggrestium
668 1689 981 1760 pagensium
1009 1687 1207 1743 vicinia
1233 1688 1301 1743 ad
1330 1686 1446 1756 ejus
1475 1686 1737 1741 tumulum
1774 1700 1920 1740 com-

347 1773 656 1850 portantur.
686 1779 822 1846 Quid
852 1779 1037 1849 plura!
1077 1777 1284 1834 Tumba
1329 1776 1741 1847 superstruitur,
1767 1773 1920 1828 locus

1255 402 1340 461 DE
1371 400 1786 460 PIGNOBIBUS
1827 399 2267 456 SANCTORUM.
2296 431 2320 442 -
2402 400 2533 456 LIB.
2555 400 2596 456 L

3488 400 3595 474 an

2627 511 2850 569 CAPUT
2889 513 2975 569 lli.

2108 603 2135 674 ᾗ
2168 603 2207 657 l.
2241 602 2455 658 Tabulis
2488 605 2849 659 ecclesiasticis
2868 606 3081 674 quinam
3115 607 3328 675 ascripti
3352 607 3593 659 censendi

2019 702 2159 746 sunt.
2187 722 2255 732 -—
2285 692 2389 747 Sed
2418 702 2480 747 ut
2518 708 2602 748 res
2637 710 2755 763 quae
2796 711 2906 764 prae
2937 695 3186 751 manibus
3230 704 3341 761 est,
3373 696 3607 767 liberius.

2018 780 2195 834 valeat
2242 782 2557 849 praevideri,
2606 784 2671 838 de
2732 784 2831 847 iis,
2883 786 2974 853 qui
3030 785 3368 854 appellantur
3419 786 3590 839 sancti

2018 870 2191 937 primo
2216 871 2574 925 tractandum.
2607 872 2765 927 Certe
2788 888 2910 927 cum
2945 889 3042 944 pro
3067 874 3266 928 sanctis
3299 875 3594 929 habeamus

2020 961 2318 1026 apostolos,
2342 969 2396 1017 et
2436 977 2572 1031 quos
2594 977 2694 1030 pro
2724 964 3055 1032 martyribus
3090 972 3203 1018 tuto
3228 964 3474 1033 probavit
3500 963 3596 1017 Ec-

2018 1048 2211 1113 clesia,
2263 1061 2411 1107 certe
2448 1068 2610 1123 super
2657 1052 3058 1108 confessoribus
3107 1055 3279 1109 serior
3328 1054 3593 1109 sententia

2019 1134 2146 1191 ferri
2175 1148 2368 1208 potest.
2400 1140 2661 1211 Martyres
2690 1140 2850 1210 plane
2878 1141 2980 1196 etsi
3013 1143 3214 1210 scripta
3265 1143 3591 1203 conticeant,

2019 1228 2191 1282 solius
2214 1231 2569 1299 praerogativa
2604 1231 2883 1302 sanguinis
2923 1232 3153 1295 extulit,
3197 1247 3298 1286 nec
3335 1234 3597 1301 quaeritur

1984 1386 1993 1393 .
2019 1324 2074 1379 in
2102 1333 2341 1393 martyre
2375 1337 2495 1391 quae
2522 1323 2631 1376 vita
2656 1323 3016 1391 praecesserit,
3043 1337 3165 1377 cum
3198 1322 3264 1376 ad
3294 1324 3596 1377 vetustissi-

2019 1406 2227 1469 morum
2259 1413 2507 1483 repurgia
2538 1412 2825 1467 criminum
2858 1428 3022 1468 cruor
3057 1414 3170 1483 ipse
3200 1414 3334 1468 satis
3358 1414 3447 1468 sit.
3470 1413 3594 1468 Jesu

2018 1507 2185 1562 bone!
2223 1504 2443 1573 quidni,
2483 1519 2603 1558 cum
2638 1504 2703 1557 ad
2732 1518 2946 1559 omnem
2990 1505 3174 1572 gloriae
3219 1504 3594 1560 sufﬁcientiam

2017 1593 2179 1647 etiam
2222 1591 2518 1647 sceleribus
2561 1591 2777 1646 abolitis
2803 1592 2944 1661 potis
2984 1594 3082 1660 sit,
3109 1606 3268 1662 poena
3297 1594 3440 1647 enim
3481 1593 3595 1661 ipsa

2019 1683 2162 1739 sicut
2195 1691 2321 1738 ante
2367 1682 2727 1752 baptismum,
2768 1683 2841 1737 ita
2881 1691 3001 1752 post
3048 1684 3373 1752 baptismum
3414 1686 3598 1752 culpas

2018 1773 2311 1838 oblitterat,
2348 1782 2403 1827 et
2440 1774 2589 1829 vices
2616 1773 2728 1842 agit
2756 1773 2988 1838 lavacri,
3018 1789 3081 1828 ac
3110 1774 3454 1838 salvationis,
3489 1774 3597 1827 imo

351 1871 442 1925 ille
478 1872 638 1926 domo
664 1872 925 1925 aedificata
954 1870 1316 1941 praecingitur,
1346 1868 1414 1923 ab
1444 1868 1576 1938 ipsis
1611 1876 1761 1922 certe
1797 1865 1917 1919 Bri-
1951 1854 1994 1909 Β
2018 1864 2428 1920 clariﬁcationis
2457 1864 2775 1920 certissimae
2803 1863 3047 1919 effectrix
3077 1874 3180 1920 est.
3220 1865 3441 1920 Poenam
3474 1865 3595 1920 dico

329 1959 550 2013 ~tannia:
582 1959 779 2014 finibus
803 1960 869 2014 ad
900 1974 1023 2014 eum
1057 1958 1513 2029 peregrinantium
1549 1957 1647 2012 soli
1694 1956 1933 2023 rustico:

348 2067 497 2115 rum,
541 2050 810 2105 nullorum
853 2064 983 2105 vero
1023 2064 1309 2120 procerum
1354 2048 1510 2104 cunei
1541 2046 1918 2102 tendebantur.

348 2140 580 2196 Videbat
601 2141 714 2195 haec
740 2140 829 2195 ille
854 2140 1282 2209 sapientissimus
1307 2139 1445 2193 abba
1486 2152 1609 2193 cum
1650 2137 1763 2191 suis
1792 2135 1920 2190 reli-

349 2231 518 2300 giosis
551 2232 851 2294 monachis,
878 2240 935 2286 et
977 2245 1262 2286 munerum
1287 2236 1746 2299 comportatorum
1774 2226 1924 2281 blan-

350 2321 532 2376 diente
564 2320 884 2390 frequentia,
910 2320 1108 2376 infecta
1132 2318 1388 2374 miracula
1414 2317 1528 2373 fieri
1555 2316 1921 2388 supportabat.

350 2412 467 2467 Etsi
496 2413 546 2466 in
572 2412 782 2482 profani
811 2412 955 2482 vulgi
979 2412 1156 2466 avaris
1170 2410 1478 2480 pectoribus
1498 2409 1616 2479 capi
1636 2414 1925 2477 potuerunt

352 2501 562 2556 ﬁctitiaa
602 2503 913 2565 surditates,
967 2499 1230 2555 aﬂ‘ectatae
1274 2500 1538 2563 vesaniae,
1568 2498 1716 2570 digiti
1746 2498 1925 2553 studio

349 2591 672 2660 reciprocati
718 2591 782 2644 ad
826 2591 1039 2655 volam,
1082 2589 1309 2659 vestigia
1368 2598 1614 2643 contorta
1668 2588 1766 2642 sub
1811 2586 1927 2641 clu-

349 2682 531 2735 nibus.
561 2680 698 2746 Quid
741 2681 873 2735 facit
915 2681 1190 2735 modestus
1215 2689 1269 2733 et
1296 2680 1545 2749 sapiens,
1581 2680 1671 2747 qui
1711 2678 1925 2747 praefert

347 2771 686 2837 propositum
714 2769 1020 2825 sanctitatis
1040 2810 1054 2836 ,
1084 2770 1209 2823 dum
1239 2770 1504 2824 fautorem
1535 2784 1593 2824 se
1633 2768 1838 2838 praebet
1869 2768 1922 2822 in

349 2859 591 2914 talibus?

424 2948 626 3005 Crebro
652 2950 750 3005 teri
796 2950 1153 3021 perspicimus
1183 2950 1287 3007 ista
1328 2966 1573 3018 susurro,
1602 2960 1658 3005 et
1683 2949 1823 3005 facta
1854 2950 1926 3005 fe-

350 3048 628 3094 retrorum
657 3039 1065 3096 circumlatione
1095 3042 1355 3108 ridicula,
1382 3052 1437 3097 et
1477 3057 1663 3097 eorum
1710 3057 1845 3112 quos
1896 3056 1925 3096 a

350 3129 505 3184 rabie
535 3130 864 3185 declamandi
895 3131 1110 3187 rabulos
1134 3130 1491 3203 Hieronymus
1520 3140 1677 3186 vocat
1709 3131 1926 3185 menda-

2022 1969 2183 2024 quam
2215 1955 2517 2010 rectissima
2544 1970 2707 2010 causa
2738 1956 3106 2024 praecesserit,
3149 1957 3375 2027 proinde
3411 1956 3464 2010 in
3506 1970 3597 2012 ca-

2022 2044 2252 2099 nonibus
2281 2045 2593 2115 praecipitur
2620 2045 2846 2113 (Concil.
2880 2046 3119 2101 Eliberit.
3158 2063 3281 2102 can.
3306 2046 3427 2118 60),
3458 2057 3517 2101 ut
3550 2049 3594 2103 si

2023 2134 2144 2202 quis
2171 2134 2472 2204 reperiatur
2499 2134 2636 2189 idola
2665 2136 2966 2201 destruens,
2996 2146 3048 2207 et
3075 2153 3173 2207 pro
3196 2138 3301 2192 hoc
3332 2139 3446 2207 ipso
3473 2153 3594 2193 eum

2022 2226 2301 2296 contingat
2328 2226 2585 2288 interimi,
2644 2235 2704 2281 ut
2733 2241 2837 2282 non
2868 2243 2967 2299 pro
2998 2230 3088 2284 tali
3111 2230 3361 2285 occubitu
3392 2241 3598 2301 martyr
3632 2248 3641 2251 ·

2024 2316 2306 2372 habeatur.
2338 2317 2403 2371 Et
2423 2326 2570 2372 certe
2588 2318 2675 2374 hic
2704 2319 2841 2374 bona
2878 2335 3042 2375 causa
3080 2322 3319 2386 videtur;
3353 2323 3444 2377 sed
3469 2323 3596 2391 quid

2024 2409 2167 2477 quod
2216 2409 2444 2463 intentio
2486 2425 2663 2464 causae
2705 2410 2991 2480 aliquoties
3046 2412 3388 2482 depravatur.
3422 2414 3599 2468 Dona-

2026 2500 2168 2554 tislze
2208 2516 2314 2554 non
2361 2500 2585 2570 imparia
2636 2502 2969 2572 martyribus
3011 2504 3153 2573 passi
3199 2513 3353 2568 sunt,
3386 2512 3441 2558 et
3472 2505 3598 2574 quia

2024 2595 2271 2641 extorres
2293 2601 2322 2639 a
2346 2587 2616 2641 charitate
2644 2586 2895 2653 fuerunt,
2937 2589 3142 2657 frustra
3175 2592 3430 2646 tulerunt.
3460 2593 3601 2647 Reli-

2025 2676 2165 2745 quiae
2187 2676 2605 2733 Manichaeorum
2636 2680 2842 2748 pridem
2870 2679 3182 2737 Suessionis
3205 2682 3320 2737 zelo
3356 2684 3452 2737 Dei
3482 2684 3597 2753 ple-

2024 2766 2111 2821 bis
2133 2779 2413 2834 arserunt,
2442 2768 2536 2823 sed
2560 2778 2805 2825 extorres
2831 2785 2860 2824 a
2888 2769 3032 2839 justa
3058 2787 3243 2838 causa,
3267 2773 3599 2829 solummodo

2026 2857 2365 2914 addemnatis
2410 2860 2728 2930 corporibus
2772 2862 2872 2922 sibi
2919 2863 3114 2917 damno
3151 2867 3389 2918 fuerunt.
3426 2863 3600 2934 Super

2026 2948 2222 3013 quibus
2272 2951 2326 3006 in
2372 2951 2526 3007 libris
2580 2952 2952 3008 Monodiarum
3003 2971 3244 3011 mearum
3291 2955 3600 3015 laciniosius

2028 3038 2158 3093 dixi.

2100 3129 2469 3188 Monodiarum
2503 3134 2691 3190 librum
2717 3136 2879 3190 edidit
2910 3135 3217 3192 Guibertus.
3265 3169 3337 3179 —
3382 3138 3437 3194 Si
3469 3154 3600 3210 ergo

346 3221 457 3275 ciis
504 3221 743 3290 quotidie
790 3224 1062 3278 cernimus
1122 3224 1282 3277 alieni
1340 3223 1594 3293 marsupii
1659 3222 1923 3294 profunda
1952 3203 1997 3265 (ἶ
2028 3222 2094 3276 de
2136 3226 2393 3294 martyris
2438 3228 2717 3282 sanctione
2754 3229 3023 3283 sententia
3056 3239 3204 3283 tanta
3246 3232 3600 3302 ambiguitate

348 3316 572 3370 nudari.
624 3316 863 3384 Quorum
938 3327 1086 3374 tanta
1150 3318 1517 3373 nebulonitate
1566 3318 1923 3381 concutimur,

352 3415 509 3461 tanta
533 3408 831 3464 divinorum
864 3409 1169 3465 adulatione
1208 3408 1435 3464 ferimur
1464 3417 1523 3463 ut
1558 3408 1708 3478 juxta
1734 3408 1925 3479 praefa-

354 3506 470 3552 tum
501 3499 794 3567 doctorem,
808 3515 1044 3564 scurras,
1068 3500 1359 3565 helluones,
1374 3507 1428 3555 et
1448 3500 1770 3554 catellaneos
1791 3498 1929 3567 ligu-

354 3588 547 3643 riendo
568 3600 913 3659 exsuperent,
942 3606 1137 3647 corvos
1180 3605 1247 3645 ac
1282 3590 1433 3659 picas
1471 3590 1773 3659 importuna
1807 3604 1925 3659 gar—

352 3678 576 3734 rulitate
601 3680 925 3749 praecedant.

426 3769 581 3842 §Vi.
634 3771 769 3837 Quid
822 3774 887 3827 de
939 3771 1090 3841 falsis
1143 3771 1374 3844 reliquiis
1425 3772 1637 3843 ipsomet
1678 3782 1927 3840 pra’senle

357 3858 606 3914 Cuiberto
628 3870 799 3914 actum
815 3860 1175 3931 [πενία-δας]
1198 3861 1322 3931 quid
1337 3862 1539 3916 crimen
1566 3862 1618 3916 in
1644 3876 1926 3916 numerum

350 3947 674 4016 jaeimus,si
727 3967 832 4006 non
888 3954 953 4006 ad
1003 3967 1241 4007 errorem
1292 3952 1471 4022 potius
1517 3952 1926 4021 improbandum

358 4040 595 4108 speciale
642 4042 845 4112 aliquid
881 4043 1210 4098 inferamus?
1267 4042 1635 4099 Celeberrima
1685 4043 1926 4112 qutedam

358 4131 605 4187 Ecclesia
637 4134 939 4203 hujusmodi
981 4136 1501 4205 circumvagationcs
1531 4136 1749 4205 agebat,
1778 4145 1833 4190 et
1860 4135 1928 4189 ad

357 4222 443 4277 sui
478 4225 870 4293 reparationem
903 4226 1083 4280 damni
1126 4235 1365 4295 quaestus
1408 4227 1647 4281 adhibito
1681 4225 1929 4295 prolocu-

363 4322 481 4368 lore
513 4316 807 4383 quaerebat.
838 4317 1079 4387 Cumque
1105 4334 1267 4390 super
1296 4319 1539 4388 reliquiis
1577 4319 1691 4373 suis
1728 4333 1928 4373 sermoc

358 4418 483 4457 nem
514 4404 634 4474 plus
663 4421 815 4475 (equo
836 4408 1151 4472 extuberat,
1184 4410 1396 4478 prolato
1438 4408 1769 4481 pbylacterio
1810 4408 1883 4462 ait
1912 4426 1926 4461 :

359 4496 506 4565 (Ego
532 4506 709 4551 autem
748 4499 1259 4571 imprzescntiarum)
1288 4500 1514 4565 Sciatis,
1549 4501 1755 4569 inquit,
1790 4500 1928 4567 quod

362 4584 505 4638 intra
538 4588 675 4640 hanc
705 4565 976 4656 capsulam
1019 4591 1083 4644 de
1131 4605 1269 4658 pane
1322 4591 1437 4653 illo,
1487 4605 1645 4658 quem
1700 4589 1930 4659 propriis
1961 4565 2005 4620 ί)

363 4676 625 4731 Dominus
647 4679 895 4733 dentibus
922 4680 1248 4746 masticavit,
1278 4678 1526 4743 habetur,
1557 4680 1656 4733 etsi
1693 4681 1869 4734 minus
1900 4694 1930 4732 a

361 4765 515 4820 vobis
545 4768 817 4831 creditur,
847 4782 972 4821 ecce
1015 4769 1202 4831 heros,
1232 4770 1308 4822 ait
1354 4771 1477 4839 (iste
1522 4770 1588 4822 de
1636 4785 1718 4823 me
1751 4781 1929 4823 autem

362 4853 621 4921 dicebat),
646 4870 803 4924 quem
834 4872 925 4911 vos
949 4857 1001 4910 in
1028 4857 1218 4911 litteris
1248 4858 1533 4927 plurimum
1558 4858 1736 4912 valere
1764 4866 1930 4911 testa-

365 4947 529 5010 miui,
558 4949 722 5004 verbo
767 4964 885 5004 meo
921 4949 964 5003 si
997 4963 1220 5003 necesse
1267 4950 1426 5003 fuerit
1473 4952 1623 5003 testis
1663 4956 1930 5018 assurget.

362 5034 593 5100 Fateor,
625 5037 813 5089 erubui
839 5078 852 5101 ,
883 5052 1002 5090 cum
1032 5038 1329 5099 audissem,
1362 5047 1418 5092 et
1449 5038 1547 5092 nisi
1578 5053 1761 5092 eormn
1802 5052 1934 5106 prte-

364 5126 558 5191 sentia,
585 5141 718 5195 quos
748 5127 834 5181 ille
858 5137 1101 5181 auctores
1125 5129 1321 5181 habere
1348 5128 1642 5192 videbatur,
1671 5128 1934 5181 reveritus

364 5230 566 5279 essent,
599 5225 656 5267 ut
688 5231 817 5282 pace
857 5216 1093 5284 ipsorum
1132 5216 1308 5285 potius
1339 5232 1498 5285 quam
1546 5216 1688 5270 illius
1718 5216 1806 5284 qui
1852 5216 1930 5269 lo-

363 5306 653 5374 quebatur,
710 5320 899 5377 agam,
947 5307 1225 5362 falsarium
1269 5308 1555 5363 ostendere
1604 5308 1929 5363 debuissem.

364 5395 503 5461 Quid
558 5396 765 5450 dicam?
793 5413 857 5450 ne
909 5397 1159 5450 monachi
1194 5397 1438 5465 quidem,
1472 5400 1670 5452 nedum
1708 5396 1929 5461 clerici,

363 5488 432 5539 ab
459 5487 562 5541 hoc
591 5488 730 5556 turpi
768 5486 1129 5541 emolumento
1168 5503 1226 5542 se
1272 5488 1581 5553 continent,
1611 5498 1669 5543 ut
1713 5505 1797 5544 res
1827 5490 1934 5543 bte-

362 5579 561 5633 reticas
590 5595 751 5648 super
783 5580 886 5633 fide
914 5591 1092 5635 nostra
1117 5582 1278 5635 etiam
1312 5597 1397 5636 me
1426 5585 1673 5637 audiente
1700 5599 1906 5653 pronun

362 5668 514 5719 tieut.
541 5665 697 5720 Juxta
738 5667 881 5721 enim
926 5668 1053 5721 illud
1096 5668 1407 5722 Boctiauunt
1441 5688 1452 5722 :
1493 5688 1510 5721 α
1555 5670 1683 5725 Jure
1716 5674 1935 5729 insanus

363 5758 650 5826 iudicarer,
679 5759 721 5821 si
755 5769 937 5813 contra
973 5760 1187 5815 insanos
1216 5760 1523 5817 alterc’arer.
1564 5784 1581 5816 ι

2024 3312 2320 3381 profertur,
2352 3315 2418 3370 de
2443 3316 2861 3383 confessoribus,
2891 3334 3117 3388 quorum
3147 3322 3267 3374 ﬁnis
3296 3323 3473 3376 minus
3497 3324 3597 3377 ali-

2026 3404 2238 3472 quoties
2264 3406 2400 3460 certi
2453 3407 2637 3471 babet,
2686 3423 2804 3477 quae
2851 3424 3078 3464 censura
3128 3409 3385 3466 ferenda?
3440 3413 3495 3467 Si
3542 3415 3596 3469 iu

2026 3493 2291 3561 Martino,
2356 3496 2635 3567 Remigio,
2690 3514 2754 3553 ac
2805 3498 3070 3555 similibus
3126 3502 3289 3556 totius
3343 3503 3599 3559 Ecclesia:

2027 3600 2218 3641 sensus
2244 3585 2552 3656 adsequitat,
2570 3589 2699 3658 quid
2728 3591 2792 3645 de
2820 3592 2899 3645 eis
2926 3592 3221 3660 proferam,
3246 3609 3381 3663 quos
3410 3595 3601 3665 praefa-

2029 3687 2205 3733 torum
2234 3679 2482 3733 zemulum
2510 3697 2607 3751 per
2634 3682 2790 3736 villas
2819 3698 2882 3738 ac
2913 3684 3106 3753 oppida
3138 3686 3378 3753 quotidie
3412 3686 3600 3756 vulgus

2027 3772 2210 3825 creat?
2238 3770 2368 3825 Cum
2390 3772 2531 3826 enim
2563 3772 2653 3826 alii
2684 3773 2820 3828 alios
2843 3789 3081 3831 summos
3108 3778 3478 3846 conSpieerent
3505 3781 3601 3833 ba-

2028 3860 2154 3916 bere
2181 3871 2466 3931 patronos,
2494 3863 2780 3918 voluerunt
2816 3874 2871 3920 et
2914 3865 3012 3934 ipsi
3059 3867 3245 3935 quales
3291 3879 3597 3937 potuerunt,

2027 3961 2082 4006 et
2120 3951 2299 4008 fecere
2349 3952 2436 4025 [[2,
2463 3953 2664 4027 facere]
2721 3970 2868 4011 suos.
2915 3955 3007 4011 Sic
3047 3967 3217 4027 poetae
3263 3974 3386 4014 cum
3427 3960 3600 4030 primo

2027 4045 2281 4114 cpuscula
2329 4046 2529 4100 nobilia
2583 4047 2917 4114 emisissent,
2965 4051 3303 4119 postmodum
3363 4054 3599 4121 ipsorum

2028 4135 2372 4191 annulatione
2410 4138 2611 4207 quique
2641 4138 2890 4193 inertium
2917 4140 3083 4204 ducti,
3112 4160 3128 4191 ι
3168 4144 3495 4212 scripserunt
3518 4144 3603 4215 (ut

2030 4229 2106 4282 ait
2136 4227 2409 4299 lloratius)
2436 4270 2450 4293 ,
2487 4229 2716 4293 indocti,
2757 4231 3006 4301 doctique
3035 4243 3280 4301 poemata
3315 4236 3537 4304 passim.
3574 4252 3597 4288 ι

2028 4320 2239 4374 Artium
2268 4329 2607 4389 repertores,
2640 4331 2693 4375 et
2717 4322 2809 4390 qui
2844 4322 2956 4377 suis
2982 4338 3145 4377 aurea
3175 4325 3373 4378 smcula
3402 4328 3602 4381 duxere

2031 4411 2364 4480 temporibus
2392 4404 2600 4479 antiqui
2631 4412 2682 4465 in
2713 4412 2843 4467 deos
2871 4412 3106 4480 deasque
3137 4414 3413 4477 levarunt,
3441 4417 3601 4471 medii

2033 4510 2313 4571 tantopere
2351 4516 2635 4556 numerosa
2688 4504 2907 4557 numina
2951 4503 3298 4558 cumularunt
3352 4516 3409 4558 ut
3482 4521 3602 4575 pos-

2036 4594 2224 4658 tremi,
2276 4594 2547 4662 abrogatis
2575 4594 2891 4663 quibusdam
2912 4634 2926 4659 ,
2968 4595 3227 4664 quosdam
3259 4609 3605 4654 secernerent

2035 4685 2369 4752 selectosque
2396 4693 2670 4739 vocarent.
2709 4683 2991 4739 Samarita:
3040 4685 3290 4757 relegatis
3332 4690 3383 4743 iu
3426 4688 3604 4762 Baby-

2035 4775 2235 4829 loniam
2267 4774 2465 4829 Jutlmis
2492 4776 2621 4830 deos
2654 4776 2754 4830 sibi
2802 4776 3134 4831 coniiciunt:
3170 4796 3187 4829 ι
3229 4777 3604 4851 Unaqmequc,

2033 4867 2397 4937 inquit,geus
2442 4867 2703 4922 fabricnta
2750 4877 2833 4923 est
2882 4867 3050 4925 Deum
3106 4887 3260 4925 suum
3302 4872 3407 4943 (IV
3440 4874 3603 4944 Καρ..

2036 4974 2144 5013 xvn
2164 4999 2177 5023 ,
2203 4959 2315 5029 29).
2340 4978 2357 5010 ι
2393 4958 2553 5028 335
2582 4958 2857 5029 Babylonii
2890 4962 3131 5015 fecerunt
3159 4963 3259 5016 sibi
3286 4964 3482 5017 Socotli
3510 4965 3606 5016 Bc-

2036 5051 2186 5114 noth,
2235 5050 2447 5105 Cuthtei
2501 5050 2721 5120 Nergel,
2757 5062 2811 5105 et
2859 5052 2948 5106 alii
2999 5053 3154 5107 alios.
3194 5055 3346 5122 Apud
3391 5057 3605 5110 beatum

2035 5141 2349 5210 Gregorium
2378 5139 2667 5212 (Pastoral.
2696 5152 2838 5212 part.
2872 5159 2932 5209 ll,
2975 5159 3094 5213 cap.
3130 5144 3187 5197 ll
3209 5183 3224 5208 ,
3259 5145 3436 5216 initio)
3480 5162 3606 5200 con-

2035 5239 2144 5285 stat
2167 5233 2309 5302 quod
2355 5232 2432 5295 is,
2464 5233 2552 5300 qui
2596 5231 2877 5302 displicet,
2906 5248 3027 5285 cum
3066 5234 3131 5285 ad
3164 5235 3606 5288 intercedendum

2036 5321 2292 5388 mittitur,
2326 5322 2449 5376 irati
2488 5323 2699 5376 animus
2744 5323 2809 5374 ad
2841 5322 3080 5376 deterius
3126 5332 3468 5391 prosecatur.
3497 5324 3607 5380 Sed

2034 5425 2221 5466 omnes
2248 5411 2541 5467 dillitentur
2587 5429 2645 5467 se
2695 5414 2826 5491 tales
2857 5413 2948 5482 qui
2994 5412 3309 5482 displiceant
3351 5426 3606 5485 patronos

2034 5499 2279 5569 elegisse.

2108 5589 2271 5653 Q'tem
2322 5602 2555 5645 sanctum
2593 5594 2751 5646 nescit
2799 5608 2913 5645 cum
2962 5594 3076 5662 quis
3119 5605 3261 5663 orat,
3312 5608 3506 5664 peccat.
3538 5630 3604 5638 —

2036 5676 2227 5730 Dicant
2274 5693 2402 5748 ergo
2441 5682 2570 5735 mihi
2606 5682 2875 5750 quomodo
2924 5684 3025 5737 sibi
3078 5684 3224 5739 illum
3273 5687 3602 5756 patrocinari

2037 5767 2322 5831 aestimant,
2356 5770 2418 5825 tle
2447 5786 2552 5839 quo
2582 5771 2839 5841 quidquid
2882 5783 2966 5828 est
3006 5775 3282 5830 sciendum
3335 5778 3599 5846 ignorant.
