  <div class='ocr_page' id='page_1' title='image "/cluster/home/n/w/nwhite01/storage/ocr_20150623/156/hvd.32044010683712/317.png"; bbox 0 0 4014 6324; ppageno 0'>
   <div class='ocr_carea' id='block_1_1' title="bbox 477 370 581 426">
    <p class='ocr_par' dir='ltr' id='par_1_1' title="bbox 477 370 581 426">
     <span class='ocr_line' id='line_1_1' title="bbox 477 370 581 426; baseline 0.029 -3"><span class='ocrx_word' id='word_1_1' title='bbox 477 370 581 426; x_wconf 75' lang='grc' dir='ltr'><strong>(ἱ25</strong></span> 
     </span>
    </p>
   </div>
   <div class='ocr_carea' id='block_1_2' title="bbox 1298 357 2933 422">
    <p class='ocr_par' dir='ltr' id='par_1_2' title="bbox 1298 357 2933 422">
     <span class='ocr_line' id='line_1_2' title="bbox 1298 357 2933 422; baseline -0.002 -4"><span class='ocrx_word' id='word_1_2' title='bbox 1298 362 1358 418; x_wconf 68' lang='grc' dir='ltr'><strong>ν.</strong></span> <span class='ocrx_word' id='word_1_3' title='bbox 1389 363 1713 422; x_wconf 76' lang='lat' dir='ltr'><strong>GUIBERTI</strong></span> <span class='ocrx_word' id='word_1_4' title='bbox 1754 362 2041 419; x_wconf 77' lang='lat' dir='ltr'><strong>ABBATIS</strong></span> <span class='ocrx_word' id='word_1_5' title='bbox 2064 361 2121 415; x_wconf 90' lang='lat' dir='ltr'><strong>S.</strong></span> <span class='ocrx_word' id='word_1_6' title='bbox 2148 359 2383 415; x_wconf 71' lang='grc' dir='ltr'><strong>ΜΑΒΙᾸΞ</strong></span> <span class='ocrx_word' id='word_1_7' title='bbox 2420 361 2503 414; x_wconf 85' lang='lat' dir='ltr'><strong>DE</strong></span> <span class='ocrx_word' id='word_1_8' title='bbox 2546 357 2933 416; x_wconf 63' lang='lat' dir='ltr'><strong>FOVIGENTO</strong></span> 
     </span>
    </p>
   </div>
   <div class='ocr_carea' id='block_1_3' title="bbox 3618 359 3717 415">
    <p class='ocr_par' dir='ltr' id='par_1_3' title="bbox 3618 359 3717 415">
     <span class='ocr_line' id='line_1_3' title="bbox 3618 359 3717 415; baseline -0.02 0"><span class='ocrx_word' id='word_1_9' title='bbox 3618 359 3717 415; x_wconf 61' lang='lat'><strong>624</strong></span> 
     </span>
    </p>
   </div>
   <div class='ocr_carea' id='block_1_4' title="bbox 477 470 3717 550">
    <p class='ocr_par' dir='ltr' id='par_1_4' title="bbox 477 470 3717 550">
     <span class='ocr_line' id='line_1_4' title="bbox 477 470 3717 550; baseline -0.002 -17"><span class='ocrx_word' id='word_1_10' title='bbox 477 480 749 550; x_wconf 79' lang='lat' dir='ltr'><strong>Nusquam</strong></span> <span class='ocrx_word' id='word_1_11' title='bbox 794 482 857 533; x_wconf 87' lang='lat' dir='ltr'><strong>de</strong></span> <span class='ocrx_word' id='word_1_12' title='bbox 906 493 970 531; x_wconf 88' lang='lat' dir='ltr'><strong>eo</strong></span> <span class='ocrx_word' id='word_1_13' title='bbox 1016 477 1273 545; x_wconf 91' lang='lat' dir='ltr'><strong>scriptum</strong></span> <span class='ocrx_word' id='word_1_14' title='bbox 1306 485 1500 542; x_wconf 86' lang='lat' dir='ltr'><strong>praeter</strong></span> <span class='ocrx_word' id='word_1_15' title='bbox 1548 492 1742 530; x_wconf 85' lang='lat' dir='ltr'>nomen</span> <span class='ocrx_word' id='word_1_16' title='bbox 1793 475 2049 529; x_wconf 85' lang='lat' dir='ltr'><strong>invenies.</strong></span> <span class='ocrx_word' id='word_1_17' title='bbox 2081 476 2124 529; x_wconf 84' lang='lat' dir='ltr'><strong>A</strong></span> <span class='ocrx_word' id='word_1_18' title='bbox 2152 482 2456 543; x_wconf 86' lang='lat' dir='ltr'><strong>suppetant,</strong></span> <span class='ocrx_word' id='word_1_19' title='bbox 2486 473 2708 526; x_wconf 87' lang='lat' dir='ltr'><strong>credere</strong></span> <span class='ocrx_word' id='word_1_20' title='bbox 2737 472 2953 535; x_wconf 80' lang='lat' dir='ltr'><strong>quidem</strong></span> <span class='ocrx_word' id='word_1_21' title='bbox 2983 470 3048 525; x_wconf 89' lang='lat' dir='ltr'><strong>de</strong></span> <span class='ocrx_word' id='word_1_22' title='bbox 3082 471 3193 540; x_wconf 90' lang='lat' dir='ltr'><strong>ipsa</strong></span> <span class='ocrx_word' id='word_1_23' title='bbox 3226 472 3488 541; x_wconf 81' lang='lat' dir='ltr'><strong>quidquid</strong></span> <span class='ocrx_word' id='word_1_24' title='bbox 3517 472 3717 543; x_wconf 84' lang='lat' dir='ltr'><strong>gloriﬁ-</strong></span> 
     </span>
    </p>
   </div>
   <div class='ocr_carea' id='block_1_5' title="bbox 474 565 2043 631">
    <p class='ocr_par' dir='ltr' id='par_1_5' title="bbox 474 565 2043 631">
     <span class='ocr_line' id='line_1_5' title="bbox 474 565 2043 631; baseline -0.004 -10"><span class='ocrx_word' id='word_1_25' title='bbox 474 572 759 631; x_wconf 74' lang='lat' dir='ltr'><strong>(Za-teruut,</strong></span> <span class='ocrx_word' id='word_1_26' title='bbox 791 575 1002 621; x_wconf 87' lang='lat' dir='ltr'><strong>tacente</strong></span> <span class='ocrx_word' id='word_1_27' title='bbox 1032 567 1195 627; x_wconf 81' lang='lat' dir='ltr'><strong>clero,</strong></span> <span class='ocrx_word' id='word_1_28' title='bbox 1225 580 1390 628; x_wconf 90' lang='lat' dir='ltr'><strong>auus,</strong></span> <span class='ocrx_word' id='word_1_29' title='bbox 1419 577 1469 619; x_wconf 89' lang='lat' dir='ltr'><strong>et</strong></span> <span class='ocrx_word' id='word_1_30' title='bbox 1499 567 1932 621; x_wconf 88' lang='lat' dir='ltr'><strong>muliercularum</strong></span> <span class='ocrx_word' id='word_1_31' title='bbox 1964 565 2043 616; x_wconf 79' lang='lat' dir='ltr'><strong>vi-~</strong></span> 
     </span>
    </p>
   </div>
   <div class='ocr_carea' id='block_1_6' title="bbox 474 653 2043 727">
    <p class='ocr_par' dir='ltr' id='par_1_6' title="bbox 474 653 2043 727">
     <span class='ocr_line' id='line_1_6' title="bbox 474 653 2043 727; baseline -0.003 -18"><span class='ocrx_word' id='word_1_32' title='bbox 474 657 602 709; x_wconf 88' lang='lat' dir='ltr'><strong>liuttt</strong></span> <span class='ocrx_word' id='word_1_33' title='bbox 633 670 841 727; x_wconf 81' lang='lat' dir='ltr'><strong>greges,</strong></span> <span class='ocrx_word' id='word_1_34' title='bbox 870 655 1055 706; x_wconf 90' lang='lat' dir='ltr'><strong>talium</strong></span> <span class='ocrx_word' id='word_1_35' title='bbox 1088 663 1440 721; x_wconf 88' lang='lat' dir='ltr'><strong>patronorum</strong></span> <span class='ocrx_word' id='word_1_36' title='bbox 1465 662 1857 708; x_wconf 87' lang='lat' dir='ltr'><strong>commentatas</strong></span> <span class='ocrx_word' id='word_1_37' title='bbox 1885 653 2043 705; x_wconf 87' lang='lat' dir='ltr'><strong>histo-</strong></span> 
     </span>
    </p>
   </div>
   <div class='ocr_carea' id='block_1_7' title="bbox 475 743 2042 814">
    <p class='ocr_par' dir='ltr' id='par_1_7' title="bbox 475 743 2042 814">
     <span class='ocr_line' id='line_1_7' title="bbox 475 743 2042 814; baseline -0.001 -17"><span class='ocrx_word' id='word_1_38' title='bbox 475 749 584 799; x_wconf 89' lang='lat' dir='ltr'><strong>rias</strong></span> <span class='ocrx_word' id='word_1_39' title='bbox 613 757 729 814; x_wconf 87' lang='lat' dir='ltr'><strong>post</strong></span> <span class='ocrx_word' id='word_1_40' title='bbox 761 744 1054 805; x_wconf 91' lang='lat' dir='ltr'><strong>insubulos,</strong></span> <span class='ocrx_word' id='word_1_41' title='bbox 1081 753 1133 797; x_wconf 89' lang='lat' dir='ltr'><strong>et</strong></span> <span class='ocrx_word' id='word_1_42' title='bbox 1163 744 1417 796; x_wconf 88' lang='lat' dir='ltr'><strong>litiatoria</strong></span> <span class='ocrx_word' id='word_1_43' title='bbox 1443 745 1726 807; x_wconf 92' lang='lat' dir='ltr'><strong>cantitant,</strong></span> <span class='ocrx_word' id='word_1_44' title='bbox 1765 753 1819 797; x_wconf 90' lang='lat' dir='ltr'><strong>et</strong></span> <span class='ocrx_word' id='word_1_45' title='bbox 1849 743 1890 796; x_wconf 93' lang='lat' dir='ltr'><strong>si</strong></span> <span class='ocrx_word' id='word_1_46' title='bbox 1920 743 2042 810; x_wconf 84' lang='lat' dir='ltr'><strong>quis</strong></span> 
     </span>
    </p>
   </div>
   <div class='ocr_carea' id='block_1_8' title="bbox 470 831 2085 901">
    <p class='ocr_par' dir='ltr' id='par_1_8' title="bbox 470 831 2085 901">
     <span class='ocr_line' id='line_1_8' title="bbox 470 831 2085 901; baseline -0.004 -13"><span class='ocrx_word' id='word_1_47' title='bbox 470 849 656 888; x_wconf 88' lang='lat' dir='ltr'><strong>carum</strong></span> <span class='ocrx_word' id='word_1_48' title='bbox 687 834 826 887; x_wconf 90' lang='lat' dir='ltr'><strong>dicta</strong></span> <span class='ocrx_word' id='word_1_49' title='bbox 880 831 1121 897; x_wconf 85' lang='lat' dir='ltr'><strong>refellat,</strong></span> <span class='ocrx_word' id='word_1_50' title='bbox 1171 849 1267 901; x_wconf 88' lang='lat' dir='ltr'><strong>pro</strong></span> <span class='ocrx_word' id='word_1_51' title='bbox 1299 832 1607 887; x_wconf 78' lang='lat' dir='ltr'><strong>defensione</strong></span> <span class='ocrx_word' id='word_1_52' title='bbox 1648 833 1883 899; x_wconf 88' lang='lat' dir='ltr'><strong>ipsorum</strong></span> <span class='ocrx_word' id='word_1_53' title='bbox 1935 845 2038 882; x_wconf 89' lang='lat' dir='ltr'><strong>non</strong></span> <span class='ocrx_word' id='word_1_54' title='bbox 2074 862 2085 871; x_wconf 85' lang='lat'><strong>-</strong></span> 
     </span>
    </p>
   </div>
   <div class='ocr_carea' id='block_1_9' title="bbox 469 918 2042 986">
    <p class='ocr_par' dir='ltr' id='par_1_9' title="bbox 469 918 2042 986">
     <span class='ocr_line' id='line_1_9' title="bbox 469 918 2042 986; baseline -0.005 -10"><span class='ocrx_word' id='word_1_55' title='bbox 469 924 629 977; x_wconf 91' lang='lat' dir='ltr'><strong>modo</strong></span> <span class='ocrx_word' id='word_1_56' title='bbox 654 922 944 986; x_wconf 83' lang='lat' dir='ltr'><strong>conviciis,</strong></span> <span class='ocrx_word' id='word_1_57' title='bbox 987 921 1079 975; x_wconf 90' lang='lat' dir='ltr'><strong>sed</strong></span> <span class='ocrx_word' id='word_1_58' title='bbox 1112 921 1337 974; x_wconf 89' lang='lat' dir='ltr'><strong>telarum</strong></span> <span class='ocrx_word' id='word_1_59' title='bbox 1371 921 1537 974; x_wconf 90' lang='lat' dir='ltr'><strong>radiis</strong></span> <span class='ocrx_word' id='word_1_60' title='bbox 1572 921 1793 974; x_wconf 90' lang='lat' dir='ltr'><strong>instant.</strong></span> <span class='ocrx_word' id='word_1_61' title='bbox 1826 918 1897 971; x_wconf 89' lang='lat' dir='ltr'><strong>De</strong></span> <span class='ocrx_word' id='word_1_62' title='bbox 1923 918 2042 986; x_wconf 81' lang='lat' dir='ltr'><strong>qui-</strong></span> 
     </span>
    </p>
   </div>
   <div class='ocr_carea' id='block_1_10' title="bbox 468 1008 2037 1082">
    <p class='ocr_par' dir='ltr' id='par_1_10' title="bbox 468 1008 2037 1082">
     <span class='ocr_line' id='line_1_10' title="bbox 468 1008 2037 1082; baseline -0.003 -18"><span class='ocrx_word' id='word_1_63' title='bbox 468 1014 567 1067; x_wconf 88' lang='lat' dir='ltr'><strong>bus</strong></span> <span class='ocrx_word' id='word_1_64' title='bbox 588 1027 716 1082; x_wconf 89' lang='lat' dir='ltr'><strong>ergo</strong></span> <span class='ocrx_word' id='word_1_65' title='bbox 746 1026 811 1064; x_wconf 93' lang='lat' dir='ltr'><strong>nc</strong></span> <span class='ocrx_word' id='word_1_66' title='bbox 839 1012 1095 1079; x_wconf 86' lang='lat' dir='ltr'><strong>suspicio,</strong></span> <span class='ocrx_word' id='word_1_67' title='bbox 1124 1011 1311 1080; x_wconf 82' lang='lat' dir='ltr'><strong>quales</strong></span> <span class='ocrx_word' id='word_1_68' title='bbox 1340 1010 1557 1073; x_wconf 77' lang='lat' dir='ltr'><strong>fuerint,</strong></span> <span class='ocrx_word' id='word_1_69' title='bbox 1589 1011 1799 1063; x_wconf 89' lang='lat' dir='ltr'><strong>residua</strong></span> <span class='ocrx_word' id='word_1_70' title='bbox 1822 1008 2037 1077; x_wconf 85' lang='lat' dir='ltr'><strong>quidem</strong></span> 
     </span>
    </p>
   </div>
   <div class='ocr_carea' id='block_1_11' title="bbox 466 1093 2041 1168">
    <p class='ocr_par' dir='ltr' id='par_1_11' title="bbox 466 1093 2041 1168">
     <span class='ocr_line' id='line_1_11' title="bbox 466 1093 2041 1168; baseline -0.002 -17"><span class='ocrx_word' id='word_1_71' title='bbox 466 1110 658 1159; x_wconf 77' lang='lat' dir='ltr'><strong>exstat,</strong></span> <span class='ocrx_word' id='word_1_72' title='bbox 684 1100 806 1168; x_wconf 88' lang='lat' dir='ltr'><strong>quis</strong></span> <span class='ocrx_word' id='word_1_73' title='bbox 832 1099 928 1153; x_wconf 91' lang='lat' dir='ltr'><strong>ltos</strong></span> <span class='ocrx_word' id='word_1_74' title='bbox 964 1099 1062 1152; x_wconf 89' lang='lat' dir='ltr'><strong>nisi</strong></span> <span class='ocrx_word' id='word_1_75' title='bbox 1095 1108 1335 1152; x_wconf 72' lang='lat' dir='ltr'><strong>evtreme</strong></span> <span class='ocrx_word' id='word_1_76' title='bbox 1380 1097 1601 1151; x_wconf 89' lang='lat' dir='ltr'><strong>demens</strong></span> <span class='ocrx_word' id='word_1_77' title='bbox 1640 1096 1706 1149; x_wconf 90' lang='lat' dir='ltr'><strong>ad</strong></span> <span class='ocrx_word' id='word_1_78' title='bbox 1752 1110 1847 1164; x_wconf 90' lang='lat' dir='ltr'><strong>pro</strong></span> <span class='ocrx_word' id='word_1_79' title='bbox 1874 1109 1931 1149; x_wconf 87' lang='lat' dir='ltr'><strong>se</strong></span> <span class='ocrx_word' id='word_1_80' title='bbox 1960 1093 2041 1148; x_wconf 83' lang='lat' dir='ltr'><strong>iu-</strong></span> 
     </span>
    </p>
   </div>
   <div class='ocr_carea' id='block_1_12' title="bbox 469 1188 2036 1261">
    <p class='ocr_par' dir='ltr' id='par_1_12' title="bbox 469 1188 2036 1261">
     <span class='ocr_line' id='line_1_12' title="bbox 469 1188 2036 1261; baseline -0.004 -15"><span class='ocrx_word' id='word_1_81' title='bbox 469 1191 859 1261; x_wconf 88' lang='lat' dir='ltr'><strong>terpellandum</strong></span> <span class='ocrx_word' id='word_1_82' title='bbox 907 1192 1193 1261; x_wconf 74' lang='lat' dir='ltr'><strong>provocat?</strong></span> <span class='ocrx_word' id='word_1_83' title='bbox 1243 1192 1308 1244; x_wconf 80' lang='lat' dir='ltr'><strong>Et</strong></span> <span class='ocrx_word' id='word_1_84' title='bbox 1353 1190 1526 1245; x_wconf 86' lang='lat' dir='ltr'><strong>oratio</strong></span> <span class='ocrx_word' id='word_1_85' title='bbox 1574 1189 1661 1243; x_wconf 89' lang='lat' dir='ltr'><strong>illa</strong></span> <span class='ocrx_word' id='word_1_86' title='bbox 1703 1190 1830 1256; x_wconf 90' lang='lat' dir='ltr'><strong>quid</strong></span> <span class='ocrx_word' id='word_1_87' title='bbox 1875 1188 2036 1251; x_wconf 89' lang='lat' dir='ltr'><strong>valet,</strong></span> 
     </span>
    </p>
   </div>
   <div class='ocr_carea' id='block_1_13' title="bbox 466 1278 2040 1351">
    <p class='ocr_par' dir='ltr' id='par_1_13' title="bbox 466 1278 2040 1351">
     <span class='ocr_line' id='line_1_13' title="bbox 466 1278 2040 1351; baseline -0.003 -17"><span class='ocrx_word' id='word_1_88' title='bbox 466 1283 555 1335; x_wconf 92' lang='lat' dir='ltr'><strong>ubi</strong></span> <span class='ocrx_word' id='word_1_89' title='bbox 584 1281 791 1335; x_wconf 89' lang='lat' dir='ltr'><strong>orantis</strong></span> <span class='ocrx_word' id='word_1_90' title='bbox 816 1282 1056 1334; x_wconf 89' lang='lat' dir='ltr'><strong>animum</strong></span> <span class='ocrx_word' id='word_1_91' title='bbox 1087 1280 1202 1351; x_wconf 87' lang='lat' dir='ltr'><strong>ejus</strong></span> <span class='ocrx_word' id='word_1_92' title='bbox 1229 1296 1385 1348; x_wconf 90' lang='lat' dir='ltr'><strong>quem</strong></span> <span class='ocrx_word' id='word_1_93' title='bbox 1418 1281 1525 1334; x_wconf 87' lang='lat' dir='ltr'><strong>Deo</strong></span> <span class='ocrx_word' id='word_1_94' title='bbox 1554 1294 1651 1348; x_wconf 92' lang='lat' dir='ltr'><strong>pro</strong></span> <span class='ocrx_word' id='word_1_95' title='bbox 1677 1294 1734 1333; x_wconf 88' lang='lat' dir='ltr'><strong>se</strong></span> <span class='ocrx_word' id='word_1_96' title='bbox 1757 1278 2040 1347; x_wconf 62' lang='lat' dir='ltr'><strong>prietettdit</strong></span> 
     </span>
    </p>
   </div>
   <div class='ocr_carea' id='block_1_14' title="bbox 466 1371 2035 1440">
    <p class='ocr_par' dir='ltr' id='par_1_14' title="bbox 466 1371 2035 1440">
     <span class='ocr_line' id='line_1_14' title="bbox 466 1371 2035 1440; baseline -0.002 -13"><span class='ocrx_word' id='word_1_97' title='bbox 466 1373 773 1427; x_wconf 91' lang='lat' dir='ltr'><strong>omnimoda</strong></span> <span class='ocrx_word' id='word_1_98' title='bbox 824 1373 1151 1431; x_wconf 90' lang='lat' dir='ltr'><strong>incertitudo</strong></span> <span class='ocrx_word' id='word_1_99' title='bbox 1197 1372 1501 1427; x_wconf 84' lang='lat' dir='ltr'><strong>remordet?</strong></span> <span class='ocrx_word' id='word_1_100' title='bbox 1552 1372 1723 1438; x_wconf 88' lang='lat' dir='ltr'><strong>Quid,</strong></span> <span class='ocrx_word' id='word_1_101' title='bbox 1783 1371 2035 1440; x_wconf 87' lang='lat' dir='ltr'><strong>inquam,</strong></span> 
     </span>
    </p>
   </div>
   <div class='ocr_carea' id='block_1_15' title="bbox 465 1461 2035 1533">
    <p class='ocr_par' dir='ltr' id='par_1_15' title="bbox 465 1461 2035 1533">
     <span class='ocr_line' id='line_1_15' title="bbox 465 1461 2035 1533; baseline -0.002 -17"><span class='ocrx_word' id='word_1_102' title='bbox 465 1463 706 1531; x_wconf 80' lang='lat' dir='ltr'><strong>prodest,</strong></span> <span class='ocrx_word' id='word_1_103' title='bbox 737 1479 857 1533; x_wconf 71' lang='lat' dir='ltr'><strong>qure</strong></span> <span class='ocrx_word' id='word_1_104' title='bbox 904 1464 1020 1522; x_wconf 88' lang='lat' dir='ltr'><strong>sine</strong></span> <span class='ocrx_word' id='word_1_105' title='bbox 1059 1471 1279 1533; x_wconf 88' lang='lat' dir='ltr'><strong>peccato</strong></span> <span class='ocrx_word' id='word_1_106' title='bbox 1327 1478 1599 1532; x_wconf 90' lang='lat' dir='ltr'><strong>nunquam</strong></span> <span class='ocrx_word' id='word_1_107' title='bbox 1643 1462 1761 1516; x_wconf 87' lang='lat' dir='ltr'><strong>est?</strong></span> <span class='ocrx_word' id='word_1_108' title='bbox 1791 1461 1846 1514; x_wconf 89' lang='lat' dir='ltr'><strong>Si</strong></span> <span class='ocrx_word' id='word_1_109' title='bbox 1894 1462 2035 1514; x_wconf 91' lang='lat' dir='ltr'><strong>enim</strong></span> 
     </span>
    </p>
   </div>
   <div class='ocr_carea' id='block_1_16' title="bbox 466 1553 2037 1622">
    <p class='ocr_par' dir='ltr' id='par_1_16' title="bbox 466 1553 2037 1622">
     <span class='ocr_line' id='line_1_16' title="bbox 466 1553 2037 1622; baseline -0.001 -16"><span class='ocrx_word' id='word_1_110' title='bbox 466 1564 592 1606; x_wconf 86' lang='lat' dir='ltr'><strong>oras</strong></span> <span class='ocrx_word' id='word_1_111' title='bbox 623 1569 781 1622; x_wconf 85' lang='lat' dir='ltr'><strong>quem</strong></span> <span class='ocrx_word' id='word_1_112' title='bbox 822 1562 1067 1608; x_wconf 89' lang='lat' dir='ltr'><strong>sanctum</strong></span> <span class='ocrx_word' id='word_1_113' title='bbox 1097 1554 1331 1616; x_wconf 89' lang='lat' dir='ltr'><strong>nescias,</strong></span> <span class='ocrx_word' id='word_1_114' title='bbox 1366 1553 1419 1606; x_wconf 90' lang='lat' dir='ltr'><strong>in</strong></span> <span class='ocrx_word' id='word_1_115' title='bbox 1448 1567 1511 1606; x_wconf 91' lang='lat' dir='ltr'><strong>eo</strong></span> <span class='ocrx_word' id='word_1_116' title='bbox 1540 1553 1652 1621; x_wconf 90' lang='lat' dir='ltr'><strong>ipso</strong></span> <span class='ocrx_word' id='word_1_117' title='bbox 1683 1566 1898 1622; x_wconf 88' lang='lat' dir='ltr'><strong>peccas,</strong></span> <span class='ocrx_word' id='word_1_118' title='bbox 1932 1566 2037 1620; x_wconf 91' lang='lat' dir='ltr'><strong>quo</strong></span> 
     </span>
    </p>
   </div>
   <div class='ocr_carea' id='block_1_17' title="bbox 465 1642 2038 1711">
    <p class='ocr_par' dir='ltr' id='par_1_17' title="bbox 465 1642 2038 1711">
     <span class='ocr_line' id='line_1_17' title="bbox 465 1642 2038 1711; baseline 0 -15"><span class='ocrx_word' id='word_1_119' title='bbox 465 1645 674 1696; x_wconf 92' lang='lat' dir='ltr'><strong>veniam</strong></span> <span class='ocrx_word' id='word_1_120' title='bbox 704 1642 994 1711; x_wconf 87' lang='lat' dir='ltr'><strong>impetrare</strong></span> <span class='ocrx_word' id='word_1_121' title='bbox 1037 1643 1323 1707; x_wconf 84' lang='lat' dir='ltr'><strong>debueras,</strong></span> <span class='ocrx_word' id='word_1_122' title='bbox 1354 1643 1480 1711; x_wconf 85' lang='lat' dir='ltr'><strong>quia</strong></span> <span class='ocrx_word' id='word_1_123' title='bbox 1520 1659 1623 1696; x_wconf 87' lang='lat' dir='ltr'><strong>non</strong></span> <span class='ocrx_word' id='word_1_124' title='bbox 1670 1653 1815 1696; x_wconf 89' lang='lat' dir='ltr'><strong>recte</strong></span> <span class='ocrx_word' id='word_1_125' title='bbox 1846 1642 2038 1696; x_wconf 89' lang='lat' dir='ltr'><strong>dividis</strong></span> 
     </span>
    </p>
   </div>
   <div class='ocr_carea' id='block_1_18' title="bbox 463 1732 2033 1803">
    <p class='ocr_par' dir='ltr' id='par_1_18' title="bbox 463 1732 2033 1803">
     <span class='ocr_line' id='line_1_18' title="bbox 463 1732 2033 1803; baseline 0 -17"><span class='ocrx_word' id='word_1_126' title='bbox 463 1746 584 1786; x_wconf 90' lang='lat' dir='ltr'><strong>cum</strong></span> <span class='ocrx_word' id='word_1_127' title='bbox 617 1741 762 1788; x_wconf 86' lang='lat' dir='ltr'><strong>recte</strong></span> <span class='ocrx_word' id='word_1_128' title='bbox 781 1732 996 1788; x_wconf 72' lang='lat' dir='ltr'><strong>offeras.</strong></span> <span class='ocrx_word' id='word_1_129' title='bbox 1026 1732 1082 1786; x_wconf 84' lang='lat' dir='ltr'><strong>in</strong></span> <span class='ocrx_word' id='word_1_130' title='bbox 1105 1748 1213 1803; x_wconf 93' lang='lat' dir='ltr'><strong>quo</strong></span> <span class='ocrx_word' id='word_1_131' title='bbox 1235 1734 1391 1803; x_wconf 89' lang='lat' dir='ltr'><strong>plane</strong></span> <span class='ocrx_word' id='word_1_132' title='bbox 1418 1748 1578 1788; x_wconf 83' lang='lat' dir='ltr'><strong>orans</strong></span> <span class='ocrx_word' id='word_1_133' title='bbox 1602 1732 1838 1795; x_wconf 90' lang='lat' dir='ltr'><strong>dubitas,</strong></span> <span class='ocrx_word' id='word_1_134' title='bbox 1868 1733 2033 1787; x_wconf 90' lang='lat' dir='ltr'><strong>Deum</strong></span> 
     </span>
    </p>
   </div>
   <div class='ocr_carea' id='block_1_19' title="bbox 2146 564 3720 635">
    <p class='ocr_par' dir='ltr' id='par_1_19' title="bbox 2146 564 3720 635">
     <span class='ocr_line' id='line_1_19' title="bbox 2146 564 3720 635; baseline -0.003 -16"><span class='ocrx_word' id='word_1_135' title='bbox 2146 566 2319 619; x_wconf 90' lang='lat' dir='ltr'><strong>catius</strong></span> <span class='ocrx_word' id='word_1_136' title='bbox 2347 574 2449 628; x_wconf 90' lang='lat' dir='ltr'><strong>est,</strong></span> <span class='ocrx_word' id='word_1_137' title='bbox 2478 564 2576 617; x_wconf 86' lang='lat' dir='ltr'><strong>etsi</strong></span> <span class='ocrx_word' id='word_1_138' title='bbox 2608 564 2767 617; x_wconf 91' lang='lat' dir='ltr'><strong>tacite</strong></span> <span class='ocrx_word' id='word_1_139' title='bbox 2798 578 3099 632; x_wconf 85' lang='lat' dir='ltr'><strong>possumus,</strong></span> <span class='ocrx_word' id='word_1_140' title='bbox 3130 565 3445 633; x_wconf 86' lang='lat' dir='ltr'><strong>neutiquam</strong></span> <span class='ocrx_word' id='word_1_141' title='bbox 3477 580 3607 617; x_wconf 87' lang='lat' dir='ltr'><strong>vero</strong></span> <span class='ocrx_word' id='word_1_142' title='bbox 3637 581 3720 635; x_wconf 74' lang='lat' dir='ltr'><strong>ap-</strong></span> 
     </span>
    </p>
   </div>
   <div class='ocr_carea' id='block_1_20' title="bbox 2143 655 2655 723">
    <p class='ocr_par' dir='ltr' id='par_1_20' title="bbox 2143 655 2655 723">
     <span class='ocr_line' id='line_1_20' title="bbox 2143 655 2655 723; baseline 0.002 -16"><span class='ocrx_word' id='word_1_143' title='bbox 2143 655 2370 723; x_wconf 85' lang='lat' dir='ltr'><strong>probare</strong></span> <span class='ocrx_word' id='word_1_144' title='bbox 2399 655 2655 709; x_wconf 89' lang='lat' dir='ltr'><strong>valemus.</strong></span> 
     </span>
    </p>
   </div>
   <div class='ocr_carea' id='block_1_21' title="bbox 2214 745 3719 815">
    <p class='ocr_par' dir='ltr' id='par_1_21' title="bbox 2214 745 3719 815">
     <span class='ocr_line' id='line_1_21' title="bbox 2214 745 3719 815; baseline 0.001 -18"><span class='ocrx_word' id='word_1_145' title='bbox 2214 745 2370 799; x_wconf 78' lang='lat' dir='ltr'><strong>Ratio</strong></span> <span class='ocrx_word' id='word_1_146' title='bbox 2395 746 2550 815; x_wconf 88' lang='lat' dir='ltr'><strong>plane</strong></span> <span class='ocrx_word' id='word_1_147' title='bbox 2577 745 2761 815; x_wconf 89' lang='lat' dir='ltr'><strong>procul</strong></span> <span class='ocrx_word' id='word_1_148' title='bbox 2800 746 2959 800; x_wconf 90' lang='lat' dir='ltr'><strong>dubio</strong></span> <span class='ocrx_word' id='word_1_149' title='bbox 2986 746 3208 800; x_wconf 88' lang='lat' dir='ltr'><strong>evidens</strong></span> <span class='ocrx_word' id='word_1_150' title='bbox 3245 745 3483 809; x_wconf 90' lang='lat' dir='ltr'><strong>videtur,</strong></span> <span class='ocrx_word' id='word_1_151' title='bbox 3515 753 3573 798; x_wconf 91' lang='lat' dir='ltr'><strong>ut</strong></span> <span class='ocrx_word' id='word_1_152' title='bbox 3600 760 3719 798; x_wconf 91' lang='lat' dir='ltr'><strong>eum</strong></span> 
     </span>
    </p>
   </div>
   <div class='ocr_carea' id='block_1_22' title="bbox 2143 834 3720 905">
    <p class='ocr_par' dir='ltr' id='par_1_22' title="bbox 2143 834 3720 905">
     <span class='ocr_line' id='line_1_22' title="bbox 2143 834 3720 905; baseline 0 -16"><span class='ocrx_word' id='word_1_153' title='bbox 2143 836 2307 889; x_wconf 91' lang='lat' dir='ltr'><strong>multa</strong></span> <span class='ocrx_word' id='word_1_154' title='bbox 2357 852 2801 905; x_wconf 89' lang='lat' dir='ltr'><strong>quorumcunqne</strong></span> <span class='ocrx_word' id='word_1_155' title='bbox 2830 846 3138 891; x_wconf 88' lang='lat' dir='ltr'><strong>sanctorum</strong></span> <span class='ocrx_word' id='word_1_156' title='bbox 3172 852 3399 904; x_wconf 86' lang='lat' dir='ltr'><strong>corpora</strong></span> <span class='ocrx_word' id='word_1_157' title='bbox 3441 851 3567 889; x_wconf 91' lang='lat' dir='ltr'><strong>cum</strong></span> <span class='ocrx_word' id='word_1_158' title='bbox 3612 834 3720 901; x_wconf 82' lang='lat' dir='ltr'><strong>ejus</strong></span> 
     </span>
    </p>
   </div>
   <div class='ocr_carea' id='block_1_23' title="bbox 2143 924 3719 991">
    <p class='ocr_par' dir='ltr' id='par_1_23' title="bbox 2143 924 3719 991">
     <span class='ocr_line' id='line_1_23' title="bbox 2143 924 3719 991; baseline -0.001 -13"><span class='ocrx_word' id='word_1_159' title='bbox 2143 926 2276 979; x_wconf 85' lang='lat' dir='ltr'><strong>Filio</strong></span> <span class='ocrx_word' id='word_1_160' title='bbox 2323 927 2686 981; x_wconf 76' lang='lat' dir='ltr'><strong>resnrrexisse</strong></span> <span class='ocrx_word' id='word_1_161' title='bbox 2730 928 3053 988; x_wconf 86' lang='lat' dir='ltr'><strong>credantur,</strong></span> <span class='ocrx_word' id='word_1_162' title='bbox 3108 924 3227 990; x_wconf 92' lang='lat' dir='ltr'><strong>illa,</strong></span> <span class='ocrx_word' id='word_1_163' title='bbox 3273 924 3427 991; x_wconf 78' lang='lat' dir='ltr'><strong>cuius</strong></span> <span class='ocrx_word' id='word_1_164' title='bbox 3458 939 3590 978; x_wconf 84' lang='lat' dir='ltr'><strong>caro</strong></span> <span class='ocrx_word' id='word_1_165' title='bbox 3620 941 3719 978; x_wconf 84' lang='lat' dir='ltr'><strong>non</strong></span> 
     </span>
    </p>
   </div>
   <div class='ocr_carea' id='block_1_24' title="bbox 2140 1011 3723 1083">
    <p class='ocr_par' dir='ltr' id='par_1_24' title="bbox 2140 1011 3723 1083">
     <span class='ocr_line' id='line_1_24' title="bbox 2140 1011 3723 1083; baseline 0 -16"><span class='ocrx_word' id='word_1_166' title='bbox 2140 1015 2310 1068; x_wconf 86' lang='lat' dir='ltr'><strong>altera</strong></span> <span class='ocrx_word' id='word_1_167' title='bbox 2342 1031 2502 1083; x_wconf 84' lang='lat' dir='ltr'><strong>quant</strong></span> <span class='ocrx_word' id='word_1_168' title='bbox 2537 1014 2655 1068; x_wconf 83' lang='lat' dir='ltr'><strong>Filii</strong></span> <span class='ocrx_word' id='word_1_169' title='bbox 2700 1023 2805 1077; x_wconf 85' lang='lat' dir='ltr'><strong>est,</strong></span> <span class='ocrx_word' id='word_1_170' title='bbox 2839 1014 3139 1083; x_wconf 65' lang='lat' dir='ltr'><strong>prtcsertim</strong></span> <span class='ocrx_word' id='word_1_171' title='bbox 3188 1029 3304 1081; x_wconf 80' lang='lat' dir='ltr'><strong>quze</strong></span> <span class='ocrx_word' id='word_1_172' title='bbox 3347 1013 3494 1066; x_wconf 86' lang='lat' dir='ltr'><strong>nulla</strong></span> <span class='ocrx_word' id='word_1_173' title='bbox 3548 1011 3723 1067; x_wconf 85' lang='lat' dir='ltr'><strong>Patris</strong></span> 
     </span>
    </p>
   </div>
   <div class='ocr_carea' id='block_1_25' title="bbox 2140 1102 3723 1175">
    <p class='ocr_par' dir='ltr' id='par_1_25' title="bbox 2140 1102 3723 1175">
     <span class='ocr_line' id='line_1_25' title="bbox 2140 1102 3723 1175; baseline -0.002 -16"><span class='ocrx_word' id='word_1_174' title='bbox 2140 1106 2244 1160; x_wconf 88' lang='lat' dir='ltr'><strong>nisi</strong></span> <span class='ocrx_word' id='word_1_175' title='bbox 2288 1106 2398 1160; x_wconf 90' lang='lat' dir='ltr'><strong>sola</strong></span> <span class='ocrx_word' id='word_1_176' title='bbox 2430 1107 2601 1161; x_wconf 87' lang='lat' dir='ltr'><strong>sancti</strong></span> <span class='ocrx_word' id='word_1_177' title='bbox 2654 1105 2888 1175; x_wconf 88' lang='lat' dir='ltr'><strong>Spiritus</strong></span> <span class='ocrx_word' id='word_1_178' title='bbox 2937 1105 2987 1157; x_wconf 91' lang='lat' dir='ltr'><strong>in</strong></span> <span class='ocrx_word' id='word_1_179' title='bbox 3020 1112 3280 1173; x_wconf 89' lang='lat' dir='ltr'><strong>conceptu</strong></span> <span class='ocrx_word' id='word_1_180' title='bbox 3329 1102 3451 1170; x_wconf 85' lang='lat' dir='ltr'><strong>ejus</strong></span> <span class='ocrx_word' id='word_1_181' title='bbox 3481 1103 3723 1157; x_wconf 83' lang='lat' dir='ltr'><strong>fomenta</strong></span> 
     </span>
    </p>
   </div>
   <div class='ocr_carea' id='block_1_26' title="bbox 2140 1193 3723 1265">
    <p class='ocr_par' dir='ltr' id='par_1_26' title="bbox 2140 1193 3723 1265">
     <span class='ocr_line' id='line_1_26' title="bbox 2140 1193 3723 1265; baseline -0.003 -15"><span class='ocrx_word' id='word_1_182' title='bbox 2140 1196 2477 1265; x_wconf 82' lang='lat' dir='ltr'><strong>cognoverit,</strong></span> <span class='ocrx_word' id='word_1_183' title='bbox 2526 1196 2794 1264; x_wconf 88' lang='lat' dir='ltr'><strong>quomodo</strong></span> <span class='ocrx_word' id='word_1_184' title='bbox 2826 1193 2927 1249; x_wconf 87' lang='lat' dir='ltr'><strong>sub</strong></span> <span class='ocrx_word' id='word_1_185' title='bbox 2959 1195 3166 1265; x_wconf 81' lang='lat' dir='ltr'><strong>legibus</strong></span> <span class='ocrx_word' id='word_1_186' title='bbox 3212 1194 3454 1263; x_wconf 63' lang='lat' dir='ltr'><strong>antiqua:</strong></span> <span class='ocrx_word' id='word_1_187' title='bbox 3502 1193 3723 1247; x_wconf 84' lang='lat' dir='ltr'><strong>maledi-</strong></span> 
     </span>
    </p>
   </div>
   <div class='ocr_carea' id='block_1_27' title="bbox 2139 1283 3722 1354">
    <p class='ocr_par' dir='ltr' id='par_1_27' title="bbox 2139 1283 3722 1354">
     <span class='ocr_line' id='line_1_27' title="bbox 2139 1283 3722 1354; baseline -0.003 -16"><span class='ocrx_word' id='word_1_188' title='bbox 2139 1283 2333 1338; x_wconf 90' lang='lat' dir='ltr'><strong>ctionis</strong></span> <span class='ocrx_word' id='word_1_189' title='bbox 2378 1285 2431 1338; x_wconf 94' lang='lat' dir='ltr'><strong>in</strong></span> <span class='ocrx_word' id='word_1_190' title='bbox 2482 1284 2704 1354; x_wconf 77' lang='lat' dir='ltr'><strong>pulvere</strong></span> <span class='ocrx_word' id='word_1_191' title='bbox 2738 1292 2897 1338; x_wconf 71' lang='lat' dir='ltr'><strong>terra:</strong></span> <span class='ocrx_word' id='word_1_192' title='bbox 2944 1284 3225 1349; x_wconf 84' lang='lat' dir='ltr'><strong>resederit,</strong></span> <span class='ocrx_word' id='word_1_193' title='bbox 3269 1298 3391 1353; x_wconf 65' lang='lat' dir='ltr'><strong>quae</strong></span> <span class='ocrx_word' id='word_1_194' title='bbox 3441 1290 3722 1338; x_wconf 84' lang='lat' dir='ltr'><strong>auctorem</strong></span> 
     </span>
    </p>
   </div>
   <div class='ocr_carea' id='block_1_28' title="bbox 2139 1373 3725 1444">
    <p class='ocr_par' dir='ltr' id='par_1_28' title="bbox 2139 1373 3725 1444">
     <span class='ocr_line' id='line_1_28' title="bbox 2139 1373 3725 1444; baseline -0.002 -16"><span class='ocrx_word' id='word_1_195' title='bbox 2139 1373 2532 1429; x_wconf 83' lang='lat' dir='ltr'><strong>benedictionis</strong></span> <span class='ocrx_word' id='word_1_196' title='bbox 2588 1374 2936 1444; x_wconf 80' lang='lat' dir='ltr'><strong>singulariter</strong></span> <span class='ocrx_word' id='word_1_197' title='bbox 2990 1374 3160 1429; x_wconf 86' lang='lat' dir='ltr'><strong>electa</strong></span> <span class='ocrx_word' id='word_1_198' title='bbox 3209 1373 3533 1441; x_wconf 79' lang='lat' dir='ltr'><strong>protuleriL,</strong></span> <span class='ocrx_word' id='word_1_199' title='bbox 3600 1386 3725 1426; x_wconf 90' lang='lat' dir='ltr'><strong>cum</strong></span> 
     </span>
    </p>
   </div>
   <div class='ocr_carea' id='block_1_29' title="bbox 2139 1463 3725 1529">
    <p class='ocr_par' dir='ltr' id='par_1_29' title="bbox 2139 1463 3725 1529">
     <span class='ocr_line' id='line_1_29' title="bbox 2139 1463 3725 1529; baseline -0.001 -12"><span class='ocrx_word' id='word_1_200' title='bbox 2139 1464 2258 1529; x_wconf 84' lang='lat' dir='ltr'><strong>sine</strong></span> <span class='ocrx_word' id='word_1_201' title='bbox 2289 1466 2636 1528; x_wconf 87' lang='lat' dir='ltr'><strong>detrimento,</strong></span> <span class='ocrx_word' id='word_1_202' title='bbox 2664 1465 2710 1520; x_wconf 89' lang='lat' dir='ltr'><strong>si</strong></span> <span class='ocrx_word' id='word_1_203' title='bbox 2745 1466 2926 1521; x_wconf 90' lang='lat' dir='ltr'><strong>dicere</strong></span> <span class='ocrx_word' id='word_1_204' title='bbox 2952 1465 3204 1529; x_wconf 85' lang='lat' dir='ltr'><strong>audeam,</strong></span> <span class='ocrx_word' id='word_1_205' title='bbox 3232 1464 3416 1519; x_wconf 90' lang='lat' dir='ltr'><strong>carnis</strong></span> <span class='ocrx_word' id='word_1_206' title='bbox 3448 1463 3571 1518; x_wconf 87' lang='lat' dir='ltr'><strong>Filii</strong></span> <span class='ocrx_word' id='word_1_207' title='bbox 3605 1477 3725 1517; x_wconf 85' lang='lat' dir='ltr'><strong>esse</strong></span> 
     </span>
    </p>
   </div>
   <div class='ocr_carea' id='block_1_30' title="bbox 2138 1554 3726 1625">
    <p class='ocr_par' dir='ltr' id='par_1_30' title="bbox 2138 1554 3726 1625">
     <span class='ocr_line' id='line_1_30' title="bbox 2138 1554 3726 1625; baseline 0 -17"><span class='ocrx_word' id='word_1_208' title='bbox 2138 1570 2243 1609; x_wconf 91' lang='lat' dir='ltr'><strong>non</strong></span> <span class='ocrx_word' id='word_1_209' title='bbox 2289 1556 2489 1625; x_wconf 90' lang='lat' dir='ltr'><strong>possit,</strong></span> <span class='ocrx_word' id='word_1_210' title='bbox 2535 1556 2578 1611; x_wconf 90' lang='lat' dir='ltr'><strong>si</strong></span> <span class='ocrx_word' id='word_1_211' title='bbox 2621 1555 2807 1611; x_wconf 78' lang='lat' dir='ltr'><strong>Matris</strong></span> <span class='ocrx_word' id='word_1_212' title='bbox 2834 1570 3055 1610; x_wconf 86' lang='lat' dir='ltr'><strong>carnem</strong></span> <span class='ocrx_word' id='word_1_213' title='bbox 3097 1554 3199 1609; x_wconf 88' lang='lat' dir='ltr'><strong>sub</strong></span> <span class='ocrx_word' id='word_1_214' title='bbox 3243 1555 3520 1608; x_wconf 91' lang='lat' dir='ltr'><strong>communi</strong></span> <span class='ocrx_word' id='word_1_215' title='bbox 3577 1566 3726 1608; x_wconf 84' lang='lat' dir='ltr'><strong>sorte</strong></span> 
     </span>
    </p>
   </div>
   <div class='ocr_carea' id='block_1_31' title="bbox 2138 1643 3724 1715">
    <p class='ocr_par' dir='ltr' id='par_1_31' title="bbox 2138 1643 3724 1715">
     <span class='ocr_line' id='line_1_31' title="bbox 2138 1643 3724 1715; baseline -0.001 -18"><span class='ocrx_word' id='word_1_216' title='bbox 2138 1643 2422 1707; x_wconf 90' lang='lat' dir='ltr'><strong>dimiserit,</strong></span> <span class='ocrx_word' id='word_1_217' title='bbox 2454 1654 2511 1699; x_wconf 87' lang='lat' dir='ltr'><strong>et</strong></span> <span class='ocrx_word' id='word_1_218' title='bbox 2535 1644 2876 1715; x_wconf 78' lang='lat' dir='ltr'><strong>privilegium</strong></span> <span class='ocrx_word' id='word_1_219' title='bbox 2905 1644 3203 1714; x_wconf 71' lang='lat' dir='ltr'><strong>peregrina:</strong></span> <span class='ocrx_word' id='word_1_220' title='bbox 3224 1644 3375 1699; x_wconf 87' lang='lat' dir='ltr'><strong>carni</strong></span> <span class='ocrx_word' id='word_1_221' title='bbox 3404 1643 3724 1708; x_wconf 88' lang='lat' dir='ltr'><strong>contulerit,</strong></span> 
     </span>
    </p>
   </div>
   <div class='ocr_carea' id='block_1_32' title="bbox 2138 1730 3727 1803">
    <p class='ocr_par' dir='ltr' id='par_1_32' title="bbox 2138 1730 3727 1803">
     <span class='ocr_line' id='line_1_32' title="bbox 2138 1730 3727 1803; baseline 0 -19"><span class='ocrx_word' id='word_1_222' title='bbox 2138 1732 2279 1800; x_wconf 89' lang='lat' dir='ltr'><strong>quod</strong></span> <span class='ocrx_word' id='word_1_223' title='bbox 2317 1732 2471 1787; x_wconf 82' lang='lat' dir='ltr'><strong>Matri</strong></span> <span class='ocrx_word' id='word_1_224' title='bbox 2495 1748 2625 1798; x_wconf 77' lang='lat' dir='ltr'><strong>suae,</strong></span> <span class='ocrx_word' id='word_1_225' title='bbox 2659 1733 2830 1803; x_wconf 90' lang='lat' dir='ltr'><strong>ipsius</strong></span> <span class='ocrx_word' id='word_1_226' title='bbox 2869 1747 3010 1787; x_wconf 71' lang='lat' dir='ltr'><strong>verae</strong></span> <span class='ocrx_word' id='word_1_227' title='bbox 3050 1733 3225 1799; x_wconf 88' lang='lat' dir='ltr'><strong>carui,</strong></span> <span class='ocrx_word' id='word_1_228' title='bbox 3256 1732 3573 1802; x_wconf 78' lang='lat' dir='ltr'><strong>negaverit?</strong></span> <span class='ocrx_word' id='word_1_229' title='bbox 3623 1730 3727 1785; x_wconf 87' lang='lat' dir='ltr'><strong>La-</strong></span> 
     </span>
    </p>
   </div>
   <div class='ocr_carea' id='block_1_33' title="bbox 464 1817 3723 1895">
    <p class='ocr_par' dir='ltr' id='par_1_33' title="bbox 464 1817 3723 1895">
     <span class='ocr_line' id='line_1_33' title="bbox 464 1817 3723 1895; baseline 0.001 -21"><span class='ocrx_word' id='word_1_230' title='bbox 464 1822 772 1877; x_wconf 90' lang='lat' dir='ltr'><strong>nnllatenus</strong></span> <span class='ocrx_word' id='word_1_231' title='bbox 803 1823 1014 1893; x_wconf 89' lang='lat' dir='ltr'><strong>placas;</strong></span> <span class='ocrx_word' id='word_1_232' title='bbox 1047 1822 1144 1877; x_wconf 90' lang='lat' dir='ltr'><strong>sed</strong></span> <span class='ocrx_word' id='word_1_233' title='bbox 1174 1824 1298 1877; x_wconf 92' lang='lat' dir='ltr'><strong>dum</strong></span> <span class='ocrx_word' id='word_1_234' title='bbox 1328 1823 1394 1878; x_wconf 91' lang='lat' dir='ltr'><strong>de</strong></span> <span class='ocrx_word' id='word_1_235' title='bbox 1420 1831 1511 1878; x_wconf 90' lang='lat' dir='ltr'><strong>tua</strong></span> <span class='ocrx_word' id='word_1_236' title='bbox 1538 1824 1795 1895; x_wconf 64' lang='lat' dir='ltr'><strong>petitione</strong></span> <span class='ocrx_word' id='word_1_237' title='bbox 1818 1821 2032 1889; x_wconf 78' lang='lat' dir='ltr'><strong>diﬂidis,</strong></span> <span class='ocrx_word' id='word_1_238' title='bbox 2069 1817 2111 1877; x_wconf 84' lang='grc' dir='ltr'><strong>Β</strong></span> <span class='ocrx_word' id='word_1_239' title='bbox 2141 1832 2317 1879; x_wconf 89' lang='lat' dir='ltr'><strong>tenter</strong></span> <span class='ocrx_word' id='word_1_240' title='bbox 2357 1825 2575 1894; x_wconf 88' lang='lat' dir='ltr'><strong>quidem</strong></span> <span class='ocrx_word' id='word_1_241' title='bbox 2606 1825 2658 1880; x_wconf 88' lang='lat' dir='ltr'><strong>id</strong></span> <span class='ocrx_word' id='word_1_242' title='bbox 2692 1824 2916 1880; x_wconf 89' lang='lat' dir='ltr'><strong>minime</strong></span> <span class='ocrx_word' id='word_1_243' title='bbox 2939 1825 3143 1880; x_wconf 90' lang='lat' dir='ltr'><strong>sentire</strong></span> <span class='ocrx_word' id='word_1_244' title='bbox 3169 1833 3441 1889; x_wconf 81' lang='lat' dir='ltr'><strong>vetamur,</strong></span> <span class='ocrx_word' id='word_1_245' title='bbox 3474 1823 3608 1893; x_wconf 88' lang='lat' dir='ltr'><strong>quia</strong></span> <span class='ocrx_word' id='word_1_246' title='bbox 3643 1833 3723 1878; x_wconf 85' lang='lat' dir='ltr'><strong>ta-</strong></span> 
     </span>
    </p>
   </div>
   <div class='ocr_carea' id='block_1_34' title="bbox 466 1910 2034 1982">
    <p class='ocr_par' dir='ltr' id='par_1_34' title="bbox 466 1910 2034 1982">
     <span class='ocr_line' id='line_1_34' title="bbox 466 1910 2034 1982; baseline 0.001 -18"><span class='ocrx_word' id='word_1_247' title='bbox 466 1912 668 1976; x_wconf 88' lang='lat' dir='ltr'><strong>irritas,</strong></span> <span class='ocrx_word' id='word_1_248' title='bbox 699 1913 765 1965; x_wconf 89' lang='lat' dir='ltr'><strong>ad</strong></span> <span class='ocrx_word' id='word_1_249' title='bbox 788 1912 905 1982; x_wconf 88' lang='lat' dir='ltr'><strong>ejus</strong></span> <span class='ocrx_word' id='word_1_250' title='bbox 939 1927 1171 1981; x_wconf 88' lang='lat' dir='ltr'><strong>namque</strong></span> <span class='ocrx_word' id='word_1_251' title='bbox 1202 1911 1454 1982; x_wconf 90' lang='lat' dir='ltr'><strong>injuriam</strong></span> <span class='ocrx_word' id='word_1_252' title='bbox 1494 1912 1745 1982; x_wconf 85' lang='lat' dir='ltr'><strong>respicit,</strong></span> <span class='ocrx_word' id='word_1_253' title='bbox 1773 1910 1840 1965; x_wconf 90' lang='lat' dir='ltr'><strong>ad</strong></span> <span class='ocrx_word' id='word_1_254' title='bbox 1874 1925 2034 1980; x_wconf 87' lang='lat' dir='ltr'><strong>quem</strong></span> 
     </span>
    </p>
   </div>
   <div class='ocr_carea' id='block_1_35' title="bbox 464 1988 2036 2069">
    <p class='ocr_par' dir='ltr' id='par_1_35' title="bbox 464 1988 2036 2069">
     <span class='ocr_line' id='line_1_35' title="bbox 464 1988 2036 2069; baseline -0.001 -16"><span class='ocrx_word' id='word_1_255' title='bbox 464 1999 511 2054; x_wconf 90' lang='lat' dir='ltr'><strong>is</strong></span> <span class='ocrx_word' id='word_1_256' title='bbox 542 1999 849 2069; x_wconf 89' lang='lat' dir='ltr'><strong>prolocutor</strong></span> <span class='ocrx_word' id='word_1_257' title='bbox 873 1988 1140 2069; x_wconf 80' lang='lat' dir='ltr'><strong>dirigitur,</strong></span> <span class='ocrx_word' id='word_1_258' title='bbox 1163 2015 1320 2069; x_wconf 89' lang='lat' dir='ltr'><strong>quem</strong></span> <span class='ocrx_word' id='word_1_259' title='bbox 1354 2015 1457 2054; x_wconf 93' lang='lat' dir='ltr'><strong>non</strong></span> <span class='ocrx_word' id='word_1_260' title='bbox 1490 2000 1656 2053; x_wconf 90' lang='lat' dir='ltr'><strong>novit.</strong></span> <span class='ocrx_word' id='word_1_261' title='bbox 1683 1999 1749 2054; x_wconf 88' lang='lat' dir='ltr'><strong>Et</strong></span> <span class='ocrx_word' id='word_1_262' title='bbox 1769 1998 2036 2069; x_wconf 89' lang='lat' dir='ltr'><strong>quomodo</strong></span> 
     </span>
    </p>
   </div>
   <div class='ocr_carea' id='block_1_36' title="bbox 466 2090 2033 2161">
    <p class='ocr_par' dir='ltr' id='par_1_36' title="bbox 466 2090 2033 2161">
     <span class='ocr_line' id='line_1_36' title="bbox 466 2090 2033 2161; baseline -0.001 -17"><span class='ocrx_word' id='word_1_263' title='bbox 466 2092 557 2145; x_wconf 90' lang='lat' dir='ltr'><strong>tibi</strong></span> <span class='ocrx_word' id='word_1_264' title='bbox 606 2091 953 2161; x_wconf 88' lang='lat' dir='ltr'><strong>proloquatur</strong></span> <span class='ocrx_word' id='word_1_265' title='bbox 978 2091 1066 2160; x_wconf 90' lang='lat' dir='ltr'><strong>qui</strong></span> <span class='ocrx_word' id='word_1_266' title='bbox 1112 2091 1204 2145; x_wconf 90' lang='lat' dir='ltr'><strong>tibi</strong></span> <span class='ocrx_word' id='word_1_267' title='bbox 1253 2100 1534 2160; x_wconf 88' lang='lat' dir='ltr'><strong>suspectus</strong></span> <span class='ocrx_word' id='word_1_268' title='bbox 1583 2091 1845 2145; x_wconf 83' lang='lat' dir='ltr'><strong>habetur?</strong></span> <span class='ocrx_word' id='word_1_269' title='bbox 1894 2090 1961 2144; x_wconf 86' lang='lat' dir='ltr'><strong>Et</strong></span> <span class='ocrx_word' id='word_1_270' title='bbox 1990 2090 2033 2143; x_wconf 89' lang='lat' dir='ltr'><strong>si</strong></span> 
     </span>
    </p>
   </div>
   <div class='ocr_carea' id='block_1_37' title="bbox 463 2181 2036 2251">
    <p class='ocr_par' dir='ltr' id='par_1_37' title="bbox 463 2181 2036 2251">
     <span class='ocr_line' id='line_1_37' title="bbox 463 2181 2036 2251; baseline 0.001 -17"><span class='ocrx_word' id='word_1_271' title='bbox 463 2181 601 2235; x_wconf 86' lang='lat' dir='ltr'><strong>bene</strong></span> <span class='ocrx_word' id='word_1_272' title='bbox 630 2197 734 2235; x_wconf 90' lang='lat' dir='ltr'><strong>non</strong></span> <span class='ocrx_word' id='word_1_273' title='bbox 761 2183 998 2251; x_wconf 86' lang='lat' dir='ltr'><strong>opinaris</strong></span> <span class='ocrx_word' id='word_1_274' title='bbox 1037 2185 1102 2236; x_wconf 89' lang='lat' dir='ltr'><strong>de</strong></span> <span class='ocrx_word' id='word_1_275' title='bbox 1130 2198 1223 2248; x_wconf 90' lang='lat' dir='ltr'><strong>eo,</strong></span> <span class='ocrx_word' id='word_1_276' title='bbox 1251 2184 1378 2251; x_wconf 89' lang='lat' dir='ltr'><strong>quid</strong></span> <span class='ocrx_word' id='word_1_277' title='bbox 1424 2192 1475 2236; x_wconf 92' lang='lat' dir='ltr'><strong>te</strong></span> <span class='ocrx_word' id='word_1_278' title='bbox 1506 2184 1823 2237; x_wconf 89' lang='lat' dir='ltr'><strong>meriturum</strong></span> <span class='ocrx_word' id='word_1_279' title='bbox 1857 2181 2036 2236; x_wconf 86' lang='lat' dir='ltr'><strong>credis</strong></span> 
     </span>
    </p>
   </div>
   <div class='ocr_carea' id='block_1_38' title="bbox 466 2271 2036 2343">
    <p class='ocr_par' dir='ltr' id='par_1_38' title="bbox 466 2271 2036 2343">
     <span class='ocr_line' id='line_1_38' title="bbox 466 2271 2036 2343; baseline 0.003 -21"><span class='ocrx_word' id='word_1_280' title='bbox 466 2271 533 2325; x_wconf 92' lang='lat' dir='ltr'><strong>ab</strong></span> <span class='ocrx_word' id='word_1_281' title='bbox 559 2271 705 2340; x_wconf 89' lang='lat' dir='ltr'><strong>ipso?</strong></span> <span class='ocrx_word' id='word_1_282' title='bbox 731 2272 868 2326; x_wconf 90' lang='lat' dir='ltr'><strong>Dicit</strong></span> <span class='ocrx_word' id='word_1_283' title='bbox 896 2274 1128 2342; x_wconf 84' lang='lat' dir='ltr'><strong>quodam</strong></span> <span class='ocrx_word' id='word_1_284' title='bbox 1174 2274 1226 2326; x_wconf 90' lang='lat' dir='ltr'><strong>itt</strong></span> <span class='ocrx_word' id='word_1_285' title='bbox 1269 2273 1386 2328; x_wconf 80' lang='lat' dir='ltr'><strong>loco</strong></span> <span class='ocrx_word' id='word_1_286' title='bbox 1417 2274 1731 2329; x_wconf 73' lang='lat' dir='ltr'><strong>Ambrosius</strong></span> <span class='ocrx_word' id='word_1_287' title='bbox 1764 2288 1777 2327; x_wconf 92' lang='lat'><strong>:</strong></span> <span class='ocrx_word' id='word_1_288' title='bbox 1808 2294 1825 2326; x_wconf 82' lang='grc' dir='ltr'>ι</span> <span class='ocrx_word' id='word_1_289' title='bbox 1862 2273 2036 2343; x_wconf 91' lang='lat' dir='ltr'><strong>Super</strong></span> 
     </span>
    </p>
   </div>
   <div class='ocr_carea' id='block_1_39' title="bbox 464 2363 1713 2433">
    <p class='ocr_par' dir='ltr' id='par_1_39' title="bbox 464 2363 1713 2433">
     <span class='ocr_line' id='line_1_39' title="bbox 464 2363 1713 2433; baseline 0.001 -19"><span class='ocrx_word' id='word_1_290' title='bbox 464 2377 551 2416; x_wconf 90' lang='lat' dir='ltr'><strong>me</strong></span> <span class='ocrx_word' id='word_1_291' title='bbox 579 2363 739 2417; x_wconf 89' lang='lat' dir='ltr'><strong>debet</strong></span> <span class='ocrx_word' id='word_1_292' title='bbox 765 2378 884 2419; x_wconf 90' lang='lat' dir='ltr'><strong>esse</strong></span> <span class='ocrx_word' id='word_1_293' title='bbox 912 2363 995 2417; x_wconf 91' lang='lat' dir='ltr'><strong>cui</strong></span> <span class='ocrx_word' id='word_1_294' title='bbox 1026 2379 1109 2417; x_wconf 91' lang='lat' dir='ltr'><strong>me</strong></span> <span class='ocrx_word' id='word_1_295' title='bbox 1136 2364 1476 2418; x_wconf 90' lang='lat' dir='ltr'><strong>committere</strong></span> <span class='ocrx_word' id='word_1_296' title='bbox 1508 2380 1657 2433; x_wconf 88' lang='lat' dir='ltr'><strong>paro.</strong></span> <span class='ocrx_word' id='word_1_297' title='bbox 1694 2382 1713 2415; x_wconf 74' lang='grc' dir='ltr'><strong><em>ι</em></strong></span> 
     </span>
    </p>
   </div>
   <div class='ocr_carea' id='block_1_40' title="bbox 537 2451 2032 2524">
    <p class='ocr_par' dir='ltr' id='par_1_40' title="bbox 537 2451 2032 2524">
     <span class='ocr_line' id='line_1_40' title="bbox 537 2451 2032 2524; baseline 0.003 -20"><span class='ocrx_word' id='word_1_298' title='bbox 537 2451 611 2505; x_wconf 85' lang='lat' dir='ltr'><strong>De</strong></span> <span class='ocrx_word' id='word_1_299' title='bbox 642 2451 793 2520; x_wconf 86' lang='lat' dir='ltr'><strong>cujus</strong></span> <span class='ocrx_word' id='word_1_300' title='bbox 820 2454 1001 2522; x_wconf 85' lang='lat' dir='ltr'><strong>itaque</strong></span> <span class='ocrx_word' id='word_1_301' title='bbox 1042 2462 1186 2507; x_wconf 88' lang='lat' dir='ltr'><strong>stattt</strong></span> <span class='ocrx_word' id='word_1_302' title='bbox 1219 2454 1439 2507; x_wconf 91' lang='lat' dir='ltr'><strong>omnino</strong></span> <span class='ocrx_word' id='word_1_303' title='bbox 1469 2454 1717 2523; x_wconf 81' lang='lat' dir='ltr'><strong>ambigis,</strong></span> <span class='ocrx_word' id='word_1_304' title='bbox 1750 2454 1906 2509; x_wconf 87' lang='lat' dir='ltr'><strong>talem</strong></span> <span class='ocrx_word' id='word_1_305' title='bbox 1939 2470 2032 2524; x_wconf 89' lang='lat' dir='ltr'><strong>pe-</strong></span> 
     </span>
    </p>
   </div>
   <div class='ocr_carea' id='block_1_41' title="bbox 463 2542 2035 2614">
    <p class='ocr_par' dir='ltr' id='par_1_41' title="bbox 463 2542 2035 2614">
     <span class='ocr_line' id='line_1_41' title="bbox 463 2542 2035 2614; baseline 0.002 -19"><span class='ocrx_word' id='word_1_306' title='bbox 463 2550 576 2595; x_wconf 89' lang='lat' dir='ltr'><strong>tere</strong></span> <span class='ocrx_word' id='word_1_307' title='bbox 606 2557 782 2596; x_wconf 92' lang='lat' dir='ltr'><strong>nonne</strong></span> <span class='ocrx_word' id='word_1_308' title='bbox 812 2542 985 2595; x_wconf 90' lang='lat' dir='ltr'><strong>iusaui</strong></span> <span class='ocrx_word' id='word_1_309' title='bbox 1015 2558 1236 2612; x_wconf 87' lang='lat' dir='ltr'><strong>prorsus</strong></span> <span class='ocrx_word' id='word_1_310' title='bbox 1263 2552 1341 2597; x_wconf 88' lang='lat' dir='ltr'><strong>est</strong></span> <span class='ocrx_word' id='word_1_311' title='bbox 1367 2543 1590 2612; x_wconf 83' lang='lat' dir='ltr'><strong>capitis?</strong></span> <span class='ocrx_word' id='word_1_312' title='bbox 1617 2553 1670 2597; x_wconf 89' lang='lat' dir='ltr'><strong>et</strong></span> <span class='ocrx_word' id='word_1_313' title='bbox 1700 2559 1855 2613; x_wconf 84' lang='lat' dir='ltr'><strong>quem</strong></span> <span class='ocrx_word' id='word_1_314' title='bbox 1888 2545 2035 2614; x_wconf 86' lang='lat' dir='ltr'><strong>igno-</strong></span> 
     </span>
    </p>
   </div>
   <div class='ocr_carea' id='block_1_42' title="bbox 465 2632 2035 2703">
    <p class='ocr_par' dir='ltr' id='par_1_42' title="bbox 465 2632 2035 2703">
     <span class='ocr_line' id='line_1_42' title="bbox 465 2632 2035 2703; baseline 0.003 -20"><span class='ocrx_word' id='word_1_315' title='bbox 465 2647 553 2685; x_wconf 88' lang='lat' dir='ltr'><strong>ras</strong></span> <span class='ocrx_word' id='word_1_316' title='bbox 598 2643 777 2685; x_wconf 90' lang='lat' dir='ltr'><strong>utrum</strong></span> <span class='ocrx_word' id='word_1_317' title='bbox 828 2632 1018 2686; x_wconf 90' lang='lat' dir='ltr'><strong>melior</strong></span> <span class='ocrx_word' id='word_1_318' title='bbox 1067 2643 1115 2686; x_wconf 90' lang='lat' dir='ltr'><strong>te</strong></span> <span class='ocrx_word' id='word_1_319' title='bbox 1145 2633 1247 2697; x_wconf 89' lang='lat' dir='ltr'><strong>sit,</strong></span> <span class='ocrx_word' id='word_1_320' title='bbox 1293 2649 1461 2703; x_wconf 90' lang='lat' dir='ltr'><strong>quare</strong></span> <span class='ocrx_word' id='word_1_321' title='bbox 1492 2634 1732 2702; x_wconf 85' lang='lat' dir='ltr'><strong>postulas</strong></span> <span class='ocrx_word' id='word_1_322' title='bbox 1768 2644 1825 2688; x_wconf 91' lang='lat' dir='ltr'><strong>ut</strong></span> <span class='ocrx_word' id='word_1_323' title='bbox 1870 2651 2035 2703; x_wconf 88' lang='lat' dir='ltr'><strong>penes</strong></span> 
     </span>
    </p>
   </div>
   <div class='ocr_carea' id='block_1_43' title="bbox 466 2721 2031 2792">
    <p class='ocr_par' dir='ltr' id='par_1_43' title="bbox 466 2721 2031 2792">
     <span class='ocr_line' id='line_1_43' title="bbox 466 2721 2031 2792; baseline 0.001 -17"><span class='ocrx_word' id='word_1_324' title='bbox 466 2721 630 2775; x_wconf 86' lang='lat' dir='ltr'><strong>Deum</strong></span> <span class='ocrx_word' id='word_1_325' title='bbox 656 2738 752 2789; x_wconf 90' lang='lat' dir='ltr'><strong>pro</strong></span> <span class='ocrx_word' id='word_1_326' title='bbox 782 2731 830 2775; x_wconf 90' lang='lat' dir='ltr'><strong>te</strong></span> <span class='ocrx_word' id='word_1_327' title='bbox 863 2722 966 2777; x_wconf 87' lang='lat' dir='ltr'><strong>sit?</strong></span> <span class='ocrx_word' id='word_1_328' title='bbox 1001 2721 1131 2777; x_wconf 83' lang='lat' dir='ltr'><strong>Vide</strong></span> <span class='ocrx_word' id='word_1_329' title='bbox 1164 2723 1444 2777; x_wconf 89' lang='lat' dir='ltr'><strong>Dominum</strong></span> <span class='ocrx_word' id='word_1_330' title='bbox 1495 2739 1661 2792; x_wconf 89' lang='lat' dir='ltr'><strong>usque</strong></span> <span class='ocrx_word' id='word_1_331' title='bbox 1697 2722 1762 2777; x_wconf 88' lang='lat' dir='ltr'><strong>ad</strong></span> <span class='ocrx_word' id='word_1_332' title='bbox 1800 2725 2031 2777; x_wconf 83' lang='lat' dir='ltr'><strong>transla-</strong></span> 
     </span>
    </p>
   </div>
   <div class='ocr_carea' id='block_1_44' title="bbox 465 2808 2037 2876">
    <p class='ocr_par' dir='ltr' id='par_1_44' title="bbox 465 2808 2037 2876">
     <span class='ocr_line' id='line_1_44' title="bbox 465 2808 2037 2876; baseline 0.004 -17"><span class='ocrx_word' id='word_1_333' title='bbox 465 2808 662 2861; x_wconf 87' lang='lat' dir='ltr'><strong>tionem</strong></span> <span class='ocrx_word' id='word_1_334' title='bbox 712 2810 907 2863; x_wconf 90' lang='lat' dir='ltr'><strong>moutis</strong></span> <span class='ocrx_word' id='word_1_335' title='bbox 960 2810 1080 2863; x_wconf 83' lang='lat' dir='ltr'><strong>lidei</strong></span> <span class='ocrx_word' id='word_1_336' title='bbox 1136 2811 1385 2864; x_wconf 88' lang='lat' dir='ltr'><strong>meritum</strong></span> <span class='ocrx_word' id='word_1_337' title='bbox 1427 2813 1927 2876; x_wconf 63' lang='lat' dir='ltr'><strong>euntutcttdantcnt,</strong></span> <span class='ocrx_word' id='word_1_338' title='bbox 1981 2821 2037 2866; x_wconf 89' lang='lat' dir='ltr'><strong>et</strong></span> 
     </span>
    </p>
   </div>
   <div class='ocr_carea' id='block_1_45' title="bbox 466 2897 2032 2970">
    <p class='ocr_par' dir='ltr' id='par_1_45' title="bbox 466 2897 2032 2970">
     <span class='ocr_line' id='line_1_45' title="bbox 466 2897 2032 2970; baseline 0.003 -20"><span class='ocrx_word' id='word_1_339' title='bbox 466 2897 856 2952; x_wconf 73' lang='lat' dir='ltr'><strong>Iamsitationem</strong></span> <span class='ocrx_word' id='word_1_340' title='bbox 902 2899 1082 2954; x_wconf 86' lang='lat' dir='ltr'><strong>cordis</strong></span> <span class='ocrx_word' id='word_1_341' title='bbox 1128 2911 1314 2969; x_wconf 89' lang='lat' dir='ltr'><strong>aperte</strong></span> <span class='ocrx_word' id='word_1_342' title='bbox 1360 2909 1630 2955; x_wconf 79' lang='lat' dir='ltr'><strong>vetantem</strong></span> <span class='ocrx_word' id='word_1_343' title='bbox 1664 2900 1881 2970; x_wconf 79' lang='lat' dir='ltr'><strong>(Matth.</strong></span> <span class='ocrx_word' id='word_1_344' title='bbox 1917 2918 2032 2967; x_wconf 71' lang='lat' dir='ltr'><strong>ut,</strong></span> 
     </span>
    </p>
   </div>
   <div class='ocr_carea' id='block_1_46' title="bbox 460 2992 2031 3065">
    <p class='ocr_par' dir='ltr' id='par_1_46' title="bbox 460 2992 2031 3065">
     <span class='ocr_line' id='line_1_46' title="bbox 460 2992 2031 3065; baseline 0.002 -20"><span class='ocrx_word' id='word_1_345' title='bbox 460 2992 588 3061; x_wconf 71' lang='lat'><strong>2|).</strong></span> <span class='ocrx_word' id='word_1_346' title='bbox 629 2993 704 3047; x_wconf 84' lang='lat' dir='ltr'><strong>Ac</strong></span> <span class='ocrx_word' id='word_1_347' title='bbox 743 2994 786 3046; x_wconf 91' lang='lat' dir='ltr'><strong>si</strong></span> <span class='ocrx_word' id='word_1_348' title='bbox 833 2993 1036 3048; x_wconf 89' lang='lat' dir='ltr'><strong>diceret</strong></span> <span class='ocrx_word' id='word_1_349' title='bbox 1086 3012 1099 3047; x_wconf 89' lang='lat'><strong>:</strong></span> <span class='ocrx_word' id='word_1_350' title='bbox 1150 2994 1207 3048; x_wconf 88' lang='lat' dir='ltr'><strong>Si</strong></span> <span class='ocrx_word' id='word_1_351' title='bbox 1257 2994 1381 3063; x_wconf 90' lang='lat' dir='ltr'><strong>quid</strong></span> <span class='ocrx_word' id='word_1_352' title='bbox 1414 3012 1661 3065; x_wconf 87' lang='lat' dir='ltr'><strong>magnum</strong></span> <span class='ocrx_word' id='word_1_353' title='bbox 1712 2996 2031 3064; x_wconf 87' lang='lat' dir='ltr'><strong>proponitis,</strong></span> 
     </span>
    </p>
   </div>
   <div class='ocr_carea' id='block_1_47' title="bbox 461 3086 2030 3158">
    <p class='ocr_par' dir='ltr' id='par_1_47' title="bbox 461 3086 2030 3158">
     <span class='ocr_line' id='line_1_47' title="bbox 461 3086 2030 3158; baseline 0.004 -22"><span class='ocrx_word' id='word_1_354' title='bbox 461 3094 938 3154; x_wconf 86' lang='lat' dir='ltr'><strong>quantumcunque</strong></span> <span class='ocrx_word' id='word_1_355' title='bbox 980 3086 1105 3139; x_wconf 91' lang='lat' dir='ltr'><strong>illud</strong></span> <span class='ocrx_word' id='word_1_356' title='bbox 1142 3096 1241 3150; x_wconf 89' lang='lat' dir='ltr'><strong>est,</strong></span> <span class='ocrx_word' id='word_1_357' title='bbox 1288 3088 1331 3140; x_wconf 90' lang='lat' dir='ltr'><strong>si</strong></span> <span class='ocrx_word' id='word_1_358' title='bbox 1378 3088 1459 3140; x_wconf 89' lang='lat' dir='ltr'><strong>vel</strong></span> <span class='ocrx_word' id='word_1_359' title='bbox 1509 3103 1694 3158; x_wconf 89' lang='lat' dir='ltr'><strong>parum</strong></span> <span class='ocrx_word' id='word_1_360' title='bbox 1741 3088 2030 3153; x_wconf 70' lang='lat' dir='ltr'><strong>ltmsitatis,</strong></span> 
     </span>
    </p>
   </div>
   <div class='ocr_carea' id='block_1_48' title="bbox 2138 1914 3724 1984">
    <p class='ocr_par' dir='ltr' id='par_1_48' title="bbox 2138 1914 3724 1984">
     <span class='ocr_line' id='line_1_48' title="bbox 2138 1914 3724 1984; baseline -0.001 -16"><span class='ocrx_word' id='word_1_361' title='bbox 2138 1928 2261 1968; x_wconf 91' lang='lat' dir='ltr'><strong>men</strong></span> <span class='ocrx_word' id='word_1_362' title='bbox 2292 1914 2602 1969; x_wconf 90' lang='lat' dir='ltr'><strong>testimonia</strong></span> <span class='ocrx_word' id='word_1_363' title='bbox 2631 1929 2737 1970; x_wconf 92' lang='lat' dir='ltr'><strong>non</strong></span> <span class='ocrx_word' id='word_1_364' title='bbox 2760 1914 3033 1984; x_wconf 89' lang='lat' dir='ltr'><strong>adjacent,</strong></span> <span class='ocrx_word' id='word_1_365' title='bbox 3063 1929 3310 1970; x_wconf 83' lang='lat' dir='ltr'><strong>asserere</strong></span> <span class='ocrx_word' id='word_1_366' title='bbox 3338 1914 3724 1984; x_wconf 89' lang='lat' dir='ltr'><strong>prohibemur.</strong></span> 
     </span>
    </p>
   </div>
   <div class='ocr_carea' id='block_1_49' title="bbox 2208 2001 3726 2075">
    <p class='ocr_par' dir='ltr' id='par_1_49' title="bbox 2208 2001 3726 2075">
     <span class='ocr_line' id='line_1_49' title="bbox 2208 2001 3726 2075; baseline 0.001 -20"><span class='ocrx_word' id='word_1_367' title='bbox 2208 2001 2433 2073; x_wconf 75' lang='lat' dir='ltr'><strong>Reeasat</strong></span> <span class='ocrx_word' id='word_1_368' title='bbox 2472 2014 2653 2057; x_wconf 83' lang='lat' dir='ltr'><strong>auctor</strong></span> <span class='ocrx_word' id='word_1_369' title='bbox 2695 2004 2896 2057; x_wconf 83' lang='lat' dir='ltr'><strong>incerta</strong></span> <span class='ocrx_word' id='word_1_370' title='bbox 2942 2013 3094 2073; x_wconf 85' lang='lat' dir='ltr'><strong>atque</strong></span> <span class='ocrx_word' id='word_1_371' title='bbox 3122 2005 3387 2075; x_wconf 85' lang='lat' dir='ltr'><strong>incognita</strong></span> <span class='ocrx_word' id='word_1_372' title='bbox 3416 2016 3726 2058; x_wconf 82' lang='lat' dir='ltr'><strong>sanctorum</strong></span> 
     </span>
    </p>
   </div>
   <div class='ocr_carea' id='block_1_50' title="bbox 2138 2093 3728 2166">
    <p class='ocr_par' dir='ltr' id='par_1_50' title="bbox 2138 2093 3728 2166">
     <span class='ocr_line' id='line_1_50' title="bbox 2138 2093 3728 2166; baseline 0.002 -21"><span class='ocrx_word' id='word_1_373' title='bbox 2138 2101 2254 2145; x_wconf 89' lang='lat' dir='ltr'><strong>acta</strong></span> <span class='ocrx_word' id='word_1_374' title='bbox 2284 2093 2625 2147; x_wconf 80' lang='lat' dir='ltr'><strong>conscribere.</strong></span> <span class='ocrx_word' id='word_1_375' title='bbox 2649 2123 2721 2134; x_wconf 91' lang='lat'><strong>--</strong></span> <span class='ocrx_word' id='word_1_376' title='bbox 2760 2094 2817 2148; x_wconf 88' lang='lat' dir='ltr'><strong>Si</strong></span> <span class='ocrx_word' id='word_1_377' title='bbox 2848 2094 2915 2150; x_wconf 89' lang='lat' dir='ltr'><strong>de</strong></span> <span class='ocrx_word' id='word_1_378' title='bbox 2960 2094 3051 2149; x_wconf 89' lang='lat' dir='ltr'><strong>illa</strong></span> <span class='ocrx_word' id='word_1_379' title='bbox 3097 2094 3251 2164; x_wconf 87' lang='lat' dir='ltr'><strong>cujus</strong></span> <span class='ocrx_word' id='word_1_380' title='bbox 3276 2096 3507 2166; x_wconf 84' lang='lat' dir='ltr'><strong>gloriam</strong></span> <span class='ocrx_word' id='word_1_381' title='bbox 3543 2096 3728 2149; x_wconf 88' lang='lat' dir='ltr'><strong>metiri</strong></span> 
     </span>
    </p>
   </div>
   <div class='ocr_carea' id='block_1_51' title="bbox 2136 2180 3731 2252">
    <p class='ocr_par' dir='ltr' id='par_1_51' title="bbox 2136 2180 3731 2252">
     <span class='ocr_line' id='line_1_51' title="bbox 2136 2180 3731 2252; baseline 0.001 -18"><span class='ocrx_word' id='word_1_382' title='bbox 2136 2180 2315 2234; x_wconf 92' lang='lat' dir='ltr'><strong>omnis</strong></span> <span class='ocrx_word' id='word_1_383' title='bbox 2336 2188 2584 2234; x_wconf 89' lang='lat' dir='ltr'><strong>creatura</strong></span> <span class='ocrx_word' id='word_1_384' title='bbox 2610 2195 2713 2234; x_wconf 90' lang='lat' dir='ltr'><strong>non</strong></span> <span class='ocrx_word' id='word_1_385' title='bbox 2742 2181 3017 2250; x_wconf 78' lang='lat' dir='ltr'><strong>praevalet,</strong></span> <span class='ocrx_word' id='word_1_386' title='bbox 3045 2196 3107 2237; x_wconf 89' lang='lat' dir='ltr'><strong>ea</strong></span> <span class='ocrx_word' id='word_1_387' title='bbox 3137 2198 3254 2251; x_wconf 70' lang='lat' dir='ltr'><strong>qua:</strong></span> <span class='ocrx_word' id='word_1_388' title='bbox 3282 2184 3567 2252; x_wconf 62' lang='lat' dir='ltr'><strong>praemissa</strong></span> <span class='ocrx_word' id='word_1_389' title='bbox 3598 2190 3731 2236; x_wconf 89' lang='lat' dir='ltr'><strong>sunt</strong></span> 
     </span>
    </p>
   </div>
   <div class='ocr_carea' id='block_1_52' title="bbox 2137 2269 3732 2343">
    <p class='ocr_par' dir='ltr' id='par_1_52' title="bbox 2137 2269 3732 2343">
     <span class='ocr_line' id='line_1_52' title="bbox 2137 2269 3732 2343; baseline 0.002 -19"><span class='ocrx_word' id='word_1_390' title='bbox 2137 2269 2333 2325; x_wconf 92' lang='lat' dir='ltr'><strong>docere</strong></span> <span class='ocrx_word' id='word_1_391' title='bbox 2363 2282 2469 2323; x_wconf 90' lang='lat' dir='ltr'><strong>non</strong></span> <span class='ocrx_word' id='word_1_392' title='bbox 2509 2285 2817 2340; x_wconf 88' lang='lat' dir='ltr'><strong>possumus,</strong></span> <span class='ocrx_word' id='word_1_393' title='bbox 2846 2272 2912 2327; x_wconf 91' lang='lat' dir='ltr'><strong>de</strong></span> <span class='ocrx_word' id='word_1_394' title='bbox 2942 2272 3012 2327; x_wconf 91' lang='lat' dir='ltr'><strong>iis</strong></span> <span class='ocrx_word' id='word_1_395' title='bbox 3057 2288 3285 2342; x_wconf 90' lang='lat' dir='ltr'><strong>quorum</strong></span> <span class='ocrx_word' id='word_1_396' title='bbox 3316 2272 3465 2329; x_wconf 90' lang='lat' dir='ltr'><strong>salus</strong></span> <span class='ocrx_word' id='word_1_397' title='bbox 3494 2283 3551 2327; x_wconf 88' lang='lat' dir='ltr'><strong>et</strong></span> <span class='ocrx_word' id='word_1_398' title='bbox 3604 2288 3732 2343; x_wconf 88' lang='lat' dir='ltr'><strong>per-</strong></span> 
     </span>
    </p>
   </div>
   <div class='ocr_carea' id='block_1_53' title="bbox 2136 2360 3725 2433">
    <p class='ocr_par' dir='ltr' id='par_1_53' title="bbox 2136 2360 3725 2433">
     <span class='ocr_line' id='line_1_53' title="bbox 2136 2360 3725 2433; baseline 0 -18"><span class='ocrx_word' id='word_1_399' title='bbox 2136 2361 2269 2415; x_wconf 90' lang='lat' dir='ltr'><strong>ditio</strong></span> <span class='ocrx_word' id='word_1_400' title='bbox 2296 2360 2503 2416; x_wconf 90' lang='lat' dir='ltr'><strong>ittcerta</strong></span> <span class='ocrx_word' id='word_1_401' title='bbox 2526 2371 2669 2426; x_wconf 90' lang='lat' dir='ltr'><strong>sunt,</strong></span> <span class='ocrx_word' id='word_1_402' title='bbox 2699 2361 2828 2431; x_wconf 91' lang='lat' dir='ltr'><strong>quid</strong></span> <span class='ocrx_word' id='word_1_403' title='bbox 2857 2362 2960 2417; x_wconf 88' lang='lat' dir='ltr'><strong>nisi</strong></span> <span class='ocrx_word' id='word_1_404' title='bbox 3007 2362 3280 2418; x_wconf 88' lang='lat' dir='ltr'><strong>silentium</strong></span> <span class='ocrx_word' id='word_1_405' title='bbox 3325 2364 3725 2433; x_wconf 87' lang='lat' dir='ltr'><strong>sempiternum</strong></span> 
     </span>
    </p>
   </div>
   <div class='ocr_carea' id='block_1_54' title="bbox 2137 2450 3729 2523">
    <p class='ocr_par' dir='ltr' id='par_1_54' title="bbox 2137 2450 3729 2523">
     <span class='ocr_line' id='line_1_54' title="bbox 2137 2450 3729 2523; baseline 0.003 -20"><span class='ocrx_word' id='word_1_406' title='bbox 2137 2450 2407 2520; x_wconf 89' lang='lat' dir='ltr'><strong>imperare</strong></span> <span class='ocrx_word' id='word_1_407' title='bbox 2434 2452 2722 2507; x_wconf 89' lang='lat' dir='ltr'><strong>debemus?</strong></span> <span class='ocrx_word' id='word_1_408' title='bbox 2744 2453 2913 2509; x_wconf 87' lang='lat' dir='ltr'><strong>Porro</strong></span> <span class='ocrx_word' id='word_1_409' title='bbox 2938 2463 3063 2508; x_wconf 91' lang='lat' dir='ltr'><strong>sunt</strong></span> <span class='ocrx_word' id='word_1_410' title='bbox 3087 2454 3331 2522; x_wconf 83' lang='lat' dir='ltr'><strong>quaedam</strong></span> <span class='ocrx_word' id='word_1_411' title='bbox 3360 2455 3429 2509; x_wconf 90' lang='lat' dir='ltr'><strong>de</strong></span> <span class='ocrx_word' id='word_1_412' title='bbox 3449 2454 3729 2523; x_wconf 85' lang='lat' dir='ltr'><strong>aliquibus</strong></span> 
     </span>
    </p>
   </div>
   <div class='ocr_carea' id='block_1_55' title="bbox 2136 2542 3725 2610">
    <p class='ocr_par' dir='ltr' id='par_1_55' title="bbox 2136 2542 3725 2610">
     <span class='ocr_line' id='line_1_55' title="bbox 2136 2542 3725 2610; baseline 0 -14"><span class='ocrx_word' id='word_1_413' title='bbox 2136 2542 2358 2610; x_wconf 85' lang='lat' dir='ltr'><strong>scripta,</strong></span> <span class='ocrx_word' id='word_1_414' title='bbox 2389 2557 2507 2610; x_wconf 88' lang='lat' dir='ltr'><strong>quae</strong></span> <span class='ocrx_word' id='word_1_415' title='bbox 2538 2542 2706 2596; x_wconf 91' lang='lat' dir='ltr'><strong>multo</strong></span> <span class='ocrx_word' id='word_1_416' title='bbox 2732 2543 3001 2598; x_wconf 89' lang='lat' dir='ltr'><strong>deteriora</strong></span> <span class='ocrx_word' id='word_1_417' title='bbox 3047 2544 3220 2598; x_wconf 89' lang='lat' dir='ltr'><strong>neniis</strong></span> <span class='ocrx_word' id='word_1_418' title='bbox 3250 2559 3317 2598; x_wconf 88' lang='lat' dir='ltr'><strong>ne</strong></span> <span class='ocrx_word' id='word_1_419' title='bbox 3364 2544 3725 2598; x_wconf 89' lang='lat' dir='ltr'><strong>subulcorum</strong></span> 
     </span>
    </p>
   </div>
   <div class='ocr_carea' id='block_1_56' title="bbox 2134 2633 3729 2704">
    <p class='ocr_par' dir='ltr' id='par_1_56' title="bbox 2134 2633 3729 2704">
     <span class='ocr_line' id='line_1_56' title="bbox 2134 2633 3729 2704; baseline 0.001 -18"><span class='ocrx_word' id='word_1_420' title='bbox 2134 2634 2352 2702; x_wconf 89' lang='lat' dir='ltr'><strong>quidem</strong></span> <span class='ocrx_word' id='word_1_421' title='bbox 2381 2642 2562 2687; x_wconf 91' lang='lat' dir='ltr'><strong>essent</strong></span> <span class='ocrx_word' id='word_1_422' title='bbox 2591 2633 2814 2687; x_wconf 90' lang='lat' dir='ltr'><strong>auribus</strong></span> <span class='ocrx_word' id='word_1_423' title='bbox 2851 2634 3151 2690; x_wconf 80' lang='lat' dir='ltr'><strong>inferenda.</strong></span> <span class='ocrx_word' id='word_1_424' title='bbox 3187 2634 3347 2690; x_wconf 84' lang='lat' dir='ltr'><strong>Certe</strong></span> <span class='ocrx_word' id='word_1_425' title='bbox 3375 2650 3500 2689; x_wconf 87' lang='lat' dir='ltr'><strong>cum</strong></span> <span class='ocrx_word' id='word_1_426' title='bbox 3534 2635 3729 2704; x_wconf 89' lang='lat' dir='ltr'><strong>plures</strong></span> 
     </span>
    </p>
   </div>
   <div class='ocr_carea' id='block_1_57' title="bbox 2136 2723 3729 2793">
    <p class='ocr_par' dir='ltr' id='par_1_57' title="bbox 2136 2723 3729 2793">
     <span class='ocr_line' id='line_1_57' title="bbox 2136 2723 3729 2793; baseline 0 -16"><span class='ocrx_word' id='word_1_427' title='bbox 2136 2723 2339 2777; x_wconf 89' lang='lat' dir='ltr'><strong>sanctis</strong></span> <span class='ocrx_word' id='word_1_428' title='bbox 2386 2724 2498 2778; x_wconf 89' lang='lat' dir='ltr'><strong>suis</strong></span> <span class='ocrx_word' id='word_1_429' title='bbox 2541 2738 2783 2779; x_wconf 86' lang='lat' dir='ltr'><strong>summas</strong></span> <span class='ocrx_word' id='word_1_430' title='bbox 2834 2725 3187 2793; x_wconf 87' lang='lat' dir='ltr'><strong>antiquitates</strong></span> <span class='ocrx_word' id='word_1_431' title='bbox 3233 2725 3568 2788; x_wconf 74' lang='lat' dir='ltr'><strong>attribuant;</strong></span> <span class='ocrx_word' id='word_1_432' title='bbox 3606 2741 3729 2778; x_wconf 84' lang='lat' dir='ltr'><strong>mo-</strong></span> 
     </span>
    </p>
   </div>
   <div class='ocr_carea' id='block_1_58' title="bbox 2134 2814 3727 2884">
    <p class='ocr_par' dir='ltr' id='par_1_58' title="bbox 2134 2814 3727 2884">
     <span class='ocr_line' id='line_1_58' title="bbox 2134 2814 3727 2884; baseline 0.002 -18"><span class='ocrx_word' id='word_1_433' title='bbox 2134 2817 2302 2867; x_wconf 88' lang='lat' dir='ltr'><strong>deruo</strong></span> <span class='ocrx_word' id='word_1_434' title='bbox 2327 2823 2566 2881; x_wconf 88' lang='lat' dir='ltr'><strong>tempore</strong></span> <span class='ocrx_word' id='word_1_435' title='bbox 2588 2829 2776 2867; x_wconf 88' lang='lat' dir='ltr'><strong>eorunt</strong></span> <span class='ocrx_word' id='word_1_436' title='bbox 2809 2814 2973 2868; x_wconf 91' lang='lat' dir='ltr'><strong>scribi</strong></span> <span class='ocrx_word' id='word_1_437' title='bbox 2988 2814 3143 2869; x_wconf 87' lang='lat' dir='ltr'><strong>&#39;vitas</strong></span> <span class='ocrx_word' id='word_1_438' title='bbox 3169 2814 3534 2884; x_wconf 76' lang='lat' dir='ltr'><strong>expostulant.</strong></span> <span class='ocrx_word' id='word_1_439' title='bbox 3560 2815 3727 2882; x_wconf 84' lang='lat' dir='ltr'><strong>Quod</strong></span> 
     </span>
    </p>
   </div>
   <div class='ocr_carea' id='block_1_59' title="bbox 2134 2904 3729 2975">
    <p class='ocr_par' dir='ltr' id='par_1_59' title="bbox 2134 2904 3729 2975">
     <span class='ocr_line' id='line_1_59' title="bbox 2134 2904 3729 2975; baseline 0.001 -17"><span class='ocrx_word' id='word_1_440' title='bbox 2134 2919 2163 2958; x_wconf 89' lang='lat' dir='ltr'><strong>a</strong></span> <span class='ocrx_word' id='word_1_441' title='bbox 2197 2920 2281 2958; x_wconf 89' lang='lat' dir='ltr'><strong>me</strong></span> <span class='ocrx_word' id='word_1_442' title='bbox 2318 2904 2562 2974; x_wconf 80' lang='lat' dir='ltr'><strong>profecto</strong></span> <span class='ocrx_word' id='word_1_443' title='bbox 2604 2920 2745 2973; x_wconf 69' lang='lat' dir='ltr'><strong>smpe</strong></span> <span class='ocrx_word' id='word_1_444' title='bbox 2792 2906 3017 2974; x_wconf 90' lang='lat' dir='ltr'><strong>petitum</strong></span> <span class='ocrx_word' id='word_1_445' title='bbox 3047 2914 3148 2959; x_wconf 88' lang='lat' dir='ltr'><strong>est.</strong></span> <span class='ocrx_word' id='word_1_446' title='bbox 3190 2905 3300 2975; x_wconf 82' lang='lat' dir='ltr'><strong>Ego</strong></span> <span class='ocrx_word' id='word_1_447' title='bbox 3329 2915 3514 2959; x_wconf 85' lang='lat' dir='ltr'><strong>autem</strong></span> <span class='ocrx_word' id='word_1_448' title='bbox 3546 2908 3606 2959; x_wconf 90' lang='lat' dir='ltr'><strong>itt</strong></span> <span class='ocrx_word' id='word_1_449' title='bbox 3643 2906 3729 2960; x_wconf 87' lang='lat' dir='ltr'><strong>bis</strong></span> 
     </span>
    </p>
   </div>
   <div class='ocr_carea' id='block_1_60' title="bbox 2134 2993 3727 3064">
    <p class='ocr_par' dir='ltr' id='par_1_60' title="bbox 2134 2993 3727 3064">
     <span class='ocr_line' id='line_1_60' title="bbox 2134 2993 3727 3064; baseline 0.003 -19"><span class='ocrx_word' id='word_1_450' title='bbox 2134 3009 2253 3062; x_wconf 78' lang='lat' dir='ltr'><strong>qua:</strong></span> <span class='ocrx_word' id='word_1_451' title='bbox 2282 2995 2558 3048; x_wconf 90' lang='lat' dir='ltr'><strong>obtutibus</strong></span> <span class='ocrx_word' id='word_1_452' title='bbox 2584 2994 2889 3064; x_wconf 84' lang='lat' dir='ltr'><strong>subjacent,</strong></span> <span class='ocrx_word' id='word_1_453' title='bbox 2918 2993 3106 3058; x_wconf 82' lang='lat' dir='ltr'><strong>fallor;</strong></span> <span class='ocrx_word' id='word_1_454' title='bbox 3137 3004 3192 3047; x_wconf 90' lang='lat' dir='ltr'><strong>et</strong></span> <span class='ocrx_word' id='word_1_455' title='bbox 3220 2995 3286 3049; x_wconf 90' lang='lat' dir='ltr'><strong>de</strong></span> <span class='ocrx_word' id='word_1_456' title='bbox 3313 2996 3379 3048; x_wconf 90' lang='lat' dir='ltr'><strong>iis</strong></span> <span class='ocrx_word' id='word_1_457' title='bbox 3407 3010 3530 3063; x_wconf 70' lang='lat' dir='ltr'><strong>qum</strong></span> <span class='ocrx_word' id='word_1_458' title='bbox 3552 3012 3727 3051; x_wconf 85' lang='lat' dir='ltr'><strong>nemo</strong></span> 
     </span>
    </p>
   </div>
   <div class='ocr_carea' id='block_1_61' title="bbox 2135 3085 3727 3155">
    <p class='ocr_par' dir='ltr' id='par_1_61' title="bbox 2135 3085 3727 3155">
     <span class='ocr_line' id='line_1_61' title="bbox 2135 3085 3727 3155; baseline 0.002 -17"><span class='ocrx_word' id='word_1_459' title='bbox 2135 3101 2369 3155; x_wconf 74' lang='lat' dir='ltr'><strong>unquam</strong></span> <span class='ocrx_word' id='word_1_460' title='bbox 2398 3086 2616 3152; x_wconf 90' lang='lat' dir='ltr'><strong>viderit,</strong></span> <span class='ocrx_word' id='word_1_461' title='bbox 2639 3086 2766 3155; x_wconf 91' lang='lat' dir='ltr'><strong>quid</strong></span> <span class='ocrx_word' id='word_1_462' title='bbox 2788 3085 2901 3139; x_wconf 90' lang='lat' dir='ltr'><strong>veri</strong></span> <span class='ocrx_word' id='word_1_463' title='bbox 2931 3085 3222 3153; x_wconf 77' lang='lat' dir='ltr'><strong>profiteor?</strong></span> <span class='ocrx_word' id='word_1_464' title='bbox 3247 3088 3300 3140; x_wconf 86' lang='lat' dir='ltr'><strong>Si</strong></span> <span class='ocrx_word' id='word_1_465' title='bbox 3331 3087 3572 3140; x_wconf 89' lang='lat' dir='ltr'><strong>dicerem</strong></span> <span class='ocrx_word' id='word_1_466' title='bbox 3601 3103 3727 3155; x_wconf 74' lang='lat' dir='ltr'><strong>qua:</strong></span> 
     </span>
    </p>
   </div>
   <div class='ocr_carea' id='block_1_62' title="bbox 461 3169 3727 3245">
    <p class='ocr_par' dir='ltr' id='par_1_62' title="bbox 461 3169 3727 3245">
     <span class='ocr_line' id='line_1_62' title="bbox 461 3169 3727 3245; baseline 0.003 -17"><span class='ocrx_word' id='word_1_467' title='bbox 461 3177 737 3239; x_wconf 85' lang='lat' dir='ltr'><strong>atttittitis,</strong></span> <span class='ocrx_word' id='word_1_468' title='bbox 786 3187 838 3229; x_wconf 84' lang='lat' dir='ltr'><strong>et</strong></span> <span class='ocrx_word' id='word_1_469' title='bbox 884 3179 1051 3232; x_wconf 87' lang='lat' dir='ltr'><strong>multo</strong></span> <span class='ocrx_word' id='word_1_470' title='bbox 1099 3178 1426 3235; x_wconf 77' lang='lat' dir='ltr'><strong>tolerabilius</strong></span> <span class='ocrx_word' id='word_1_471' title='bbox 1473 3181 1665 3235; x_wconf 86' lang='lat' dir='ltr'><strong>estde</strong></span> <span class='ocrx_word' id='word_1_472' title='bbox 1712 3196 1808 3235; x_wconf 92' lang='lat' dir='ltr'><strong>suo</strong></span> <span class='ocrx_word' id='word_1_473' title='bbox 1838 3169 2099 3237; x_wconf 81' lang='lat' dir='ltr'><strong>mei-itoC</strong></span> <span class='ocrx_word' id='word_1_474' title='bbox 2133 3175 2240 3230; x_wconf 85' lang='lat' dir='ltr'><strong>dici</strong></span> <span class='ocrx_word' id='word_1_475' title='bbox 2270 3176 2469 3239; x_wconf 80' lang='lat' dir='ltr'><strong>audivi.</strong></span> <span class='ocrx_word' id='word_1_476' title='bbox 2504 3184 2558 3229; x_wconf 81' lang='lat' dir='ltr'><strong>et</strong></span> <span class='ocrx_word' id='word_1_477' title='bbox 2609 3176 2772 3231; x_wconf 81' lang='lat' dir='ltr'><strong>etiam</strong></span> <span class='ocrx_word' id='word_1_478' title='bbox 2818 3191 2933 3229; x_wconf 86' lang='lat' dir='ltr'><strong>sum</strong></span> <span class='ocrx_word' id='word_1_479' title='bbox 2984 3185 3202 3245; x_wconf 77' lang='lat' dir='ltr'><strong>rogatus</strong></span> <span class='ocrx_word' id='word_1_480' title='bbox 3248 3185 3304 3229; x_wconf 82' lang='lat' dir='ltr'><strong>ut</strong></span> <span class='ocrx_word' id='word_1_481' title='bbox 3345 3192 3510 3245; x_wconf 83' lang='lat' dir='ltr'><strong>super</strong></span> <span class='ocrx_word' id='word_1_482' title='bbox 3555 3176 3727 3231; x_wconf 82' lang='lat' dir='ltr'><strong>laude</strong></span> 
     </span>
    </p>
   </div>
   <div class='ocr_carea' id='block_1_63' title="bbox 459 3268 2032 3342">
    <p class='ocr_par' dir='ltr' id='par_1_63' title="bbox 459 3268 2032 3342">
     <span class='ocr_line' id='line_1_63' title="bbox 459 3268 2032 3342; baseline 0.005 -22"><span class='ocrx_word' id='word_1_483' title='bbox 459 3282 725 3337; x_wconf 89' lang='lat' dir='ltr'><strong>quemque</strong></span> <span class='ocrx_word' id='word_1_484' title='bbox 757 3268 996 3324; x_wconf 80' lang='lat' dir='ltr'><strong>ditiiJere</strong></span> <span class='ocrx_word' id='word_1_485' title='bbox 1027 3286 1185 3339; x_wconf 88' lang='lat' dir='ltr'><strong>quam</strong></span> <span class='ocrx_word' id='word_1_486' title='bbox 1212 3273 1276 3325; x_wconf 90' lang='lat' dir='ltr'><strong>de</strong></span> <span class='ocrx_word' id='word_1_487' title='bbox 1308 3273 1445 3325; x_wconf 90' lang='lat' dir='ltr'><strong>eoin</strong></span> <span class='ocrx_word' id='word_1_488' title='bbox 1475 3287 1580 3340; x_wconf 89' lang='lat' dir='ltr'><strong>quo</strong></span> <span class='ocrx_word' id='word_1_489' title='bbox 1610 3287 1731 3340; x_wconf 89' lang='lat' dir='ltr'><strong>spes</strong></span> <span class='ocrx_word' id='word_1_490' title='bbox 1756 3282 1841 3326; x_wconf 91' lang='lat' dir='ltr'><strong>tua</strong></span> <span class='ocrx_word' id='word_1_491' title='bbox 1869 3288 2032 3342; x_wconf 87' lang='lat' dir='ltr'><strong>penes</strong></span> 
     </span>
    </p>
   </div>
   <div class='ocr_carea' id='block_1_64' title="bbox 458 3357 2027 3429">
    <p class='ocr_par' dir='ltr' id='par_1_64' title="bbox 458 3357 2027 3429">
     <span class='ocr_line' id='line_1_64' title="bbox 458 3357 2027 3429; baseline 0.004 -20"><span class='ocrx_word' id='word_1_492' title='bbox 458 3357 622 3410; x_wconf 84' lang='lat' dir='ltr'><strong>Deum</strong></span> <span class='ocrx_word' id='word_1_493' title='bbox 652 3359 980 3427; x_wconf 87' lang='lat' dir='ltr'><strong>pependerit,</strong></span> <span class='ocrx_word' id='word_1_494' title='bbox 1015 3369 1243 3427; x_wconf 90' lang='lat' dir='ltr'><strong>patrono</strong></span> <span class='ocrx_word' id='word_1_495' title='bbox 1281 3368 1371 3413; x_wconf 92' lang='lat' dir='ltr'><strong>tuo</strong></span> <span class='ocrx_word' id='word_1_496' title='bbox 1413 3360 1680 3424; x_wconf 80' lang='lat' dir='ltr'><strong>videlicet,</strong></span> <span class='ocrx_word' id='word_1_497' title='bbox 1716 3359 2027 3429; x_wconf 88' lang='lat' dir='ltr'><strong>desperare.</strong></span> 
     </span>
    </p>
   </div>
   <div class='ocr_carea' id='block_1_65' title="bbox 459 3447 2031 3514">
    <p class='ocr_par' dir='ltr' id='par_1_65' title="bbox 459 3447 2031 3514">
     <span class='ocr_line' id='line_1_65' title="bbox 459 3447 2031 3514; baseline 0.004 -16"><span class='ocrx_word' id='word_1_498' title='bbox 459 3447 594 3513; x_wconf 83' lang='lat' dir='ltr'><strong>Quia</strong></span> <span class='ocrx_word' id='word_1_499' title='bbox 639 3449 781 3501; x_wconf 87' lang='lat' dir='ltr'><strong>enim</strong></span> <span class='ocrx_word' id='word_1_500' title='bbox 815 3449 993 3503; x_wconf 89' lang='lat' dir='ltr'><strong>minus</strong></span> <span class='ocrx_word' id='word_1_501' title='bbox 1039 3450 1132 3503; x_wconf 88' lang='lat' dir='ltr'><strong>tibi</strong></span> <span class='ocrx_word' id='word_1_502' title='bbox 1173 3450 1459 3514; x_wconf 83' lang='lat' dir='ltr'><strong>attribuis,</strong></span> <span class='ocrx_word' id='word_1_503' title='bbox 1507 3450 1653 3504; x_wconf 88' lang='lat' dir='ltr'><strong>illttttt</strong></span> <span class='ocrx_word' id='word_1_504' title='bbox 1687 3451 1941 3512; x_wconf 87' lang='lat' dir='ltr'><strong>adhibes,</strong></span> <span class='ocrx_word' id='word_1_505' title='bbox 1978 3461 2031 3505; x_wconf 84' lang='lat' dir='ltr'><strong>et</strong></span> 
     </span>
    </p>
   </div>
   <div class='ocr_carea' id='block_1_66' title="bbox 456 3539 2027 3611">
    <p class='ocr_par' dir='ltr' id='par_1_66' title="bbox 456 3539 2027 3611">
     <span class='ocr_line' id='line_1_66' title="bbox 456 3539 2027 3611; baseline 0.001 -19"><span class='ocrx_word' id='word_1_506' title='bbox 456 3549 604 3592; x_wconf 89' lang='lat' dir='ltr'><strong>certe</strong></span> <span class='ocrx_word' id='word_1_507' title='bbox 633 3539 770 3593; x_wconf 89' lang='lat' dir='ltr'><strong>nosti</strong></span> <span class='ocrx_word' id='word_1_508' title='bbox 800 3540 923 3607; x_wconf 88' lang='lat' dir='ltr'><strong>quia</strong></span> <span class='ocrx_word' id='word_1_509' title='bbox 952 3539 995 3592; x_wconf 91' lang='lat' dir='ltr'><strong>si</strong></span> <span class='ocrx_word' id='word_1_510' title='bbox 1030 3540 1295 3609; x_wconf 84' lang='lat' dir='ltr'><strong>interpres</strong></span> <span class='ocrx_word' id='word_1_511' title='bbox 1325 3549 1445 3594; x_wconf 91' lang='lat' dir='ltr'><strong>tuus</strong></span> <span class='ocrx_word' id='word_1_512' title='bbox 1486 3540 1736 3594; x_wconf 80' lang='lat' dir='ltr'><strong>falsitatis</strong></span> <span class='ocrx_word' id='word_1_513' title='bbox 1764 3542 2027 3611; x_wconf 83' lang='lat' dir='ltr'><strong>arguitur,</strong></span> 
     </span>
    </p>
   </div>
   <div class='ocr_carea' id='block_1_67' title="bbox 458 3628 1569 3699">
    <p class='ocr_par' dir='ltr' id='par_1_67' title="bbox 458 3628 1569 3699">
     <span class='ocr_line' id='line_1_67' title="bbox 458 3628 1569 3699; baseline 0.002 -19"><span class='ocrx_word' id='word_1_514' title='bbox 458 3629 716 3697; x_wconf 82' lang='lat' dir='ltr'><strong>quidquid</strong></span> <span class='ocrx_word' id='word_1_515' title='bbox 748 3628 1033 3697; x_wconf 86' lang='lat' dir='ltr'><strong>impetrare</strong></span> <span class='ocrx_word' id='word_1_516' title='bbox 1060 3637 1334 3696; x_wconf 87' lang='lat' dir='ltr'><strong>potueras,</strong></span> <span class='ocrx_word' id='word_1_517' title='bbox 1360 3631 1569 3699; x_wconf 89' lang='lat' dir='ltr'><strong>perdes.</strong></span> 
     </span>
    </p>
   </div>
   <div class='ocr_carea' id='block_1_68' title="bbox 530 3718 2029 3790">
    <p class='ocr_par' dir='ltr' id='par_1_68' title="bbox 530 3718 2029 3790">
     <span class='ocr_line' id='line_1_68' title="bbox 530 3718 2029 3790; baseline 0.001 -19"><span class='ocrx_word' id='word_1_518' title='bbox 530 3718 735 3789; x_wconf 81' lang='lat' dir='ltr'><strong>Apertis</strong></span> <span class='ocrx_word' id='word_1_519' title='bbox 764 3718 1082 3787; x_wconf 81' lang='lat' dir='ltr'><strong>argumentis</strong></span> <span class='ocrx_word' id='word_1_520' title='bbox 1108 3735 1293 3788; x_wconf 85' lang='lat' dir='ltr'><strong>corpus</strong></span> <span class='ocrx_word' id='word_1_521' title='bbox 1319 3718 1383 3772; x_wconf 87' lang='grc' dir='ltr'><strong>Β.</strong></span> <span class='ocrx_word' id='word_1_522' title='bbox 1423 3718 1646 3790; x_wconf 84' lang='lat' dir='ltr'><strong>Virginis</strong></span> <span class='ocrx_word' id='word_1_523' title='bbox 1677 3719 2029 3790; x_wconf 76' lang='lat' dir='ltr'><strong>glori/iratum</strong></span> 
     </span>
    </p>
   </div>
   <div class='ocr_carea' id='block_1_69' title="bbox 459 3810 2029 3880">
    <p class='ocr_par' dir='ltr' id='par_1_69' title="bbox 459 3810 2029 3880">
     <span class='ocr_line' id='line_1_69' title="bbox 459 3810 2029 3880; baseline 0.003 -17"><span class='ocrx_word' id='word_1_524' title='bbox 459 3813 624 3863; x_wconf 82' lang='lat' dir='ltr'><strong>assert&#39;</strong></span> <span class='ocrx_word' id='word_1_525' title='bbox 665 3826 767 3863; x_wconf 85' lang='lat' dir='ltr'><strong>non</strong></span> <span class='ocrx_word' id='word_1_526' title='bbox 814 3820 1010 3879; x_wconf 79' lang='lat' dir='ltr'><strong>potest;</strong></span> <span class='ocrx_word' id='word_1_527' title='bbox 1042 3810 1297 3880; x_wconf 76' lang='lat' dir='ltr'><strong>nefarium</strong></span> <span class='ocrx_word' id='word_1_528' title='bbox 1346 3822 1517 3866; x_wconf 85' lang='lat' dir='ltr'><strong>tamen</strong></span> <span class='ocrx_word' id='word_1_529' title='bbox 1553 3822 1626 3866; x_wconf 87' lang='lat' dir='ltr'><strong>est</strong></span> <span class='ocrx_word' id='word_1_530' title='bbox 1661 3813 1867 3866; x_wconf 78' lang='lat' dir='ltr'><strong>credere</strong></span> <span class='ocrx_word' id='word_1_531' title='bbox 1897 3812 2029 3867; x_wconf 79' lang='lat' dir='ltr'><strong>illud</strong></span> 
     </span>
    </p>
   </div>
   <div class='ocr_carea' id='block_1_70' title="bbox 458 3900 2027 3970">
    <p class='ocr_par' dir='ltr' id='par_1_70' title="bbox 458 3900 2027 3970">
     <span class='ocr_line' id='line_1_70' title="bbox 458 3900 2027 3970; baseline 0.003 -18"><span class='ocrx_word' id='word_1_532' title='bbox 458 3900 779 3965; x_wconf 83' lang='lat' dir='ltr'><strong>corruptioni</strong></span> <span class='ocrx_word' id='word_1_533' title='bbox 808 3900 1110 3967; x_wconf 79' lang='lat' dir='ltr'><strong>obnoxium,</strong></span> <span class='ocrx_word' id='word_1_534' title='bbox 1139 3901 1403 3970; x_wconf 80' lang='lat' dir='ltr'><strong>reliquisse</strong></span> <span class='ocrx_word' id='word_1_535' title='bbox 1420 3901 1638 3955; x_wconf 76' lang='lat' dir='ltr'><strong>Filium.</strong></span> <span class='ocrx_word' id='word_1_536' title='bbox 1664 3901 1815 3956; x_wconf 80' lang='lat' dir='ltr'><strong>Ratio</strong></span> <span class='ocrx_word' id='word_1_537' title='bbox 1844 3904 2027 3956; x_wconf 81' lang='lat' dir='ltr'><strong>suadet</strong></span> 
     </span>
    </p>
   </div>
   <div class='ocr_carea' id='block_1_71' title="bbox 456 3989 2026 4062">
    <p class='ocr_par' dir='ltr' id='par_1_71' title="bbox 456 3989 2026 4062">
     <span class='ocr_line' id='line_1_71' title="bbox 456 3989 2026 4062; baseline 0.004 -20"><span class='ocrx_word' id='word_1_538' title='bbox 456 3991 508 4043; x_wconf 85' lang='lat' dir='ltr'><strong>in</strong></span> <span class='ocrx_word' id='word_1_539' title='bbox 540 3989 718 4044; x_wconf 68' lang='lat' dir='ltr'><strong>caelum</strong></span> <span class='ocrx_word' id='word_1_540' title='bbox 756 3989 919 4059; x_wconf 78' lang='lat' dir='ltr'><strong>fuisse</strong></span> <span class='ocrx_word' id='word_1_541' title='bbox 958 4004 1298 4062; x_wconf 78' lang='lat' dir='ltr'><strong>assumptum.</strong></span> <span class='ocrx_word' id='word_1_542' title='bbox 1336 4024 1407 4053; x_wconf 71' lang='lat'><strong>-,—</strong></span> <span class='ocrx_word' id='word_1_543' title='bbox 1436 3992 1540 4048; x_wconf 91' lang='lat' dir='ltr'><strong>Sed</strong></span> <span class='ocrx_word' id='word_1_544' title='bbox 1570 3992 1697 4062; x_wconf 88' lang='lat' dir='ltr'><strong>quid</strong></span> <span class='ocrx_word' id='word_1_545' title='bbox 1738 3993 1790 4046; x_wconf 90' lang='lat' dir='ltr'><strong>in</strong></span> <span class='ocrx_word' id='word_1_546' title='bbox 1830 3994 1893 4048; x_wconf 88' lang='lat' dir='ltr'><strong>iis</strong></span> <span class='ocrx_word' id='word_1_547' title='bbox 1939 3995 2026 4048; x_wconf 91' lang='lat' dir='ltr'><strong>diu</strong></span> 
     </span>
    </p>
   </div>
   <div class='ocr_carea' id='block_1_72' title="bbox 458 4084 2029 4141">
    <p class='ocr_par' dir='ltr' id='par_1_72' title="bbox 458 4084 2029 4141">
     <span class='ocr_line' id='line_1_72' title="bbox 458 4084 2029 4141; baseline 0.003 -4"><span class='ocrx_word' id='word_1_548' title='bbox 458 4100 647 4138; x_wconf 88' lang='lat' dir='ltr'><strong>versor</strong></span> <span class='ocrx_word' id='word_1_549' title='bbox 682 4099 801 4137; x_wconf 91' lang='lat' dir='ltr'><strong>eum</strong></span> <span class='ocrx_word' id='word_1_550' title='bbox 852 4092 997 4138; x_wconf 87' lang='lat' dir='ltr'><strong>tanta</strong></span> <span class='ocrx_word' id='word_1_551' title='bbox 1030 4084 1102 4139; x_wconf 90' lang='lat' dir='ltr'><strong>sit</strong></span> <span class='ocrx_word' id='word_1_552' title='bbox 1129 4084 1180 4139; x_wconf 93' lang='lat' dir='ltr'><strong>in</strong></span> <span class='ocrx_word' id='word_1_553' title='bbox 1214 4086 1375 4140; x_wconf 90' lang='lat' dir='ltr'><strong>totius</strong></span> <span class='ocrx_word' id='word_1_554' title='bbox 1404 4095 1605 4140; x_wconf 75' lang='lat' dir='ltr'><strong>sancta:</strong></span> <span class='ocrx_word' id='word_1_555' title='bbox 1642 4085 1893 4141; x_wconf 70' lang='lat' dir='ltr'><strong>Ecclesiae</strong></span> <span class='ocrx_word' id='word_1_556' title='bbox 1934 4101 2029 4141; x_wconf 91' lang='lat' dir='ltr'><strong>ore</strong></span> 
     </span>
    </p>
   </div>
   <div class='ocr_carea' id='block_1_73' title="bbox 459 4174 2032 4247">
    <p class='ocr_par' dir='ltr' id='par_1_73' title="bbox 459 4174 2032 4247">
     <span class='ocr_line' id='line_1_73' title="bbox 459 4174 2032 4247; baseline 0.003 -18"><span class='ocrx_word' id='word_1_557' title='bbox 459 4174 715 4245; x_wconf 89' lang='lat' dir='ltr'><strong>pudicitia</strong></span> <span class='ocrx_word' id='word_1_558' title='bbox 744 4175 858 4247; x_wconf 83' lang='grc'><strong>(¹⁰⁰)</strong></span> <span class='ocrx_word' id='word_1_559' title='bbox 893 4184 950 4230; x_wconf 89' lang='lat' dir='ltr'><strong>ut</strong></span> <span class='ocrx_word' id='word_1_560' title='bbox 975 4179 1139 4231; x_wconf 89' lang='lat' dir='ltr'><strong>etiam</strong></span> <span class='ocrx_word' id='word_1_561' title='bbox 1183 4177 1367 4232; x_wconf 86' lang='lat' dir='ltr'><strong>Matris</strong></span> <span class='ocrx_word' id='word_1_562' title='bbox 1401 4178 1691 4233; x_wconf 75' lang='lat' dir='ltr'><strong>Dominica:</strong></span> <span class='ocrx_word' id='word_1_563' title='bbox 1722 4193 1918 4247; x_wconf 91' lang='lat' dir='ltr'><strong>corpus</strong></span> <span class='ocrx_word' id='word_1_564' title='bbox 1945 4194 2032 4233; x_wconf 90' lang='lat' dir='ltr'><strong>re-</strong></span> 
     </span>
    </p>
   </div>
   <div class='ocr_carea' id='block_1_74' title="bbox 459 4266 2028 4337">
    <p class='ocr_par' dir='ltr' id='par_1_74' title="bbox 459 4266 2028 4337">
     <span class='ocr_line' id='line_1_74' title="bbox 459 4266 2028 4337; baseline 0 -18"><span class='ocrx_word' id='word_1_565' title='bbox 459 4268 797 4320; x_wconf 87' lang='lat' dir='ltr'><strong>surrectione</strong></span> <span class='ocrx_word' id='word_1_566' title='bbox 826 4266 1184 4337; x_wconf 81' lang='lat' dir='ltr'><strong>gloriﬁcatum</strong></span> <span class='ocrx_word' id='word_1_567' title='bbox 1234 4266 1416 4321; x_wconf 89' lang='lat' dir='ltr'><strong>dicere</strong></span> <span class='ocrx_word' id='word_1_568' title='bbox 1451 4282 1556 4321; x_wconf 91' lang='lat' dir='ltr'><strong>non</strong></span> <span class='ocrx_word' id='word_1_569' title='bbox 1588 4267 1803 4332; x_wconf 88' lang='lat' dir='ltr'><strong>audeat,</strong></span> <span class='ocrx_word' id='word_1_570' title='bbox 1833 4267 1901 4320; x_wconf 89' lang='lat' dir='ltr'><strong>ob</strong></span> <span class='ocrx_word' id='word_1_571' title='bbox 1929 4268 2028 4320; x_wconf 83' lang='lat' dir='ltr'><strong>hoc</strong></span> 
     </span>
    </p>
   </div>
   <div class='ocr_carea' id='block_1_75' title="bbox 459 4355 2029 4428">
    <p class='ocr_par' dir='ltr' id='par_1_75' title="bbox 459 4355 2029 4428">
     <span class='ocr_line' id='line_1_75' title="bbox 459 4355 2029 4428; baseline 0.001 -19"><span class='ocrx_word' id='word_1_572' title='bbox 459 4355 705 4410; x_wconf 63' lang='lat' dir='ltr'><strong>vidi-licet</strong></span> <span class='ocrx_word' id='word_1_573' title='bbox 746 4357 886 4425; x_wconf 87' lang='lat' dir='ltr'><strong>quod</strong></span> <span class='ocrx_word' id='word_1_574' title='bbox 932 4356 1258 4412; x_wconf 88' lang='lat' dir='ltr'><strong>necessariis</strong></span> <span class='ocrx_word' id='word_1_575' title='bbox 1303 4357 1635 4428; x_wconf 88' lang='lat' dir='ltr'><strong>argumentis</strong></span> <span class='ocrx_word' id='word_1_576' title='bbox 1677 4356 2029 4426; x_wconf 88' lang='lat' dir='ltr'><strong>comprobare</strong></span> 
     </span>
    </p>
   </div>
   <div class='ocr_carea' id='block_1_76' title="bbox 458 4448 2027 4517">
    <p class='ocr_par' dir='ltr' id='par_1_76' title="bbox 458 4448 2027 4517">
     <span class='ocr_line' id='line_1_76' title="bbox 458 4448 2027 4517; baseline -0.001 -14"><span class='ocrx_word' id='word_1_577' title='bbox 458 4465 562 4503; x_wconf 90' lang='lat' dir='ltr'><strong>non</strong></span> <span class='ocrx_word' id='word_1_578' title='bbox 596 4450 805 4505; x_wconf 83' lang='lat' dir='ltr'><strong>valeat?</strong></span> <span class='ocrx_word' id='word_1_579' title='bbox 849 4448 914 4503; x_wconf 86' lang='lat' dir='ltr'><strong>Et</strong></span> <span class='ocrx_word' id='word_1_580' title='bbox 966 4464 1088 4504; x_wconf 92' lang='lat' dir='ltr'><strong>cum</strong></span> <span class='ocrx_word' id='word_1_581' title='bbox 1130 4463 1223 4503; x_wconf 90' lang='lat' dir='ltr'><strong>vas</strong></span> <span class='ocrx_word' id='word_1_582' title='bbox 1267 4448 1397 4503; x_wconf 90' lang='lat' dir='ltr'><strong>illud</strong></span> <span class='ocrx_word' id='word_1_583' title='bbox 1442 4449 1589 4504; x_wconf 92' lang='lat' dir='ltr'><strong>omni</strong></span> <span class='ocrx_word' id='word_1_584' title='bbox 1628 4458 1876 4503; x_wconf 88' lang='lat' dir='ltr'><strong>creatura</strong></span> <span class='ocrx_word' id='word_1_585' title='bbox 1909 4459 2027 4517; x_wconf 90' lang='lat' dir='ltr'><strong>post</strong></span> 
     </span>
    </p>
   </div>
   <div class='ocr_carea' id='block_1_77' title="bbox 456 4522 2104 4612">
    <p class='ocr_par' dir='ltr' id='par_1_77' title="bbox 456 4522 2104 4612">
     <span class='ocr_line' id='line_1_77' title="bbox 456 4522 2104 4612; baseline -0.002 -18"><span class='ocrx_word' id='word_1_586' title='bbox 456 4539 649 4595; x_wconf 84' lang='lat' dir='ltr'><strong>Filium</strong></span> <span class='ocrx_word' id='word_1_587' title='bbox 694 4539 1023 4612; x_wconf 74' lang='lat' dir='ltr'><strong>prrcclarius,</strong></span> <span class='ocrx_word' id='word_1_588' title='bbox 1054 4539 1196 4611; x_wconf 90' lang='lat' dir='ltr'><strong>quod</strong></span> <span class='ocrx_word' id='word_1_589' title='bbox 1241 4538 1525 4593; x_wconf 84' lang='lat' dir='ltr'><strong>Dominum</strong></span> <span class='ocrx_word' id='word_1_590' title='bbox 1572 4538 1870 4608; x_wconf 76' lang='lat' dir='ltr'><strong>maiestatis</strong></span> <span class='ocrx_word' id='word_1_591' title='bbox 1909 4538 2028 4591; x_wconf 92' lang='lat' dir='ltr'><strong>uui-</strong></span> <span class='ocrx_word' id='word_1_592' title='bbox 2061 4522 2104 4575; x_wconf 77' lang='lat' dir='ltr'><strong>D</strong></span> 
     </span>
    </p>
   </div>
   <div class='ocr_carea' id='block_1_78' title="bbox 456 4629 2030 4705">
    <p class='ocr_par' dir='ltr' id='par_1_78' title="bbox 456 4629 2030 4705">
     <span class='ocr_line' id='line_1_78' title="bbox 456 4629 2030 4705; baseline -0.003 -20"><span class='ocrx_word' id='word_1_593' title='bbox 456 4648 733 4686; x_wconf 86' lang='lat' dir='ltr'><strong>versoruin</strong></span> <span class='ocrx_word' id='word_1_594' title='bbox 782 4631 1029 4705; x_wconf 69' lang='lat' dir='ltr'><strong>contulit,</strong></span> <span class='ocrx_word' id='word_1_595' title='bbox 1064 4632 1205 4701; x_wconf 89' lang='lat' dir='ltr'><strong>quod</strong></span> <span class='ocrx_word' id='word_1_596' title='bbox 1236 4647 1512 4703; x_wconf 89' lang='lat' dir='ltr'><strong>nunquam</strong></span> <span class='ocrx_word' id='word_1_597' title='bbox 1546 4630 1635 4685; x_wconf 91' lang='lat' dir='ltr'><strong>ulli</strong></span> <span class='ocrx_word' id='word_1_598' title='bbox 1682 4646 1749 4684; x_wconf 92' lang='lat' dir='ltr'><strong>ne</strong></span> <span class='ocrx_word' id='word_1_599' title='bbox 1776 4629 2030 4699; x_wconf 77' lang='lat' dir='ltr'><strong>angelica:</strong></span> 
     </span>
    </p>
   </div>
   <div class='ocr_carea' id='block_1_79' title="bbox 455 4719 2027 4791">
    <p class='ocr_par' dir='ltr' id='par_1_79' title="bbox 455 4719 2027 4791">
     <span class='ocr_line' id='line_1_79' title="bbox 455 4719 2027 4791; baseline -0.003 -17"><span class='ocrx_word' id='word_1_600' title='bbox 455 4723 671 4791; x_wconf 87' lang='lat' dir='ltr'><strong>quidem</strong></span> <span class='ocrx_word' id='word_1_601' title='bbox 704 4732 911 4776; x_wconf 75' lang='lat' dir='ltr'><strong>natura:</strong></span> <span class='ocrx_word' id='word_1_602' title='bbox 942 4722 1177 4787; x_wconf 87' lang='lat' dir='ltr'><strong>licuerit,</strong></span> <span class='ocrx_word' id='word_1_603' title='bbox 1207 4721 1658 4775; x_wconf 87' lang='lat' dir='ltr'><strong>irremuncratum</strong></span> <span class='ocrx_word' id='word_1_604' title='bbox 1680 4759 1695 4783; x_wconf 92' lang='lat'><strong>,</strong></span> <span class='ocrx_word' id='word_1_605' title='bbox 1735 4719 2027 4772; x_wconf 88' lang='lat' dir='ltr'><strong>inhonora-</strong></span> 
     </span>
    </p>
   </div>
   <div class='ocr_carea' id='block_1_80' title="bbox 460 4810 2031 4882">
    <p class='ocr_par' dir='ltr' id='par_1_80' title="bbox 460 4810 2031 4882">
     <span class='ocr_line' id='line_1_80' title="bbox 460 4810 2031 4882; baseline -0.004 -16"><span class='ocrx_word' id='word_1_606' title='bbox 460 4823 641 4866; x_wconf 85' lang='lat' dir='ltr'><strong>tutnve</strong></span> <span class='ocrx_word' id='word_1_607' title='bbox 669 4813 938 4868; x_wconf 88' lang='lat' dir='ltr'><strong>dimisisse</strong></span> <span class='ocrx_word' id='word_1_608' title='bbox 973 4814 1038 4867; x_wconf 87' lang='lat' dir='ltr'><strong>ad</strong></span> <span class='ocrx_word' id='word_1_609' title='bbox 1084 4813 1470 4882; x_wconf 79' lang='lat' dir='ltr'><strong>experientiam</strong></span> <span class='ocrx_word' id='word_1_610' title='bbox 1514 4810 1876 4878; x_wconf 82' lang='lat' dir='ltr'><strong>corruptionis</strong></span> <span class='ocrx_word' id='word_1_611' title='bbox 1911 4820 2031 4860; x_wconf 88' lang='lat' dir='ltr'><strong>cre-</strong></span> 
     </span>
    </p>
   </div>
   <div class='ocr_carea' id='block_1_81' title="bbox 458 4899 2030 4973">
    <p class='ocr_par' dir='ltr' id='par_1_81' title="bbox 458 4899 2030 4973">
     <span class='ocr_line' id='line_1_81' title="bbox 458 4899 2030 4973; baseline -0.004 -15"><span class='ocrx_word' id='word_1_612' title='bbox 458 4905 585 4959; x_wconf 88' lang='lat' dir='ltr'><strong>dere</strong></span> <span class='ocrx_word' id='word_1_613' title='bbox 615 4904 875 4959; x_wconf 79' lang='lat' dir='ltr'><strong>nel‘arittm</strong></span> <span class='ocrx_word' id='word_1_614' title='bbox 920 4906 989 4960; x_wconf 90' lang='lat' dir='ltr'><strong>sit</strong></span> <span class='ocrx_word' id='word_1_615' title='bbox 1014 4903 1333 4973; x_wconf 70' lang='lat' dir='ltr'><strong>(praesertim</strong></span> <span class='ocrx_word' id='word_1_616' title='bbox 1369 4918 1491 4957; x_wconf 89' lang='lat' dir='ltr'><strong>cum</strong></span> <span class='ocrx_word' id='word_1_617' title='bbox 1520 4900 1659 4970; x_wconf 91' lang='lat' dir='ltr'><strong>quod</strong></span> <span class='ocrx_word' id='word_1_618' title='bbox 1688 4899 1899 4969; x_wconf 91' lang='lat' dir='ltr'><strong>corpori</strong></span> <span class='ocrx_word' id='word_1_619' title='bbox 1934 4912 2030 4951; x_wconf 90' lang='lat' dir='ltr'><strong>suo</strong></span> 
     </span>
    </p>
   </div>
   <div class='ocr_carea' id='block_1_82' title="bbox 456 4987 2030 5065">
    <p class='ocr_par' dir='ltr' id='par_1_82' title="bbox 456 4987 2030 5065">
     <span class='ocr_line' id='line_1_82' title="bbox 456 4987 2030 5065; baseline -0.006 -19"><span class='ocrx_word' id='word_1_620' title='bbox 456 4994 808 5065; x_wconf 83' lang='lat' dir='ltr'><strong>gloriﬁcando</strong></span> <span class='ocrx_word' id='word_1_621' title='bbox 853 4995 1119 5057; x_wconf 89' lang='lat' dir='ltr'><strong>debuerit,</strong></span> <span class='ocrx_word' id='word_1_622' title='bbox 1151 5000 1394 5044; x_wconf 90' lang='lat' dir='ltr'><strong>ntaterno</strong></span> <span class='ocrx_word' id='word_1_623' title='bbox 1437 4987 1674 5057; x_wconf 91' lang='lat' dir='ltr'><strong>corpori,</strong></span> <span class='ocrx_word' id='word_1_624' title='bbox 1708 5002 1773 5040; x_wconf 81' lang='lat' dir='ltr'><strong>ex</strong></span> <span class='ocrx_word' id='word_1_625' title='bbox 1815 5002 1920 5054; x_wconf 92' lang='lat' dir='ltr'><strong>quo</strong></span> <span class='ocrx_word' id='word_1_626' title='bbox 1948 4994 2030 5038; x_wconf 91' lang='lat' dir='ltr'><strong>est</strong></span> 
     </span>
    </p>
   </div>
   <div class='ocr_carea' id='block_1_83' title="bbox 457 5078 2033 5153">
    <p class='ocr_par' dir='ltr' id='par_1_83' title="bbox 457 5078 2033 5153">
     <span class='ocr_line' id='line_1_83' title="bbox 457 5078 2033 5153; baseline -0.004 -17"><span class='ocrx_word' id='word_1_627' title='bbox 457 5085 597 5153; x_wconf 91' lang='lat' dir='ltr'><strong>quod</strong></span> <span class='ocrx_word' id='word_1_628' title='bbox 625 5094 729 5149; x_wconf 88' lang='lat' dir='ltr'><strong>est,</strong></span> <span class='ocrx_word' id='word_1_629' title='bbox 765 5084 1050 5139; x_wconf 84' lang='lat' dir='ltr'><strong>redhibere</strong></span> <span class='ocrx_word' id='word_1_630' title='bbox 1078 5080 1347 5135; x_wconf 77' lang='lat' dir='ltr'><strong>obnoxius</strong></span> <span class='ocrx_word' id='word_1_631' title='bbox 1369 5078 1457 5147; x_wconf 90' lang='lat' dir='ltr'><strong>sit)</strong></span> <span class='ocrx_word' id='word_1_632' title='bbox 1476 5119 1489 5141; x_wconf 94' lang='lat'><strong>,</strong></span> <span class='ocrx_word' id='word_1_633' title='bbox 1522 5078 1899 5131; x_wconf 90' lang='lat' dir='ltr'><strong>resuscitatum</strong></span> <span class='ocrx_word' id='word_1_634' title='bbox 1939 5090 2033 5129; x_wconf 85' lang='lat' dir='ltr'><strong>tte-</strong></span> 
     </span>
    </p>
   </div>
   <div class='ocr_carea' id='block_1_84' title="bbox 457 5162 2027 5243">
    <p class='ocr_par' dir='ltr' id='par_1_84' title="bbox 457 5162 2027 5243">
     <span class='ocr_line' id='line_1_84' title="bbox 457 5162 2027 5243; baseline -0.006 -20"><span class='ocrx_word' id='word_1_635' title='bbox 457 5188 724 5243; x_wconf 88' lang='lat' dir='ltr'><strong>quaquam</strong></span> <span class='ocrx_word' id='word_1_636' title='bbox 770 5173 949 5227; x_wconf 87' lang='lat' dir='ltr'><strong>dicere</strong></span> <span class='ocrx_word' id='word_1_637' title='bbox 991 5168 1322 5232; x_wconf 88' lang='lat' dir='ltr'><strong>audeamus;</strong></span> <span class='ocrx_word' id='word_1_638' title='bbox 1354 5182 1451 5220; x_wconf 90' lang='lat' dir='ltr'><strong>nec</strong></span> <span class='ocrx_word' id='word_1_639' title='bbox 1481 5165 1549 5219; x_wconf 91' lang='lat' dir='ltr'><strong>ob</strong></span> <span class='ocrx_word' id='word_1_640' title='bbox 1592 5165 1733 5217; x_wconf 88' lang='lat' dir='ltr'><strong>aliud</strong></span> <span class='ocrx_word' id='word_1_641' title='bbox 1766 5162 2027 5233; x_wconf 80' lang='lat' dir='ltr'><strong>profecto,</strong></span> 
     </span>
    </p>
   </div>
   <div class='ocr_carea' id='block_1_85' title="bbox 458 5255 2030 5332">
    <p class='ocr_par' dir='ltr' id='par_1_85' title="bbox 458 5255 2030 5332">
     <span class='ocr_line' id='line_1_85' title="bbox 458 5255 2030 5332; baseline -0.008 -15"><span class='ocrx_word' id='word_1_642' title='bbox 458 5265 560 5318; x_wconf 92' lang='lat' dir='ltr'><strong>nisi</strong></span> <span class='ocrx_word' id='word_1_643' title='bbox 601 5264 743 5332; x_wconf 89' lang='lat' dir='ltr'><strong>quod</strong></span> <span class='ocrx_word' id='word_1_644' title='bbox 789 5257 1157 5331; x_wconf 87' lang='lat' dir='ltr'><strong>probabilibus</strong></span> <span class='ocrx_word' id='word_1_645' title='bbox 1204 5256 1419 5310; x_wconf 91' lang='lat' dir='ltr'><strong>indiciis</strong></span> <span class='ocrx_word' id='word_1_646' title='bbox 1463 5255 1514 5309; x_wconf 89' lang='lat' dir='ltr'><strong>id</strong></span> <span class='ocrx_word' id='word_1_647' title='bbox 1564 5267 1875 5307; x_wconf 87' lang='lat' dir='ltr'><strong>asseverare</strong></span> <span class='ocrx_word' id='word_1_648' title='bbox 1925 5267 2030 5305; x_wconf 89' lang='lat' dir='ltr'><strong>non</strong></span> 
     </span>
    </p>
   </div>
   <div class='ocr_carea' id='block_1_86' title="bbox 457 5345 2032 5426">
    <p class='ocr_par' dir='ltr' id='par_1_86' title="bbox 457 5345 2032 5426">
     <span class='ocr_line' id='line_1_86' title="bbox 457 5345 2032 5426; baseline -0.011 -14"><span class='ocrx_word' id='word_1_649' title='bbox 457 5368 764 5426; x_wconf 89' lang='lat' dir='ltr'><strong>possumus.</strong></span> <span class='ocrx_word' id='word_1_650' title='bbox 809 5350 921 5406; x_wconf 82' lang='lat' dir='ltr'><strong>Etsi</strong></span> <span class='ocrx_word' id='word_1_651' title='bbox 968 5350 1111 5403; x_wconf 89' lang='lat' dir='ltr'><strong>enim</strong></span> <span class='ocrx_word' id='word_1_652' title='bbox 1152 5347 1288 5402; x_wconf 89' lang='lat' dir='ltr'><strong>alias</strong></span> <span class='ocrx_word' id='word_1_653' title='bbox 1318 5350 1368 5399; x_wconf 87' lang='lat' dir='ltr'><strong>itt</strong></span> <span class='ocrx_word' id='word_1_654' title='bbox 1393 5345 1715 5400; x_wconf 89' lang='lat' dir='ltr'><strong>dissertione</strong></span> <span class='ocrx_word' id='word_1_655' title='bbox 1746 5358 1912 5396; x_wconf 83' lang='lat' dir='ltr'><strong>saera:</strong></span> <span class='ocrx_word' id='word_1_656' title='bbox 1938 5358 2032 5411; x_wconf 87' lang='lat' dir='ltr'><strong>pa-</strong></span> 
     </span>
    </p>
   </div>
   <div class='ocr_carea' id='block_1_87' title="bbox 460 5436 2031 5517">
    <p class='ocr_par' dir='ltr' id='par_1_87' title="bbox 460 5436 2031 5517">
     <span class='ocr_line' id='line_1_87' title="bbox 460 5436 2031 5517; baseline -0.009 -16"><span class='ocrx_word' id='word_1_657' title='bbox 460 5449 596 5517; x_wconf 72' lang='lat' dir='ltr'><strong>gina:</strong></span> <span class='ocrx_word' id='word_1_658' title='bbox 625 5446 763 5501; x_wconf 90' lang='lat' dir='ltr'><strong>ratio</strong></span> <span class='ocrx_word' id='word_1_659' title='bbox 790 5440 1078 5512; x_wconf 87' lang='lat' dir='ltr'><strong>aliquoties</strong></span> <span class='ocrx_word' id='word_1_660' title='bbox 1100 5438 1212 5495; x_wconf 90' lang='lat' dir='ltr'><strong>sola</strong></span> <span class='ocrx_word' id='word_1_661' title='bbox 1237 5438 1541 5501; x_wconf 88' lang='lat' dir='ltr'><strong>conveniat,</strong></span> <span class='ocrx_word' id='word_1_662' title='bbox 1567 5436 1829 5489; x_wconf 90' lang='lat' dir='ltr'><strong>rationem</strong></span> <span class='ocrx_word' id='word_1_663' title='bbox 1853 5444 2031 5487; x_wconf 90' lang='lat' dir='ltr'><strong>autem</strong></span> 
     </span>
    </p>
   </div>
   <div class='ocr_carea' id='block_1_88' title="bbox 459 5527 2030 5603">
    <p class='ocr_par' dir='ltr' id='par_1_88' title="bbox 459 5527 2030 5603">
     <span class='ocr_line' id='line_1_88' title="bbox 459 5527 2030 5603; baseline -0.008 -9"><span class='ocrx_word' id='word_1_664' title='bbox 459 5538 700 5594; x_wconf 87' lang='lat' dir='ltr'><strong>adhibita</strong></span> <span class='ocrx_word' id='word_1_665' title='bbox 748 5535 1151 5603; x_wconf 90' lang='lat' dir='ltr'><strong>Scripturarum</strong></span> <span class='ocrx_word' id='word_1_666' title='bbox 1194 5532 1247 5587; x_wconf 91' lang='lat' dir='ltr'><strong>in</strong></span> <span class='ocrx_word' id='word_1_667' title='bbox 1297 5546 1356 5587; x_wconf 91' lang='lat' dir='ltr'><strong>se</strong></span> <span class='ocrx_word' id='word_1_668' title='bbox 1402 5529 1647 5601; x_wconf 79' lang='lat' dir='ltr'><strong>exempla</strong></span> <span class='ocrx_word' id='word_1_669' title='bbox 1696 5527 2030 5595; x_wconf 85' lang='lat' dir='ltr'><strong>contineant,</strong></span> 
     </span>
    </p>
   </div>
   <div class='ocr_carea' id='block_1_89' title="bbox 459 5621 2034 5692">
    <p class='ocr_par' dir='ltr' id='par_1_89' title="bbox 459 5621 2034 5692">
     <span class='ocr_line' id='line_1_89' title="bbox 459 5621 2034 5692; baseline -0.007 -9"><span class='ocrx_word' id='word_1_670' title='bbox 459 5627 549 5683; x_wconf 74' lang='lat' dir='ltr'><strong>hic</strong></span> <span class='ocrx_word' id='word_1_671' title='bbox 578 5635 757 5679; x_wconf 86' lang='lat' dir='ltr'><strong>tamen</strong></span> <span class='ocrx_word' id='word_1_672' title='bbox 784 5622 885 5677; x_wconf 90' lang='lat' dir='ltr'><strong>etsi</strong></span> <span class='ocrx_word' id='word_1_673' title='bbox 938 5623 1077 5677; x_wconf 90' lang='lat' dir='ltr'><strong>ratio</strong></span> <span class='ocrx_word' id='word_1_674' title='bbox 1119 5637 1238 5678; x_wconf 90' lang='lat' dir='ltr'><strong>eam</strong></span> <span class='ocrx_word' id='word_1_675' title='bbox 1269 5621 1334 5676; x_wconf 91' lang='lat' dir='ltr'><strong>ad</strong></span> <span class='ocrx_word' id='word_1_676' title='bbox 1374 5621 1645 5692; x_wconf 89' lang='lat' dir='ltr'><strong>integrum</strong></span> <span class='ocrx_word' id='word_1_677' title='bbox 1693 5631 1919 5688; x_wconf 89' lang='lat' dir='ltr'><strong>corpore</strong></span> <span class='ocrx_word' id='word_1_678' title='bbox 1950 5633 2034 5673; x_wconf 83' lang='lat' dir='ltr'><strong>re-</strong></span> 
     </span>
    </p>
   </div>
   <div class='ocr_carea' id='block_1_90' title="bbox 460 5713 2031 5785">
    <p class='ocr_par' dir='ltr' id='par_1_90' title="bbox 460 5713 2031 5785">
     <span class='ocr_line' id='line_1_90' title="bbox 460 5713 2031 5785; baseline -0.004 -13"><span class='ocrx_word' id='word_1_679' title='bbox 460 5717 721 5772; x_wconf 90' lang='lat' dir='ltr'><strong>suscitato</strong></span> <span class='ocrx_word' id='word_1_680' title='bbox 766 5713 1113 5769; x_wconf 81' lang='lat' dir='ltr'><strong>clariﬁcatam</strong></span> <span class='ocrx_word' id='word_1_681' title='bbox 1165 5714 1622 5785; x_wconf 90' lang='lat' dir='ltr'><strong>opportunissima</strong></span> <span class='ocrx_word' id='word_1_682' title='bbox 1675 5713 2031 5779; x_wconf 88' lang='lat' dir='ltr'><strong>undecunque</strong></span> 
     </span>
    </p>
   </div>
   <div class='ocr_carea' id='block_1_91' title="bbox 463 5804 2027 5877">
    <p class='ocr_par' dir='ltr' id='par_1_91' title="bbox 463 5804 2027 5877">
     <span class='ocr_line' id='line_1_91' title="bbox 463 5804 2027 5877; baseline -0.004 -15"><span class='ocrx_word' id='word_1_683' title='bbox 463 5813 784 5877; x_wconf 87' lang='lat' dir='ltr'><strong>comportet,</strong></span> <span class='ocrx_word' id='word_1_684' title='bbox 821 5820 1007 5860; x_wconf 90' lang='lat' dir='ltr'><strong>verum</strong></span> <span class='ocrx_word' id='word_1_685' title='bbox 1055 5805 1181 5874; x_wconf 88' lang='lat' dir='ltr'><strong>quia</strong></span> <span class='ocrx_word' id='word_1_686' title='bbox 1226 5804 1494 5861; x_wconf 84' lang='lat' dir='ltr'><strong>evidentia</strong></span> <span class='ocrx_word' id='word_1_687' title='bbox 1542 5806 1891 5877; x_wconf 82' lang='lat' dir='ltr'><strong>probamenta</strong></span> <span class='ocrx_word' id='word_1_688' title='bbox 1924 5818 2027 5857; x_wconf 92' lang='lat' dir='ltr'><strong>non</strong></span> 
     </span>
    </p>
   </div>
   <div class='ocr_carea' id='block_1_92' title="bbox 2135 3267 3726 3340">
    <p class='ocr_par' dir='ltr' id='par_1_92' title="bbox 2135 3267 3726 3340">
     <span class='ocr_line' id='line_1_92' title="bbox 2135 3267 3726 3340; baseline 0.001 -19"><span class='ocrx_word' id='word_1_689' title='bbox 2135 3268 2325 3322; x_wconf 82' lang='lat' dir='ltr'><strong>borum</strong></span> <span class='ocrx_word' id='word_1_690' title='bbox 2357 3278 2464 3321; x_wconf 93' lang='lat' dir='ltr'><strong>tam</strong></span> <span class='ocrx_word' id='word_1_691' title='bbox 2511 3267 2825 3338; x_wconf 83' lang='lat' dir='ltr'><strong>ignobilium</strong></span> <span class='ocrx_word' id='word_1_692' title='bbox 2870 3268 3121 3332; x_wconf 88' lang='lat' dir='ltr'><strong>dicerent,</strong></span> <span class='ocrx_word' id='word_1_693' title='bbox 3154 3269 3282 3337; x_wconf 90' lang='lat' dir='ltr'><strong>quin</strong></span> <span class='ocrx_word' id='word_1_694' title='bbox 3319 3269 3483 3322; x_wconf 89' lang='lat' dir='ltr'><strong>etiam</strong></span> <span class='ocrx_word' id='word_1_695' title='bbox 3517 3269 3591 3322; x_wconf 88' lang='lat' dir='ltr'><strong>ad</strong></span> <span class='ocrx_word' id='word_1_696' title='bbox 3621 3284 3726 3340; x_wconf 87' lang='lat' dir='ltr'><strong>po-</strong></span> 
     </span>
    </p>
   </div>
   <div class='ocr_carea' id='block_1_93' title="bbox 2133 3355 3727 3426">
    <p class='ocr_par' dir='ltr' id='par_1_93' title="bbox 2133 3355 3727 3426">
     <span class='ocr_line' id='line_1_93' title="bbox 2133 3355 3727 3426; baseline 0.003 -20"><span class='ocrx_word' id='word_1_697' title='bbox 2133 3355 2314 3423; x_wconf 89' lang='lat' dir='ltr'><strong>pulum</strong></span> <span class='ocrx_word' id='word_1_698' title='bbox 2343 3356 2735 3421; x_wconf 85' lang='lat' dir='ltr'><strong>declantareut;</strong></span> <span class='ocrx_word' id='word_1_699' title='bbox 2776 3365 2833 3411; x_wconf 82' lang='lat' dir='ltr'><strong>et</strong></span> <span class='ocrx_word' id='word_1_700' title='bbox 2875 3371 3009 3426; x_wconf 88' lang='lat' dir='ltr'><strong>ego,</strong></span> <span class='ocrx_word' id='word_1_701' title='bbox 3037 3357 3081 3409; x_wconf 90' lang='lat' dir='ltr'><strong>si</strong></span> <span class='ocrx_word' id='word_1_702' title='bbox 3109 3357 3334 3425; x_wconf 68' lang='lat' dir='ltr'><strong>qumsita</strong></span> <span class='ocrx_word' id='word_1_703' title='bbox 3366 3357 3639 3421; x_wconf 87' lang='lat' dir='ltr'><strong>dicerem,</strong></span> <span class='ocrx_word' id='word_1_704' title='bbox 3670 3367 3727 3412; x_wconf 88' lang='lat' dir='ltr'><strong>et</strong></span> 
     </span>
    </p>
   </div>
   <div class='ocr_carea' id='block_1_94' title="bbox 2135 3446 3726 3519">
    <p class='ocr_par' dir='ltr' id='par_1_94' title="bbox 2135 3446 3726 3519">
     <span class='ocr_line' id='line_1_94' title="bbox 2135 3446 3726 3519; baseline 0.002 -19"><span class='ocrx_word' id='word_1_705' title='bbox 2135 3447 2230 3511; x_wconf 91' lang='lat' dir='ltr'><strong>illi,</strong></span> <span class='ocrx_word' id='word_1_706' title='bbox 2264 3447 2355 3516; x_wconf 87' lang='lat' dir='ltr'><strong>qui</strong></span> <span class='ocrx_word' id='word_1_707' title='bbox 2409 3448 2531 3501; x_wconf 84' lang='lat' dir='ltr'><strong>talia</strong></span> <span class='ocrx_word' id='word_1_708' title='bbox 2580 3446 2940 3517; x_wconf 83' lang='lat' dir='ltr'><strong>suggerebant</strong></span> <span class='ocrx_word' id='word_1_709' title='bbox 2983 3447 3189 3515; x_wconf 89' lang='lat' dir='ltr'><strong>dicere,</strong></span> <span class='ocrx_word' id='word_1_710' title='bbox 3239 3448 3452 3518; x_wconf 91' lang='lat' dir='ltr'><strong>publico</strong></span> <span class='ocrx_word' id='word_1_711' title='bbox 3502 3451 3726 3519; x_wconf 88' lang='lat' dir='ltr'><strong>pariter</strong></span> 
     </span>
    </p>
   </div>
   <div class='ocr_carea' id='block_1_95' title="bbox 2132 3538 3057 3608">
    <p class='ocr_par' dir='ltr' id='par_1_95' title="bbox 2132 3538 3057 3608">
     <span class='ocr_line' id='line_1_95' title="bbox 2132 3538 3057 3608; baseline 0.002 -17"><span class='ocrx_word' id='word_1_712' title='bbox 2132 3538 2375 3591; x_wconf 85' lang='lat' dir='ltr'><strong>cauterio</strong></span> <span class='ocrx_word' id='word_1_713' title='bbox 2402 3539 2546 3608; x_wconf 84' lang='lat' dir='ltr'><strong>digni</strong></span> <span class='ocrx_word' id='word_1_714' title='bbox 2587 3547 2789 3592; x_wconf 89' lang='lat' dir='ltr'><strong>essent.</strong></span> <span class='ocrx_word' id='word_1_715' title='bbox 3054 3602 3057 3607; x_wconf 32' lang='grc' dir='ltr'><strong>η</strong></span> 
     </span>
    </p>
   </div>
   <div class='ocr_carea' id='block_1_96' title="bbox 2204 3627 3723 3699">
    <p class='ocr_par' dir='ltr' id='par_1_96' title="bbox 2204 3627 3723 3699">
     <span class='ocr_line' id='line_1_96' title="bbox 2204 3627 3723 3699; baseline 0.002 -19"><span class='ocrx_word' id='word_1_716' title='bbox 2204 3628 2231 3699; x_wconf 81' lang='lat'><strong>§</strong></span> <span class='ocrx_word' id='word_1_717' title='bbox 2265 3628 2324 3681; x_wconf 94' lang='lat' dir='ltr'><strong>ll.</strong></span> <span class='ocrx_word' id='word_1_718' title='bbox 2362 3627 2435 3681; x_wconf 91' lang='lat' dir='ltr'><strong>De</strong></span> <span class='ocrx_word' id='word_1_719' title='bbox 2466 3637 2762 3680; x_wconf 74' lang='lat' dir='ltr'><strong>sanctorum</strong></span> <span class='ocrx_word' id='word_1_720' title='bbox 2792 3628 3025 3698; x_wconf 80' lang='lat' dir='ltr'><strong>reliquiis</strong></span> <span class='ocrx_word' id='word_1_721' title='bbox 3063 3645 3285 3697; x_wconf 83' lang='lat' dir='ltr'><strong>quarum</strong></span> <span class='ocrx_word' id='word_1_722' title='bbox 3324 3628 3528 3683; x_wconf 79' lang='lat' dir='ltr'><strong>nullum</strong></span> <span class='ocrx_word' id='word_1_723' title='bbox 3555 3646 3723 3699; x_wconf 83' lang='lat' dir='ltr'><strong>pror-</strong></span> 
     </span>
    </p>
   </div>
   <div class='ocr_carea' id='block_1_97' title="bbox 2130 3714 3719 3788">
    <p class='ocr_par' dir='ltr' id='par_1_97' title="bbox 2130 3714 3719 3788">
     <span class='ocr_line' id='line_1_97' title="bbox 2130 3714 3719 3788; baseline 0.001 -18"><span class='ocrx_word' id='word_1_724' title='bbox 2130 3734 2217 3771; x_wconf 88' lang='lat' dir='ltr'><strong>sus</strong></span> <span class='ocrx_word' id='word_1_725' title='bbox 2261 3727 2334 3770; x_wconf 86' lang='lat' dir='ltr'><strong>est</strong></span> <span class='ocrx_word' id='word_1_726' title='bbox 2369 3716 2602 3769; x_wconf 79' lang='lat' dir='ltr'><strong>dubiant.</strong></span> <span class='ocrx_word' id='word_1_727' title='bbox 2632 3714 3193 3788; x_wconf 69' lang='lat' dir='ltr'><strong>Constantinopolitani</strong></span> <span class='ocrx_word' id='word_1_728' title='bbox 3229 3728 3275 3770; x_wconf 89' lang='lat' dir='ltr'><strong>et</strong></span> <span class='ocrx_word' id='word_1_729' title='bbox 3299 3718 3719 3787; x_wconf 80' lang='lat' dir='ltr'><strong>Angeriacenses</strong></span> 
     </span>
    </p>
   </div>
   <div class='ocr_carea' id='block_1_98' title="bbox 2131 3805 3719 3877">
    <p class='ocr_par' dir='ltr' id='par_1_98' title="bbox 2131 3805 3719 3877">
     <span class='ocr_line' id='line_1_98' title="bbox 2131 3805 3719 3877; baseline 0.003 -19"><span class='ocrx_word' id='word_1_730' title='bbox 2131 3808 2371 3859; x_wconf 79' lang='lat' dir='ltr'><strong>monac/ti</strong></span> <span class='ocrx_word' id='word_1_731' title='bbox 2400 3815 2553 3874; x_wconf 84' lang='lat' dir='ltr'><strong>caput</strong></span> <span class='ocrx_word' id='word_1_732' title='bbox 2594 3805 2653 3861; x_wconf 90' lang='lat' dir='ltr'><strong>S.</strong></span> <span class='ocrx_word' id='word_1_733' title='bbox 2681 3807 2905 3860; x_wconf 81' lang='lat' dir='ltr'><strong>Joannis</strong></span> <span class='ocrx_word' id='word_1_734' title='bbox 2934 3806 3184 3877; x_wconf 67' lang='lat' dir='ltr'><strong>Baptista:</strong></span> <span class='ocrx_word' id='word_1_735' title='bbox 3212 3807 3399 3862; x_wconf 84' lang='lat' dir='ltr'><strong>habere</strong></span> <span class='ocrx_word' id='word_1_736' title='bbox 3423 3817 3719 3863; x_wconf 86' lang='lat' dir='ltr'><strong>testantur.</strong></span> 
     </span>
    </p>
   </div>
   <div class='ocr_carea' id='block_1_99' title="bbox 2130 3896 3719 3965">
    <p class='ocr_par' dir='ltr' id='par_1_99' title="bbox 2130 3896 3719 3965">
     <span class='ocr_line' id='line_1_99' title="bbox 2130 3896 3719 3965; baseline 0 -14"><span class='ocrx_word' id='word_1_737' title='bbox 2130 3927 2198 3936; x_wconf 90' lang='lat'><strong>—</strong></span> <span class='ocrx_word' id='word_1_738' title='bbox 2229 3896 2332 3951; x_wconf 89' lang='lat' dir='ltr'><strong>Sed</strong></span> <span class='ocrx_word' id='word_1_739' title='bbox 2366 3896 2449 3960; x_wconf 88' lang='lat' dir='ltr'><strong>iis,</strong></span> <span class='ocrx_word' id='word_1_740' title='bbox 2485 3911 2619 3965; x_wconf 89' lang='lat' dir='ltr'><strong>quos</strong></span> <span class='ocrx_word' id='word_1_741' title='bbox 2644 3896 2725 3949; x_wconf 87' lang='lat' dir='ltr'><strong>sui</strong></span> <span class='ocrx_word' id='word_1_742' title='bbox 2760 3896 2997 3965; x_wconf 90' lang='lat' dir='ltr'><strong>ipsorum</strong></span> <span class='ocrx_word' id='word_1_743' title='bbox 3037 3896 3331 3951; x_wconf 90' lang='lat' dir='ltr'><strong>auctoritas</strong></span> <span class='ocrx_word' id='word_1_744' title='bbox 3364 3907 3719 3960; x_wconf 78' lang='lat' dir='ltr'><strong>exauctorat,</strong></span> 
     </span>
    </p>
   </div>
   <div class='ocr_carea' id='block_1_100' title="bbox 2130 3985 3720 4056">
    <p class='ocr_par' dir='ltr' id='par_1_100' title="bbox 2130 3985 3720 4056">
     <span class='ocr_line' id='line_1_100' title="bbox 2130 3985 3720 4056; baseline -0.001 -16"><span class='ocrx_word' id='word_1_745' title='bbox 2130 3986 2368 4050; x_wconf 80' lang='lat' dir='ltr'><strong>omiSsis,</strong></span> <span class='ocrx_word' id='word_1_746' title='bbox 2402 3999 2516 4050; x_wconf 91' lang='lat' dir='ltr'><strong>eos,</strong></span> <span class='ocrx_word' id='word_1_747' title='bbox 2540 4000 2675 4055; x_wconf 91' lang='lat' dir='ltr'><strong>quos</strong></span> <span class='ocrx_word' id='word_1_748' title='bbox 2706 3986 2975 4040; x_wconf 89' lang='lat' dir='ltr'><strong>certitudo</strong></span> <span class='ocrx_word' id='word_1_749' title='bbox 3006 3985 3127 4039; x_wconf 80' lang='lat' dir='ltr'><strong>fidei</strong></span> <span class='ocrx_word' id='word_1_750' title='bbox 3169 3988 3514 4056; x_wconf 74' lang='lat' dir='ltr'><strong>exsequitur,</strong></span> <span class='ocrx_word' id='word_1_751' title='bbox 3545 3988 3720 4040; x_wconf 83' lang='lat' dir='ltr'><strong>attin-</strong></span> 
     </span>
    </p>
   </div>
   <div class='ocr_carea' id='block_1_101' title="bbox 2131 4076 3715 4148">
    <p class='ocr_par' dir='ltr' id='par_1_101' title="bbox 2131 4076 3715 4148">
     <span class='ocr_line' id='line_1_101' title="bbox 2131 4076 3715 4148; baseline -0.003 -17"><span class='ocrx_word' id='word_1_752' title='bbox 2131 4094 2339 4148; x_wconf 85' lang='lat' dir='ltr'><strong>gamus.</strong></span> <span class='ocrx_word' id='word_1_753' title='bbox 2377 4076 2535 4130; x_wconf 88' lang='lat' dir='ltr'><strong>Certe</strong></span> <span class='ocrx_word' id='word_1_754' title='bbox 2567 4085 2621 4129; x_wconf 92' lang='lat' dir='ltr'><strong>et</strong></span> <span class='ocrx_word' id='word_1_755' title='bbox 2664 4076 2729 4130; x_wconf 90' lang='lat' dir='ltr'><strong>de</strong></span> <span class='ocrx_word' id='word_1_756' title='bbox 2773 4076 2901 4145; x_wconf 91' lang='lat' dir='ltr'><strong>ipsis</strong></span> <span class='ocrx_word' id='word_1_757' title='bbox 2932 4076 3094 4147; x_wconf 78' lang='lat'><strong>336</strong></span> <span class='ocrx_word' id='word_1_758' title='bbox 3121 4090 3275 4130; x_wconf 91' lang='lat' dir='ltr'><strong>error</strong></span> <span class='ocrx_word' id='word_1_759' title='bbox 3310 4086 3393 4131; x_wconf 86' lang='lat' dir='ltr'><strong>est</strong></span> <span class='ocrx_word' id='word_1_760' title='bbox 3438 4077 3715 4139; x_wconf 86' lang='lat' dir='ltr'><strong>inlinitus,</strong></span> 
     </span>
    </p>
   </div>
   <div class='ocr_carea' id='block_1_102' title="bbox 2131 4165 3718 4230">
    <p class='ocr_par' dir='ltr' id='par_1_102' title="bbox 2131 4165 3718 4230">
     <span class='ocr_line' id='line_1_102' title="bbox 2131 4165 3718 4230; baseline -0.002 -9"><span class='ocrx_word' id='word_1_761' title='bbox 2131 4177 2224 4221; x_wconf 90' lang='lat' dir='ltr'><strong>aut</strong></span> <span class='ocrx_word' id='word_1_762' title='bbox 2260 4168 2312 4222; x_wconf 89' lang='lat' dir='ltr'><strong>hi</strong></span> <span class='ocrx_word' id='word_1_763' title='bbox 2359 4167 2530 4230; x_wconf 91' lang='lat' dir='ltr'><strong>illum,</strong></span> <span class='ocrx_word' id='word_1_764' title='bbox 2562 4177 2618 4220; x_wconf 90' lang='lat' dir='ltr'><strong>et</strong></span> <span class='ocrx_word' id='word_1_765' title='bbox 2656 4165 2903 4220; x_wconf 90' lang='lat' dir='ltr'><strong>eumdem</strong></span> <span class='ocrx_word' id='word_1_766' title='bbox 2950 4166 3040 4218; x_wconf 89' lang='lat' dir='ltr'><strong>alii</strong></span> <span class='ocrx_word' id='word_1_767' title='bbox 3089 4166 3289 4220; x_wconf 88' lang='lat' dir='ltr'><strong>habere</strong></span> <span class='ocrx_word' id='word_1_768' title='bbox 3328 4180 3387 4219; x_wconf 87' lang='lat' dir='ltr'><strong>se</strong></span> <span class='ocrx_word' id='word_1_769' title='bbox 3431 4177 3718 4228; x_wconf 88' lang='lat' dir='ltr'><strong>asserunt,</strong></span> 
     </span>
    </p>
   </div>
   <div class='ocr_carea' id='block_1_103' title="bbox 2130 4256 3722 4327">
    <p class='ocr_par' dir='ltr' id='par_1_103' title="bbox 2130 4256 3722 4327">
     <span class='ocr_line' id='line_1_103' title="bbox 2130 4256 3722 4327; baseline -0.001 -15"><span class='ocrx_word' id='word_1_770' title='bbox 2130 4258 2278 4312; x_wconf 90' lang='lat' dir='ltr'><strong>verbi</strong></span> <span class='ocrx_word' id='word_1_771' title='bbox 2313 4258 2483 4327; x_wconf 89' lang='lat' dir='ltr'><strong>gratia</strong></span> <span class='ocrx_word' id='word_1_772' title='bbox 2511 4257 2625 4327; x_wconf 82' lang='lat'><strong>(“),</strong></span> <span class='ocrx_word' id='word_1_773' title='bbox 2657 4266 2817 4325; x_wconf 90' lang='lat' dir='ltr'><strong>caput</strong></span> <span class='ocrx_word' id='word_1_774' title='bbox 2846 4256 3099 4325; x_wconf 77' lang='lat' dir='ltr'><strong>Baptistte</strong></span> <span class='ocrx_word' id='word_1_775' title='bbox 3126 4256 3387 4311; x_wconf 87' lang='lat' dir='ltr'><strong>Dominici</strong></span> <span class='ocrx_word' id='word_1_776' title='bbox 3419 4271 3544 4310; x_wconf 92' lang='lat' dir='ltr'><strong>cum</strong></span> <span class='ocrx_word' id='word_1_777' title='bbox 3572 4256 3722 4312; x_wconf 89' lang='lat' dir='ltr'><strong>Cou-</strong></span> 
     </span>
    </p>
   </div>
   <div class='ocr_carea' id='block_1_104' title="bbox 2132 4346 3722 4417">
    <p class='ocr_par' dir='ltr' id='par_1_104' title="bbox 2132 4346 3722 4417">
     <span class='ocr_line' id='line_1_104' title="bbox 2132 4346 3722 4417; baseline -0.001 -15"><span class='ocrx_word' id='word_1_778' title='bbox 2132 4346 2592 4417; x_wconf 79' lang='lat' dir='ltr'><strong>stantinOpolitani</strong></span> <span class='ocrx_word' id='word_1_779' title='bbox 2649 4348 2848 4401; x_wconf 87' lang='lat' dir='ltr'><strong>habere</strong></span> <span class='ocrx_word' id='word_1_780' title='bbox 2901 4361 2961 4401; x_wconf 90' lang='lat' dir='ltr'><strong>se</strong></span> <span class='ocrx_word' id='word_1_781' title='bbox 3012 4346 3227 4413; x_wconf 90' lang='lat' dir='ltr'><strong>dicant,</strong></span> <span class='ocrx_word' id='word_1_782' title='bbox 3276 4346 3722 4415; x_wconf 79' lang='lat' dir='ltr'><strong>Angeriacenses</strong></span> 
     </span>
    </p>
   </div>
   <div class='ocr_carea' id='block_1_105' title="bbox 2134 4437 3725 4507">
    <p class='ocr_par' dir='ltr' id='par_1_105' title="bbox 2134 4437 3725 4507">
     <span class='ocr_line' id='line_1_105' title="bbox 2134 4437 3725 4507; baseline -0.003 -12"><span class='ocrx_word' id='word_1_783' title='bbox 2134 4440 2382 4495; x_wconf 81' lang='lat' dir='ltr'><strong>monachi</strong></span> <span class='ocrx_word' id='word_1_784' title='bbox 2417 4439 2555 4493; x_wconf 91' lang='lat' dir='ltr'><strong>idem</strong></span> <span class='ocrx_word' id='word_1_785' title='bbox 2585 4452 2643 4493; x_wconf 87' lang='lat' dir='ltr'><strong>se</strong></span> <span class='ocrx_word' id='word_1_786' title='bbox 2669 4438 2870 4493; x_wconf 88' lang='lat' dir='ltr'><strong>habere</strong></span> <span class='ocrx_word' id='word_1_787' title='bbox 2903 4446 3185 4492; x_wconf 90' lang='lat' dir='ltr'><strong>testantur.</strong></span> <span class='ocrx_word' id='word_1_788' title='bbox 3212 4437 3348 4504; x_wconf 86' lang='lat' dir='ltr'><strong>Quid</strong></span> <span class='ocrx_word' id='word_1_789' title='bbox 3382 4452 3515 4507; x_wconf 87' lang='lat' dir='ltr'><strong>ergo</strong></span> <span class='ocrx_word' id='word_1_790' title='bbox 3542 4453 3725 4507; x_wconf 84' lang='lat' dir='ltr'><strong>magis</strong></span> 
     </span>
    </p>
   </div>
   <div class='ocr_carea' id='block_1_106' title="bbox 2133 4529 3719 4600">
    <p class='ocr_par' dir='ltr' id='par_1_106' title="bbox 2133 4529 3719 4600">
     <span class='ocr_line' id='line_1_106' title="bbox 2133 4529 3719 4600; baseline -0.004 -13"><span class='ocrx_word' id='word_1_791' title='bbox 2133 4531 2416 4587; x_wconf 85' lang='lat' dir='ltr'><strong>ridiculum</strong></span> <span class='ocrx_word' id='word_1_792' title='bbox 2449 4544 2609 4600; x_wconf 89' lang='lat' dir='ltr'><strong>super</strong></span> <span class='ocrx_word' id='word_1_793' title='bbox 2656 4538 2804 4583; x_wconf 88' lang='lat' dir='ltr'><strong>tanto</strong></span> <span class='ocrx_word' id='word_1_794' title='bbox 2845 4529 3062 4584; x_wconf 86' lang='lat' dir='ltr'><strong>homine</strong></span> <span class='ocrx_word' id='word_1_795' title='bbox 3100 4529 3442 4599; x_wconf 76' lang='lat' dir='ltr'><strong>praedicetur,</strong></span> <span class='ocrx_word' id='word_1_796' title='bbox 3468 4543 3639 4597; x_wconf 85' lang='lat' dir='ltr'><strong>quam</strong></span> <span class='ocrx_word' id='word_1_797' title='bbox 3674 4531 3719 4581; x_wconf 90' lang='lat' dir='ltr'><strong>si</strong></span> 
     </span>
    </p>
   </div>
   <div class='ocr_carea' id='block_1_107' title="bbox 2132 4622 3722 4692">
    <p class='ocr_par' dir='ltr' id='par_1_107' title="bbox 2132 4622 3722 4692">
     <span class='ocr_line' id='line_1_107' title="bbox 2132 4622 3722 4692; baseline -0.001 -16"><span class='ocrx_word' id='word_1_798' title='bbox 2132 4623 2314 4690; x_wconf 73' lang='lat' dir='ltr'><strong>biCeps</strong></span> <span class='ocrx_word' id='word_1_799' title='bbox 2343 4637 2461 4675; x_wconf 89' lang='lat' dir='ltr'><strong>esse</strong></span> <span class='ocrx_word' id='word_1_800' title='bbox 2490 4624 2557 4674; x_wconf 89' lang='lat' dir='ltr'><strong>ab</strong></span> <span class='ocrx_word' id='word_1_801' title='bbox 2586 4623 2829 4692; x_wconf 88' lang='lat' dir='ltr'><strong>utrisque</strong></span> <span class='ocrx_word' id='word_1_802' title='bbox 2857 4623 3103 4677; x_wconf 88' lang='lat' dir='ltr'><strong>dicatur?</strong></span> <span class='ocrx_word' id='word_1_803' title='bbox 3129 4623 3233 4675; x_wconf 90' lang='lat' dir='ltr'><strong>Sed</strong></span> <span class='ocrx_word' id='word_1_804' title='bbox 3266 4622 3543 4691; x_wconf 84' lang='lat' dir='ltr'><strong>abrogatis</strong></span> <span class='ocrx_word' id='word_1_805' title='bbox 3574 4622 3722 4675; x_wconf 84' lang='lat' dir='ltr'><strong>ludi-</strong></span> 
     </span>
    </p>
   </div>
   <div class='ocr_carea' id='block_1_108' title="bbox 2132 4712 3721 4782">
    <p class='ocr_par' dir='ltr' id='par_1_108' title="bbox 2132 4712 3721 4782">
     <span class='ocr_line' id='line_1_108' title="bbox 2132 4712 3721 4782; baseline -0.001 -15"><span class='ocrx_word' id='word_1_806' title='bbox 2132 4715 2241 4768; x_wconf 87' lang='lat' dir='ltr'><strong>cris</strong></span> <span class='ocrx_word' id='word_1_807' title='bbox 2269 4712 2409 4766; x_wconf 89' lang='lat' dir='ltr'><strong>seria</strong></span> <span class='ocrx_word' id='word_1_808' title='bbox 2458 4715 2818 4766; x_wconf 87' lang='lat' dir='ltr'><strong>attendamus.</strong></span> <span class='ocrx_word' id='word_1_809' title='bbox 2868 4712 2998 4767; x_wconf 88' lang='lat' dir='ltr'><strong>Cum</strong></span> <span class='ocrx_word' id='word_1_810' title='bbox 3044 4729 3172 4782; x_wconf 88' lang='lat' dir='ltr'><strong>ergo</strong></span> <span class='ocrx_word' id='word_1_811' title='bbox 3218 4722 3429 4767; x_wconf 88' lang='lat' dir='ltr'><strong>constet</strong></span> <span class='ocrx_word' id='word_1_812' title='bbox 3462 4712 3516 4766; x_wconf 89' lang='lat' dir='ltr'><strong>id</strong></span> <span class='ocrx_word' id='word_1_813' title='bbox 3566 4714 3721 4782; x_wconf 74' lang='lat' dir='ltr'><strong>quod</strong></span> 
     </span>
    </p>
   </div>
   <div class='ocr_carea' id='block_1_109' title="bbox 2132 4802 3720 4873">
    <p class='ocr_par' dir='ltr' id='par_1_109' title="bbox 2132 4802 3720 4873">
     <span class='ocr_line' id='line_1_109' title="bbox 2132 4802 3720 4873; baseline 0 -15"><span class='ocrx_word' id='word_1_814' title='bbox 2132 4818 2395 4873; x_wconf 85' lang='lat' dir='ltr'><strong>nusquam</strong></span> <span class='ocrx_word' id='word_1_815' title='bbox 2442 4802 2706 4873; x_wconf 88' lang='lat' dir='ltr'><strong>geminari</strong></span> <span class='ocrx_word' id='word_1_816' title='bbox 2750 4805 2984 4873; x_wconf 88' lang='lat' dir='ltr'><strong>potuerit</strong></span> <span class='ocrx_word' id='word_1_817' title='bbox 3013 4804 3308 4858; x_wconf 90' lang='lat' dir='ltr'><strong>alterutros</strong></span> <span class='ocrx_word' id='word_1_818' title='bbox 3354 4803 3560 4858; x_wconf 83' lang='lat' dir='ltr'><strong>habere</strong></span> <span class='ocrx_word' id='word_1_819' title='bbox 3605 4822 3720 4859; x_wconf 88' lang='lat' dir='ltr'><strong>non</strong></span> 
     </span>
    </p>
   </div>
   <div class='ocr_carea' id='block_1_110' title="bbox 2130 4894 3721 4963">
    <p class='ocr_par' dir='ltr' id='par_1_110' title="bbox 2130 4894 3721 4963">
     <span class='ocr_line' id='line_1_110' title="bbox 2130 4894 3721 4963; baseline 0 -14"><span class='ocrx_word' id='word_1_820' title='bbox 2130 4910 2311 4963; x_wconf 89' lang='lat' dir='ltr'><strong>posse,</strong></span> <span class='ocrx_word' id='word_1_821' title='bbox 2337 4895 2676 4963; x_wconf 75' lang='lat' dir='ltr'><strong>perspicuum</strong></span> <span class='ocrx_word' id='word_1_822' title='bbox 2697 4904 2777 4948; x_wconf 92' lang='lat' dir='ltr'><strong>est</strong></span> <span class='ocrx_word' id='word_1_823' title='bbox 2800 4894 2917 4958; x_wconf 90' lang='lat' dir='ltr'><strong>bos,</strong></span> <span class='ocrx_word' id='word_1_824' title='bbox 2942 4895 3023 4947; x_wconf 86' lang='lat' dir='ltr'><strong>vel</strong></span> <span class='ocrx_word' id='word_1_825' title='bbox 3051 4895 3189 4958; x_wconf 75' lang='lat' dir='ltr'><strong>il‘los,</strong></span> <span class='ocrx_word' id='word_1_826' title='bbox 3215 4895 3458 4963; x_wconf 65' lang='lat' dir='ltr'><strong>plurimm</strong></span> <span class='ocrx_word' id='word_1_827' title='bbox 3486 4895 3721 4949; x_wconf 58' lang='lat' dir='ltr'><strong>falsitati</strong></span> 
     </span>
    </p>
   </div>
   <div class='ocr_carea' id='block_1_111' title="bbox 2131 4985 3721 5056">
    <p class='ocr_par' dir='ltr' id='par_1_111' title="bbox 2131 4985 3721 5056">
     <span class='ocr_line' id='line_1_111' title="bbox 2131 4985 3721 5056; baseline 0 -17"><span class='ocrx_word' id='word_1_828' title='bbox 2131 4987 2504 5040; x_wconf 89' lang='lat' dir='ltr'><strong>succumbere.</strong></span> <span class='ocrx_word' id='word_1_829' title='bbox 2556 4985 2709 5051; x_wconf 83' lang='lat' dir='ltr'><strong>Quod</strong></span> <span class='ocrx_word' id='word_1_830' title='bbox 2759 4986 2800 5038; x_wconf 89' lang='lat' dir='ltr'><strong>si</strong></span> <span class='ocrx_word' id='word_1_831' title='bbox 2853 4987 2904 5038; x_wconf 89' lang='lat' dir='ltr'><strong>itt</strong></span> <span class='ocrx_word' id='word_1_832' title='bbox 2960 4988 3059 5039; x_wconf 89' lang='lat' dir='ltr'><strong>bac</strong></span> <span class='ocrx_word' id='word_1_833' title='bbox 3107 5001 3164 5039; x_wconf 88' lang='lat' dir='ltr'><strong>re</strong></span> <span class='ocrx_word' id='word_1_834' title='bbox 3206 5002 3325 5053; x_wconf 72' lang='lat' dir='ltr'><strong>qua:</strong></span> <span class='ocrx_word' id='word_1_835' title='bbox 3369 4995 3479 5039; x_wconf 88' lang='lat' dir='ltr'><strong>tota</strong></span> <span class='ocrx_word' id='word_1_836' title='bbox 3522 4987 3721 5056; x_wconf 84' lang='lat' dir='ltr'><strong>pietati</strong></span> 
     </span>
    </p>
   </div>
   <div class='ocr_carea' id='block_1_112' title="bbox 2131 5076 3721 5145">
    <p class='ocr_par' dir='ltr' id='par_1_112' title="bbox 2131 5076 3721 5145">
     <span class='ocr_line' id='line_1_112' title="bbox 2131 5076 3721 5145; baseline -0.003 -14"><span class='ocrx_word' id='word_1_837' title='bbox 2131 5076 2467 5140; x_wconf 89' lang='lat' dir='ltr'><strong>commilitat,</strong></span> <span class='ocrx_word' id='word_1_838' title='bbox 2503 5084 2683 5128; x_wconf 86' lang='lat' dir='ltr'><strong>mutua</strong></span> <span class='ocrx_word' id='word_1_839' title='bbox 2715 5076 2780 5127; x_wconf 88' lang='lat' dir='ltr'><strong>ad</strong></span> <span class='ocrx_word' id='word_1_840' title='bbox 2813 5090 2871 5129; x_wconf 90' lang='lat' dir='ltr'><strong>se</strong></span> <span class='ocrx_word' id='word_1_841' title='bbox 2903 5091 3112 5129; x_wconf 88' lang='lat' dir='ltr'><strong>versum</strong></span> <span class='ocrx_word' id='word_1_842' title='bbox 3144 5076 3454 5145; x_wconf 86' lang='lat' dir='ltr'><strong>arrogantia</strong></span> <span class='ocrx_word' id='word_1_843' title='bbox 3483 5078 3721 5130; x_wconf 86' lang='lat' dir='ltr'><strong>menda-</strong></span> 
     </span>
    </p>
   </div>
   <div class='ocr_carea' id='block_1_113' title="bbox 2131 5165 3720 5237">
    <p class='ocr_par' dir='ltr' id='par_1_113' title="bbox 2131 5165 3720 5237">
     <span class='ocr_line' id='line_1_113' title="bbox 2131 5165 3720 5237; baseline -0.003 -13"><span class='ocrx_word' id='word_1_844' title='bbox 2131 5170 2322 5237; x_wconf 88' lang='lat' dir='ltr'><strong>cioque</strong></span> <span class='ocrx_word' id='word_1_845' title='bbox 2376 5165 2710 5235; x_wconf 84' lang='lat' dir='ltr'><strong>conﬂigunt,</strong></span> <span class='ocrx_word' id='word_1_846' title='bbox 2759 5180 2856 5234; x_wconf 91' lang='lat' dir='ltr'><strong>pro</strong></span> <span class='ocrx_word' id='word_1_847' title='bbox 2904 5167 3098 5220; x_wconf 90' lang='lat' dir='ltr'><strong>divinis</strong></span> <span class='ocrx_word' id='word_1_848' title='bbox 3145 5167 3479 5221; x_wconf 75' lang='lat' dir='ltr'><strong>dtcntoniaca</strong></span> <span class='ocrx_word' id='word_1_849' title='bbox 3519 5176 3720 5234; x_wconf 83' lang='lat' dir='ltr'><strong>agunt.</strong></span> 
     </span>
    </p>
   </div>
   <div class='ocr_carea' id='block_1_114' title="bbox 2131 5256 3721 5327">
    <p class='ocr_par' dir='ltr' id='par_1_114' title="bbox 2131 5256 3721 5327">
     <span class='ocr_line' id='line_1_114' title="bbox 2131 5256 3721 5327; baseline -0.004 -15"><span class='ocrx_word' id='word_1_850' title='bbox 2131 5258 2388 5312; x_wconf 88' lang='lat' dir='ltr'><strong>Alterutri</strong></span> <span class='ocrx_word' id='word_1_851' title='bbox 2418 5272 2547 5326; x_wconf 84' lang='lat' dir='ltr'><strong>ergo</strong></span> <span class='ocrx_word' id='word_1_852' title='bbox 2591 5258 2681 5325; x_wconf 91' lang='lat' dir='ltr'><strong>qui</strong></span> <span class='ocrx_word' id='word_1_853' title='bbox 2713 5256 3054 5327; x_wconf 88' lang='lat' dir='ltr'><strong>decipiuntur</strong></span> <span class='ocrx_word' id='word_1_854' title='bbox 3084 5265 3247 5325; x_wconf 90' lang='lat' dir='ltr'><strong>atque</strong></span> <span class='ocrx_word' id='word_1_855' title='bbox 3298 5257 3598 5324; x_wconf 87' lang='lat' dir='ltr'><strong>decipiunt,</strong></span> <span class='ocrx_word' id='word_1_856' title='bbox 3633 5257 3721 5307; x_wconf 82' lang='lat' dir='ltr'><strong>id-</strong></span> 
     </span>
    </p>
   </div>
   <div class='ocr_carea' id='block_1_115' title="bbox 2133 5346 3719 5417">
    <p class='ocr_par' dir='ltr' id='par_1_115' title="bbox 2133 5346 3719 5417">
     <span class='ocr_line' id='line_1_115' title="bbox 2133 5346 3719 5417; baseline -0.003 -15"><span class='ocrx_word' id='word_1_857' title='bbox 2133 5350 2306 5417; x_wconf 89' lang='lat' dir='ltr'><strong>ipsum</strong></span> <span class='ocrx_word' id='word_1_858' title='bbox 2358 5348 2598 5416; x_wconf 80' lang='lat' dir='ltr'><strong>profecto</strong></span> <span class='ocrx_word' id='word_1_859' title='bbox 2646 5363 2751 5415; x_wconf 91' lang='lat' dir='ltr'><strong>quo</strong></span> <span class='ocrx_word' id='word_1_860' title='bbox 2805 5363 2863 5401; x_wconf 89' lang='lat' dir='ltr'><strong>se</strong></span> <span class='ocrx_word' id='word_1_861' title='bbox 2903 5347 3189 5417; x_wconf 87' lang='lat' dir='ltr'><strong>jactitant,</strong></span> <span class='ocrx_word' id='word_1_862' title='bbox 3224 5346 3459 5400; x_wconf 89' lang='lat' dir='ltr'><strong>indebite</strong></span> <span class='ocrx_word' id='word_1_863' title='bbox 3500 5346 3719 5398; x_wconf 89' lang='lat' dir='ltr'><strong>colunt.</strong></span> 
     </span>
    </p>
   </div>
   <div class='ocr_carea' id='block_1_116' title="bbox 2133 5438 3722 5507">
    <p class='ocr_par' dir='ltr' id='par_1_116' title="bbox 2133 5438 3722 5507">
     <span class='ocr_line' id='line_1_116' title="bbox 2133 5438 3722 5507; baseline -0.004 -14"><span class='ocrx_word' id='word_1_864' title='bbox 2133 5439 2284 5505; x_wconf 84' lang='lat' dir='ltr'><strong>Quod</strong></span> <span class='ocrx_word' id='word_1_865' title='bbox 2308 5440 2351 5493; x_wconf 92' lang='lat' dir='ltr'><strong>si</strong></span> <span class='ocrx_word' id='word_1_866' title='bbox 2382 5440 2652 5507; x_wconf 84' lang='lat' dir='ltr'><strong>indignum</strong></span> <span class='ocrx_word' id='word_1_867' title='bbox 2684 5438 2881 5507; x_wconf 86' lang='lat' dir='ltr'><strong>aliquid</strong></span> <span class='ocrx_word' id='word_1_868' title='bbox 2902 5441 2969 5493; x_wconf 92' lang='lat' dir='ltr'><strong>ab</strong></span> <span class='ocrx_word' id='word_1_869' title='bbox 2995 5440 3073 5493; x_wconf 91' lang='lat' dir='ltr'><strong>eis</strong></span> <span class='ocrx_word' id='word_1_870' title='bbox 3097 5438 3317 5501; x_wconf 91' lang='lat' dir='ltr'><strong>colitur,</strong></span> <span class='ocrx_word' id='word_1_871' title='bbox 3345 5453 3477 5491; x_wconf 89' lang='lat' dir='ltr'><strong>ecce</strong></span> <span class='ocrx_word' id='word_1_872' title='bbox 3499 5447 3722 5505; x_wconf 88' lang='lat' dir='ltr'><strong>quanto</strong></span> 
     </span>
    </p>
   </div>
   <div class='ocr_carea' id='block_1_117' title="bbox 2132 5524 3724 5596">
    <p class='ocr_par' dir='ltr' id='par_1_117' title="bbox 2132 5524 3724 5596">
     <span class='ocr_line' id='line_1_117' title="bbox 2132 5524 3724 5596; baseline -0.003 -14"><span class='ocrx_word' id='word_1_873' title='bbox 2132 5529 2430 5585; x_wconf 89' lang='lat' dir='ltr'><strong>discrimini</strong></span> <span class='ocrx_word' id='word_1_874' title='bbox 2466 5529 2633 5581; x_wconf 88' lang='lat' dir='ltr'><strong>series</strong></span> <span class='ocrx_word' id='word_1_875' title='bbox 2658 5527 2705 5579; x_wconf 91' lang='lat' dir='ltr'><strong>ei</strong></span> <span class='ocrx_word' id='word_1_876' title='bbox 2754 5529 3165 5596; x_wconf 87' lang='lat' dir='ltr'><strong>obsequentium</strong></span> <span class='ocrx_word' id='word_1_877' title='bbox 3212 5528 3466 5582; x_wconf 88' lang='lat' dir='ltr'><strong>universa</strong></span> <span class='ocrx_word' id='word_1_878' title='bbox 3502 5524 3724 5579; x_wconf 86' lang='lat' dir='ltr'><strong>addici-</strong></span> 
     </span>
    </p>
   </div>
   <div class='ocr_carea' id='block_1_118' title="bbox 2136 5613 3725 5684">
    <p class='ocr_par' dir='ltr' id='par_1_118' title="bbox 2136 5613 3725 5684">
     <span class='ocr_line' id='line_1_118' title="bbox 2136 5613 3725 5684; baseline -0.001 -13"><span class='ocrx_word' id='word_1_879' title='bbox 2136 5628 2240 5672; x_wconf 91' lang='lat' dir='ltr'><strong>tur.</strong></span> <span class='ocrx_word' id='word_1_880' title='bbox 2288 5618 2438 5684; x_wconf 84' lang='lat' dir='ltr'><strong>Quod</strong></span> <span class='ocrx_word' id='word_1_881' title='bbox 2487 5617 2531 5669; x_wconf 87' lang='lat' dir='ltr'><strong>si</strong></span> <span class='ocrx_word' id='word_1_882' title='bbox 2575 5613 2797 5669; x_wconf 85' lang='lat' dir='ltr'><strong>Joannis</strong></span> <span class='ocrx_word' id='word_1_883' title='bbox 2843 5614 3101 5683; x_wconf 70' lang='lat' dir='ltr'><strong>Baptistte</strong></span> <span class='ocrx_word' id='word_1_884' title='bbox 3156 5633 3262 5670; x_wconf 91' lang='lat' dir='ltr'><strong>non</strong></span> <span class='ocrx_word' id='word_1_885' title='bbox 3310 5624 3426 5680; x_wconf 87' lang='lat' dir='ltr'><strong>est,</strong></span> <span class='ocrx_word' id='word_1_886' title='bbox 3477 5613 3725 5681; x_wconf 84' lang='lat' dir='ltr'><strong>alicujus</strong></span> 
     </span>
    </p>
   </div>
   <div class='ocr_carea' id='block_1_119' title="bbox 2135 5702 3724 5783">
    <p class='ocr_par' dir='ltr' id='par_1_119' title="bbox 2135 5702 3724 5783">
     <span class='ocr_line' id='line_1_119' title="bbox 2135 5702 3724 5783; baseline -0.003 -23"><span class='ocrx_word' id='word_1_887' title='bbox 2135 5722 2261 5760; x_wconf 87' lang='lat' dir='ltr'><strong>vero</strong></span> <span class='ocrx_word' id='word_1_888' title='bbox 2288 5704 2600 5783; x_wconf 67' lang='lat' dir='ltr'><strong>sanctiest,</strong></span> <span class='ocrx_word' id='word_1_889' title='bbox 2630 5719 2735 5757; x_wconf 90' lang='lat' dir='ltr'><strong>non</strong></span> <span class='ocrx_word' id='word_1_890' title='bbox 2781 5704 3050 5759; x_wconf 89' lang='lat' dir='ltr'><strong>mediocre</strong></span> <span class='ocrx_word' id='word_1_891' title='bbox 3085 5711 3261 5761; x_wconf 88' lang='lat' dir='ltr'><strong>tamen</strong></span> <span class='ocrx_word' id='word_1_892' title='bbox 3297 5702 3563 5758; x_wconf 87' lang='lat' dir='ltr'><strong>mendacii</strong></span> <span class='ocrx_word' id='word_1_893' title='bbox 3596 5717 3724 5756; x_wconf 82' lang='lat' dir='ltr'><strong>uia-</strong></span> 
     </span>
    </p>
   </div>
   <div class='ocr_carea' id='block_1_120' title="bbox 2129 5796 2372 5852">
    <p class='ocr_par' dir='ltr' id='par_1_120' title="bbox 2129 5796 2372 5852">
     <span class='ocr_line' id='line_1_120' title="bbox 2129 5796 2372 5852; baseline -0.008 0"><span class='ocrx_word' id='word_1_894' title='bbox 2129 5796 2239 5852; x_wconf 86' lang='lat' dir='ltr'><strong>lum</strong></span> <span class='ocrx_word' id='word_1_895' title='bbox 2270 5806 2372 5851; x_wconf 91' lang='lat' dir='ltr'><strong>est.</strong></span> 
     </span>
    </p>
   </div>
  </div>
