4038 6330
280 310 422 367 6ἳό
1230 302 1318 358 DE
1357 297 1771 357 PIGNORIBUS
1809 297 2249 357 SANCTORI‘M.
2298 335 2363 344 —
2396 306 2521 359 LIB.
2554 305 2590 359 l.
3450 308 3553 362 626

388 427 612 484 Nullum
646 424 710 478 de
744 422 975 493 corporis
1012 419 1071 476 S.
1111 417 1334 473 Firmini
1363 419 1634 473 existentia
1668 418 1723 470 in
1764 416 1883 467 Am-

1990 421 2239 484 accessit,
2271 436 2546 489 nunquam
2595 420 2842 475 fortassis
2888 420 3122 475 desitura
3162 422 3424 493 contagio.
3460 424 3550 495 (ι’)

284 518 547 573 bianensi
579 513 811 568 Ecclesia
831 553 845 576 ,
876 513 962 565 sed
993 512 1047 565 in
1080 511 1403 579 Dionysiano
1439 510 1754 562 monasterio
1782 508 1883 560 eri-
1986 508 2157 562 Tanta
2186 510 2576 585 indissimiliter
2607 509 2744 565 facta
2772 512 2966 581 ubique
2992 512 3091 567 loci
3117 514 3391 568 memoria:
3420 531 3550 569 mea:

283 611 437 663 deus
465 604 815 660 testimonium
840 598 1347 670 reperitur.-—Quid
1369 599 1435 651 de
1462 597 1637 666 capite
1663 594 1883 650 Joannis
1984 611 2101 650 sese
2148 597 2468 666 subjiciunt,
2503 608 2561 651 ut
2601 599 2665 652 ad
2692 597 3029 653 referendum
3056 608 3264 669 tempus
3305 602 3552 671 viresque

286 713 434 766 ago,
462 696 552 765 qui
588 694 654 747 de
683 690 982 745 innumeris
1004 697 1315 744 sanctorum
1348 687 1667 755 corporibus
1700 686 1882 739 itidem

290 786 364 839 in
394 785 510 839 dies
537 781 728 837 audio?
750 780 836 851 (ι’)
863 779 1026 833 Plane
1053 781 1306 832 decessor
1334 792 1485 829 meus
1507 774 1885 828 Ambianensis

290 878 617 945 episcopus,
642 888 763 927 cum
786 886 981 940 corpus
1000 869 1227 924 Firmini
1256 868 1532 938 martyris,
1555 876 1615 920 ut
1640 866 1883 935 putabat,

300 974 583 1034 quatenus
612 963 678 1015 de
706 964 863 1014 theca
901 960 958 1015 in
1006 959 1215 1013 thecam
1244 956 1479 1021 efferret,
1511 956 1712 1009 nullum
1754 952 1883 1008 inibi

294 1052 607 1121 pitacium,
663 1063 732 1102 ne
781 1048 939 1101 unius
984 1046 1200 1116 quidem
1251 1044 1441 1099 litterzn
1481 1040 1884 1109 testimonium,

297 1143 436 1211 quis
464 1141 659 1195 ibidem
680 1140 905 1209 jaceret,
934 1136 1156 1191 invenit.
1183 1136 1266 1189 Ab
1292 1134 1658 1198 Atrebatensi,
1686 1142 1741 1187 et
1770 1133 1885 1202 ipso

298 1231 665 1286 Ambianensi
699 1227 999 1297 episcOpis,
1029 1227 1206 1280 audivi
1246 1226 1389 1295 quod
1440 1224 1636 1279 refero.
1666 1223 1780 1289 Qua
1819 1223 1885 1278 de

302 1336 369 1375 re
400 1320 550 1375 urbis
584 1320 867 1388 episcopus
898 1317 1160 1387 plumbeae
1190 1316 1400 1391 lamina:
1426 1331 1547 1371 mox
1590 1315 1883 1383 inscripsit,

300 1410 455 1479 quod
498 1409 607 1463 illic
653 1408 1019 1462 conderetur:
1058 1404 1332 1459 Firminus
1370 1415 1571 1475 martyr
1598 1406 1886 1458 Ambiano-

304 1515 427 1552 rum
458 1498 747 1567 episcOpus.
771 1495 881 1550 Nec
906 1511 1057 1550 mora
1096 1495 1146 1548 in
1184 1493 1512 1549 monasterio
1543 1492 1729 1547 Sancti
1759 1491 1885 1545 Dio-

306 1586 454 1659 nysii
503 1587 644 1641 idem
695 1585 972 1641 actitatur.
1024 1585 1216 1639 Parata
1262 1584 1329 1639 ab
1378 1584 1572 1638 abbate
1620 1581 1883 1636 ornatiori

310 1692 471 1745 capsa
503 1676 628 1729 dum
659 1674 784 1728 inde
812 1674 1112 1737 extollitur,
1138 1675 1263 1727 dum
1290 1687 1412 1726 cum
1442 1671 1699 1725 membris
1724 1680 1883 1740 caput

1985 686 2255 751 deficiant,
2297 702 2418 741 cum
2469 702 2574 741 non
2620 689 2685 742 de
2738 688 2958 757 integris
3001 703 3188 743 eorum
3237 691 3551 759 corporibus

1986 786 2168 842 tantaz,
2208 787 2423 847 quanta:
2464 778 2529 832 de
2564 778 2823 833 membris
2872 790 2929 833 et
2976 782 3337 834 membrorum
3388 782 3553 848 parti-

1987 866 2124 920 culis
2154 865 2369 920 fraudes
2396 866 2529 919 liant
2559 867 2670 936 (ιδ),
2699 866 2823 920 dum
2854 883 2973 921 ossa
3018 870 3253 939 vulgaria
3302 887 3397 939 pro
3425 886 3550 923 san-

1985 965 2193 1010 ctorum
2247 955 2563 1024 pignoribus
2627 957 2983 1010 venundanda
3036 960 3373 1028 dispertiant.
3442 960 3552 1014 lloc

1984 1045 2143 1115 plane
2174 1044 2233 1097 fit
2275 1060 2372 1112 per
2403 1060 2495 1099 eos
2522 1046 2611 1113 qui
2634 1084 2649 1108 ,
2684 1044 2838 1111 juxta
2881 1046 3195 1115 Apostolum
3229 1066 3242 1103 :
3279 1048 3549 1116 Quaestum

1982 1136 2296 1190 existimant
2324 1135 2577 1203 pietatem
2610 1134 2659 1205 (1
2687 1135 2821 1189 Tim.
2855 1152 2928 1199 vl,
2954 1135 3032 1205 5),
3064 1138 3188 1191 dum
3216 1141 3355 1207 quod
3385 1150 3548 1206 esset,

1983 1225 2028 1279 si
2070 1232 2342 1292 saperent,
2382 1238 2599 1277 suarum
2646 1224 2984 1278 conducibile
3024 1224 3181 1280 saluti
3225 1228 3549 1295 animarum,

1984 1316 2087 1370 boe
2111 1322 2454 1370 excrementa
2483 1314 2723 1371 eﬂiciant
2747 1330 3142 1371 crumenarum.

2590 1465 2819 1523 CAPUT
2854 1466 2944 1522 IV.

2054 1576 2153 1650 δι,
2189 1578 2445 1647 Defuncta
2494 1589 2794 1632 sanctorum
2844 1595 3061 1648 corpora
3113 1595 3216 1633 non
3279 1596 3411 1634 auro
3464 1592 3553 1634 aut

1981 1680 2191 1738 argento
2224 1670 2421 1723 includi
2454 1670 2658 1723 debent.
2686 1700 2756 1710 —
2777 1669 2882 1724 Sed
2911 1671 3025 1725 haec
3052 1671 3231 1724 omnia
3274 1686 3303 1723 a
3333 1686 3553 1740 perver-

311 1766 603 1831 evolvitur,
655 1763 1025 1818 membranula
1078 1764 1130 1816 in
1170 1762 1423 1834 martyris
1473 1762 1692 1815 naribus
1733 1776 1885 1830 repe-
1917 1748 1958 1806 Β
1986 1757 2146 1811 sitate
2188 1758 2386 1827 radicis
2424 1765 2741 1826 emergunt,
2786 1774 2906 1827 qua:
2956 1773 3062 1812 non
3111 1768 3193 1812 est
3240 1759 3342 1812 alia
3394 1775 3553 1828 quam

312 1857 486 1919 ritur,
536 1856 589 1909 in
639 1870 744 1924 qua
799 1855 943 1923 quod
989 1861 1134 1908 esset
1183 1852 1457 1908 Firminus
1507 1852 1885 1907 Ambianensis

310 1955 523 2013 martyr
549 1944 906 2012 expromitur.

382 2032 549 2102 Igitur
582 2032 1033 2101 Ambianensibus
1073 2036 1194 2085 cum
1240 2030 1316 2084 nil
1385 2030 1437 2085 in
1487 2038 1638 2085 tanto
1683 2031 1884 2099 astipu-

311 2122 456 2176 letnr
477 2122 713 2191 negotio,
743 2121 865 2176 aliis
893 2130 1072 2175 autem
1110 2136 1140 2175 e
1171 2122 1387 2191 regione
1436 2136 1559 2175 cum
1589 2121 1673 2174 vel
1701 2136 1885 2175 vorem

313 2212 619 2267 testimonia
662 2211 1053 2281 qualiacunque
1090 2211 1451 2280 suppeditent,
1485 2211 1645 2276 ratio,
1676 2227 1880 2280 qnceso,

318 2299 607 2367 cujuslibet
635 2298 897 2367 judicium
944 2299 1151 2353 factura
1180 2299 1505 2353 consedeat?
1534 2297 1799 2368 Quidquid
1834 2300 1884 2353 in

312 2392 567 2460 plumbea
615 2407 645 2445 a
694 2391 923 2446 Domino
970 2393 1223 2460 episcopo
1270 2393 1529 2461 scriptum
1578 2402 1661 2446 est
1689 2392 1886 2447 lamina

312 2496 501 2536 nonne
530 2482 650 2551 jure
679 2482 1000 2544 cassabitnr,
1029 2482 1112 2535 cui
1158 2482 1210 2534 in
1257 2481 1655 2551 conscriptione
1697 2482 1781 2535 illa
1815 2481 1887 2535 nil

308 2587 537 2642 prorsus
565 2570 916 2625 testiﬁcatur?
960 2571 1026 2623 Et
1068 2579 1216 2625 certe
1250 2556 1627 2642 Dionysicnses
1653 2571 1725 2624 illi
1755 2585 1888 2639 quo-

318 2665 697 2733 modocunque
724 2663 807 2716 vel
856 2664 1116 2723 mutinnt,
1152 2662 1242 2732 qui
1291 2663 1478 2717 saltem
1524 2662 1774 2717 litterulis
1804 2672 1890 2716 ut-

311 2770 529 2822 cunque
582 2754 797 2808 subnixi
847 2764 993 2807 sunt.
1041 2754 1145 2821 Qui
1189 2770 1317 2824 ergo
1368 2766 1696 2809 venerantur
1745 2754 1888 2824 quod

312 2843 598 2909 nesciunt,
649 2844 752 2895 etsi
800 2850 1047 2895 sanctum
1101 2842 1229 2910 quid
1272 2844 1371 2906 sit,
1403 2859 1674 2912 nunquam
1709 2852 1887 2897 tamen

312 2934 438 2988 siue
470 2948 665 3002 magno
693 2932 931 3002 periculo
960 2942 1104 2986 sunt.
1134 2932 1192 2988 Si
1233 2934 1388 2997 alias,
1424 2934 1475 2987 in
1503 2935 1709 2988 enormi
1747 2933 1885 2987 mul-

314 3034 435 3076 tum
466 3023 771 3093 sacrilegio.
826 3023 965 3089 Quid
996 3023 1138 3077 enim
1173 3025 1345 3093 magis
1380 3025 1694 3093 sacrilegum
1726 3040 1885 3092 quam

1986 1849 2125 1916 quod
2152 1848 2353 1902 eisdem
2379 1848 2634 1902 adimitur
2661 1850 2803 1918 quod
2829 1850 3101 1905 communi
3131 1858 3275 1902 sorte
3299 1850 3557 1904 debuerat

1984 1939 2158 1992 omnis
2189 1940 2505 1993 commereri
2550 1939 2784 1993 humana
2834 1948 3050 1993 natura.
3104 1938 3161 1992 Si
3211 1940 3353 1993 enim
3407 1949 3556 1992 certo

1985 2028 2187 2081 certius
2212 2027 2277 2080 de
2307 2036 2448 2080 terra
2478 2027 2713 2082 bominis
2739 2031 2892 2097 origo
2917 2028 3185 2092 consistit,
3211 2034 3264 2082 et
3287 2026 3557 2095 persoluto

1987 2116 2176 2170 mortis
2226 2116 2407 2169 debito
2448 2116 2499 2169 in
2547 2116 2793 2169 eamdem
2842 2132 2907 2171 ex
2961 2116 3149 2186 primae
3194 2115 3556 2169 damnationis

1986 2207 2192 2277 legibus
2231 2206 2448 2270 recidit,
2497 2207 2793 2275 praesertim
2847 2207 2933 2262 cui
2982 2206 3182 2260 dictum
3218 2214 3303 2260 est
3344 2223 3357 2258 :
3394 2204 3553 2258 Terra

1985 2314 2057 2361 es,
2088 2298 2213 2349 etin
2240 2304 2429 2349 terram
2461 2295 2557 2349 ibis
2579 2312 2598 2349 :
2626 2295 2786 2357 Deus,
2820 2311 2938 2351 mea
2969 2297 3259 2361 sententia,
3292 2310 3391 2349 nec
3421 2309 3556 2362 pra:-

1987 2385 2123 2441 senti
2146 2428 2161 2454 ,
2200 2401 2299 2440 nec
2344 2395 2595 2439 secuturo
2639 2386 2871 2454 cuipiam
2909 2386 3043 2439 dixit
3073 2402 3086 2438 :
3117 2387 3318 2438 Aurum
3354 2382 3431 2436 vel
3462 2399 3552 2435 ar-

1982 2488 2192 2548 gentum
2222 2493 2274 2530 es
2293 2516 2307 2542 ,
2331 2476 2384 2529 in
2411 2492 2597 2528 aurum
2627 2475 2705 2529 vel
2732 2484 3002 2544 argentum
3026 2476 3143 2528 ibis.
3172 2473 3241 2528 Ut
3262 2474 3411 2544 quid,
3435 2487 3555 2540 pre-

1986 2585 2100 2635 cor,
2129 2569 2291 2623 bomo
2315 2583 2343 2621 a
2376 2583 2471 2621 sua
2505 2576 2722 2631 natura,
2748 2567 2858 2621 imo
2888 2582 2916 2620 a
2945 2566 3039 2622 Dei
3073 2567 3299 2636 imperio
3324 2564 3553 2629 eruitur,

1986 2670 2047 2714 ut
2092 2660 2232 2729 quod
2281 2658 2723 2714 conditionaliter
2770 2657 2900 2711 nulli
2935 2658 3223 2728 competit,
3265 2655 3443 2710 aureis
3475 2654 3553 2709 vel

1986 2750 2257 2819 argenteis
2289 2747 2566 2802 conchulis
2593 2746 2894 2801 inseratur?

2056 2840 2112 2894 Si
2163 2839 2245 2893 vir
2284 2840 2497 2910 sapiens
2548 2838 2651 2892 alia
2700 2847 2901 2908 praeter
2949 2847 3146 2891 terram
3196 2837 3553 2891 humanorum

1985 2933 2146 3005 337
2192 2949 2475 3004 corporum
2523 2934 2687 2988 sciret
2732 2933 3092 3001 receptacula,
3137 2949 3240 2987 non
3292 2934 3495 2988 diceret
3535 2946 3550 2984 :

1987 3026 2139 3092 Quod
2189 3042 2342 3095 grave
2393 3025 2579 3095 jugum
2639 3041 2793 3094 super
2836 3024 2973 3093 ﬁlios
3020 3025 3149 3077 Adm
3193 3040 3225 3076 a
3264 3024 3347 3077 die
3383 3024 3553 3077 exitus

308 3130 415 3183 pro
443 3114 625 3168 divino
654 3114 900 3168 excolere
931 3130 1033 3167 non
1062 3114 1339 3168 divinum?
1366 3115 1494 3180 Quae
1518 3131 1748 3183 namque
1779 3115 1884 3168 Deo
1913 3099 1955 3159 Ο
1987 3118 2051 3170 de
2095 3126 2267 3170 ventre
2316 3118 2496 3169 matris
2558 3133 2736 3170 eorum
2757 3156 2773 3182 ,
2827 3131 2989 3183 usque
3045 3115 3170 3167 dum
3234 3116 3445 3167 redeant
3499 3116 3555 3167 in

304 3204 589 3274 pertinent
635 3204 813 3258 divina
859 3213 1005 3259 sunt.
1067 3206 1134 3259 Et
1184 3206 1316 3273 quid
1381 3205 1493 3260 Deo
1554 3206 1884 3276 pertinacius

306 3309 473 3363 quam
506 3294 580 3347 illi
612 3293 700 3362 qui
732 3293 838 3347 Deo
869 3295 1217 3364 nuicorpores
1237 3295 1401 3349 sunt?

386 3382 415 3454 §
454 3382 537 3436 lll.
570 3383 631 3438 S.
662 3382 916 3452 Exuperii
958 3382 1102 3451 loco,
1153 3384 1404 3455 Exuperii
1471 3384 1650 3437 rustici
1699 3401 1885 3453 corpus

308 3476 654 3545 subinfertur.
686 3504 755 3514 —
781 3475 916 3530 Audi
946 3477 1084 3545 quod
1119 3477 1481 3545 querimonias
1521 3486 1733 3532 nostras
1772 3478 1887 3529 elu-

310 3565 457 3620 cidet
483 3604 499 3630 ,
547 3573 602 3618 et
646 3564 711 3619 de
751 3563 817 3618 iis
862 3580 981 3633 quae
1019 3574 1144 3618 sunt
1195 3565 1415 3634 praelata
1457 3564 1733 3632 dijudicet.
1773 3565 1886 3619 Odo

311 3652 531 3725 quidam
553 3652 861 3724 Bajocensis
882 3654 1181 3722 episcopus,
1216 3653 1433 3708 Roberti
1458 3654 1667 3707 comitis
1689 3652 1887 3707 North-

310 3758 636 3801 mannorum
682 3743 945 3796 naturalis
994 3743 1170 3808 lilius,
1234 3751 1288 3797 et
1350 3743 1597 3799 Guilelmi
1658 3743 1886 3798 senioris

309 3834 609 3904 Anglorum
641 3834 782 3903 regis
811 3834 1133 3889 naturaliter
1170 3834 1362 3901 frater,
1396 3845 1639 3891 sanctum
1675 3836 1885 3905 Exupe-

311 3931 453 3984 rium
502 3927 953 3998 przedecessorem
1004 3944 1160 3982 suum
1217 3938 1397 3983 castro
1444 3928 1695 3984 Curboilo
1740 3930 1882 3985 cultu

311 4017 648 4089 permaximo
674 4017 998 4071 honoratum
1027 4017 1521 4073 desiderantissime
1547 4020 1880 4089 requirebat.

312 4108 561 4176 Cumque
591 4105 842 4160 Ecclesiae
865 4106 951 4160 cui
992 4107 1165 4159 inerat
1187 4107 1440 4161 aedituum
1469 4117 1685 4162 centum
1722 4109 1885 4163 dena-

312 4198 520 4251 riorum
553 4195 704 4250 libris
736 4205 1074 4250 munerasset
1094 4236 1107 4259 ,
1148 4206 1205 4250 ut
1235 4199 1482 4252 eumdem
1512 4197 1581 4251 ab
1608 4198 1721 4266 ipso
1747 4199 1884 4252 reci-

312 4297 486 4357 peret,
517 4286 605 4340 ille
642 4286 779 4341 male
807 4295 1031 4355 argutus
1066 4298 1334 4356 aucupato
1374 4287 1650 4355 cujusdam
1695 4288 1881 4343 rustici

308 4378 570 4448 Exuperii
607 4364 825 4433 nomine
851 4377 1057 4432 tumulo
1080 4379 1241 4444 eruit,
1273 4390 1326 4432 et
1353 4380 1419 4433 ad
1449 4379 1760 4448 episcopum
1790 4380 1884 4434 dc-

312 4468 453 4525 tulit.
501 4467 804 4538 Interrogat
846 4468 1131 4537 episcopus
1169 4478 1351 4521 utrum
1400 4467 1572 4523 sancti
1624 4468 1876 4536 Exuperii

309 4562 454 4630 quod
483 4558 911 4624 intuleratesset,
934 4574 1123 4625 necne,
1150 4560 1276 4628 quin
1301 4560 1463 4615 etiam
1483 4571 1879 4614 sacramentum

311 4652 379 4705 ab
407 4664 473 4704 eo
513 4650 697 4719 exigit.
744 4649 888 4714 lloc,
928 4650 1133 4719 inquit,
1160 4650 1509 4718 jurejurando
1549 4652 1642 4705 tibi
1672 4668 1882 4708 asseve-

310 4747 465 4806 rabo,
499 4744 639 4810 quod
672 4758 868 4810 corpus
893 4742 1145 4811 Exnperii
1179 4744 1268 4807 sit,
1307 4746 1372 4799 de
1394 4747 1676 4799 sanctitate
1701 4758 1877 4800 autem

310 4846 610 4899 nunquam,
640 4829 761 4898 quia
790 4831 969 4884 multis
998 4831 1050 4884 id
1079 4846 1384 4899 prmnomeu
1416 4836 1725 4902 ascribitur,
1753 4852 1881 4905 quo-

311 4936 430 4973 rum
482 4921 746 4972 sententia
783 4919 941 4989 longe
987 4923 1362 4989 peregrinatur
1403 4938 1432 4976 a
1472 4935 1678 4979 sancto.
1715 4927 1879 4995 Igitur

312 5012 412 5065 hoc
451 5011 608 5063 modo
657 5012 942 5080 episcopus
993 5016 1354 5081 :equivocatns
1398 5031 1426 5068 a
1484 5014 1601 5069 fure
1653 5019 1871 5085 quievit.

310 5101 606 5171 Oppidanis
633 5111 811 5155 autem
837 5104 1242 5157 mercimonium
1272 5104 1338 5158 de
1366 5113 1590 5174 patrono
1612 5122 1709 5160 suo
1735 5108 1876 5175 quod

312 5191 515 5244 fecerat
553 5200 735 5243 custos
788 5190 1057 5245 inclaruit.
1097 5190 1196 5257 Qui
1255 5204 1551 5249 conventus
1594 5196 1663 5249 ab
1714 5197 1871 5264 ipsis,

328 5282 589 5352 )cspondit
621 5299 633 5335 :
667 5282 900 5338 Revisite
937 5284 1084 5352 signa
1134 5283 1315 5351 feretri
1352 5283 1498 5352 ejus,
1545 5295 1600 5340 et
1639 5288 1741 5341 nisi
1775 5288 1877 5357 illi-

311 5382 433 5426 bata
463 5372 723 5439 videritis,
757 5372 896 5427 luam
925 5388 1134 5443 primas.

381 5463 521 5515 Ecce
552 5473 811 5529 quantum
841 5469 1004 5521 tutius
1028 5466 1301 5537 religionis
1337 5466 1574 5522 dedecus
1617 5470 1884 5538 coemptio

309 5554 634 5623 episcopalis
676 5553 897 5618 evaluit,
933 5558 1080 5623 dum,
1107 5567 1352 5628 promoto
1385 5568 1491 5614 tam
1538 5558 1760 5629 profane
1792 5576 1884 5615 ru-

312 5646 450 5700 stico
502 5645 791 5717 Exuperio,
820 5659 977 5700 sacro
1021 5646 1113 5702 Dei
1158 5665 1262 5718 quo
1301 5651 1536 5707 intrusus
1580 5660 1663 5706 est
1693 5648 1887 5707 altario

1986 3215 2204 3261 matrem
2254 3207 2483 3260 omnium
2528 3204 2733 3277 (Eccli.
2776 3220 2874 3269 XL,
2927 3203 3008 3273 1).
3046 3203 3178 3257 Nota
3221 3218 3381 3271 quam
3426 3215 3555 3257 con-

1987 3295 2145 3349 cinne
2187 3295 2386 3349 dictum
2440 3295 2531 3359 sit,
2564 3303 2790 3347 matrem
2842 3308 3028 3347 eorum
3083 3299 3137 3345 et
3187 3302 3413 3346 matrem
3438 3308 3554 3345 om-

1985 3386 2155 3439 nium.
2189 3386 2244 3439 Si
2283 3395 2455 3441 mater
2482 3386 2611 3438 mihi
2646 3385 2864 3447 dicitur,
2916 3400 3035 3453 qnze
3066 3384 3270 3437 ventris
3299 3383 3553 3444 loculum,

1983 3487 2038 3532 et
2091 3482 2231 3531 hunc
2276 3476 2686 3545 immutabilem,
2739 3476 2828 3544 qui
2882 3475 3096 3529 alterari
3148 3490 3253 3529 non
3297 3474 3551 3543 potuerit,

1985 3569 2231 3639 prmbuit,
2264 3568 2683 3635 consequentius
2717 3576 2771 3621 et
2802 3574 2975 3620 mater
3003 3565 3116 3633 ipsa
3155 3572 3257 3629 est,
3291 3580 3409 3632 qua:
3442 3580 3555 3617 ma-

1987 3660 2175 3714 teriam
2208 3659 2418 3714 essendi
2444 3658 2763 3713 mortalibus
2792 3657 2961 3722 dedit,
2988 3664 3043 3711 et
3069 3657 3347 3726 plusquam
3381 3665 3556 3709 mater

1984 3757 2068 3804 est
2109 3748 2289 3818 plane,
2330 3748 2477 3818 quia,
2510 3749 2650 3817 quod
2681 3747 2931 3802 secundis
2963 3763 3067 3801 non
3098 3748 3221 3802 licet
3268 3746 3554 3810 matribus,

1984 3841 2178 3895 iterato
2209 3855 2307 3895 nos
2356 3840 2567 3909 recipit.
2600 3840 2929 3908 Quocunque
2960 3840 3104 3894 enim
3150 3848 3411 3909 apparatu
3442 3854 3558 3893 sar-

1983 3936 2346 4005 cophagorum
2387 3932 2597 3988 amoliri
2649 3947 2677 3986 a
2736 3941 2787 3986 te
2845 3942 3046 3986 tactum
3096 3941 3252 3985 terra:
3297 3930 3552 3993 volueris,

1982 4025 2115 4080 velis
2153 4024 2314 4089 nolis,
2345 4032 2486 4078 terra
2530 4023 2613 4077 tis.
2649 4022 2713 4075 Et
2744 4036 2861 4090 quae
2909 4021 3141 4089 dignitas
3185 4029 3242 4074 ut
3272 4020 3394 4089 quis
3423 4035 3555 4073 auro

1985 4124 2277 4184 argentove
2304 4114 2611 4179 claudatur,
2644 4128 2766 4167 cum
2797 4111 2890 4167 Dei
2941 4110 3108 4164 Filius
3141 4124 3272 4164 saxo
3296 4110 3555 4164 vilissimo

1982 4206 2337 4261 obstruatur?
2376 4204 2525 4272 Quod
2556 4220 2585 4257 a
2619 4204 2934 4259 saemdorum
2986 4200 3298 4271 primordiis
3350 4214 3415 4255 ne
3460 4215 3554 4257 su-

1982 4296 2321 4366 perbissimis
2364 4295 2577 4364 quidem
2629 4294 2843 4364 regibus
2886 4298 3098 4345 constat
3136 4291 3406 4359 inclitum,
3458 4309 3555 4347 nec

1990 4385 2204 4439 unicum
2253 4385 2525 4439 memoriae
2554 4397 2688 4437 mete
2713 4380 3084 4453 suppeditatur
3126 4382 3467 4451 exemplum;
3502 4390 3556 4437 et

1988 4492 2111 4534 cum
2162 4477 2396 4532 infinitas
2427 4477 2801 4531 thesaurorum
2829 4475 3014 4543 copias
3038 4473 3299 4544 sepulcris
3341 4475 3561 4527 immer-

1987 4581 2197 4643 gerent,
2240 4570 2327 4639 (η)
2360 4583 2629 4639 nunquam
2678 4570 2871 4639 legisse
2912 4581 2997 4621 me
3041 4567 3260 4621 memini
3287 4568 3429 4637 quod
3473 4567 3553 4621 lo-

1985 4661 2120 4717 culis
2151 4659 2328 4715 aureis
2370 4675 2463 4714 seu
2494 4661 2761 4729 argenteis
2790 4672 3056 4711 marmora
3102 4668 3233 4726 pura
3264 4666 3551 4721 mutarent,

1984 4749 2113 4814 Qua:
2154 4747 2243 4802 Dei
2292 4747 2561 4801 tentulatio
2602 4757 2704 4813 est,
2754 4746 2845 4800 sed
2888 4760 2991 4799 non
3047 4746 3341 4801 secumlum
3375 4748 3552 4803 scien-

1987 4842 2114 4893 tiam
2147 4838 2338 4910 (Ront.
2371 4854 2426 4901 ι,
2458 4838 2493 4891 9.
2521 4840 2561 4902 ),
2614 4850 2670 4891 ut
2722 4838 2853 4891 lides
2883 4836 3085 4889 nullum
3145 4836 3377 4892 fructum
3424 4838 3553 4891 affe-

1984 4948 2130 4996 rens,
2157 4932 2248 4985 sed
2280 4946 2399 4999 quae
2442 4930 2666 4983 multum
2700 4929 2874 4999 pariat
2905 4927 3179 4989 indecens,
3216 4936 3399 4981 nostro
3423 4937 3554 4982 tem-

1984 5040 2112 5093 pore
2159 5032 2574 5086 commentelur,
2625 5024 2764 5092 quod
2819 5021 2947 5074 nulli
2998 5034 3230 5087 unquam
3286 5019 3550 5089 religioni,

1985 5117 2144 5170 nullis
2175 5132 2400 5184 usquam
2433 5115 2633 5170 divitiis
2686 5113 2983 5170 exbibitum
3034 5125 3064 5163 a
3115 5110 3309 5164 saeculo
3334 5125 3549 5180 compe-

1983 5205 2171 5258 rimus.

2057 5294 2104 5347 E
2153 5293 2367 5347 tumulis
2416 5294 2530 5347 erui
2571 5311 2789 5364 corpora
2818 5305 3117 5348 sanctorum
3152 5292 3397 5348 Guiberto
3447 5304 3550 5343 non

1983 5385 2347 5453 probatur.—
2377 5384 2466 5455 (‘6)
2505 5385 2665 5440 Certe
2712 5385 2756 5438 si
2809 5396 3117 5439 sanctorum
3157 5397 3378 5452 corpora
3430 5394 3555 5443 sua,

1977 5472 2129 5541 juxta
2170 5484 2378 5529 natura:
2404 5475 2663 5540 debitum,
2694 5475 2830 5539 loca,
2873 5475 2922 5529 id
2954 5486 3036 5531 est
3061 5476 3303 5547 sepulcra
3339 5486 3549 5528 servas-

1986 5575 2128 5627 sent,
2183 5564 2485 5633 bnjusmodi
2516 5581 2650 5634 quos
2702 5567 2946 5621 recensui
2991 5582 3205 5623 errores
3244 5571 3547 5620 vacassent.

1988 5653 2092 5709 Per
2123 5655 2220 5709 hoc
2247 5654 2390 5707 enim
2428 5654 2569 5723 quod
2613 5670 2643 5710 e
2682 5654 2902 5712 tumulis
2932 5665 3230 5723 .eruuntur,
3279 5650 3549 5709 membra-
