4014 6324
493 348 597 403 627

1268 348 1326 405 V.
1365 345 1689 405 GUIBERTI
1726 346 2018 405 ABBATIS
2048 343 2108 402 S.
2148 346 2389 408 MAle
2426 351 2513 407 DE
2550 350 2943 413 NOVIGENTO
3646 356 3735 417 628

496 466 592 519 tim
630 464 737 519 huc
770 462 1003 534 illucque
1030 461 1296 526 feruntur,
1330 472 1385 517 et
1412 477 1542 517 cum
1570 460 1791 530 pietatis
1820 461 2072 515 obtentus
2098 464 2150 521 Α
2179 461 2281 517 bus
2334 463 2739 533 pollinctorum,
2772 475 2827 522 et
2855 465 3211 536 vespillonum
3237 465 3575 538 generaliter
3599 469 3738 524 obse-

493 555 710 609 occasio
753 552 1175 608 circumlationis
1207 552 1499 617 exstiterit,
1550 552 1617 606 ad
1658 552 1762 605 hoc
1804 553 2072 606 subeunte

494 644 734 714 nequitia
765 643 1073 711 detorqueri
1101 652 1278 711 coepta
1326 651 1409 696 est
1437 642 1753 697 intentionis
1784 640 2068 703 rectitude,

497 744 556 789 ut
585 749 722 804 pene
753 749 871 801 qua:
901 732 1218 802 simpliciter
1250 733 1364 789 ﬁeri
1396 741 1788 788 consueverant
1827 746 2072 786 corrum-

493 835 650 896 peret
685 825 938 880 universa
970 826 1183 895 cupido.
1225 825 1282 880 Si
1331 825 1467 879 tanti
1515 825 1634 880 loco
1681 824 1858 878 meriti
1893 822 2076 877 Tobiae

491 926 830 971 mortuorum
877 917 1155 986 sepultura
1211 917 1525 983 ascribitur,
1576 926 1632 971 ut
1676 917 1821 971 inter
1849 925 2073 971 caztera-

492 1024 611 1062 rum
659 1009 918 1063 beneﬁcia
972 1010 1370 1064 humanitatum
1433 1009 1722 1079 Raphaclis
1770 1007 2077 1078 specialiter

490 1096 605 1174 fere
636 1098 945 1153 testimonio
965 1098 1327 1163 collaudetur,
1358 1108 1413 1153 et
1441 1107 1567 1152 ante
1597 1098 1689 1151 Dei
1715 1097 1899 1151 oculos
1924 1104 2077 1167 grate

492 1188 785 1243 admodum
836 1190 1017 1244 delata
1046 1190 1258 1245 dicatur
1289 1189 1309 1259 (
1340 1188 1467 1243 Tob.
1514 1204 1616 1252 xu,
1657 1188 1745 1253 12,
1778 1186 1896 1257 13),
1947 1186 2076 1257 quid

492 1280 793 1349 impietatis
837 1292 893 1335 et
924 1281 1096 1350 culpae
1135 1290 1387 1351 putamus
1414 1279 1675 1346 obtineat,
1728 1278 1817 1347 qui
1850 1292 2075 1347 Corpora

492 1370 728 1424 naturali
771 1370 963 1426 debito.
995 1373 1213 1441 privans
1240 1373 1432 1442 quavis
1474 1371 1576 1426 levi
1623 1370 1909 1425 occasione
1956 1384 2075 1424 mo-

492 1460 686 1515 lestat?
708 1462 770 1516 Et
794 1477 914 1531 qum
934 1479 1041 1517 non
1064 1464 1184 1518 dico
1206 1464 1396 1530 levior,
1422 1464 1515 1519 sed
1540 1460 1899 1532 importunior
1919 1474 2077 1515 occa-

493 1551 576 1613 sio
611 1568 773 1620 quam
824 1561 880 1606 ut
927 1553 1222 1624 discipulus
1270 1564 1617 1625 praeponatur
1644 1551 1946 1620 magistro?
1990 1550 2078 1606 ille

492 1638 654 1710 lapidi
713 1642 1041 1710 intrudatur,
1114 1646 1203 1700 hic
1258 1661 1393 1700 auro
1445 1642 1770 1700 claudatur?
1830 1641 1919 1696 ille
1978 1656 2078 1697 nec

490 1741 627 1797 pene
656 1728 835 1783 subtili
864 1730 1092 1787 sindone
1135 1733 1470 1798 obvolvatur,
1502 1733 1590 1788 hic
1616 1730 1793 1802 palliis
1820 1738 1909 1784 aut
1939 1732 2075 1785 seri-

491 1817 597 1884 cis,
630 1834 832 1875 aurove
865 1822 1033 1877 textili
1073 1824 1456 1893 subcingatur?

561 1909 650 1980 (‘7)
674 1911 832 1979 (Apud
864 1910 1353 1982 splendidissimum
1399 1931 1593 1987 papam
1632 1918 1973 1992 Gregorium,
2014 1924 2068 1977 hi

492 2002 586 2072 qui
615 2018 840 2074 corpora
890 2004 1042 2059 Pauli
1077 2008 1326 2075 apostoli,
1376 2007 1762 2081 Laurentiique
1817 2016 2070 2087 martyris

491 2095 645 2149 inscii
705 2110 1036 2165 conspexere
1083 2099 1405 2169 gravissime
1453 2110 1579 2156 sunt
1619 2104 1811 2172 puniti.
1840 2106 1977 2172 Quid
2004 2108 2070 2162 de

492 2183 561 2238 iis
604 2182 794 2252 judicii
832 2186 1159 2257 proferetur,
1199 2189 1395 2260 quibus
1423 2192 1649 2247 avaritia
1679 2193 1791 2248 sola
1823 2196 1875 2249 in
1904 2212 2070 2253 causa

489 2285 594 2341 est,
639 2285 696 2332 et
744 2287 1054 2333 sanctorum
1101 2296 1333 2351 corpora
1385 2282 1593 2341 faciunt
1644 2286 1935 2358 irrequieta
1986 2290 2068 2345 di-

491 2369 689 2439 spergi,
743 2369 870 2434 imo,
924 2379 985 2425 ut
1038 2372 1116 2427 sic
1154 2372 1350 2440 dicam,
1418 2390 1516 2444 pro
1572 2377 1684 2432 sola
1737 2379 2069 2435 oblationum

492 2456 729 2511 illatione
768 2459 1080 2540 quotidiana
1123 2462 1360 2517 ostentui
1405 2464 1644 2519 haberi?
1687 2464 1876 2523 Solent
1918 2486 2072 2525 nan;-

491 2561 596 2613 que
628 2548 921 2617 pyxidibus
950 2552 1207 2606 eburneis
1253 2564 1347 2609 aut
1387 2558 1660 2627 argenteis
1690 2560 1831 2615 nuda
1861 2575 2073 2619 sancto-

493 2651 613 2689 rum
642 2652 764 2692 ossa
793 2638 1104 2711 contegere,
1146 2654 1201 2698 et
1233 2645 1299 2700 ad
1334 2654 1547 2717 tempus
1578 2658 1633 2704 et
1663 2651 1853 2706 horam
1898 2657 2072 2724 pretio

492 2742 615 2783 sese
656 2730 935 2800 ingerente
974 2743 1237 2805 retegere.
1270 2738 1507 2809 Spiritus
1538 2742 1832 2813 Samuelis,
1866 2749 1983 2818 qui,
2011 2759 2074 2806 ut

490 2820 714 2889 spiritus
744 2824 973 2879 naturali
1002 2826 1283 2885 alacritate
1310 2832 1544 2900 vigebat,
1573 2849 1672 2905 per
1696 2836 2071 2909 Pythonissan

494 2911 809 2982 inquietari
843 2931 900 2971 se
953 2918 1079 2988 quia
1128 2922 1474 2989 evocabatur,
1525 2928 1772 2995 queritur
1825 2930 1896 2997 (1
1942 2931 2071 3005 Reg.

491 3020 689 3070 xxvm,
722 3007 853 3078 15),
903 3021 957 3064 et
995 3026 1117 3066 ossa
1169 3014 1470 3070 materialia
1521 3032 1640 3087 quae
1689 3021 1791 3077 hac
1845 3023 2074 3096 illacque

492 3096 812 3166 dispersioni
860 3110 1066 3170 patent,
1109 3105 1154 3158 si
1198 3108 1406 3176 possint
1442 3110 1743 3179 justissime
1791 3131 1896 3171 non
1944 3133 2072 3187 que-

490 3190 715 3244 rantur?
760 3190 925 3248 Jacob
977 3205 1032 3250 et
1079 3195 1277 3268 Josepli
1325 3209 1605 3271 tantopere
1668 3205 1735 3260 de
1786 3209 2075 3279 sepulturis

490 3280 747 3335 mandant
778 3282 796 3354 (
822 3281 1007 3339 Cenes.
1042 3303 1210 3355 xu'u,
1241 3289 1334 3356 50;
1363 3307 1417 3354 ι,
1452 3291 1521 3347 24
1546 3294 1587 3365 ),
1643 3304 1698 3351 et
1727 3312 1918 3355 omnes
1950 3316 2079 3356 san-

490 3371 564 3466 cti
606 3373 855 3466 sepulcra
879 3376 982 3432 sibi
1015 3391 1343 3450 prmparant,
1375 3384 1442 3438 de
1468 3390 1809 3456 reportandis
1838 3394 1905 3447 ad
1928 3397 2080 3466 geni-

490 3461 600 3518 tale
645 3464 820 3521 solum
859 3469 1075 3525 ossibus
1127 3485 1347 3541 operam
1399 3487 1613 3545 gerunt,
1666 3480 1721 3535 in
1764 3461 1981 3541 domo's

491 3553 547 3607 id
573 3565 655 3611 est
684 3557 738 3612 in
773 3561 1075 3628 parentela,
1115 3562 1259 3620 inter
1310 3558 1529 3623 scilicet
1582 3572 1912 3630 contribules
1949 3590 2011 3631 su
2051 3621 2052 3624 η

490 3659 597 3743 non
654 3648 889 3716 sepeliri,
937 3652 1093 3721 quasi
1141 3668 1278 3723 pene
1333 3656 1583 3713 damnari
1620 3671 1866 3719 metuunt
1900 3683 1912 3719 :
1945 3502 2052 3743 qR

491 3553 547 3607 id
573 3565 655 3611 est
684 3557 738 3612 in
773 3561 1075 3628 parentela,
1115 3562 1259 3620 inter
1310 3558 1529 3623 scilicet
1582 3572 1912 3630 contribules
1949 3527 2077 3633 sti};

489 3659 597 3736 non
654 3648 889 3716 sepeliri,
937 3652 1093 3721 quasi
1141 3668 1278 3723 pene
1333 3656 1583 3713 damnari
1620 3671 1866 3719 metuunt
1900 3683 1912 3719 :
1945 3648 2076 3736 quid

492 3734 639 3789 aliud
689 3737 899 3793 videtur
947 3740 1054 3795 nisi
1100 3744 1242 3812 quod
1275 3759 1505 3815 corpora
1547 3748 1615 3803 ad
1660 3734 2075 3814 resurrectionis

491 3821 719 3892 gloriam
751 3827 1082 3885 immutanda
1112 3834 1436 3891 omnimodis
1463 3839 1645 3910 magni
1682 3844 1922 3910 pendunt
1948 3847 1971 3899 ?

566 3915 625 3970 Si
653 3933 832 3986 nemo,
864 3920 916 3976 id
961 3932 1046 3979 est
1076 3926 1287 3982 ratione
1337 3942 1397 3983 se
1439 3944 1626 4000 agens,
1668 3948 1886 3990 carnem
1919 3952 2071 3994 suam

491 4007 618 4062 odio
664 4009 857 4066 habuit
900 4013 1086 4085 (Eph.
1152 4032 1207 4083 v,
1243 4018 1382 4089 29),
1436 4022 1564 4091 quin
1627 4040 1767 4081 escae
1814 4043 1878 4083 ac
1919 4039 2074 4098 potus

492 4098 717 4155 obsonia
745 4103 1071 4171 quotidianae
1094 4106 1405 4179 indigentiae
1425 4114 1839 4180 comministret,
1870 4130 2073 4188 quanto

493 4190 667 4259 magis
698 4191 849 4258 illud,
899 4194 956 4248 in
998 4210 1106 4265 quo
1148 4199 1455 4254 necessitati
1503 4200 1715 4258 luxuria
1745 4205 1891 4260 nulla
1926 4223 2074 4263 com-

493 4283 761 4351 municet,
809 4293 872 4341 ut
917 4287 971 4342 in
1019 4289 1216 4347 haustu
1261 4293 1573 4351 victualium
1616 4297 1903 4368 aliquoties
1946 4319 2073 4358 con-

472 4380 704 4451 tingere
732 4382 889 4447 solet,
937 4388 1447 4461 prmcordialiusque
1485 4396 1731 4463 quamvis
1756 4408 2071 4469 sumptuoso

2173 552 2480 620 qucbautur
2524 553 2719 619 oﬁicia,
2773 563 2827 609 et
2859 555 3097 625 vulgaris
3145 556 3462 626 sandapilae,
3508 564 3566 609 et
3609 569 3740 612 certe

2172 657 2404 710 quorum
2433 658 2582 712 spes,
2628 646 2934 701 intereunte
2960 660 3207 713 corpore,
3236 646 3443 714 pariter
3473 645 3738 712 interibat,

2172 737 2227 782 et
2254 745 2350 784 nos
2375 745 2562 785 eorum
2593 734 2752 787 busta
2797 732 3131 799 snil‘odimus,
3160 735 3404 787 membra
3437 732 3737 799 dividimus,

2170 832 2309 891 Quos
2337 838 2468 878 sane
2512 824 2764 893 plurimis
2812 825 3152 881 documentis
3180 840 3343 895 super
3371 825 3479 880 hac
3519 825 3743 882 motione

2174 914 2333 968 irasci
2367 915 2728 983 comperimus
2756 917 2768 969 l

2246 1003 2413 1061 Plane
2447 1005 2744 1077 Gregorius
2791 1009 2808 1079 (
2832 1006 2926 1063 lib.
2955 1024 3105 1076 xxxr,
3135 1008 3285 1079 epist.
3310 1005 3427 1078 50),
3456 1024 3582 1064 cum
3605 1002 3742 1064 Pauli

2176 1097 2405 1167 apostoli
2442 1107 2608 1168 caput
2637 1100 2703 1154 ab
2729 1099 2993 1172 Augusta,
3028 1102 3131 1157 nisi
3157 1101 3335 1168 fallor,
3362 1100 3569 1156 Tiberii
3601 1109 3743 1170 pete-

2176 1196 2350 1253 retur,
2384 1188 2473 1257 (ίθ)
2503 1202 2561 1242 se
2590 1204 2815 1259 prorsus
2864 1190 2916 1245 id
2960 1206 3069 1246 non
3101 1192 3300 1246 audere
3336 1189 3636 1260 respondit,
3666 1188 3745 1243 illa

2177 1292 2339 1347 quam
2367 1280 2618 1348 superius
2647 1280 2759 1334 dixi
2790 1294 2952 1350 super
2977 1281 3092 1352 ejus
3122 1280 3494 1350 repertoribus
3519 1277 3747 1332 animad-

2178 1369 2431 1424 versione
2472 1379 2757 1439 praetensa.
2806 1371 3154 1426 Eadmundus
3205 1370 3348 1440 apud
3397 1369 3603 1439 Anglos
3648 1382 3748 1423 non

2178 1458 2431 1525 ignobilis
2461 1458 2647 1528 gloriae
2677 1475 2771 1513 rex
2801 1468 2856 1514 et
2900 1469 3110 1531 martyr
3147 1459 3353 1524 existit,
3382 1458 3538 1525 cujus
3582 1458 3634 1511 in
3671 1456 3748 1513 sui

2181 1547 2407 1602 tuitione
2448 1548 2694 1617 corporis
2722 1548 2897 1602 zelum
2930 1548 3120 1602 vellem
3149 1548 3319 1603 sancti
3368 1548 3751 1602 mmularentur

2179 1639 2382 1702 caeteri,
2421 1638 2513 1708 qui
2545 1638 2597 1691 in
2629 1648 2774 1692 statu
2815 1638 3107 1693 dormienti
3153 1636 3429 1692 simillimo
3463 1635 3570 1690 huc
3592 1649 3753 1704 usque

2180 1731 2477 1798 persistens
2506 1746 2546 1784 a
2577 1731 2803 1786 nemine
2851 1731 3019 1797 videri
3064 1746 3122 1785 se
3162 1730 3415 1800 dignatur
3458 1738 3552 1785 aut
3593 1728 3749 1798 tangi.

2104 1811 2153 1870 Β
2181 1820 2378 1877 Nostra
2412 1823 2557 1877 enim
2615 1833 2797 1887 aetate,
2828 1831 2886 1876 ut
2927 1837 2990 1877 ea
3018 1836 3138 1891 qua:
3162 1820 3215 1874 in
3248 1818 3365 1887 ejus
3389 1819 3646 1889 passione
3687 1817 3755 1870 le-

2172 1925 2375 1984 guntur
2425 1922 2632 1968 taceam
2661 1954 2676 1978 ,
2711 1914 2801 1983 ('°)
2851 1913 2989 1969 abba
3049 1912 3269 1983 quidam
3324 1909 3444 1981 ejus
3491 1908 3596 1964 loci
3643 1907 3754 1978 plus

2171 2021 2326 2076 aequo
2374 2006 2645 2071 curiosus,
2695 2015 2897 2072 utrum,
2949 2004 3026 2058 uti
3083 2002 3423 2073 vulgabatur,
3451 2009 3618 2069 caput
3647 1997 3754 2065 ejus

2170 2104 2295 2165 post
2339 2095 2730 2150 abscissioncm
2780 2092 2995 2163 corpori
3030 2100 3174 2146 esset
3235 2089 3468 2151 unitum,
3515 2087 3754 2155 praemis-

2172 2188 2247 2242 sis
2266 2185 2486 2255 jcjuniis
2512 2201 2633 2240 cum
2648 2184 2813 2257 338
2824 2184 3055 2253 quodam
3076 2195 3173 2236 suo
3196 2179 3461 2235 monacho
3482 2177 3757 2231 adnitente

2173 2281 2430 2345 tentavit;
2485 2279 2580 2334 sed
2641 2280 2989 2333 tentationem
3060 2274 3205 2329 illam
3266 2280 3412 2327 tanta
3472 2268 3754 2324 confestim

2171 2371 2381 2442 punivit
2420 2368 2710 2423 inﬁrmitas
2752 2376 2811 2421 ut
2849 2368 2904 2422 in
2941 2374 3134 2421 neutro
3159 2364 3263 2418 ulla
3287 2363 3548 2430 deinceps
3583 2373 3755 2414 rema-

2170 2470 2325 2517 neret
2368 2476 2623 2515 manuum
2661 2459 2883 2515 utilitas.

2246 2554 2305 2609 Si
2353 2555 2432 2610 sic
2478 2554 2720 2623 quietum
2759 2554 2872 2608 suis
2916 2550 3134 2606 tumulis
3172 2550 3287 2605 fore
3332 2560 3604 2619 quemque
3636 2545 3757 2599 lice-

2176 2655 2282 2710 ret,
2315 2660 2478 2715 super
2526 2660 2834 2715 corporum,
2886 2643 3245 2713 pignorumve
3276 2653 3557 2697 sacrorum
3588 2643 3759 2689 muta-

2176 2738 2323 2793 tione
2366 2738 2483 2792 sine
2526 2738 2845 2792 concambio
2874 2735 3157 2790 altercatio
3188 2743 3297 2788 tota
3334 2731 3542 2796 sileret,
3571 2744 3671 2785 nec
3724 2728 3759 2783 ii

2175 2829 2353 2895 illum,
2406 2829 2479 2883 illi
2511 2829 2759 2884 eumdem
2801 2827 3001 2881 habere
3045 2841 3103 2881 se
3148 2825 3413 2886 dicerent,
3456 2821 3503 2876 si
3553 2819 3760 2874 illibata

2176 2921 2586 2984 universorum,
2639 2928 2699 2973 ut
2729 2917 2934 2987 justum
2966 2924 3131 2981 esset,
3172 2920 3519 2970 monumenta
3571 2924 3760 2963 mane.

2176 3020 2320 3079 rent,
2351 3021 2405 3066 et
2456 3012 2581 3067 dum
2617 3026 2805 3066 omnes
2848 3010 2903 3063 in
2941 3008 3041 3063 sibi
3074 3005 3333 3061 attributa
3374 3013 3517 3057 terra
3550 2998 3760 3055 immoti

2178 3105 2543 3174 quiescerent,
2611 3101 2848 3164 fraudes,
2916 3113 3052 3169 quas
3101 3094 3551 3168 praelibavimus,
3601 3105 3763 3159 super

2179 3211 2368 3253 eorum
2402 3194 2665 3250 multiﬁda
2694 3192 3073 3248 distributione
3123 3205 3231 3245 non
3265 3188 3483 3252 ﬁerent,
3534 3199 3636 3239 nec
3672 3184 3760 3237 in-

2178 3288 2323 3356 digni
2363 3287 2647 3357 dignorum
2684 3284 2800 3339 loca
2841 3289 3111 3338 tenerent.

2249 3375 2378 3449 sli.
2423 3375 2547 3430 Non
2570 3384 2785 3442 peccant
2840 3373 2929 3443 qui
2966 3371 3211 3442 reliquias
3262 3368 3542 3441 cujusdam
3593 3365 3762 3420 sancti

2177 3440 2277 3539 prd
2301 3440 2409 3524 alio
2438 3476 2769 3523 venerantur.
2804 3496 2873 3505 ——
2898 3464 3170 3532 Quaeritur
3213 3476 3427 3534 quoque
3456 3462 3525 3516 ab
3571 3457 3764 3527 aliqui-

2177 3561 2279 3616 bus
2309 3568 2489 3613 utrum
2541 3572 2729 3613 eorum
2765 3556 3009 3625 reliquiae
3040 3570 3163 3609 cum
3207 3554 3394 3608 altera:
3428 3568 3529 3622 pro
3578 3551 3763 3607 alteris

2179 3652 2536 3716 honorantur,
2584 3658 2638 3705 et
2665 3664 2771 3703 non
2822 3649 2931 3703 sint
2964 3647 3101 3716 ejus,
3135 3645 3289 3715 cujus
3314 3661 3439 3702 esse
3484 3654 3760 3715 putantur,

2179 3741 2382 3810 aliquid
2434 3738 2804 3811 perniciosum
2849 3737 3155 3793 colentibus
3208 3737 3511 3805 importare
3536 3734 3761 3787 credan-

2178 3841 2288 3887 tur.
2340 3831 2493 3898 Quod
2539 3845 2639 3900 ego
2683 3845 2788 3885 non
2843 3829 3053 3885 mstimo
3086 3846 3099 3881 :
3135 3843 3259 3883 cum
3310 3828 3457 3881 enim
3505 3824 3762 3880 Dominus

2176 3925 2243 3980 de
2270 3926 2348 3980 eis
2378 3925 2541 3984 dicat,
2576 3934 2629 3976 ut
2660 3924 2782 3987 sint,
2814 3921 3007 3991 inquit,
3041 3936 3204 3974 unum
3234 3919 3370 3973 sicut
3400 3928 3447 3972 et
3477 3933 3574 3971 nos
3603 3930 3761 3969 unum

2177 4034 2358 4073 sumus
2413 4015 2617 4088 (Joan.
2648 4032 2779 4080 xvu,
2808 4014 2946 4085 22),
2988 4029 3109 4068 cum
3143 4013 3384 4082 ipsorum
3437 4009 3759 4065 universitas

2177 4110 2279 4165 sub
2312 4108 2530 4164 Christo
2555 4108 2729 4177 capite
2759 4107 2828 4161 sit
2862 4107 3016 4176 quasi
3048 4106 3293 4175 quaedam
3344 4103 3604 4159 identitas
3643 4114 3760 4155 cor-

2176 4202 2346 4271 poris,
2378 4209 2431 4256 et
2461 4215 2599 4255 unus
2627 4214 2748 4254 cum
2779 4198 2889 4253 Deo
2919 4199 2991 4253 sit
3021 4199 3243 4267 spiritus
3272 4196 3373 4268 ipsi
3405 4194 3753 4258 adhaerentis,

2177 4293 2321 4346 inter
2367 4306 2555 4345 eorum
2579 4304 2704 4345 ossa
2734 4290 2825 4358 qui
2854 4290 3026 4343 sancti
3072 4297 3225 4354 sunt,
3257 4304 3364 4344 non
3416 4297 3503 4342 est
3537 4300 3694 4340 error
3714 4285 3757 4338 si

2177 4382 2282 4435 alia
2327 4395 2425 4451 pro
2454 4378 2571 4435 aliis
2601 4379 2940 4446 excolantur,
2985 4378 3078 4449 qui
3124 4378 3524 4433 commembres
3573 4376 3627 4430 in
3679 4373 3758 4428 sui

495 4471 668 4527 "istis
706 4474 885 4544 huius,
936 4485 996 4532 ιη
1023 4477 1100 4532 εει
1126 4490 1306 4547 pocla,
1337 4482 1625 4540 ministerii
1657 4465 1895 4555 ambitu;
1920 4507 2069 4562 Spem
2106 4508 2151 4563 Β
2178 4473 2651 4542 auctoriscorpore
2679 4470 3091 4540 dignoscantur.
3123 4471 3166 4524 Α
3195 4484 3303 4537 quo
3328 4484 3489 4523 sensu
3519 4482 3636 4563 non_
3657 4465 3760 4563 dis-

493 4564 562 4617 ad
605 4564 846 4621 melioris
880 4568 1005 4623 vitae
1048 4578 1249 4625 statum
1288 4573 1568 4644 porrigens
1590 4586 1870 4635 exstruere
1895 4583 2073 4649 debet,

497 4652 587 4708 ubi
636 4654 773 4709 liber
819 4658 887 4713 ab
918 4658 1095 4715 hieme
1131 4662 1404 4730 saeculari,
1454 4674 1508 4720 ct
1558 4670 1901 4736 praesentium
1934 4680 2077 4728 tutus

499 4747 570 4801 ab
598 4747 771 4802 imbre
805 4752 1108 4820 turbarum,
1152 4770 1339 4812 vocem
1385 4760 1693 4832 archangeli
1741 4778 1961 4835 surgere
1990 4767 2079 4837 ju-

497 4837 679 4894 bentis
730 4845 1052 4910 exspectet?
1120 4845 1176 4901 Si
1231 4849 1534 4919 hujusmodi
1584 4863 1740 4907 vocat
1786 4855 2076 4925 Apostolus

496 4931 828 4989 dormientes
868 4934 889 5003 (
910 4932 941 4987 Ι
979 4933 1158 4991 Thess.
1200 4954 1273 5002 iv,
1330 4940 1460 5011 12),
1499 4956 1599 5013 ego
1644 4944 1776 4999 tales
1823 4948 2077 5002 existimo

498 5022 803 5093 inquietare
854 5023 1145 5091 nefarium,
1195 5031 1497 5098 prmsertim
1556 5046 1677 5087 cum
1727 5034 1779 5088 in
1816 5035 1913 5091 hac
1962 5038 2076 5107 ipsa

494 5114 676 5182 quiete
741 5114 1011 5173 neminem
1086 5116 1177 5185 qui
1236 5117 1493 5187 evigilare
1551 5121 1835 5190 compellat
1912 5124 2075 5181 alium

496 5207 897 5274 przestoleutur,
950 5207 1052 5264 nisi
1088 5225 1210 5265 eum
1261 5210 1353 5280 qui
1396 5210 1560 5268 faciat
1589 5214 1656 5270 de
1689 5218 1916 5273 mortuis
1942 5220 2079 5275 vivi-

495 5314 621 5354 seen
631 5310 723 5354 tes.

568 5384 724 5443 Dicat
751 5389 979 5459 quisque
1005 5393 1148 5461 quod
1194 5394 1379 5459 seu;it,
1421 5410 1649 5452 securus
1677 5398 1835 5468 plane
1867 5415 1965 5472 ego
1990 5386 2076 5457 in-

497 5473 685 5542 feram,
721 5479 809 5548 (‘3)
867 5498 973 5537 nou
1039 5484 1167 5549 Deo,
1235 5502 1341 5541 non
1395 5488 1599 5543 sanctis
1651 5489 1783 5558 ipsis
1841 5509 2076 5561 unquam

494 5569 664 5624 fuisse
692 5569 950 5639 placitum
989 5585 1048 5627 ut
1077 5590 1265 5631 eorum
1298 5576 1600 5647 cujnspiam
1645 5580 1893 5635 debuerit
1933 5599 2079 5639 rese-

498 5661 605 5715 rari
636 5660 964 5731 scpulcrum,
998 5674 1093 5719 aut
1122 5668 1301 5723 dirimi
1330 5684 1425 5739 per
1472 5669 1639 5726 frusta
1673 5675 2073 5742 corpusculum.

495 5753 651 5823 Apud
678 5752 905 5825 gentiles
961 5766 1205 5827 respectu
1256 5760 1609 5819 humanitatis
1653 5764 1873 5820 omnino
1906 5765 2079 5838 inopi-

2183 4579 2409 4635 crepare
2451 4564 2683 4627 videtur,
2722 4563 2866 4630 quod
2916 4570 3151 4631 quatuor
3180 4570 3562 4616 coronatorum
3610 4556 3756 4611 festi-

2182 4659 2322 4711 vitas
2365 4655 2466 4711 sub
2500 4655 2731 4709 aliorum
2762 4654 3001 4723 quinque
3032 4662 3331 4723 martyrum
3364 4650 3673 4705 nominibus
3694 4662 3757 4704 ex

2179 4749 2421 4803 Romana
2464 4746 2788 4801 auctoritate
2820 4746 3075 4801 recolitur
3104 4746 3121 4815 (
3147 4744 3234 4799 die
3263 4744 3297 4798 8
3327 4742 3635 4813 Novemb.).

2251 4837 2355 4904 Qui
2411 4838 2559 4892 certe
2588 4846 2829 4891 sanctum
2884 4838 3174 4900 existimat,
3230 4834 3471 4904 colitque,
3529 4830 3756 4905 quamvis

2179 4931 2301 4983 talis
2333 4946 2433 4983 non
2474 4929 2561 4993 sit,
2619 4929 2848 4998 fructum
2883 4928 3059 4997 recipit
3108 4928 3358 4981 orationis
3402 4928 3542 4996 apud
3578 4926 3753 4980 Deum.

2178 5052 2248 5061 -—
2289 5020 2393 5075 Sed
2424 5022 2491 5074 ad
2527 5020 2642 5074 lucc
2680 5019 2911 5074 forsitan
2942 5019 3120 5088 quivis
3160 5028 3367 5087 quaerat
3397 5030 3580 5073 utrum
3622 5018 3755 5072 Deus

2181 5117 2452 5186 simplices
2476 5131 2720 5185 quosque
2747 5115 3027 5178 exaudiat,
3074 5129 3197 5168 cum
3229 5128 3326 5182 per
3355 5126 3449 5167 eos
3480 5112 3757 5166 invocatur

2180 5228 2317 5284 quos
2345 5228 2467 5268 esse
2511 5221 2729 5266 sanctos
2761 5226 2864 5265 non
2895 5216 3131 5265 constat.
3172 5208 3268 5262 Cui
3307 5207 3751 5279 respondendum,

2181 5307 2306 5376 quia
2359 5306 2499 5360 sicut
2549 5304 2740 5367 Deum,
2782 5303 2872 5371 qui
2932 5318 3077 5364 eum,
3119 5300 3186 5355 de
3218 5316 3327 5368 quo
3383 5307 3468 5354 est
3526 5300 3754 5353 incertus

2179 5375 2448 5465 exposcit,
2484 5394 2700 5459 irritat;
2752 5394 2825 5447 ita
2849 5409 2972 5448 eum
3004 5393 3050 5448 si
3083 5391 3311 5446 ﬁdeliter
3341 5400 3587 5445 sanctum
3612 5388 3753 5444 illum

2181 5487 2432 5549 credens,
2473 5486 2564 5555 qui
2602 5501 2708 5543 non
2752 5493 2836 5539 est
2872 5491 3094 5539 sanctus
3129 5489 3340 5546 exoret,
3368 5480 3567 5550 placat.
3598 5476 3753 5533 Verbi

2182 5579 2377 5649 gratia,
2410 5594 2675 5649 ponamus
2729 5578 2963 5650 aliquem
3006 5579 3096 5648 qui
3154 5579 3562 5649 eleemosynam
3609 5579 3755 5645 putet

2179 5685 2300 5727 esse
2347 5680 2623 5740 peccatum
2664 5688 2676 5725 :
2718 5671 2763 5725 si
2812 5685 2941 5741 ergo
2996 5670 3042 5725 is
3088 5670 3324 5725 scienter
3357 5669 3753 5740 eleemosynam

2183 5763 2364 5835 faciat,
2400 5779 2587 5822 revera
2629 5762 2870 5836 profecto
2906 5778 2972 5820 ex
3018 5762 3361 5820 conscientia:
3402 5762 3595 5820 intuitu
3632 5773 3751 5832 pec~

2809 5864 2845 5897 η
