4038 6330
271 249 401 307 6‘29

1175 243 1262 299 DE
1296 241 1711 299 PIGNORIBUS
1744 238 2184 298 SANCTOllUM.
2218 276 2286 285 —
2324 246 2449 301 LIB.
2494 245 2556 301 ll.

3450 256 3557 311 650

273 374 403 430 cat,
448 377 572 419 cum
616 370 794 416 tamen
847 358 1105 414 aliorsum
1130 372 1258 412 vere
1280 357 1352 411 sit
1378 357 1578 412 bonum
1604 353 1747 423 quod
1786 351 1867 405 fa-
1898 376 1944 430 Α
1975 371 2097 409 men
2121 358 2394 424 exhibeat,
2423 368 2479 412 tu
2512 358 2785 428 prophetze
2810 369 2905 415 aut
2928 359 3062 431 justi
3113 364 3371 419 meritum
3418 381 3561 434 prae-

275 456 423 510 ciat.
451 454 527 507 lla
553 452 711 522 plane
746 451 789 506 si
820 459 1069 504 sanetum
1117 447 1239 517 quis
1269 446 1524 508 aestimet,
1555 458 1716 513 quem
1745 448 1871 496 san-

276 552 444 596 ctum
474 541 691 609 quidem
746 539 849 592 dici
900 536 1104 598 audiat,
1159 543 1406 589 sanetum
1434 547 1564 587 vero
1611 546 1732 586 esse
1766 546 1873 584 non

278 642 526 695 constet,
570 632 617 687 si
646 646 768 685 eum
812 626 1261 699 prtecordialiter,
1290 634 1345 680 et
1390 625 1687 680 secundum
1714 624 1874 678 ﬁdem

280 724 622 794 interpellet,
673 722 813 791 apud
864 721 1057 785 Deum,
1108 722 1199 789 qui
1234 734 1395 775 causa
1430 726 1485 772 et
1540 717 1748 771 fructus
1793 725 1877 771 est

278 815 579 878 orationis,
613 814 837 866 intentio
882 810 1229 883 deprecantis
1274 818 1382 864 tota
1416 808 1686 878 deligitur,
1736 822 1873 876 quo-

278 921 509 976 cunque
558 907 715 959 modo
747 904 960 958 animus
998 917 1094 973 per
1135 900 1536 969 simplicitatem
1580 912 1748 967 super
1777 912 1875 953 suo

279 997 655 1052 intercessore
696 1011 885 1050 errare
914 994 1182 1057 videatur,
1228 1000 1283 1047 et
1318 992 1463 1061 quod
1490 990 1593 1045 sub
1622 1005 1716 1059 spe
1745 989 1873 1043 boni

281 1086 620 1155 honoratur,
683 1102 961 1159 nunquam
1005 1101 1035 1140 a
1075 1084 1204 1140 boni
1263 1081 1702 1139 remuneratione
1752 1093 1875 1133 eas-

278 1188 469 1233 satur.

368 1268 426 1323 Si
452 1271 594 1325 enim
625 1270 854 1341 recipias
878 1271 1198 1342 prophetam
1233 1268 1286 1323 in
1315 1268 1532 1324 nomine
1575 1265 1872 1337 prophetae,

277 1359 349 1415 id
375 1371 460 1418 est
481 1363 572 1433 qui
598 1363 791 1431 solum,
824 1364 940 1420 sine
964 1379 1045 1430 re,
1079 1372 1172 1418 aut
1186 1362 1319 1433 justi
1350 1370 1444 1417 aut
1472 1360 1751 1433 prophetae
1776 1372 1876 1413 no-

1982 446 2256 516 miumque
2284 449 2498 502 sortiris
2543 448 2772 516 (Matth.
2805 466 2859 515 x,
2892 451 2925 505 4
2947 452 2989 522 ),
3025 468 3131 522 quo
3175 454 3264 509 ille
3286 453 3469 522 justus
3496 473 3562 511 ae

1980 537 2241 606 propheta
2293 536 2597 603 fraudatur,
2640 541 2730 608 qui
2784 541 2959 595 solum
2996 543 3308 598 utriuslibet
3364 560 3555 599 nomen

1982 625 2337 695 habitumque
2372 630 2678 696 prmtendit.
2723 629 2790 682 Et
2832 632 2980 684 certe
3012 631 3162 685 multi
3198 647 3385 702 parum
3416 632 3560 688 litte-

1982 714 2086 769 rati
2131 716 2184 769 in
2233 716 2350 770 suis
2382 718 2714 771 creberrime
2764 721 3017 787 precibus
3056 723 3410 785 mentiuntur,
3461 722 3559 777 sed

1982 807 2130 861 auris
2152 807 2333 862 divina
2363 809 2691 863 intentiones
2718 811 2898 879 ponus
2927 826 3089 880 quam
3119 814 3281 868 verba
3313 814 3558 870 metitur.

1983 900 2039 952 Si
2087 900 2254 963 enim,
2285 915 2407 954 cum
2451 901 2647 956 debeas
2672 902 2854 957 dicere
2907 921 2919 956 :
2959 903 3133 971 Adsit,
3166 905 3316 960 dicas
3350 925 3363 960 :
3411 909 3558 961 Absit

1983 990 2150 1055 nobis,
2176 988 2419 1057 Domine,
2450 990 2611 1045 virtus
2639 989 2866 1061 Spiritus
2891 995 3094 1057 sancti,
3125 994 3170 1048 si
3208 1010 3330 1049 cum
3356 994 3558 1067 singul-

1984 1083 2128 1136 tibus
2162 1097 2313 1148 ores,
2340 1098 2444 1136 non
2485 1082 2580 1137 tibi
2615 1080 2800 1138 oliicit.
2830 1082 2942 1138 Non
2985 1094 3070 1139 est
3114 1085 3255 1141 Deus
3293 1102 3561 1157 gramma-

1987 1174 2106 1227 tica:
2153 1175 2401 1230 curiosus
2455 1190 2557 1229 vox
2582 1190 2705 1232 eum
2740 1175 2885 1230 nulla
2918 1188 3190 1247 penetrat,
3238 1191 3423 1249 pectus
3476 1180 3557 1234 in-

1985 1265 2172 1320 tendit.

1606 1490 1854 1531 EXPLICIT
1906 1488 2062 1529 LIBER
2100 1488 2314 1529 Ρηηιυε.

285 1610 3499 1643 Mm

1406 1767 1765 1856 LIBER
1833 1762 2487 1856 SECUNDUS.
2582 1788 2587 1791 ‘

887 1941 976 2005 De
1008 1956 1274 2021 corpore
1297 1940 1552 2003 Domini
1581 1939 1910 2018 bipertito.
1942 1934 2284 2016 r)rincipali
2309 1934 2555 1999 scilicet
2583 1950 2654 1998 ac
2685 1936 2977 2015 mystico.

1698 2104 2081 2120 ﬁ

812 2191 1040 2249 CAPUT
1077 2191 1367 2248 PRIMUM.

364 2282 531 2354 Igitur
573 2282 661 2349 iis,
693 2297 757 2338 ac
807 2284 851 2338 si
884 2284 1149 2354 prooemio
1177 2282 1370 2337 futura:
1399 2290 1600 2338 nostra:
1627 2282 1870 2352 disputa-

290 2377 488 2440 tionis,
528 2375 822 2445 explicitis,
875 2376 943 2430 ad
996 2375 1409 2430 fundamentum
1440 2375 1583 2444 quod
1618 2375 1672 2430 in
1703 2373 1871 2429 initiis

283 2467 543 2538 iecimus,
567 2468 832 2537 pretiosos
865 2466 1035 2521 lidelis
1061 2465 1260 2534 eloquii
1286 2465 1490 2535 lapides
1515 2478 1867 2535 apponamus,

285 2568 351 2614 et
379 2558 630 2614 nucleum
676 2558 998 2613 difﬁcillimae
1045 2566 1099 2612 et
1139 2573 1169 2611 a
1201 2557 1558 2635 multisprmihi
1586 2557 1872 2626 proposita:

284 2651 606 2722 quaestionis
657 2651 899 2715 terendo,
948 2659 1004 2704 et
1043 2640 1496 2725 quasi/dentibus
1537 2648 1870 2719 eﬁ‘ringendo

284 2754 623 2810 qumramus.
686 2741 765 2796 0b
817 2741 919 2795 hoc
973 2755 1182 2811 nempe»
1229 2740 1554 2795 densissima
1606 2747 1870 2795 tractatus

285 2830 555 2900 praeteriti
609 2830 775 2884 veluti
826 2830 1023 2885 rudera
1080 2804 1454 2909 exhausimus,
1515 2837 1571 2882 ut
1622 2828 1870 2884 licentius

285 2923 440 2978 circa
467 2923 686 2989 nodum,
714 2924 922 2977 utinam
950 2923 1059 2978 Deo
1087 2920 1322 2988 favente,
1357 2920 1661 2987 solubilem,
1689 2920 1870 2976 elabo-

284 3027 416 3068 rare
442 3026 740 3081 possemus.

361 3076 497 3160 Cum
555 3106 774 3175 quidem
829 3120 994 3176 super
1043 3076 1405 3167 sanctorum\
1428 3104 1691 3174 reliquiis,
1742 3105 1868 3174 quid

278 3195 659 3265 cogitandum,
692 3196 822 3264 quid
852 3196 1120 3267 agendum
1146 3197 1217 3253 sit
1242 3197 1521 3267 hucusque
1547 3196 1865 3263 dixerimus,

288 3284 433 3340 illud
458 3285 798 3356 dispositioni
832 3296 1031 3342 nostra:
1055 3288 1367 3342 omnimodo
1396 3289 1695 3358 supersedit
1726 3288 1868 3359 quod

281 3377 507 3432 dentem
531 3375 850 3445 Salvatoris,
892 3394 1052 3448 quem
1082 3379 1343 3433 novennis
1373 3378 1601 3433 forsitan
1620 3380 1870 3450 exigente

283 3477 481 3522 natura
505 3469 749 3524 emisisse
776 3471 1036 3539 potuerit,
1059 3471 1275 3539 quidam
1297 3473 1350 3525 in
1380 3472 1573 3527 vicinia
1604 3474 1787 3528 nostra
1810 3488 1868 3527 se

282 3558 493 3613 habere
534 3560 887 3614 contendunt.
950 3559 1064 3615 Nec
1124 3561 1319 3616 desunt
1360 3561 1450 3615 alii
1491 3563 1581 3633 qui
1624 3563 1865 3617 umbilici

282 3648 614 3721 superfluum
641 3652 783 3720 quod
816 3666 986 3722 nuper
1034 3652 1179 3707 natis
1215 3654 1570 3719 abscinditur,
1618 3666 1744 3709 sunt
1774 3656 1865 3726 qui

287 3741 603 3796 circumcisi
648 3743 973 3812 praeputium
1012 3743 1182 3813 ipsius
1214 3743 1426 3798 Domini
1457 3744 1658 3801 habere
1694 3762 1753 3801 se
1780 3761 1869 3802 as-

284 3842 497 3900 serunt,
523 3834 589 3889 de
618 3849 727 3904 quo
758 3850 984 3905 magnus
1011 3836 1293 3907 Origenes,
1323 3854 1342 3887 t
1380 3835 1580 3903 Fuere,
1620 3839 1713 3903 ait,
1747 3840 1864 3909 qui-

285 3927 413 3982 dam
450 3928 542 3996 qui
573 3927 639 3982 de
667 3928 782 3997 ipsa
814 3927 1024 3982 Domini
1056 3929 1470 3985 circumcisione
1497 3944 1604 3986 non
1632 3929 1867 3987 erubue-

283 4027 415 4073 runt
440 4019 609 4075 libros
644 4020 907 4075 scribere.
944 4039 962 4073 ι

354 4109 520 4181 339
559 4112 776 4167 Duobus
821 4128 949 4184 ergo
994 4112 1343 4183 sequentibus
1389 4114 1608 4171 omissis
1636 4154 1651 4182 ,
1691 4115 1866 4185 primo

280 4203 523 4273 capitulo
573 4206 717 4274 quod
772 4221 873 4260 nos
920 4207 1274 4277 propinquius
1323 4216 1479 4277 urget
1542 4210 1862 4265 hatreamus.

282 4290 400 4348 lioc
424 4294 571 4347 enim
620 4296 911 4365 abrogato,
960 4295 1215 4366 liquidius
1251 4297 1633 4353 exinanientur
1669 4308 1725 4354 et
1763 4315 1866 4355 cac-

283 4393 423 4438 tera.
464 4384 583 4441 Etsi
613 4387 832 4454 probari
864 4396 1040 4458 potest
1087 4390 1191 4444 hoc
1238 4390 1291 4445 in
1330 4400 1473 4446 terra
1501 4392 1770 4449 resedisse
1798 4393 1866 4449 de

278 4477 399 4544 ejus
425 4477 661 4545 proprio,
692 4479 858 4533 miror
896 4495 1060 4549 quam
1096 4481 1524 4539 vicissitudinem
1569 4486 1725 4541 nobis
1769 4500 1864 4541 no-

277 4570 446 4625 luerit
494 4571 766 4627 dimittere
819 4574 874 4629 in
919 4590 1147 4645 corpore
1194 4576 1446 4647 ﬁgurato,
1492 4578 1743 4649 ﬁgurato,
1784 4581 1865 4635 in-

276 4678 466 4732 quam,
491 4666 631 4733 quod
659 4666 738 4721 sic
765 4669 953 4723 umbra
987 4670 1046 4723 lit
1077 4670 1373 4725 secundum
1403 4672 1639 4740 speciem
1666 4681 1724 4728 ut
1755 4689 1862 4729 non

277 4755 548 4824 discrepet
572 4773 602 4811 a
633 4757 847 4814 virtutis
877 4759 1114 4816 efﬁcacia
1147 4764 1441 4821 secundum
1470 4767 1863 4834 praecedentem

1900 2177 1948 2238 Β
1975 2189 2152 2256 alteri,
2180 2188 2322 2259 quod
2348 2176 2414 2244 a'd
2437 2186 2576 2257 ejus,
2599 2188 2761 2244 utsic
2794 2189 2992 2255 dicam,
3024 2190 3285 2247 vicariam
3306 2189 3559 2247 identita-

1975 2289 2082 2335 tem
2112 2280 2210 2335 sub
2239 2277 2357 2347 ejus
2384 2276 2633 2347 exemplo
2659 2278 2947 2333 successit.

2040 2370 2170 2427 Inde
2193 2386 2225 2425 a
2265 2384 2351 2425 me
2388 2369 2730 2439 potissimum
2782 2369 2914 2425 illud
2949 2370 3182 2441 primum
3213 2372 3417 2428 veritas
3456 2370 3558 2443 ‘ap-

1968 2462 2222 2534 pellatur,
2252 2461 2319 2518 de
2354 2476 2462 2532 quo
2501 2460 2605 2516 ista
2639 2473 2760 2531 quae
2796 2461 3007 2531 agimus
3050 2462 3352 2517 tractabilia
3403 2463 3559 2519 nobis

1969 2558 2310 2607 sacramenta
2354 2557 2665 2618 manarunt,
2698 2550 2825 2621 quia
2859 2550 3292 2622 qualemcunque
3330 2553 3560 2624 recipiat

1969 2643 2254 2699 veritatem
2293 2641 2425 2697 illud
2454 2643 2597 2713 quod
2626 2658 2656 2696 a
2682 2642 2859 2711 primo
2893 2642 2994 2698 sub
3023 2642 3195 2713 ﬁgura
3224 2644 3555 2711 demittitur,

1968 2737 2205 2807 primum
2243 2745 2422 2792 tamen
2458 2735 2831 2807 principaliter
2858 2751 3046 2791 verum
3085 2744 3186 2802 est,
3236 2738 3380 2808 quod
3424 2746 3557 2794 caué

1970 2843 2085 2883 sam
2137 2829 2512 2884 subministrat
2559 2828 2655 2895 illi,
2697 2828 2841 2899 quod
2888 2829 2958 2884 ab
2998 2844 3063 2885 eo
3101 2828 3403 2885 derivatum
3450 2840 3553 2885 est.

1968 2918 2101 2975 lllud
2132 2920 2275 2974 enim
2300 2919 2488 2990 procul
2516 2919 2683 2975 dubio
2711 2920 2912 2975 veritas
2950 2920 3265 2991 principalis
3300 2929 3355 2975 et
3384 2929 3468 2975 est
3503 2928 3559 2975 et

1969 3009 2075 3064 diei
2106 3015 2301 3078 potest,
2334 3010 2386 3064 in
2418 3023 2525 3079 quo
2573 3008 2650 3064 nil
2688 3010 2835 3065 aliud
2866 3011 3227 3066 adumbratur
3246 3026 3408 3082 quam
3436 3011 3555 3081 capi

1970 3101 2295 3155 intuentium
2333 3110 2495 3170 atque
2544 3103 2892 3156 tractantium
2946 3112 3053 3157 tam
3099 3103 3348 3158 sensibus
3393 3117 3555 3173 quam

1971 3190 2332 3246 intellectibus
2367 3191 2530 3247 valet.
2566 3192 2626 3246 ln
2669 3192 2840 3247 altero
2880 3200 3082 3258 autem,
3126 3193 3228 3248 etsi
3259 3193 3435 3248 omnis
3460 3194 3557 3248 ha-

1970 3283 2142 3338 benda
2185 3285 2386 3339 veritas
2418 3293 2519 3351 est,
2566 3285 2864 3357 principale
2905 3296 3083 3342 tamen
3128 3302 3234 3342 non
3274 3296 3376 3354 est,
3426 3288 3555 3359 quia

1970 3388 1998 3428 a
2025 3373 2307 3443 principali
2337 3373 2628 3431 inﬂectitur
2653 3378 2795 3447 quod
2821 3386 2925 3443 est,
2950 3387 3005 3434 et
3038 3378 3105 3433 ad
3136 3378 3188 3433 id
3220 3380 3555 3448 reciprocari

1970 3466 2069 3521 sibi
2101 3482 2311 3536 semper
2338 3470 2611 3535 convenit,
2636 3467 2788 3537 cujus
2813 3469 3021 3539 species
3041 3485 3106 3525 ac
3129 3470 3413 3526 relativum
3444 3458 3550 3527 est.

1893 3522 1940 3587 ο
2041 3522 2285 3628 Speciem
2325 3572 2455 3614 vero
2504 3574 2613 3615 non
2645 3522 3152 3630 partieurlaritatem,
3182 3563 3276 3619 sed
3303 3562 3552 3633 ﬁguram,

1969 3662 2130 3719 quam
2159 3662 2290 3703 usus
2327 3649 2567 3704 exterior
2594 3650 2902 3719 praetendit,
2934 3653 3164 3722 accipio,
3193 3669 3315 3709 cum
3354 3654 3421 3709 sit
3450 3655 3556 3712 hoc

1968 3745 2139 3794 totum
2169 3738 2310 3809 quod
2337 3748 2419 3794 est
2449 3740 2762 3810 praecedens
2788 3756 2978 3804 suum,
2998 3743 3151 3798 Unde
3172 3752 3229 3798 et
3269 3744 3321 3799 in
3346 3745 3555 3816 psalmo

1969 3829 2205 3901 Spiritus
2232 3832 2542 3903 principalis
2572 3832 2733 3887 Pater
2780 3833 3083 3905 appellatur
3113 3835 3289 3906 (Psal.
3333 3853 3384 3903 ι,
3439 3837 3551 3910 Η),

1968 3936 2076 3987 non
2107 3924 2249 3992 quod
2276 3924 2573 3979 secundum
2601 3926 2839 3980 divinam
2862 3928 3155 3983 essentiam
3183 3929 3322 3986 Filio
3350 3940 3406 3986 et
3429 3947 3555 3986 san-

1967 4021 2057 4067 cto
2103 4012 2328 4084 Spiritui
2377 4014 2735 4086 principetur,
2779 4019 2875 4073 sed
2922 4021 3064 4089 quod
3106 4020 3230 4076 Filii
3272 4036 3336 4077 ae
3379 4023 3553 4077 sancti

1969 4101 2205 4173 Spiritus
2227 4105 2293 4159 ab
2324 4105 2440 4177 ipso
2465 4107 2615 4179 origo
2637 4109 2941 4165 deducitur.
2973 4110 3127 4167 Unde
3150 4112 3239 4182 qui
3270 4114 3322 4167 in
3345 4113 3554 4184 psalmo

1966 4193 2281 4264 principalis
2312 4196 2532 4263 dicitur,
2574 4213 2926 4268 personarum
2959 4211 3138 4258 tamen
3188 4205 3410 4259 ultimus
3449 4221 3551 4260 no-

1966 4287 2225 4353 minatur,
2257 4303 2377 4342 cum
2402 4303 2469 4342 ex
2500 4290 2669 4359 ipsius
2700 4307 2795 4346 ore
2825 4291 2947 4346 Filii
2987 4295 3040 4347 in
3080 4294 3251 4348 tribus
3280 4296 3552 4367 vocabulis

1964 4378 2141 4449 primo
2163 4388 2415 4447 ponatur,
2449 4388 2559 4434 uta
2589 4383 2851 4452 propheta
2884 4383 3161 4438 evidenter
3188 4386 3462 4451 innuatur,
3498 4387 3552 4441 in

1966 4478 2159 4525 natura
2191 4469 2284 4524 illa
2325 4471 2470 4540 quod
2509 4472 2585 4526 nil
2628 4474 2795 4542 prius,
2829 4473 2905 4527 nil
2946 4476 3215 4545 posterius
3264 4476 3549 4545 habeatur,

1966 4559 2093 4615 licet
2120 4570 2274 4633 grata
2305 4562 2497 4619 levitas
2533 4566 2850 4622 substantiis
2889 4570 3365 4626 subsistentiarum
3396 4573 3551 4643 quasi

1966 4651 2203 4720 origines
2246 4665 2551 4722 supponere
2600 4658 2977 4726 machinetur,
3030 4675 3152 4715 cum
3199 4673 3455 4717 neutrum
3496 4658 3555 4716 in

1967 4743 2147 4800 divina
2181 4747 2413 4801 essentia
2440 4749 2556 4819 capi
2580 4765 2738 4817 posse
2764 4752 3029 4820 videatur,
3056 4769 3178 4810 cum
3223 4756 3337 4811 sola
3368 4771 3555 4811 essen-

278 4846 585 4902 veritatem.
634 4847 949 4906 pmccdens
1004 4863 1207 4921 autem,
1264 4854 1377 4924 ipsa
1429 4865 1513 4911 est
1565 4860 1862 4926 personalis
1895 4866 1940 4925 υ
1970 4840 2063 4905 tia,
2088 4840 2213 4895 dum
2244 4841 2310 4897 de
2347 4842 2541 4897 divinis
2564 4844 2795 4912 agimus,
2840 4845 2945 4901 dici
2974 4849 3381 4904 convenientius
3409 4850 3553 4904 mstiv

273 4936 503 4997 veritas,
546 4936 598 4991 in
647 4952 807 5007 quam
855 4940 1085 4995 refertur
1111 4951 1166 4997 et
1195 4944 1560 5000 identilicatur
1588 4948 1858 5016 signiﬁca-

277 5037 416 5081 tum.
446 5028 600 5093 Quod
640 5030 781 5084 enim
822 5031 891 5084 ob
931 5032 1011 5086 sui
1051 5036 1366 5089 memoriam
1403 5040 1621 5092 tradidit
1651 5040 1859 5096 facien-

276 5119 430 5182 dum,
460 5118 732 5172 indubiam
767 5136 875 5175 sua:
914 5124 1258 5193 proprietatis
1289 5129 1633 5194 praesentiam
1668 5130 1851 5185 refert.

275 5206 407 5273 Quae
445 5218 622 5263 tamen
662 5212 746 5265 hic
777 5215 1082 5281 prmsentia,
1115 5215 1159 5270 si
1200 5216 1344 5272 aliud
1376 5227 1520 5273 esset
1549 5235 1709 5289 quam
1746 5222 1859 5290 ipsa

275 5302 600 5370 proprietas,
638 5318 740 5357 non
774 5304 945 5373 major
971 5320 1114 5363 esset
1157 5324 1320 5379 quam
1352 5313 1535 5366 annuli
1565 5316 1860 5385 conjugalis

278 5407 446 5461 penes
478 5410 698 5448 uxorem
738 5401 1067 5465 prmstantia.
1101 5401 1181 5459 Ad
1233 5405 1417 5459 uxoris
1466 5407 1608 5460 enim
1651 5422 1857 5463 mento-

280 5486 438 5549 riam,
462 5487 693 5541 annulus
718 5488 1029 5545 vicissitudo
1055 5494 1203 5548 lieret
1228 5496 1431 5551 mariti.
1460 5498 1701 5552 Alterum
1728 5517 1858 5572 ergo

274 5577 416 5632 sicut
470 5581 744 5636 nascendo
790 5583 857 5637 de
898 5583 1133 5653 Virgine,
1166 5589 1420 5656 patiendo
1463 5590 1514 5643 in
1560 5607 1721 5647 cruce
1762 5594 1858 5647 ali-

275 5670 532 5741 quantula
568 5681 864 5744 temporum
911 5691 1058 5733 mora
1112 5680 1411 5749 praecessit,
1467 5682 1615 5739 dedit
1664 5700 1855 5742 causas

1968 4941 2161 4986 utetur.
2212 4933 2346 4988 Cum
2393 4936 2537 4990 enim
2580 4937 2927 4992 subsistentia
2980 4940 3047 4994 ab
3100 4940 3371 5010 aliquibus
3425 4944 3554 4997 sub-

1967 5022 2181 5077 stantiae
2205 5024 2357 5095 origo
2399 5026 2624 5089 dicatur,
2655 5027 2743 5095 qui
2774 5028 2959 5098 vigilat
2985 5030 3266 5099 diligenter
3304 5033 3550 5086 attendat

1967 5115 2236 5180 quomodo
2260 5116 2311 5168 in
2346 5117 2511 5170 Deum
2542 5117 2792 5177 substare
2815 5133 2878 5172 ac
2901 5120 3195 5176 subsistere
3220 5123 3396 5187 cadat,
3424 5136 3547 5177 cum

1969 5206 2187 5260 humani
2214 5210 2486 5275 capacilas
2507 5212 2729 5282 ingenii,
2753 5223 2808 5267 et
2828 5212 3023 5283 [iugum
3051 5216 3300 5272 humanae
3330 5218 3551 5276 licentia

1970 5314 2265 5387 nihprzeter
2288 5318 2575 5374 essentiam
2606 5321 2670 5375 de
2700 5320 2810 5375 Deo
2840 5320 3073 5376 habilius
3096 5322 3243 5376 dicat

2592 5412 2820 5466 CAPUT
2867 5412 2927 5467 ll.

2041 5500 2067 5571 ᾗ
2106 5501 2142 5555 Ι.
2189 5502 2282 5559 llis
2314 5520 2409 5574 per
2442 5520 2732 5562 excursum
2774 5509 2953 5575 dictis,
2984 5511 3203 5567 tandem
3239 5520 3546 5581 repetamus

1964 5592 2184 5647 omissa.
2216 5594 2345 5650 Illud
2377 5597 2559 5667 itaque
2597 5599 2892 5671 principale
2933 5588 3154 5675 corpus,
3190 5603 3331 5672 Quod
3381 5613 3544 5659 mate-

1969 5682 2100 5739 riam
2133 5685 2481 5756 sequeiitibus
2520 5690 2769 5761 przestitit
2811 5694 3189 5763 sacramentis,
3220 5695 3263 5751 si
3300 5694 3545 5767 sui-resiv
