4038 6330
584 246 653 300 65
663 245 690 295 l~

583 353 747 406 duum
789 352 846 408 in
898 361 1039 408 terra
1077 353 1298 422 dimisit,
1323 362 1477 425 parte
1519 363 1770 425 provecta
1807 355 1873 410 ad
1905 371 2150 427 superos,
2179 366 2226 424 Α

583 437 1030 510 (ιυωήεεθεείιδε
1075 442 1176 499 fuit
1221 459 1321 500 nos
1363 447 1514 516 quasi
1567 445 1788 500 alterius
1825 448 2066 515 corporis
2099 449 2151 503 in

583 539 688 592 hac
730 540 837 593 vita
880 541 1232 610 oppignerare
1275 541 1554 611 mysterio,
1593 556 1716 596 cum
1768 543 1900 598 satis
1931 543 2153 598 omnino

583 639 726 684 esset
765 631 830 684 de
871 632 1100 700 propria:
1139 633 1319 686 carnis
1367 631 1482 698 ejus
1524 633 1757 704 gaudere
1807 633 2052 688 residuo?
2089 635 2154 687 Et

583 727 728 774 certe
761 721 876 775 sine
913 720 1019 776 ullo
1062 721 1534 778 intellectualitatis
1581 723 1848 790 acumine,
1889 726 2007 779 sine
2049 724 2154 778 ulla

583 813 910 881 experientia
941 814 1362 884 contemplandi,
1413 815 1592 870 carnis
1640 824 1836 870 nostrae
1872 815 2156 885 adjacebat

581 904 878 972 obtutibus,
917 903 1212 961 Dominicae
1261 906 1441 961 carnis
1489 921 1624 975 quas
1670 906 1890 975 praedixi
1924 907 2155 976 particu-

582 991 662 1048 las
692 993 907 1060 intueri,
937 1005 991 1048 et
1015 993 1198 1064 digitis
1241 1003 1554 1060 attrectare,
1599 1010 1699 1052 nec
1742 1009 1874 1064 Opus
1912 1004 2029 1049 erat
2059 1010 2156 1066 per

583 1085 689 1138 vini
716 1085 976 1154 panisque
1013 1085 1322 1151 materiam,
1371 1101 1553 1140 rerum
1592 1085 1839 1142 videlicet
1887 1102 2152 1157 apparen-

582 1173 738 1238 tium,
795 1175 937 1238 ﬁdei,
979 1176 1132 1244 juxta
1181 1174 1523 1244 Apostolum,
1564 1185 1762 1232 nostra!
1797 1176 2151 1232 substantiam

581 1279 838 1319 exercere
891 1263 1077 1334 (Hebr.
1125 1280 1214 1330 xx,
1269 1265 1342 1333 1).
1392 1265 1686 1320 Plurimum
1745 1267 1886 1320 enim
1941 1267 2154 1321 animus

582 1365 894 1422 exercetur,
940 1370 994 1411 et
1035 1356 1188 1425 quasi
1232 1365 1382 1410 extra
1431 1371 1540 1411 sum
1585 1357 1932 1412 habitationis
1975 1367 2152 1412 castra

583 1449 878 1517 egreditur,
909 1464 1030 1503 cum
1075 1463 1139 1502 ex
1189 1449 1484 1502 intentione
1525 1449 1817 1504 visibilium
1867 1448 2151 1503 invisibilia

584 1539 848 1608 speculari
879 1539 1116 1593 docetur.
1167 1537 1475 1594 Gratiosum
1515 1539 1675 1608 plane
1711 1548 1813 1603 est,
1852 1548 1906 1595 et
1946 1539 2153 1594 cunctis

582 1627 966 1681 desideriorum
995 1627 1215 1682 aestibus
1242 1626 1620 1692 affectantium,
1651 1643 1765 1683 rem
1797 1643 1916 1699 qua:
1945 1637 2028 1683 est
2059 1641 2152 1681 ex-

581 1716 802 1770 colenda
835 1717 1004 1786 ipsam
1033 1716 1150 1771 sine
1186 1717 1347 1786 typis,
1393 1717 1509 1770 sine
1547 1719 1836 1787 ligurarum
1876 1717 2155 1773 velamini-
2187 1695 2228 1752 Β

579 1806 702 1873 bus,
749 1822 858 1877 prae
903 1807 1109 1862 visibus
1147 1807 1364 1870 habere,
1412 1807 1600 1862 ardere
1646 1809 1978 1877 praecordiis,
2018 1809 2157 1864 ulnis

581 1896 762 1951 cordis
783 1897 1102 1966 astringere.
1136 1897 1200 1950 Et
1235 1911 1358 1950 cum
1391 1896 1557 1950 Deum
1589 1913 1694 1952 non
1725 1899 1890 1952 lateat
1917 1913 2154 1952 amorem

583 2003 770 2040 eorum
813 2002 930 2056 qua:
966 1988 1214 2042 videntur
1248 1995 1302 2042 et
1336 1987 1582 2043 sensibus
1612 1988 1876 2057 adjacent,
1900 1987 2157 2043 all‘ectuo-

540 2069 550 2072 “
585 2076 772 2131 sinsin
806 2077 1080 2132 hominum
1104 2078 1290 2132 sedere
1311 2093 1374 2132 ac
1401 2078 1608 2133 haerere
1629 2077 1852 2147 judicio,
1881 2095 2156 2148 nunquam

585 2170 765 2224 decuit
793 2181 851 2224 ut
872 2171 960 2240 qui
991 2173 1041 2224 in
1069 2171 1186 2240 ejus
1211 2185 1426 2240 semper
1445 2185 1730 2240 possumus
1750 2170 2005 2226 delectari
2034 2187 2158 2241 pro-

585 2258 704 2328 prie
736 2259 969 2328 proprio,
1004 2259 1393 2328 impenetrabili
1425 2259 1604 2314 multis
1641 2260 1937 2315 subtilitate
1965 2259 2157 2332 fatige-

585 2366 709 2405 tnur
738 2351 916 2421 potius
960 2367 1117 2420 quam
1143 2351 1502 2421 jucundemur
1534 2353 1854 2408 umbratico.

657 2438 790 2493 Cum
821 2455 948 2508 ergo
978 2439 1246 2494 suﬁiceret
1281 2441 1544 2496 tantillum
1591 2441 1717 2498 illud
1747 2443 1968 2506 residui,
2002 2443 2046 2500 si
2080 2454 2160 2498 ια·

586 2545 709 2584 men
742 2529 1001 2584 tantillum
1029 2529 1132 2584 diei
1165 2538 1364 2600 potest,
1392 2533 1534 2602 quod
1565 2533 1660 2588 toti
1689 2535 1888 2589 mundo
1915 2549 2159 2604 praepon-

587 2622 760 2685 derat,
796 2621 861 2675 ad
893 2622 1070 2692 gaudii
1113 2623 1430 2678 universalis
1459 2622 1689 2694 ﬁdeique
1737 2634 1998 2692 tenorem,
2029 2611 2157 2698 quid

585 2711 742 2767 Jesns
790 2713 1044 2768 Dominus
1096 2714 1148 2769 in
1193 2713 1419 2784 ﬁgurata
1469 2731 1657 2770 rursus
1718 2717 1894 2772 hostia
1941 2733 2156 2772 carnem

587 2817 738 2856 suam
771 2801 1086 2856 mortalibus
1113 2801 1202 2856 dat
1231 2801 1506 2856 obsidem?
1525 2802 1685 2858 Certe
1711 2818 1933 2858 securus
1961 2803 2155 2870 dicam,

587 2892 712 2962 quia
759 2891 955 2946 frustra
987 2891 1054 2946 ad
1102 2892 1184 2947 sui
1230 2892 1614 2948 monimentum
1658 2892 1914 2947 vicarimn
1957 2893 2160 2948 dimisit

585 2997 800 3052 corpus,
832 2981 920 3051 qui
948 2990 1022 3036 tot
1041 2981 1369 3052 portionum,
1399 2997 1517 3052 qua:
1547 2981 1627 3037 sui
1658 2981 1961 3038 suliicerent
1980 2981 2158 3037 facere

585 3070 937 3135 mentionem,
970 3070 1022 3123 in
1055 3078 1196 3124 terra
1228 3069 1507 3140 reliquerit
1537 3087 1749 3128 munus.
1782 3071 1934 3138 Hazc,
1962 3071 2152 3140 inquit,

582 3161 982 3231 quotiescunque
1025 3160 1283 3231 feceritis,
1335 3161 1389 3215 in
1442 3163 1542 3217 mei
1603 3165 1905 3218 memoriam
1956 3163 2156 3234 facietis

585 3249 634 3322 (1
669 3251 791 3306 Cor.
818 3268 876 3316 tt,
913 3252 1030 3322 9.5).

655 3343 809 3399 Scire
830 3345 987 3400 velim
1011 3360 1170 3415 quam
1195 3343 1262 3399 de
1287 3360 1346 3400 se
1368 3345 1550 3400 haberi
1582 3345 1893 3400 memoriam
1921 3342 2155 3410 allectat,

583 3445 642 3490 et
670 3451 767 3490 cur
790 3434 914 3502 alia,
946 3436 1138 3505 quibus
1171 3435 1345 3506 magis
1380 3435 1519 3490 inter
1563 3452 1686 3491 suos
1725 3436 2047 3500 celebretur,
2079 3436 2159 3489 in-

583 3526 769 3591 ducat,
808 3541 928 3580 cum
969 3541 1075 3579 non
1131 3525 1250 3579 dico
1295 3533 1374 3579 tot
1420 3541 1482 3580 ac
1533 3533 1695 3580 tantae
1722 3535 1925 3595 partes,
1960 3525 2053 3580 sed
2090 3523 2158 3578 ad

583 3616 752 3671 totius
808 3615 990 3669 mundi
1043 3629 1364 3670 concursum
1417 3615 1657 3685 corporis
1711 3615 1848 3683 ejns,
1905 3616 2046 3685 quod
2092 3615 2159 3670 de

583 3715 772 3760 sancto
800 3705 1002 3775 Spiritu
1032 3703 1198 3773 Virgo
1247 3707 1581 3774 conceperit,
1621 3705 1848 3762 minutia
1891 3707 1946 3760 in
1992 3707 2159 3763 atomi

583 3796 805 3850 modum
830 3795 915 3850 vel
946 3810 1051 3849 una
1081 3794 1328 3850 suﬂiciat.
1358 3796 1580 3850 Videtur
1614 3804 1797 3849 autem
1827 3796 1958 3850 mibi
2002 3797 2158 3866 quasi

583 3889 657 3944 sit
687 3887 1067 3943 dicere2Cum
1094 3888 1228 3943 nihil
1273 3888 1325 3943 in
1371 3897 1513 3944 terra
1562 3889 1818 3955 resideat,
1865 3890 2004 3945 unde
2040 3905 2159 3946 mea

583 3979 728 4050 apud
755 3995 852 4034 vos
877 3979 1138 4034 memoria
1165 3978 1474 4044 recalescat,
1499 3981 1588 4035 ubi
1615 3981 1758 4036 enim
1789 3981 1918 4034 nihil
1943 3997 2162 4038 sensua-

583 4072 721 4128 litati
775 4080 967 4127 vestra:
1013 4080 1275 4142 praestat,
1330 4073 1472 4142 quod
1513 4072 1675 4144 340
1715 4072 2160 4130 intellectualitati

581 4164 924 4245 praesentiam
965 4179 1140 4220 meam
1185 4165 1489 4219 innovando
1527 4165 1796 4231 exhibeat,
1837 4165 2050 4236 dignum
2077 4175 2161 4221 est

582 4265 642 4310 ut
666 4255 770 4311 tale
799 4255 924 4326 quid
957 4255 1107 4310 vobis
1135 4271 1166 4309 a
1193 4270 1280 4311 me
1310 4254 1424 4319 ﬁat,
1455 4255 1595 4309 unde
1637 4271 1722 4309 me
1758 4255 1911 4310 vobis
1944 4271 2039 4326 pro
2075 4272 2160 4310 me

582 4347 904 4412 restituam,
953 4355 1006 4400 et
1053 4345 1117 4400 de
1161 4346 1265 4399 mei
1319 4345 1458 4413 apud
1511 4359 1608 4399 vos
1658 4343 1941 4415 prmsentia
1991 4361 2151 4414 quam
2181 4355 2230 4415 ι)

581 4440 802 4495 amastis
833 4449 886 4494 et
913 4440 1088 4494 adhuc
1120 4438 1456 4504 desideratis,
1489 4437 1624 4492 nihil
1655 4437 1988 4492 imminuam.
2018 4437 2156 4504 Quid

580 4530 725 4585 aliud
749 4531 1057 4600 praelibatus
1084 4546 1286 4596 sermo,
1326 4530 1370 4584 si
1401 4529 1682 4600 vigilanter
1708 4530 1974 4594 attendas,
2011 4544 2157 4584 reso-

581 4637 713 4678 nare
741 4623 1043 4677 videbitur?

651 4713 771 4766 Duo
799 4728 926 4781 ergo
953 4721 1110 4765 erunt
1137 4726 1364 4781 corpora
1390 4712 1544 4766 nobis
1569 4711 1634 4766 ad
1673 4713 1811 4767 hanc
1843 4711 2154 4766 memoriam

581 4805 953 4860 inculcandam
978 4803 1309 4873 praestituta?
1331 4803 1514 4857 Nonne
1544 4803 1817 4872 apostolis,
1851 4803 1942 4857 sed
1970 4811 2156 4858 contra

579 4897 751 4950 solum
779 4894 968 4950 ludam
1004 4910 1200 4962 agens,
1241 4894 1514 4964 loquitur:
1551 4894 1815 4964 Pauperes
1843 4910 2042 4962 semper
2070 4894 2158 4946 ha-

579 4990 706 5043 betis
755 4988 1049 5051 uobiscum,
1102 5003 1182 5039 me
1235 4998 1408 5040 autem
1460 5005 1562 5041 non
1623 5003 1824 5056 semper
1863 4987 2158 5040 habebitis?

579 5080 763 5139 (Joan.
811 5096 905 5139 xu.
947 5077 1024 5150 8.)
1074 5077 1180 5132 Sed
1232 5091 1299 5132 ne
1347 5077 1447 5132 hoc
1487 5077 1815 5132 contrarium
1860 5076 2156 5130 aestimetur

578 5173 651 5226 illi
700 5173 967 5241 promisso
1013 5186 1026 5224 :
1073 5169 1182 5239 Ego
1227 5179 1403 5222 autem
1455 5169 1714 5222 vobiscum
1760 5185 1872 5221 sum
1921 5167 2155 5220 omnibus

576 5262 756 5314 diebus
810 5278 969 5331 usque
1015 5261 1083 5313 ad
1143 5259 1640 5314 consummationem
1693 5256 1874 5310 swculi
1927 5255 2154 5326 (Matth.

577 5367 769 5414 xum,
797 5351 908 5420 £0),
946 5349 1222 5405 sciendum
1253 5345 1439 5416 procul
1469 5346 1632 5400 dubio
1669 5345 1793 5415 quia
1829 5346 1932 5398 hoc
1956 5344 2154 5398 intelli-

578 5441 810 5511 gendum
841 5450 924 5495 est
969 5441 1036 5494 de
1076 5439 1260 5501 tutela,
1314 5437 1368 5491 in
1395 5445 1655 5505 quantum
1701 5437 1840 5489 Deus
1865 5442 1966 5498 est,
1997 5433 2153 5503 spiri-

579 5532 728 5594 tuali,
759 5532 883 5585 illud
918 5531 986 5584 tle
1024 5529 1307 5597 prtcscntia
1341 5527 1632 5596 corporali.
1663 5525 1814 5592 Quod
1856 5525 1902 5578 si
1930 5525 1993 5579 de
2023 5541 2157 5594 pra:-

578 5623 750 5678 setttia
799 5621 902 5677 bac
958 5619 1156 5691 agitur,
1202 5617 1440 5688 profecto
1486 5616 1577 5686 qui
1627 5616 1842 5672 dentem
1890 5615 2022 5685 ejus,
2071 5616 2154 5671 vel

1468 246 1525 298 V.
1555 245 1876 301 GUlBEHTl
1913 245 2202 302 ABBATIS
2243 247 2300 301 S.
2343 248 2580 304 MANE
2615 249 2704 305 DE
2741 195 3133 308 NOVIGENTf)

3715 258 3796 314 633

2256 359 2584 422 umbilicum,
2615 376 2708 416 seu
2737 363 2879 430 quod
2915 361 3106 434 legitur
3131 363 3530 420 circumcisum
3557 365 3649 422 sibi
3670 383 3795 426 arro.

2254 459 2364 520 gat,
2397 466 2780 522 usquequaque
2824 456 3101 508 mentitur.
3149 453 3320 520 Quod
3359 455 3508 509 enim
3549 458 3690 521 dicit,
3717 478 3796 528 me,

2254 542 2511 612 quidquid
2548 544 2858 599 humanitus
2896 559 3127 613 unquam
3166 545 3302 610 fuit,
3336 546 3714 616 complectitur.

2325 633 2476 700 Quod
2521 636 2568 690 si
2601 635 2894 704 particulas
2925 635 3044 689 illas
3079 635 3236 689 illum
3261 649 3388 690 esse
3418 652 3597 704 negas,
3631 653 3798 707 partem

2253 736 2351 790 pro
2393 730 2534 786 toto,
2574 730 2629 776 et
2671 731 2842 776 totum
2893 737 2989 792 pro
3026 732 3182 793 parte
3231 724 3367 792 poni
3417 739 3574 792 posse
3615 727 3797 785 letsitan

2255 809 2489 878 ignoras,
2518 811 2903 879 synecdocbice
2941 827 3132 882 nempe
3173 828 3290 867 non
3323 812 3499 867 solum
3526 814 3658 884 loqui
3685 817 3802 872 Scri-

2255 910 2464 970 pturas,
2496 903 2588 956 sed
2619 910 2674 956 et
2711 902 2856 972 ipsos
2886 917 3127 973 quosque
3164 903 3494 958 illitteratos
3520 913 3574 958 et
3605 907 3800 976 vulgares

2257 992 2554 1061 ltac'ﬁgura
2583 1008 2888 1049 sermonum
2930 995 3029 1059 uti,
3067 993 3198 1048 nulli
3243 1010 3358 1048 non
3396 996 3800 1065 perspicuuui.Si

2255 1084 2396 1138 enim
2427 1085 2521 1140 tibi
2553 1099 2679 1140 casu
2703 1085 2937 1154 quolibet
2967 1086 3182 1155 pedem,
3226 1099 3458 1138 manum
3487 1085 3570 1138 vel
3599 1085 3800 1141 ultimum

2255 1189 2484 1243 unguem
2515 1184 2737 1239 alteras,
2771 1185 2824 1232 et
2863 1177 3215 1248 interrogeris
3235 1177 3372 1247 quid
3419 1176 3636 1242 habeas,
3665 1194 3803 1235 nonne

2254 1263 2398 1320 illico
2421 1265 2586 1321 infers
2609 1283 2622 1319 :
2648 1256 2784 1322 Latsi
2812 1282 2916 1331 me,
2953 1267 3162 1336 inquis?
3199 1267 3274 1320 Et
3310 1278 3479 1336 quota
3506 1282 3626 1337 pars
3654 1272 3804 1341 unguis

2255 1356 2321 1408 ad
2345 1356 2553 1410 totum?
2580 1355 2635 1411 Si
2669 1365 2720 1410 te
2751 1355 2935 1411 laesum
2959 1372 3066 1412 non
3096 1356 3352 1412 diﬁiteris
3377 1373 3501 1412 cum
3530 1362 3803 1426 pertniniuta

2257 1445 2330 1498 tui
2385 1446 2644 1514 particula
2698 1447 2957 1516 quatitur,
3003 1447 3133 1502 illud
3183 1465 3275 1502 me
3324 1449 3474 1516 quod
3529 1463 3722 1518 semper
3753 1453 3805 1506 ab

2256 1533 2384 1602 ipsis
2405 1535 2591 1589 haberi
2621 1550 2726 1589 non
2754 1551 2912 1604 posse
2956 1535 3152 1591 fatetur
3176 1536 3305 1606 pari
3355 1552 3518 1591 sensu
3558 1539 3799 1594 tenebitur.

2256 1623 2311 1677 Si
2351 1626 2574 1690 amicos,
2602 1627 2902 1680 animarum
2941 1637 3253 1683 nostrarum
3292 1629 3604 1694 dimidium,
3630 1639 3678 1684 et
3711 1646 3804 1698 pro-

2258 1717 2485 1786 pinquos
2509 1718 2806 1787 sanguinis,
2837 1733 3056 1774 carnem
3105 1728 3360 1774 nostram
3396 1718 3657 1789 appellare
3695 1721 3801 1773 sole-

2258 1823 2399 1872 mus,
2443 1822 2564 1862 cum
2619 1808 2810 1878 singuli
2863 1809 3090 1864 dicimus
3137 1827 3256 1876 me,
3309 1811 3446 1880 quid
3495 1809 3632 1863 aliud
3676 1826 3801 1877 quam

2260 1903 2427 1949 totum
2460 1895 2602 1964 quod
2633 1904 2714 1951 est
2747 1897 2796 1950 in
2830 1897 2988 1951 nobis
3033 1906 3089 1952 et
3136 1913 3201 1951 ex
3257 1897 3423 1952 nobis
3463 1897 3800 1967 exprimimus?

2257 1985 2414 2043 Certe
2448 1989 2491 2042 si
2523 1988 2838 2058 sanguinem
2885 1989 3114 2052 minuas,
3139 1989 3405 2059 capillum
3435 1987 3667 2050 tondeas,
3689 2001 3800 2040 rese-

2257 2094 2347 2133 ces
2379 2094 2630 2148 unguem,
2659 2089 2711 2134 et
2751 2080 3012 2150 rogitarct
3041 2081 3160 2150 quis
3190 2081 3356 2150 cujus
3385 2088 3566 2134 essent
3588 2078 3704 2140 hinc,
3728 2087 3796 2132 aut

2262 2179 2350 2222 tna
2382 2185 2523 2234 esse,
2555 2180 2650 2224 aut
2683 2170 2749 2225 de
2787 2179 2839 2225 te
2873 2171 3246 2239 responderes.
3283 2169 3343 2224 Si
3386 2169 3452 2224 de
3478 2183 3603 2236 agro
3633 2177 3712 2222 aut
3730 2182 3798 2222 co-

2259 2261 2339 2314 rio
2372 2260 2522 2316 ﬁeret
2553 2262 2900 2327 subcisivum,
2936 2276 3039 2315 non
3073 2262 3192 2316 ideo
3216 2277 3328 2316 non
3361 2275 3484 2317 esse
3510 2262 3572 2315 de
3593 2274 3708 2328 agro
3729 2267 3796 2312 aut

2259 2353 2405 2408 corio
2433 2353 2575 2422 quod
2601 2353 2841 2407 excisum
2872 2351 3048 2413 fuerit.
3083 2353 3183 2408 nisi
3221 2353 3452 2407 insanus
3476 2360 3684 2404 asseret.

2331 2442 2359 2515 §
2399 2443 2458 2496 ll.
2501 2441 2650 2508 Quod
2689 2444 2744 2496 in
2792 2444 3082 2512 sumptione
3135 2443 3379 2511 corporis
3425 2438 3614 2494 Christi
3648 2437 3792 2507 reﬁciat

2258 2535 2558 2588 meritorum
2582 2532 2930 2602 inaequalitas.
2957 2561 3028 2571 —
3048 2533 3182 2586 Audi
3229 2532 3414 2586 adhuc
3451 2538 3712 2597 antequam
3741 2528 3790 2578 ad

2260 2622 2492 2676 arctiora
2522 2630 2710 2676 contra
2740 2631 2790 2675 te
2812 2621 3239 2690 progrediamur,
3264 2619 3410 2689 quod
3445 2627 3640 2688 partem
3674 2624 3788 2669 tuam

2257 2721 2485 2781 premat,
2517 2713 2584 2765 ab
2618 2726 2684 2766 eo
2715 2712 2829 2781 ipso
2865 2710 3089 2766 Domino
3121 2711 3249 2765 alibi
3285 2710 3483 2765 dicitur
3511 2727 3523 2762 :
3557 2707 3788 2774 Quinu-

2259 2805 2414 2857 ducat
2441 2819 2520 2858 me
2551 2803 2667 2858 vivit
2693 2812 2902 2872 propter
2932 2819 3013 2857 me
3037 2802 3222 2874 (Joan.
3264 2818 3344 2867 vt,
3376 2801 3488 2870 58).
3515 2799 3656 2862 Ecce,
3679 2797 3788 2851 sicut

2259 2892 2503 2960 superius
2529 2891 2760 2946 diximus
2783 2909 2796 2944 :
2823 2888 2936 2961 Ego
2959 2891 3221 2945 uobiscum
3257 2908 3375 2947 sum
3403 2889 3605 2956 (Matth.
3630 2901 3784 2949 xxvnt,

2259 2983 2370 3048 20).
2409 2983 2514 3037 Et:
2550 2981 2637 3036 Me
2673 2999 2774 3037 non
2816 2999 3016 3052 semper
3039 2982 3294 3037 habebitis
3333 2982 3516 3054 (Joan.
3539 2996 3608 3044 ιι,
3635 2979 3700 3049 8),
3725 2976 3788 3031 di-

2263 3091 2414 3130 versa
2457 3089 2669 3139 sonare,
2716 3075 2788 3130 ita
2825 3075 3056 3144 primum
3102 3074 3233 3129 illud
3268 3091 3353 3130 me
3388 3073 3526 3128 aliud
3558 3069 3783 3140 signiﬁcat

2257 3178 2418 3233 quam
2466 3165 2781 3220 secundum.
2825 3164 2922 3220 Est
2967 3163 3112 3219 enim
3160 3164 3397 3220 dicere:
3447 3161 3545 3230 Qui
3588 3158 3785 3213 exterius

2259 3271 2458 3322 meum,
2486 3270 2700 3311 carnem
2745 3255 2992 3310 videlicet
3035 3261 3090 3309 et
3135 3255 3480 3326 sanguinem,
3520 3249 3779 3310 manducat,

2258 3348 2388 3403 vivit
2421 3361 2486 3403 ex
2520 3362 2584 3402 eo
2624 3347 2740 3416 ipso
2781 3345 2922 3415 quod
2968 3345 3286 3401 interiorem
3331 3343 3592 3400 hominem
3630 3337 3783 3393 illumi-

2259 3441 2435 3496 namlo
2464 3438 2716 3494 viviﬁrat.
2746 3439 2877 3491 Cum
2918 3451 3046 3507 ergo
3075 3435 3190 3490 ﬁeri
3235 3451 3348 3492 non
3385 3433 3550 3504 possit
3590 3429 3648 3484 ad
3671 3427 3778 3480 litte-

2261 3546 2396 3596 ram,
2428 3539 2483 3584 ut
2509 3539 2650 3586 totus
2669 3529 2735 3584 ab
2753 3527 2933 3596 aliquo
2956 3525 3336 3592 manducetur,
3354 3523 3455 3579 nisi
3473 3535 3586 3592 pars
3600 3531 3681 3586 pro
3696 3521 3778 3568 toto

2259 3622 2569 3691 accipiatur,
2593 3619 2884 3675 secundum
2914 3615 3224 3672 interiorem
3247 3628 3466 3671 sensum
3489 3604 3776 3665 indiﬂiculter

2262 3717 2315 3772 id
2345 3715 2543 3785 agitur,
2572 3711 2870 3783 praesertim
2893 3725 3015 3766 cum
3038 3707 3172 3766 ﬁdes
3197 3707 3442 3778 corporis
3470 3705 3538 3759 ita
3565 3699 3776 3756 habeatur

2260 3819 2319 3866 ut
2348 3807 2490 3879 quod
2517 3805 2818 3860 minutatim
2858 3803 3179 3874 porrigitur,
3220 3809 3392 3858 totum
3418 3798 3472 3854 in
3508 3793 3609 3851 suis
3636 3789 3774 3846 minu-

2260 3901 2352 3956 tiis
2382 3907 2643 3955 teneatur.
2679 3895 2826 3950 Sicut
2847 3894 2990 3949 enim
3021 3895 3086 3949 de
3111 3909 3306 3948 manna
3340 3893 3396 3947 in
3431 3885 3598 3945 Exodo
3617 3880 3771 3947 ιεκίιιπ

2259 3989 2383 4060 quia
2411 4007 2424 4042 :
2459 3987 2560 4053 Qui
2584 3985 2701 4056 plus
2734 3983 3150 4053 collegerat,non
3175 3982 3403 4051 amplius
3424 3976 3681 4036 habuit;ct
3703 3967 3772 4060 qui

2259 4051 2432 4132 minus
2465 4051 2778 4144 paraverat,
2830 4051 2960 4124 nihil
3001 4072 3172 4125 minus
3202 4069 3399 4140 (Exod.
3433 4081 3533 4130 xvi,
3567 4060 3664 4128 l8);
3699 4051 3768 4107 sed

2260 4167 2456 4237 cuique
2477 4174 2635 4235 prout
2661 4163 2822 4218 edere
2845 4170 3060 4232 poterat
3083 4169 3167 4216 est
3195 4160 3512 4230 impensum,
3539 4153 3601 4205 ita
3629 4145 3767 4243 litll'ls'

2261 4255 2405 4312 modi
2435 4260 2854 4318 sacramentum,
2886 4259 3043 4321 prout
3075 4250 3128 4304 in
3164 4264 3382 4320 quoque
3412 4259 3526 4301 sese
3552 4237 3672 4307 capit
3706 4237 3763 4285 in-

2260 4347 2524 4410 tellectus,
2553 4350 2645 4398 aut
2669 4342 2948 4406 minuitur,
2972 4350 3066 4396 aut
3112 4341 3416 4396 excrescit:
3449 4331 3764 4420 minuitur

2261 4437 2493 4492 cundum
2545 4433 2777 4504 propriae
2828 4432 3195 4488 obscuriorem
3237 4427 3612 4498 intelligentiam
3655 4413 3760 4469 ﬁdei.

2261 4525 2350 4581 ubi
2380 4532 2556 4578 tamen
2585 4523 2760 4576 minor
2783 4537 2888 4576 non
2919 4528 3001 4574 est
3028 4521 3232 4574 utilitas
3262 4511 3597 4574 sacramenti;
3620 4513 3764 4597 ﬁeri"

2257 4617 2363 4671 scit
2415 4625 2615 4678 autem,
2653 4612 2948 4668 secumlum
2997 4611 3354 4680 capacitatem
3393 4603 3548 4661 ﬁdelis
3587 4597 3757 4687 ingenii,

2259 4707 2312 4762 i"
2345 4721 2450 4775 (1υο
2475 4705 2662 4760 eadem
2689 4717 2809 4772 quae
2856 4702 2910 4756 in
2955 4679 3289 4770 simplicibus
3338 4701 3507 4753 manet
3538 4679 3760 4775 aequalitas

2260 4799 2324 4852 ad
2349 4797 2575 4852 salutem
2600 4795 2738 4850 sacri
2771 4795 2900 4860 cibi,
2933 4793 3206 4856 omnibus,
3245 4790 3394 4860 juxta
3418 4777 3606 4872 idem?
3628 4788 3650 4872 ἦ

2259 4889 2478 4944 indulta:
2514 4901 2847 4952 mensuram,
2896 4885 2950 4939 in
2973 4882 3127 4955 nullo
3165 4882 3356 4937 clauda
3395 4885 3472 4932 est
3505 4864 3753 4925 sullicicnlul

2261 4979 2396 5034 tanti
2427 4979 2571 5032 doni.
3582 5051 3587 5052 γ
3677 5041 3685 5052 ,

2326 5073 2382 5128 In
2414 5073 2558 5127 omni
2582 5081 2761 5126 autem
2787 5069 3049 5126 materiali
3084 5085 3141 5124 re
3169 5067 3441 5136 majoritas
3461 5067 3509 5114 et
3531 5051 3750 5145 minutius

2258 5166 2379 5221 ideo
2413 5177 2534 5220 esse
2583 5163 2944 5234 dignoscitur,
2971 5161 3112 5230 quod
3144 5167 3471 5229 quorumque
3503 5148 3549 5202 in
3577 5133 3744 5238 qui-bit?

2258 5270 2364 5326 que
2391 5255 2596 5310 naturis
2627 5253 2957 5324 quantitates
2985 5265 3270 5321 corporum
3298 5259 3468 5316 :equas
3492 5218 3744 5326 alasnllulll'

2259 5321 2356 5400 nes
2385 5345 2583 5399 habere
2616 5321 2722 5398 non
2779 5343 3010 5413 possint,
3047 5333 3282 5409 etquod
3320 5339 3370 5392 in
3419 5321 3744 5420 mal“?me

2258 5437 2387 5490 lium
2431 5436 2638 5491 enormi
2687 5407 3044 5490 crassitudine
3096 5407 3417 5488 continetur.
3455 5422 3499 5476 iu
3538 5407 3739 5492 minorue!

2259 5526 2520 5580 tenuitate
2550 5525 2856 5593 neutiquam
2889 5522 3154 5593 capiatur.
3201 5520 3256 5573 lu
3303 5517 3450 5585 hujus
3491 5499 3741 5593 νεωλδξθίῗ

2259 5578 2365 5670 ﬁcii
2393 5616 2617 5681 mystico
2645 5578 2902 5688 apparatu
2947 5578 3102 5682 longe
3146 5610 3304 5665 aliter
3341 5578 3395 5662 se
3420 5594 3576 5656 modus
3599 5578 3735 5639 habet.
