4038 6330
223 331 337 389 655

1135 321 1223 377 DE
1258 315 1672 376 PIGNORIBUS
1701 313 2147 370 SANCTOltUM.
2191 344 2260 353 —
2291 313 2420 366 LIB.
2461 312 2522 366 ll.

3392 314 3494 370 634

228 438 540 510 praesertim
581 451 704 493 cum
753 434 808 490 in
851 433 942 489 illa
971 432 1368 504 dispertitione,
1410 430 1538 486 licet
1569 444 1675 484 non
1707 428 1815 483 dis—
1842 432 1888 484 Α
1917 435 2130 480 nostros
2159 441 2289 480 usus
2315 426 2599 495 praebitum
2630 425 2946 493 induceret;
2977 437 3032 482 et
3067 426 3220 494 iusta
3262 429 3406 498 quod
3437 431 3492 486 in

229 529 428 583 similis
451 527 573 582 aliis
594 525 982 595 quantitatibus
1007 523 1297 594 disparitas
1319 522 1600 586 habeatur,
1629 532 1816 576 secun-

231 621 365 672 dum
399 629 576 673 tamen
606 615 880 672 interioris
906 613 1047 670 oculi
1074 629 1324 684 pensum,
1349 629 1452 667 non
1493 612 1612 680 plus
1651 609 1817 666 refert

232 709 311 762 ab
339 708 498 763 altari
529 707 619 777 qui
659 715 828 760 totum
868 704 1126 774 quidquid
1161 703 1445 757 coniicitur
1480 701 1609 756 inibi
1653 699 1818 755 sumit

234 812 404 865 quam
455 795 547 866 qui
591 793 986 865 portiunculam
1037 791 1258 846 omnino
1313 789 1709 860 perminimam.
1758 786 1816 842 Si

235 885 390 939 enim
441 883 650 939 multos
688 883 741 938 in
797 897 892 936 ara
931 896 1198 952 preponas
1235 895 1422 950 panes,
1475 888 1632 948 putas
1677 879 1819 947 quod

236 977 440 1046 singuli
467 976 542 1030 illi
568 975 774 1046 singula
800 974 1078 1030 Dominica
1105 988 1331 1041 corpora
1361 970 1578 1042 faciant,
1617 979 1672 1025 et
1713 986 1820 1026 non

233 1068 416 1138 magis
454 1066 812 1121 numerositas
853 1074 1272 1134 quantacunque
1317 1060 1478 1115 fuerit
1521 1059 1819 1114 hostiarum

231 1162 310 1214 ad
358 1173 521 1212 unam
571 1157 798 1212 interna:
854 1153 1321 1224 contemplationis
1378 1151 1652 1222 redigatur
1703 1148 1819 1204 elli-

230 1249 420 1320 giem?
771 1315 778 1322 _

313 1339 491 1395 Panes
525 1339 615 1411 qui
661 1339 716 1394 in
761 1338 949 1409 pyxide
986 1339 1148 1393 inscio
1187 1337 1452 1392 sacerdote
1484 1350 1638 1404 super
1663 1331 1823 1388 altari

232 1441 626 1497 remanserunt,
651 1447 755 1486 non
791 1447 901 1485 esse
927 1439 1184 1494 sacratos,
1225 1444 1347 1500 quia
1384 1427 1664 1497 requiritur
1696 1425 1828 1493 o/fe-

229 1525 404 1578 rentis
433 1521 844 1577 intentio.—ln
894 1537 1002 1592 quo
1048 1522 1212 1576 etiam
1259 1521 1387 1575 illud
1435 1518 1821 1582 adnotandum,

230 1615 373 1670 licet
399 1613 676 1684 proposito
704 1613 882 1667 minus
912 1613 1212 1673 conveniat,
1247 1611 1372 1681 quia
1401 1609 1610 1678 aliquos
1639 1608 1690 1661 in
1723 1607 1826 1660 hoc

231 1705 360 1776 ipso
387 1720 600 1762 errasse
628 1704 876 1774 cognovi,
921 1704 1063 1774 quod
1099 1701 1552 1758 sacramentarios
1582 1699 1700 1752 illos
1728 1713 1826 1766 pa-

229 1813 341 1852 nes
375 1811 540 1866 super
577 1770 748 1859 aram,
786 1794 910 1848 dum
938 1770 1219 1849 isolemnia
1255 1799 1508 1861 aguntur,
1545 1787 1599 1841 in
1632 1787 1826 1858 pyxide
1857 1770 1901 1827 Β

232 1889 386 1958 quis,
444 1888 722 1957 ignorante
765 1885 1063 1948 sacerdote,
1109 1883 1392 1945 dimiserit,
1442 1889 1496 1934 et
1537 1879 1719 1933 divina
1767 1893 1826 1933 re

233 1988 435 2036 exacta
476 1977 801 2034 remansisse
842 1975 1188 2046 compererit.
1229 1974 1399 2029 Casus
1446 1972 1534 2026 ille
1581 1971 1647 2025 ad
1693 1969 1827 2024 cleri

231 2070 524 2142 iudicium,
549 2069 646 2140 qui
685 2068 759 2122 illi
798 2067 1053 2122 Ecclesiae
1088 2065 1377 2131 serviebat,
1425 2062 1652 2127 delatus,
1687 2062 1830 2115 hunc

241 2163 434 2217 habuit
461 2175 704 2217 censurae
747 2159 930 2222 linem,
959 2157 1101 2228 quod
1137 2156 1387 2210 videlicet
1423 2153 1680 2224 quidquid
1709 2159 1830 2206 erat

243 2255 298 2308 in
335 2253 550 2324 pyxide,
574 2267 692 2322 quae
719 2265 882 2319 super
918 2265 1092 2313 aram,
1127 2249 1252 2302 dum
1306 2247 1496 2301 fierent
1535 2259 1716 2309 sacra,
1744 2258 1831 2298 re-

244 2346 485 2410 sederat,
509 2359 606 2414 pro
630 2341 874 2398 confecto
897 2348 1236 2396 sacramento
1265 2338 1575 2402 haberetur,
1606 2344 1660 2391 et
1686 2350 1832 2390 com-

247 2434 608 2490 municaturis
629 2447 730 2504 pro
749 2431 1072 2487 eucharistia
1096 2433 1446 2499 praeberetur.
1469 2426 1620 2494 Quod
1643 2425 1834 2480 absur-

246 2527 473 2583 dissime
518 2524 742 2588 factum,
787 2524 953 2579 hebes
990 2532 1074 2577 est
1120 2523 1212 2592 qui
1260 2519 1485 2575 dubitat.
1529 2517 1644 2584 Quo
1689 2516 1832 2569 enim

246 2619 463 2676 crantis
501 2616 746 2678 intentio,
786 2614 895 2668 imo
939 2612 1199 2668 memoria
1245 2617 1339 2664 aut
1387 2608 1576 2664 notitia
1617 2603 1833 2676 quidem

247 2709 394 2765 nulla
419 2707 732 2777 porrigitur,
760 2719 864 2774 qua
891 2703 1100 2758 ratione
1131 2699 1332 2756 sacrari
1361 2712 1520 2768 posse
1563 2693 1836 2749 creditur?

323 2801 486 2856 Certe
514 2784 564 2854 si
589 2798 685 2867 ipsi
715 2797 866 2866 palla:
901 2793 1165 2864 corporali
1206 2791 1486 2847 sacerdote
1517 2788 1686 2842 inscio
1711 2784 1840 2839 sub-

241 2895 526 2966 jiceretur,
555 2900 648 2946 aut
680 2890 732 2944 in
773 2889 961 2959 quavis
1008 2895 1161 2956 parte
1203 2884 1386 2941 calicis
1423 2893 1592 2952 gutta,
1642 2889 1838 2949 praeter

249 2987 306 3042 id
344 2984 486 3055 quod
531 2983 600 3038 ab
639 2983 755 3053 ipso
793 2979 1124 3051 propositum
1163 2985 1266 3042 est,
1330 2972 1487 3046 34],
1521 2969 1840 3041 pependisse

247 3087 376 3149 post
416 3087 666 3133 exactum
716 3073 1032 3146 mysterium
1084 3071 1374 3132 videretur,
1422 3065 1552 3120 nihil
1598 3061 1838 3134 profecto
1865 3106 1906 3161 C

251 3170 384 3225 inibi
416 3169 482 3224 ad
523 3176 918 3223 sacramentum
970 3164 1246 3234 pertinens
1286 3177 1316 3215 a
1359 3159 1604 3228 sapiente
1657 3155 1837 3223 aliquo

247 3259 568 3315 sentiretur.
596 3255 893 3312 Nihilenim
924 3253 992 3309 ibi
1024 3253 1105 3320 lit,
1137 3253 1237 3307 nisi
1283 3249 1569 3318 ineoquod
1592 3247 1724 3300 fides
1747 3261 1841 3298 cx-

249 3347 576 3419 postulantis
617 3346 852 3415 attingit,
889 3359 990 3398 nec
1017 3341 1292 3412 quidpiam
1318 3340 1460 3410 quod
1502 3352 1717 3392 sacrum
1748 3334 1842 3388 fiat

249 3439 472 3496 aliunde
493 3437 851 3503 contrahitur,
882 3435 981 3490 nisi
1021 3435 1070 3490 id
1095 3433 1267 3488 solmn
1297 3431 1385 3486 cui
1413 3429 1635 3485 verbum
1662 3426 1842 3481 Domi-

248 3531 477 3596 nicum,
523 3528 666 3600 quod
718 3524 1056 3582 solummodo
1113 3529 1514 3577 sacramentum
1577 3517 1837 3584 conficit,

248 3629 557 3691 coaptatur.
610 3619 762 3687 Quod
813 3617 945 3672 facit
1001 3615 1231 3670 infidelis
1279 3621 1373 3667 aut
1419 3610 1841 3666 catcchumenus

248 3721 376 3783 post
401 3712 744 3783 Evangelium
775 3711 827 3764 iu
857 3709 1104 3775 ecclesia,
1135 3709 1237 3762 hoc
1274 3705 1405 3760 facit
1439 3702 1594 3770 panis
1641 3701 1840 3770 impro-

249 3802 374 3856 vide
403 3802 699 3872 appositus,
736 3808 829 3856 aut
877 3799 930 3852 in
977 3798 1154 3868 aliqua
1187 3805 1342 3868 parte
1390 3792 1575 3849 calicis
1617 3790 1842 3846 fortuito

249 3892 392 3948 stilla
421 3893 728 3964 dcpendens
755 3893 896 3947 inter
926 3905 1100 3945 sacra.

327 3988 431 4054 Qui
465 3985 854 4039 Eucharistiam
892 3983 1072 4047 sumit,
1116 3989 1281 4034 totum
1322 3975 1611 4039 Christum,
1641 3973 1739 4028 hoc
1763 3980 1842 4026 est

252 4080 512 4133 hominem
526 4086 572 4130 et
586 4077 776 4139 Deum,
793 4077 1096 4129 manducat.
1114 4102 1183 4112 —
1205 4070 1311 4126 Sed
1339 4070 1404 4124 iis
1417 4067 1661 4131 semotis,
1690 4065 1755 4119 ad
1779 4081 1842 4120 ea

251 4187 374 4241 quae
429 4184 702 4239 cmperam
736 4167 1090 4222 redeundum.
1141 4165 1276 4232 Qui,
1317 4162 1528 4232 inquit,
1559 4159 1840 4213 manducat

253 4277 356 4324 me.
386 4259 502 4314 vivit
533 4267 741 4328 pmpter
767 4274 846 4310 me
871 4255 1051 4327 (Joau.
1091 4273 1164 4319 vi,
1189 4255 1300 4323 58).
1328 4252 1385 4307 Si
1416 4267 1544 4320 ergo
1565 4250 1839 4304 Christum

254 4351 328 4404 ita
364 4348 677 4403 manducari
708 4347 995 4417 intelligas,
1028 4357 1085 4399 ut
1114 4346 1166 4399 in
1201 4341 1584 4398 distributione
1617 4340 1706 4394 illa
1747 4353 1844 4408 per

1914 518 2157 572 Levitico
2185 517 2381 587 legitur
2411 532 2425 570 :
2456 517 2645 571 Anima
2682 519 2820 572 enim
2862 519 3028 572 omnis
3060 520 3236 572 carnis
3277 521 3329 575 in
3364 538 3493 578 san-

1916 611 2072 680 guine
2099 620 2173 674 est
2203 609 2389 680 (Levit.
2425 625 2560 675 xvn,
2587 610 2698 679 14),
2735 625 2831 678 per
2855 610 3170 679 sanguinem
3199 625 3354 666 suum
3381 613 3500 666 aui-

1919 719 2128 764 marum
2154 711 2460 756 nostrarum
2498 703 2710 756 interna
2737 701 3011 755 lustraret.

1991 795 2140 862 Quod
2170 795 2289 848 luce
2327 789 2634 847 evidentius
2655 793 2911 857 ostendit,
2947 793 3074 846 dum
3104 792 3169 846 ad
3204 794 3500 848 exhibitio-

1921 899 2043 938 nem
2067 885 2314 950 corporis
2341 882 2416 936 nil
2448 881 2592 935 aliud
2631 883 2812 944 infert,
2843 881 2946 936 nisi
2983 898 2996 934 :
3034 881 3151 935 Hoc
3189 893 3264 936 est
3313 899 3501 952 corpus

1922 993 2092 1028 meum
2121 975 2258 1046 quod
2299 991 2392 1044 pro
2419 973 2558 1028 vobis
2589 973 2828 1026 tradetur
2855 972 2906 1034 (1
2936 973 3058 1028 Cor.
3084 990 3162 1039 XI,
3191 974 3306 1044 24).
3348 975 3502 1041 Quod

1925 1072 2104 1119 tamen
2157 1072 2210 1118 et
2255 1063 2431 1132 ipsum
2481 1061 2909 1116 additamentum
2945 1062 3171 1131 apostoli
3202 1062 3355 1118 Pauli
3394 1073 3502 1117 est.

1921 1157 2003 1212 Ad
2032 1155 2346 1226 sanguinem
2377 1163 2584 1218 autem,
2624 1160 2780 1206 tanto
2827 1152 3002 1207 laxius
3043 1162 3258 1219 tractat,
3302 1165 3505 1224 quanto

1923 1248 2160 1302 animam
2199 1261 2425 1315 corpore
2447 1244 2821 1315 pretiosiorem
2858 1243 3158 1298 existimat.
3185 1243 3338 1298 llunc
3360 1244 3504 1297 enim

1923 1349 1978 1398 et
1997 1333 2096 1409 pro
2120 1341 2199 1392 eis
2221 1337 2418 1408 quibus
2445 1337 2789 1406 loquebatur,
2830 1344 2884 1403 et
2909 1352 3004 1406 pro
3033 1334 3212 1388 multis
3232 1335 3510 1390 etl‘umlen-

1925 1429 2051 1484 dum
2097 1427 2348 1498 perhibet
2401 1428 2458 1481 in
2501 1425 2857 1480 remissionem
2901 1434 3231 1494 peccatorum
3276 1422 3508 1495 (Matth.

1927 1536 2076 1584 xxvi,
2101 1519 2217 1588 28).
2257 1516 2315 1572 Si
2357 1532 2486 1587 ergo
2517 1515 2738 1587 sanguis
2765 1517 2835 1570 ad
2885 1514 3171 1569 diluendas
3201 1529 3230 1568 a
3271 1514 3511 1584 peccatis

1925 1611 2137 1670 animas
2189 1610 2514 1679 exponitur,
2571 1605 2814 1678 profecto
2861 1613 3120 1676 patenter
3173 1605 3511 1668 ostenditur,

1927 1704 2135 1759 nullum
2157 1702 2446 1757 animabus
2467 1701 2644 1755 inesse
2665 1707 2969 1769 peccatum,
2985 1697 3087 1752 nisi
3106 1697 3250 1765 quod
3274 1697 3514 1766 ipsarum

1929 1795 2232 1849 animarum
2295 1791 2535 1861 appetitu
2594 1805 2660 1846 ac
2711 1803 2976 1846 consensu
3024 1787 3341 1856 peragitur;
3376 1786 3518 1841 sicut

1927 1885 2071 1939 enim
2102 1882 2445 1937 manubrium
2479 1881 2596 1936 sine
2631 1878 2780 1932 ferro
2811 1877 2888 1932 nil
2938 1875 3191 1945 explicat,
3219 1874 3292 1928 ita
3319 1889 3517 1939 corpus

1930 1974 2047 2030 sine
2061 1973 2255 2026 animae
2281 1969 2560 2026 voluntate
2584 1977 2780 2038 praeter
2806 1964 3071 2042 originale
3095 1977 3200 2017 non
3231 1971 3441 2034 peccat.

2001 2065 2056 2120 Si
2095 2065 2270 2118 adhuc
2309 2062 2557 2132 exempla
2597 2059 2836 2130 rogitas,
2890 2066 3093 2126 praesto
3135 2056 3297 2125 plane
3351 2061 3517 2108 erunt

1931 2154 2225 2209 simillima.
2265 2151 2400 2206 Cum
2450 2151 2594 2205 eiiim
2629 2148 2855 2202 dixisset
2899 2145 3136 2200 Joannes
3186 2163 3200 2198 :
3251 2143 3412 2198 Multi
3452 2157 3519 2196 ea:

1930 2245 2139 2300 Juda’is
2163 2242 2494 2298 crediderunt
2522 2242 2574 2294 in
2599 2255 2740 2302 eum,
2773 2236 2971 2304 adjecit
2999 2253 3011 2288 :
3037 2233 3196 2289 Iesus
3217 2242 3392 2286 autent
3417 2247 3520 2284 non

1933 2338 2171 2394 credebat
2196 2353 2250 2390 se
2271 2335 2346 2389 eis
2371 2332 2554 2404 (Joan.
2580 2347 2640 2396 ιι,
2670 2330 2759 2396 25,
2789 2329 2901 2389 24).
2932 2326 3094 2382 Juxta
3123 2326 3340 2379 beatum
3369 2334 3524 2375 nam-

1934 2445 2040 2501 que
2063 2428 2446 2499 Augustinum,
2475 2439 2582 2478 non
2636 2437 2695 2476 se
2730 2421 2809 2476 eis
2836 2419 3032 2484 credit,
3062 2416 3212 2486 quia,
3241 2414 3343 2470 etsi
3396 2427 3522 2468 cre-

1935 2523 2048 2584 dat,
2075 2537 2181 2576 non
2213 2519 2314 2572 nisi
2348 2527 2526 2571 tamen
2555 2515 2827 2583 baptizato
2862 2509 3248 2566 eucharistiam
3278 2506 3526 2576 corporis

1936 2613 2019 2668 sui
2044 2609 2358 2666 committit.
2402 2607 2541 2660 Dicit
2571 2617 2625 2658 et
2657 2605 2828 2658 alias:
2865 2602 2968 2668 Qui
2996 2602 3157 2656 credit
3191 2600 3245 2654 in
3285 2615 3387 2664 me,
3418 2612 3524 2650 non

1939 2703 2102 2758 credit
2133 2703 2186 2754 in
2207 2717 2307 2766 me,
2335 2697 2424 2752 sed
2448 2697 2501 2750 in
2519 2694 2637 2749 eu'm
2664 2695 2754 2764 qui
2787 2693 2926 2746 misit
2953 2707 3032 2744 me
3061 2689 3359 2760 (Joan.xn,
3387 2684 3479 2753 44)
3510 2702 3524 2738 :

1938 2790 2086 2844 Alias
2116 2789 2279 2843 etiam
2316 2803 2331 2839 :
2381 2784 2504 2838 Nisi
2551 2779 2994 2836 manducareritis
3021 2792 3231 2832 carnem
3270 2775 3371 2843 ﬁlii
3425 2773 3524 2827 Ito-

1942 2880 2118 2946 minis,
2146 2889 2192 2932 et
2222 2877 2454 2932 biberitis
2486 2874 2600 2945 ejus
2626 2871 2933 2943 sanguinem
2963 2869 3146 2942 (Joan.
3178 2883 3251 2932 vt,
3278 2864 3389 2935 54),
3413 2873 3522 2920 etc.

2557 3028 2784 3086 CAPUT
2825 3025 2909 3081 Ill.

2018 3149 2045 3220 ᾗ
2083 3145 2123 3201 Ι.
2166 3144 2244 3199 Ab
2280 3143 2469 3197 altaris
2507 3150 2834 3196 sacramento
2871 3145 3089 3192 manant
3129 3145 3320 3189 cratera
3349 3149 3532 3188 sacra-

1942 3251 2138 3294 menta.
2167 3267 2240 3278 —
2273 3235 2411 3302 Quia
2456 3232 2622 3301 igitur
2648 3232 2714 3286 de
2743 3229 3007 3299 bipertito
3034 3239 3260 3296 corpore
3294 3222 3528 3289 Domini,

1943 3343 2073 3384 vero
2124 3326 2374 3381 videlicet
2427 3323 2594 3393 (quod
2630 3321 2882 3390 superius
2922 3316 3224 3389 principale
3269 3314 3529 3374 diximus,

1943 3420 2086 3473 unde
2113 3419 2228 3472 haec
2279 3413 2564 3485 sequentia
2602 3417 2945 3467 sacramenta
2981 3413 3290 3474 manarunt)
3319 3419 3382 3457 ac
3414 3415 3532 3471 my-

1944 3511 2105 3574 stico,
2133 3507 2276 3578 quod
2302 3509 2592 3578 liguratum
2623 3517 2787 3572 supra
2811 3496 3224 3569 appellavimus,
3257 3509 3364 3564 quo
3382 3492 3530 3548 omni

1945 3601 2064 3656 luce
2089 3597 2276 3668 purior
2317 3595 2528 3650 Veritas
2557 3593 2658 3648 sub
2681 3590 2834 3662 panis
2860 3603 2924 3643 ac
2961 3587 3073 3641 vini
3098 3585 3284 3640 umbra
3309 3582 3532 3638 confici-

1945 3703 2053 3758 tur,
2086 3691 2232 3761 loqui
2260 3689 2547 3758 coepimus,
2581 3695 2880 3754 antequam
2907 3679 2975 3735 de
3001 3679 3187 3744 dente,
3213 3687 3268 3732 ct
3290 3674 3532 3744 reliquiis

1945 3780 2244 3836 Salvatoris
2308 3779 2578 3833 disserere
2641 3773 2978 3848 adoriamur,
3017 3767 3345 3837 quaestiones
3410 3778 3532 3832 quae

1944 3875 2140 3929 exinde
2171 3871 2283 3926 fieri
2314 3868 2488 3925 solent
2517 3866 2616 3923 sub
2642 3863 2936 3936 praemissis
2979 3857 3302 3915 testimoniis
3351 3854 3531 3910 venti-

1945 3967 2061 4022 lare
2091 3965 2311 4035 quidem
2348 3961 2635 4025 volumus;
2687 3956 2871 4011 nescio
2901 3964 3080 4010 tamen
3111 3950 3156 4006 si
3188 3948 3417 4005 delinire
3440 3963 3535 4018 po-

1949 4058 2195 4112 terimus.

2018 4148 2288 4215 Qnanitnr
2314 4154 2492 4199 utrum
2523 4156 2721 4211 corpus
2757 4137 2906 4198 illud,
2939 4134 3082 4205 quod
3130 4135 3198 4186 ab
3244 4130 3399 4185 altari
3440 4144 3534 4184 su-

1947 4242 2135 4306 mitur,
2160 4237 2396 4309 speciem
2429 4234 2663 4288 viventis
2710 4229 2923 4286 Domini
2986 4236 3080 4280 aut
3110 4223 3305 4280 mortui
3354 4230 3534 4291 gerat.

1952 4333 2231 4388 Vivcntcm
2259 4338 2439 4384 autem
2469 4343 2590 4382 eum
2619 4325 2840 4383 scimus,
2873 4334 3089 4388 semper
3135 4315 3537 4371 cohabitantem

252 4441 523 4504 membra,
547 4439 1023 4506 membrorumque
1047 4443 1326 4506 segmenta
1351 4432 1401 4486 in
1426 4448 1520 4486 ora
1545 4429 1844 4497 suscipien-
1877 4448 1922 4502 Ι)
1951 4425 2002 4478 in
2035 4439 2093 4478 se
2125 4421 2381 4477 habuisse
2406 4416 2765 4489 personaliter
2789 4415 2994 4475 Deum;
3024 4422 3222 4462 nomen
3263 4418 3394 4470 vero
3444 4401 3536 4455 Dei

254 4531 390 4585 tium
431 4530 623 4584 cedere
666 4527 880 4588 credas,
924 4525 1072 4579 verbi
1121 4523 1316 4594 gratia,
1351 4529 1409 4574 ut
1448 4521 1550 4575 iste
1595 4519 1844 4588 digitum,

255 4620 346 4675 ille
377 4619 526 4689 digiti
551 4628 760 4689 partem
787 4615 1070 4686 percipiat,
1113 4613 1300 4681 sicque
1321 4627 1418 4680 per
1447 4609 1694 4680 singulas
1720 4624 1846 4680 par-

253 4721 338 4767 tes
375 4711 648 4779 corporis,
678 4718 731 4762 et
783 4710 911 4762 item
939 4706 1173 4777 partium
1207 4705 1375 4758 frusta
1409 4703 1684 4773 procedat,
1719 4717 1845 4771 pro-

255 4805 398 4858 fecto
459 4803 586 4856 huic
636 4801 821 4856 sensui
873 4801 1096 4854 verbum
1150 4797 1350 4852 Christi
1403 4812 1510 4848 non
1562 4802 1844 4848 consonat.

253 4894 410 4961 Quod
443 4909 570 4963 ergo
596 4891 747 4956 dicit,
776 4907 878 4958 me,
909 4889 1321 4950 universitatem
1353 4884 1692 4948 substantiae,
1722 4900 1842 4953 qua:

255 4996 387 5040 tunc
426 4995 565 5051 erat,
617 4983 911 5053 signiﬁcat,
956 4981 1064 5034 imo
1114 4979 1165 5034 id
1195 4978 1340 5048 quod
1370 4992 1436 5032 ex
1470 4985 1702 5046 utraque
1753 4991 1847 5030 na-

254 5090 376 5128 tura
417 5082 553 5127 erat.
582 5075 659 5128 Ac
685 5072 728 5127 si
755 5072 996 5127 diceret:
1031 5069 1131 5136 Qui
1169 5068 1459 5122 manducat
1477 5082 1561 5122 me
1592 5067 1643 5120 in
1679 5080 1850 5136 quan-

257 5178 370 5222 tum
437 5167 599 5222 homo
641 5181 800 5231 sum,
857 5162 990 5217 vivit
1050 5170 1418 5230 propter_me
1471 5157 1524 5212 in
1589 5167 1849 5228 quantum

260 5261 402 5314 Deus
437 5256 578 5314 sum'.
609 5257 744 5312 Cum
786 5256 931 5311 enim
962 5253 1034 5308 sit
1065 5253 1209 5308 Deus
1252 5253 1304 5305 in
1348 5251 1559 5304 duabus
1597 5266 1665 5303 ex
1710 5249 1847 5302 dua-

256 5351 466 5420 busque
494 5351 725 5414 naturis,
763 5363 829 5402 ex
857 5347 1028 5400 altera
1055 5353 1301 5400 nostrum
1328 5341 1558 5398 mortale
1588 5340 1847 5403 vivificat,

255 5457 322 5496 ex
356 5441 527 5495 altera
589 5449 833 5494 nostrum
871 5437 1032 5494 vitale
1059 5435 1340 5492 clariﬁcat.
1387 5434 1521 5486 llinc
1574 5438 1658 5485 est
1707 5428 1851 5499 quod

257 5550 460 5603 corpus
488 5543 543 5587 et
577 5532 920 5602 sanguinem,
953 5529 1205 5600 quodque
1248 5525 1601 5594 singulariter
1665 5522 1848 5587 tradit,

257 5633 319 5678 ut
370 5623 517 5693 quod
573 5621 817 5692 corporis
869 5619 1036 5674 nostri
1079 5615 1371 5671 humilitati
1427 5612 1729 5668 eximendae
1783 5611 1851 5664 ab

257 5717 519 5773 aerumnis
560 5713 904 5769 naturalibus
933 5709 1218 5776 attinebat,
1257 5723 1353 5778 per
1375 5721 1530 5762 suum
1562 5719 1757 5776 corpus
1794 5701 1848 5757 in

1949 4516 2096 4578 Filii,
2129 4523 2186 4569 et
2227 4528 2346 4568 cum
2395 4509 2613 4564 nomine
2645 4509 2816 4576 ipsam
2845 4518 2958 4558 rem
2992 4516 3097 4555 non
3126 4497 3399 4558 amisisse,
3439 4509 3538 4548 ne-

1951 4608 2168 4677 quidem
2213 4611 2508 4658 mortuum.
2533 4598 2667 4653 Cum
2709 4612 2840 4667 ergo
2866 4609 2926 4649 se
2965 4590 3161 4646 asserit
3210 4587 3541 4642 manducan-

1951 4700 2100 4760 dum,
2133 4693 2421 4750 ostendere
2463 4691 2621 4762 plane
2653 4689 2866 4742 videtur
2895 4700 3005 4740 sua:
3030 4678 3430 4752 personalitatis
3460 4678 3538 4731 in-

1951 4787 2246 4843 dividuum.
2291 4781 2656 4838 Personaliter
2703 4787 2881 4832 autem
2927 4775 3068 4828 Deus
3107 4787 3192 4852 ac_
3229 4771 3390 4825 homo
3419 4776 3536 4834 est;

1954 4881 2118 4935 Demn
2146 4891 2276 4948 ergo
2301 4884 2356 4930 et
2405 4873 2680 4927 hominem
2735 4864 3085 4922 riuindibilem
3117 4861 3236 4916 fieri
3266 4873 3385 4929 qua:
3414 4872 3540 4927 per-

1952 4971 2132 5024 mittet
2173 4942 2353 5022 ratio?
2382 4964 2438 5018 lu
2487 4978 2552 5017 eo
2591 4957 2734 5014 enim
2777 4955 2944 5011 verbo
2993 4967 3101 5024 quo
3145 4950 3349 5005 dicitur
3379 4961 3399 5000 :
3438 4942 3542 5008 Qui

1951 5061 2234 5117 manducat
2267 5075 2346 5113 mc
2376 5055 2560 5129 (Joan.
2594 5067 2669 5120 vr,
2702 5050 2826 5121 58),
2865 5049 2944 5103 sic
2974 5040 3286 5100 necessario
3313 5033 3544 5102 intelligi

1953 5153 2150 5208 debere
2205 5151 2439 5205 videtur.
2493 5141 2915 5214 Tcmperantius
2965 5146 3146 5190 autem
3203 5129 3313 5184 illic
3366 5144 3380 5180 :
3437 5123 3544 5190 Qui

1951 5243 2237 5295 manducut
2265 5255 2474 5293 carnem
2508 5253 2699 5300 meam,
2731 5244 2777 5287 et
2828 5230 2953 5284 bibit
2981 5224 3290 5295 sanguinem
3340 5233 3539 5280 meum,

1953 5331 2006 5383 in
2034 5347 2111 5382 me
2148 5341 2318 5382 manet
2351 5328 2526 5400 (ibid.,
2551 5327 2663 5396 ΣΠ).
2695 5325 2826 5392 Qua:
2865 5323 3048 5389 itaque
3073 5310 3361 5368 altercatio
3399 5309 3543 5362 inter

1953 5421 2069 5474 sani
2091 5420 2284 5489 capitis
2309 5419 2554 5472 homines
2583 5432 2648 5469 ex
2673 5416 2774 5469 hoc
2798 5411 2998 5467 versari
3021 5405 3216 5463 debet?
3245 5402 3302 5458 Si
3336 5395 3542 5456 Christi

1953 5511 2133 5564 anima
2171 5509 2338 5563 Deum
2390 5507 2490 5561 sibi
2551 5505 2741 5558 habuit
2793 5504 3145 5562 insessorem,
3209 5491 3528 5568 mysterium

1955 5601 2084 5654 illud
2137 5599 2398 5670 simplicis
2433 5604 2716 5658 creaturae,
2746 5593 2890 5661 quod
2943 5608 3076 5662 pure
3125 5587 3297 5644 sacris
3347 5583 3542 5640 officiis

1955 5697 2274 5763 adhibetur,
2329 5693 2451 5765 quis
2481 5689 2699 5747 audebit
2729 5687 2911 5744 dicere
2949 5684 3090 5756 quin
3145 5683 3312 5740 Deum
3344 5676 3547 5736 habeat
