4014 6324
512 324 619 379 655

1401 322 1460 377 ν.
1501 320 1823 375 GUIBERTI
1857 319 2144 374 ABBATIS
2184 319 2239 372 S.
2274 316 2510 372 MARlx’E
2552 317 2637 371 DE
2663 315 3053 375 NOVIGENTO

3661 327 3756 384 636

512 438 909 491 viviﬁcatorem
932 439 955 491 ’ἲ
981 438 1083 504 Qui
1122 436 1264 491 enim
1305 437 1370 489 de
1399 442 1584 489 sancto
1609 434 1813 503 Spiritu
1850 443 1905 488 et
1933 434 2094 502 virgi-
2120 439 2167 496 Α
2197 431 2517 499 cipientibus
2549 432 2728 497 datur,
2759 431 2803 487 si
2832 433 2897 487 ad
2929 435 3187 503 gehennae
3224 432 3534 488 incendium
3557 433 3751 493 irrccu-

511 538 615 577 nco
666 525 928 594 sanguine
965 533 1170 588 cretus,
1214 524 1547 577 individuam
1594 523 1688 576 Dei
1746 539 1809 577 ac
1856 523 2090 577 hominis

512 628 796 681 personam
829 615 1092 677 exhibuit,
1130 615 1285 682 panis
1324 628 1387 666 ac
1430 612 1541 666 vini
1572 614 1883 666 substantia:
1909 613 1974 665 ad
2007 611 2088 666 sui

515 706 669 760 nobis
706 707 1237 774 reprmseutatiouem
1269 706 1732 761 aﬂlueutissimum
1763 709 1925 761 totius
1955 707 2089 760 divi-

514 794 701 848 uitatis
731 795 975 863 illapsum
1006 795 1337 849 invisccrare
1361 811 1464 849 non
1490 796 1716 850 debuit?

588 882 987 937 Sacramentum
1013 883 1149 937 illud
1174 886 1351 938 omnia
1377 884 1510 938 delet
1532 898 1848 955 peccata.—
1869 886 1925 941 Si
1948 901 2087 956 aqua

515 973 859 1041 baptismatis
915 989 1020 1028 non
1069 975 1231 1029 modo
1271 976 1483 1031 viviﬁca
1531 992 1628 1045 per
1658 976 1938 1045 Spiritum,
1995 978 2089 1031 sed

513 1064 797 1119 viviﬁcaus
847 1065 1171 1135 appellatur,
1206 1066 1279 1120 illi
1334 1076 1562 1131 naturae,
1616 1083 1735 1136 quae
1764 1068 1814 1120 iu
1848 1068 2087 1120 divinum

516 1157 767 1210 universa
796 1165 1054 1224 mutatur,
1088 1172 1116 1209 a
1162 1174 1394 1227 superna
1422 1159 1729 1228 prresentia,
1779 1173 1807 1211 a
1850 1157 2088 1226 perfecta

515 1250 611 1304 Dei
641 1250 1035 1304 inhabitatioue
1061 1252 1365 1305 exanimata
1395 1252 1677 1305 credetur?
1705 1251 1794 1303 illa
1832 1266 1926 1320 per
1949 1251 2090 1305 cloa-

518 1356 613 1396 cas
639 1341 881 1407 ruitura,
915 1340 1117 1409 Spiritu
1147 1340 1493 1407 fecundante,
1546 1341 1920 1396 diluendorum
1949 1352 2087 1397 tem-

520 1430 782 1498 poralem,
814 1430 920 1483 imo
960 1430 1229 1484 horariam
1263 1430 1458 1499 accipit
1498 1430 1790 1497 potentiam
1841 1440 2090 1499 peccato-

519 1537 661 1585 rum,
695 1522 807 1574 haec
843 1521 1039 1586 hostia,
1066 1521 1180 1574 sive
1226 1522 1291 1575 ad
1319 1521 1547 1576 salutem
1579 1522 1812 1575 hostium
1851 1532 2085 1590 sumpta,

518 1615 632 1667 sive
658 1628 686 1665 a
718 1614 1091 1682 peccatoribus
1116 1622 1170 1667 et
1204 1614 1442 1685 indignis
1472 1620 1816 1683 prmsumpta,
1842 1614 1907 1667 ad
1941 1615 2089 1667 thro-

515 1719 643 1756 num
674 1704 857 1773 glorize
887 1719 1102 1772 semper
1125 1703 1380 1771 refertur,
1405 1718 1681 1772 nunquam
1704 1704 1942 1757 desitura
1967 1718 2089 1771 pro-

2191 522 2504 592 perabiliter
2529 526 2905 592 praeparatur?

2266 612 2321 665 Si
2355 614 2506 667 bona:
2530 613 2651 667 ﬁdei
2684 615 3106 670 catechumenus
3135 616 3226 684 qui
3251 617 3488 669 nondum
3514 616 3753 686 baptiza-

2197 711 2284 756 tus
2317 712 2418 767 est,
2466 705 2660 758 divinis
2691 707 2977 760 sacriﬁciis
3025 706 3246 776 jubetur
3276 706 3562 775 absistere,
3595 709 3642 761 ei
3671 711 3756 779 qui

2193 794 2481 848 inﬁdeliter
2504 804 2596 849 aut
2621 796 2964 865 impudenter
3007 798 3208 852 accedit
3236 799 3303 851 ad
3335 798 3459 861 ista,
3495 803 3755 868 quomodo

2190 886 2388 955 poterit
2416 886 2692 955 prodesse,
2721 887 2828 941 imo
2851 904 2955 941 non
2988 889 3054 942 ad
3089 888 3364 942 cumulum
3394 888 3751 946 damnationis

2190 976 2379 1029 obesse
2406 976 2428 1028 ?
2458 975 2590 1029 Cum
2631 976 3126 1045 evangelizantibus
3157 978 3428 1032 diceretur
3485 986 3545 1030 ut
3582 977 3754 1049 hospi-

2194 1066 2355 1118 taturi
2380 1066 2619 1120 dicerent
2649 1085 2660 1119 :
2689 1064 2808 1119 Pax
2854 1068 2975 1120 huic
2999 1068 3199 1131 domui,
3225 1068 3541 1137 adjungitur
3570 1085 3583 1121 :
3615 1066 3669 1122 Si
3692 1070 3758 1123 ibi

2193 1156 2349 1224 fuerit
2380 1157 2524 1225 ﬁlius
2553 1158 2716 1226 pacis,
2771 1159 3050 1227 requiescet
3075 1175 3231 1226 super
3264 1157 3413 1210 illum
3442 1174 3553 1223 pax
3582 1169 3756 1214 vestra.

2191 1244 2284 1300 Sin
2308 1248 2587 1311 autem,ad
2610 1265 2697 1301 vos
2728 1258 3010 1301 revertetur
3032 1248 3183 1317 (Luc.
3214 1264 3265 1310 ι,
3296 1248 3349 1313 5,
3378 1247 3457 1317 6).
3489 1247 3548 1302 Si
3581 1250 3761 1318 praedi-

2190 1338 2391 1392 catoris
2426 1337 2766 1403 beneﬁcium,
2797 1338 3395 1407 reprobisiufructuose
3425 1339 3757 1409 dilargitum,

2191 1427 2257 1480 ad
2287 1428 2461 1497 ipsum
2487 1429 2855 1497 reciprocatur
2877 1428 3031 1500 cujus
3054 1438 3135 1484 est
3160 1429 3432 1495 meritum,
3465 1431 3519 1483 in
3547 1445 3762 1499 corpore

2192 1519 2373 1587 inepte
2424 1520 2975 1591 irrationabiliter-que
3027 1522 3377 1591 suscipientis
3411 1532 3467 1576 et
3502 1523 3559 1576 in
3589 1524 3759 1578 anima

2191 1611 2408 1665 sordide
2450 1613 2759 1676 tractantis,
2810 1620 2968 1681 putas
2992 1620 3200 1665 tantum
3251 1627 3448 1667 munus
3484 1620 3598 1665 tam
3628 1613 3761 1669 foedo

2193 1715 2416 1755 carcere
2464 1701 2767 1767 claudetur,
2815 1701 3193 1770 squalentibus
3226 1702 3361 1756 adeo
3403 1702 3542 1756 locis
3565 1702 3764 1756 indebi-

514 1794 751 1860 vehitur,
784 1792 945 1863 342
993 1793 1221 1848 ﬁdenter
1252 1793 1394 1857 dico,
1425 1794 1474 1846 in
1505 1791 1620 1860 ejus
1649 1807 1876 1860 corpore
1913 1807 1944 1844 a
1982 1808 2089 1861 quo
2123 1774 2164 1827 Β
2193 1799 2301 1843 tum
2324 1790 2347 1843 ἶ)
2373 1789 2429 1844 Si
2461 1789 2695 1860 Spiritus
2738 1801 2959 1846 sanctus
2991 1792 3287 1861 disciplina:
3336 1790 3531 1862 effugit
3566 1791 3760 1857 ﬁctum,

514 1888 737 1956 prodiit,
765 1888 939 1943 nullas
981 1904 1218 1959 unquam
1269 1888 1638 1959 indignitates,
1688 1903 1793 1941 nou
1842 1886 2090 1956 indignas

518 1978 850 2033 humilitates
898 1995 1122 2048 usquam
1156 1981 1223 2033 ab
1252 1979 1510 2048 improbis
1540 1978 1813 2048 perlatura
1868 1978 2091 2045 suscipi-

518 2077 625 2123 tur.
650 2068 706 2122 Si
734 2069 876 2123 enim
904 2085 933 2123 a
963 2070 1205 2138 quolibet
1234 2070 1393 2139 digne
1418 2068 1768 2139 percipietur,
1794 2067 1922 2137 quid
1946 2067 2090 2120 aliud

450 2218 451 2221 η
517 2176 678 2228 quam
704 2176 914 2215 summo
960 2160 1037 2214 illi
1063 2159 1231 2230 Capiti
1257 2161 1639 2214 cohaerentium
1666 2174 1760 2230 per
1789 2159 1870 2213 sui
1925 2159 2090 2228 ipsius

517 2267 679 2320 quam
711 2252 936 2321 suscipit
983 2267 1202 2306 carnem
1233 2251 1375 2306 illico
1403 2250 1783 2305 commembris
1826 2248 2090 2303 edicitur?

518 2342 635 2409 Quo
683 2359 916 2413 namque
958 2344 1131 2414 magis
1165 2343 1323 2397 modo
1374 2343 1427 2397 in
1460 2358 1659 2413 corpus
1695 2341 1820 2397 Jesu
1862 2342 2089 2412 quisque

516 2433 805 2500 trajicitur,
830 2450 990 2503 quam
1008 2434 1061 2489 ‘si
1085 2432 1533 2489 communicando
1560 2424 1855 2486 huic‘carni
1879 2447 1939 2486 ac
1964 2446 2091 2486 sau-

515 2521 660 2592 guini
694 2522 1009 2577 intimetur?

588 2613 664 2666 Ab
693 2614 919 2683 indignis
945 2614 1342 2684 suscipientibus
1373 2612 1446 2668 nil
1474 2612 1700 2666 lmsionis
1726 2613 1910 2681 accipit
1938 2610 2090 2666 Chri-

514 2713 647 2756 stus.
682 2732 752 2742 —
782 2702 952 2757 Porro
1004 2704 1047 2758 si
1100 2704 1374 2773 improbus
1430 2703 1557 2757 illud
1587 2719 1789 2768 sumas,
1836 2704 2083 2773 teipsum,

516 2796 642 2863 quia
670 2808 828 2849 sacra
875 2795 1136 2865 sacrilege
1180 2796 1432 2865 suscipis,
1466 2795 1709 2865 profecto
1737 2795 2085 2861 condemnas,

515 2895 571 2940 et
600 2887 652 2940 in
683 2902 748 2942 eo
775 2887 919 2956 quod
966 2902 1165 2957 corpus
1195 2888 1410 2943 Domini
1460 2902 1797 2955 nequaquam
1829 2886 2089 2956 dijudicas

515 2974 568 3044 (I
599 2974 722 3030 Cor.
752 2992 831 3039 XI,
860 2976 975 3046 29),
1006 2978 1236 3046 idipsum
1284 2977 1521 3046 quidem,
1550 2985 1809 3044 quantum
1843 2976 1936 3030 tibi
1964 2976 2090 3031 atti-

514 3075 627 3133 net,
660 3066 946 3137 vilipendis
991 3077 1153 3138 atque
1195 3070 1512 3134 dedecoras,
1552 3069 1644 3122 sed
1674 3084 1703 3121 a
1742 3067 1847 3123 tuis
1875 3068 2086 3137 injuriis
2114 3108 2157 3169 Ο

514 3174 781 3214 summam
813 3161 957 3215 illam
1002 3160 1376 3215 excellentiam
1431 3160 1857 3231 impenetrabilis
1884 3176 2083 3231 usque-

517 3263 735 3320 quaque
772 3260 954 3306 tuetur
975 3253 1308 3307 immunitas.

587 3341 616 3415 ᾗ
642 3342 705 3395 ll.
728 3342 962 3413 Objectio
994 3344 1045 3397 l.
1061 3342 1323 3397 Christum
1342 3345 1405 3397 ab
1430 3344 1607 3397 iisdem
1625 3361 1725 3397 non
1746 3346 1937 3412 suscipi
1952 3343 2087 3412 falso

516 3432 1031 3501 nonnulli‘putabant
1060 3447 1077 3484 :
1105 3449 1233 3503 quos
1257 3432 1399 3500 infra
1444 3433 1679 3502 confutat
1700 3433 1999 3489 Guibertus.
2019 3466 2091 3473 —-

516 3522 623 3577 Sed
674 3536 833 3578 nemo
876 3537 1020 3592 aegre
1069 3522 1238 3587 ferat,
1297 3524 1343 3577 si
1392 3536 1460 3577 ex
1520 3538 1752 3593 persona
1809 3526 2087 3595 cujusdam

514 3613 673 3668 aliter
701 3614 987 3668 sentientis
1008 3614 1167 3684 paulo
1196 3614 1407 3685 longius
1440 3615 1625 3669 videar
1663 3617 1957 3686 disputare.
1986 3617 2089 3671 Pro

515 3704 643 3769 ﬁde,
668 3705 911 3774 inquam,
965 3714 1058 3759 aut
1112 3707 1334 3777 perﬁdia
1381 3708 1791 3777 suscipientium
1838 3718 2089 3765 constare

514 3803 758 3863 putatur,
791 3805 884 3850 aut
912 3798 1066 3866 quasi
1106 3799 1339 3854 delicere
1369 3809 1765 3855 sacramentum
1789 3842 1803 3867 ,
1848 3801 1937 3870 qui
1971 3800 2094 3854 inﬁ-

515 3884 730 3950 deliter,
761 3895 853 3941 aut
874 3891 1202 3960 contemptui
1234 3892 1435 3945 ducens
1469 3891 1594 3943 illud
1623 3892 1808 3954 sumit,
1843 3892 1893 3944 in
1921 3907 2093 3960 quan-

518 3982 630 4028 tum
682 3992 788 4031 non
825 3980 1118 4047 reveretur,
1159 3996 1257 4035 uec
1304 3980 1651 4046 honoriﬁcat,
1686 3981 1730 4036 si
1764 3981 1939 4037 ﬁdelis
1987 3993 2089 4051 est,

517 4064 571 4117 in
597 4076 855 4135 quantum
886 4069 1158 4135 discredit,
1194 4070 1238 4124 si
1272 4071 1343 4124 sit
1372 4070 1625 4139 inﬁdelis,
1660 4079 1712 4125 et
1745 4082 1924 4125 mente
1948 4072 2092 4128 refu-

519 4163 598 4209 tat
626 4170 819 4226 corpus
846 4158 1071 4213 Domini.
1099 4160 1242 4231 Ergo
1279 4176 1441 4215 sensu
1476 4175 1596 4215 meo
1628 4176 1734 4215 non
1765 4161 1921 4215 video
1957 4177 2093 4232 quo-

520 4247 679 4301 modo
701 4249 980 4303 animabus
1009 4259 1101 4304 aut
1125 4251 1440 4321 corporibus
1472 4250 1654 4304 talium
1688 4252 1861 4321 possit
1897 4254 2090 4323 aptari.

518 4335 576 4390 Si
606 4338 751 4391 enim
803 4340 857 4392 in
916 4342 1183 4395 sacrativo
1213 4356 1420 4396 canone
1447 4357 1546 4412 pro
1586 4342 1651 4395 iis
1703 4342 1877 4397 solum
1921 4345 2095 4399 oratio

2191 1896 2291 1935 nec
2325 1880 2532 1936 habitat
2564 1882 2617 1936 iu
2642 1898 2869 1952 corpore
2898 1883 3116 1937 subdito
3163 1883 3423 1951 peccatis,
3458 1883 3573 1937 imo
3602 1884 3764 1938 corri-

2191 1972 2337 2039 pitur
2371 1988 2400 2024 a
2440 1974 2855 2042 superveniente
2899 1973 3185 2042 iniquitate
3236 1972 3386 2043 (Sap.
3419 1990 3457 2038 ι,
3482 1974 3567 2043 5),
3592 1974 3763 2029 divina

2192 2061 2295 2115 ista
2344 2063 2668 2126 substantia,
2715 2079 2834 2132 quae
2862 2064 2983 2118 Filii
3014 2065 3106 2119 Dei
3140 2080 3358 2133 corpus,
3403 2081 3501 2135 per
3522 2066 3761 2135 ejusdem

2193 2148 2428 2218 Spiritus
2452 2150 2839 2219 plenitudinem
2867 2162 2921 2207 et
2947 2153 3066 2207 Filii
3096 2168 3338 2222 persona:
3387 2155 3765 2210 identiﬁcatio-

2194 2258 2339 2306 nem,
2395 2241 2656 2308 efﬁcitur;
2709 2243 2785 2298 illi
2816 2246 3167 2315 spurcissimo
3222 2248 3367 2301 cordi
3401 2264 3461 2303 se
3493 2250 3761 2319 quomodo

2194 2334 2407 2399 inferet,
2439 2336 2589 2406 cujus
2612 2346 2831 2391 sanctus
2848 2338 2933 2392 ille
2958 2338 3191 2407 Spiritus
3217 2340 3570 2395 habitationis
3598 2342 3766 2411 impa-

2195 2423 2336 2477 tiens
2366 2425 2554 2477 sordes
2582 2422 2727 2479 ferre
2754 2441 2857 2480 non
2896 2425 3150 2495 przevalet
3176 2427 3200 2480 ?

2263 2511 2288 2583 §
2313 2511 2394 2565 lll.
2426 2513 2661 2582 Ulvjectio
2675 2514 2932 2569 2.—Sed
2960 2515 3091 2569 dicit
3114 2516 3412 2585 quispiam:
3442 2517 3584 2587 Ergo
3616 2520 3661 2573 si
3689 2534 3767 2573 sa-

2188 2615 2523 2660 cramentum
2578 2624 2682 2662 non
2741 2618 2843 2675 est,
2916 2624 3016 2663 nec
3066 2625 3181 2663 rem
3236 2616 3564 2666 sacramenti
3609 2613 3769 2668 habet

2190 2699 2435 2768 quisquis
2456 2710 2538 2753 est
2566 2700 2656 2769 qui
2681 2701 2784 2754 tale
2815 2700 2940 2770 quid
2964 2701 3205 2771 suscipit,
3235 2716 3404 2770 quare
3430 2702 3767 2758 damnationi

2190 2789 2431 2857 subjacet
2459 2791 2482 2843 ?
2516 2792 2594 2844 Ad
2620 2792 2761 2861 quod
2786 2807 2884 2861 ego
2929 2792 3159 2846 inferam
3196 2807 3210 2846 :
3245 2792 3299 2847 Si
3328 2794 3488 2862 panis
3510 2794 3601 2848 ille
3631 2795 3761 2850 nihil

2190 2882 2241 2935 in
2264 2896 2322 2934 se
2346 2896 2557 2935 sacrum
2585 2891 2781 2951 praeter
2810 2898 2969 2951 quam
3002 2884 3156 2952 panis
3180 2885 3482 2939 communis
3512 2886 3759 2950 haberet,

2190 2969 2279 3023 ille
2330 2978 2505 3024 tamen
2545 2971 2636 3039 qui
2690 2972 2741 3025 id
2784 2972 2950 3026 sumit
2997 2986 3192 3041 corpus
3250 2987 3374 3027 esse
3419 2972 3765 3027 Dominicum

2189 3063 2505 3127 :estimaret,
2561 3073 2613 3117 et
2654 3064 2720 3117 ad
2753 3064 2803 3117 id
2854 3064 3195 3133 impudenter
3226 3064 3607 3133 accipiendum
3650 3079 3768 3121 sese

2191 3154 2477 3224 ingereret,
2515 3170 2619 3210 non
2655 3156 2847 3210 minori
2876 3156 3061 3226 procul
3091 3157 3252 3211 dubio
3274 3157 3481 3226 judicio
3511 3174 3765 3214 succum-

2188 3245 2341 3299 beret
2371 3261 2531 3314 quam
2566 3246 2609 3299 si
2650 3244 2775 3299 Jesu
2810 3246 3156 3300 verissimum
3185 3260 3381 3315 corpus
3409 3257 3573 3301 esset.
3610 3246 3770 3301 Vide-

2194 3345 2278 3388 tur
2331 3352 2459 3406 ergo
2487 3337 2616 3390 mihi
2648 3337 2851 3391 sentire
2878 3337 3186 3405 profanum,
3226 3346 3284 3390 ut
3325 3346 3471 3391 tanta
3504 3338 3765 3406 dignitas,

2190 3441 2309 3493 qua:
2348 3425 2464 3480 loco
2511 3428 2749 3482 indebito
2782 3429 2914 3482 nihil
2947 3429 3215 3491 utilitatis,
3250 3429 3360 3483 imo
3386 3429 3611 3484 nefarim
3638 3429 3765 3485 huic

2191 3517 2484 3584 proditioni
2540 3534 2736 3574 causas
2796 3521 2963 3574 totius
3022 3520 3421 3575 ntaledictionis
3472 3522 3765 3592 importat,

2195 3608 2284 3662 tali
2338 3608 2639 3666 intrusione
2670 3612 2981 3666 damnetur.
3020 3612 3101 3666 Ad
3154 3610 3306 3681 cujus
3335 3614 3595 3668 honorem
3624 3614 3769 3668 nullo

2192 3699 2353 3754 modo
2384 3702 2636 3771 pertinet,
2676 3705 2717 3758 si
2759 3704 2936 3773 gratia
2970 3704 3107 3769 haec,
3139 3718 3258 3772 quae
3287 3703 3449 3757 toﬁus
3492 3703 3769 3757 munditia:

2193 3791 2374 3844 nutrix
2409 3800 2511 3855 est,
2547 3794 2715 3863 turpis
2738 3795 3082 3849 conscientia:
3111 3794 3376 3864 contagiis
3405 3794 3690 3859 obruatur,
3716 3800 3765 3847 et

2196 3880 2360 3934 miser
2389 3882 2548 3935 homo
2577 3883 2675 3936 sub
2705 3885 2803 3938 hac
2828 3885 3248 3955 praesumptione
3277 3884 3584 3939 mulctetur.

2266 3971 2293 4043 §
2322 3972 2408 4028 IV.
2436 3974 2669 4043 Objectio
2695 3975 3077 4031 5.—Putasne
3092 3977 3254 4046 quod,
3281 3977 3325 4030 si
3352 3976 3619 4045 quispiam
3649 3977 3765 4031 inﬁ-

2197 4064 2330 4119 delis
2363 4065 2413 4117 id
2438 4073 2697 4129 sumeret,
2731 4081 2927 4135 corpus
2951 4067 3162 4121 Domini
3193 4075 3336 4121 esset
3362 4066 3384 4121 ?
3412 4067 3475 4119 Et
3499 4067 3765 4136 quomodo

2196 4148 2437 4209 irrisorie
2459 4165 2550 4209 aut
2588 4156 2905 4226 ignorauter
2933 4158 3165 4213 sumenti
3192 4173 3389 4226 corpus
3420 4157 3633 4211 Domini
3659 4166 3760 4219 est,

2197 4232 2281 4300 eui
2312 4262 2474 4315 super
2504 4246 2619 4315 ipso
2653 4248 2911 4317 mysterio
2938 4247 3079 4300 nulla
3112 4248 3243 4300 ﬁdes
3268 4254 3351 4299 est
3375 4245 3398 4298 ?
3425 4244 3539 4297 Etsi
3571 4259 3599 4296 a
3637 4260 3761 4314 pue-

2199 4339 2315 4391 rulo
2344 4348 2436 4392 aut
2460 4339 3008 4407 quolibetinsensato,
3036 4341 3125 4408 qui
3160 4350 3339 4394 utrum
3359 4345 3430 4395 sit
3456 4352 3756 4395 sacramen-

514 4430 893 4497 prtetenditur,
921 4433 1010 4500 qui
1033 4433 1340 4496 erthodoxi,
1363 4434 1453 4503 qui
1488 4434 1722 4490 cultores
1749 4435 1870 4489 ﬁdei
1903 4437 2089 4490 catho—
2120 4445 2165 4498 D
2199 4439 2312 4484 tum
2360 4431 2669 4485 discernere
2712 4432 2937 4497 nesciat,
2997 4442 3381 4502 praesumatur,
3426 4434 3622 4486 huicne
3653 4428 3761 4491 tali,

514 4519 632 4575 liCtP
660 4529 805 4585 sunt,
828 4532 882 4576 et
913 4524 1147 4577 maxime
1171 4524 1261 4592 qui
1281 4524 1463 4578 fauutli
1490 4540 1551 4579 ac
1581 4524 1793 4580 l‘auwlie
1824 4526 1915 4578 Dei
1941 4533 2085 4589 sunt,

517 4613 657 4679 quod
692 4614 941 4667 meritum
970 4614 1185 4669 obtendi
1234 4615 1522 4678 suﬁiceret,
1557 4620 1750 4671 nedum
1776 4634 1899 4672 cum
1925 4618 2085 4673 addi-

516 4715 646 4761 tur:
682 4707 937 4773 Quorum,
990 4709 1178 4779 inquit,
1205 4710 1296 4763 tibi
1326 4711 1456 4779 ﬁdes
1495 4721 1569 4765 est
1622 4712 1849 4781 cognita,
1885 4721 1935 4764 et
1958 4723 2088 4766 uota

508 4797 741 4863 devotio,
770 4801 896 4869 quid
920 4802 1004 4854 hic
1023 4800 1185 4855 habet
1213 4802 1462 4867 inﬁdelis,
1492 4802 1616 4871 quid
1644 4803 1906 4871 reprobus
1933 4802 2089 4858 Chri-

518 4886 773 4942 stianus?
813 4888 869 4943 Si
900 4872 1005 4957 pro.
1042 4891 1215 4954 vobis,
1256 4908 1288 4944 ο
1328 4891 1574 4961 apostoli,
1612 4898 1664 4945 et
1700 4892 1881 4945 caeteri
1913 4891 2088 4945 sancti

520 4975 787 5046 discipuli,
817 4988 870 5032 et
900 4995 995 5047 pro
1020 4979 1199 5032 umltis
1224 4978 1514 5034 effunditur
1550 4982 1771 5049 sanguis
1796 4981 1883 5036 ille
1916 4982 1967 5034 in
1999 4996 2087 5035 re-

521 5067 834 5124 missionem
883 5077 1253 5138 peccaturum,
1310 5070 1491 5123 multis
1534 5070 1809 5134 videlicet,
1841 5087 1945 5125 non
1970 5072 2090 5128 aliis

522 5174 682 5228 quam
714 5161 919 5225 electis,
948 5160 1145 5214 habent
1167 5176 1567 5229 quamcunque,
1592 5161 1693 5215 sibi
1720 5172 1897 5216 tamen
1921 5164 2092 5231 pessi-

523 5268 665 5309 mam
703 5253 853 5323 pravi
889 5252 1111 5322 quilibet
1160 5251 1471 5306 facultatem
1524 5253 1766 5307 exterius
1814 5256 2092 5322 suscipere

522 5353 946 5406 sacramentum,
974 5344 1065 5398 sed
1093 5360 1205 5398 rem
1247 5347 1569 5399 sacramenti
1602 5362 1705 5399 non
1737 5348 1954 5401 habent.
1987 5348 2090 5402 Su-

521 5435 758 5504 scipiunt
780 5434 997 5503 quidem
1027 5435 1168 5503 quod
1195 5435 1402 5488 visibile
1427 5437 1599 5491 solum
1630 5450 1729 5502 est,
1762 5440 1853 5492 sed
1873 5440 1998 5508 quia
2023 5440 2090 5493 ad

523 5526 688 5579 vitam
720 5541 1057 5596 nequaquam
1090 5528 1401 5582 nutriuntur
1424 5547 1487 5584 cx
1519 5546 1583 5585 co
1614 5540 1949 5600 perpetuam,
1990 5530 2092 5584 illis

528 5616 832 5672 exiuanitur
875 5620 1015 5687 quod
1065 5618 1330 5674 invisibile
1359 5633 1411 5676 et
1440 5623 1568 5677 utile
1599 5633 1703 5677 est.
1736 5622 1804 5677 Et
1827 5623 2092 5692 quomodo

526 5707 601 5763 illi
630 5717 775 5767 tanta
802 5726 887 5768 res
916 5712 1226 5781 adaptatur,
1264 5730 1381 5783 qua:
1407 5715 1458 5771 in
1490 5715 1650 5771 vitam
1682 5726 1939 5773 zeteruam
1970 5733 2092 5787 pcr-

2192 4522 2333 4591 quod
2380 4536 2575 4589 corpus
2603 4521 2814 4576 Domini
2846 4523 3140 4577 insolenter
3185 4524 3509 4593 susceperit,
3542 4522 3761 4591 imputa-

2193 4614 2319 4668 tur?
2348 4614 2653 4669 nullatenus
2679 4614 2965 4669 asscntior.
3009 4614 3216 4679 Dicam,
3244 4614 3337 4668 sed
3364 4615 3482 4667 sine
3522 4609 3762 4682 prtejlidio

2191 4707 2276 4761 cio
2323 4706 2565 4761 melioris
2595 4705 2897 4769 sententiae,
2931 4704 3058 4758 nulli
3116 4704 3369 4773 imputari
3401 4704 3599 4757 debere
3629 4702 3757 4755 bene

2191 4806 2461 4865 sumptum
2487 4807 2579 4851 aut
2609 4797 2745 4852 male
2783 4798 2883 4851 hoc
2907 4812 3125 4865 corpus,
3159 4796 3260 4850 nisi
3292 4794 3385 4864 qui
3408 4795 3639 4864 primum
3671 4805 3757 4860 po-

2194 4891 2355 4943 tuerit
2383 4890 2461 4944 vel
2490 4905 2551 4943 et
2581 4898 2734 4959 parte
2762 4903 3055 4959 agnoscere
3086 4887 3245 4942 ﬁdem
3267 4886 3404 4954 ejus.
3427 4886 3590 4940 Certe
3610 4891 3756 4938 natu-

2193 4980 2381 5035 raliter
2438 4981 2621 5045 fatuis,
2675 4991 2728 5035 et
2759 4980 3052 5033 amentiam
3095 4978 3498 5033 incurrentibus
3544 4983 3755 5045 peccata

2195 5072 2357 5126 etiam
2416 5072 2761 5139 gravissima,
2792 5085 2912 5139 qua:
2940 5070 3212 5125 dementia
3242 5077 3298 5124 et
3347 5068 3598 5122 fatuitate
3622 5081 3758 5122 com-

2193 5166 2433 5229 mittunt,
2490 5165 2554 5218 ad
2601 5165 3007 5218 damnationem
3056 5162 3327 5230 imputare
3373 5160 3553 5214 nullus
3582 5158 3750 5221 audet,

2194 5272 2294 5310 nec
2349 5272 2470 5311 eum
2529 5256 2779 5310 addicere
2822 5266 3045 5323 peccato
3075 5254 3195 5322 quis
3221 5253 3401 5317 debet,
3429 5252 3520 5320 qui
3546 5250 3749 5311 malum,

2192 5351 2521 5405 conscientia
2553 5350 2915 5413 discernente,
2942 5361 3049 5400 non
3081 5353 3375 5414 perpetret.

2262 5440 2427 5493 Plane
2465 5440 2742 5494 indubiam
2772 5447 2855 5492 est
2892 5437 3203 5490 innumeros
3251 5432 3577 5501 episcopalis
3602 5440 3655 5485 et
3682 5444 3754 5482 se-

2194 5529 2355 5585 eundi
2378 5530 2583 5584 ordinis
2612 5529 2889 5583 exstitisse
2912 5526 3078 5590 viros,
3098 5524 3187 5594 qui
3215 5533 3269 5577 et
3293 5522 3456 5594 3&3
3481 5523 3594 5577 haec
3617 5533 3753 5575 sacra

2194 5624 2404 5694 populis
2440 5624 2798 5688 celebrarent,
2850 5630 2903 5674 et
2950 5619 3108 5673 ﬁdem
3146 5616 3392 5671 veritatis
3422 5618 3648 5670 iuterme
3677 5626 3753 5666 sa-

2197 5732 2409 5773 crorum
2447 5715 2756 5771 eorumdem
2797 5713 3103 5769 nullatenus
3130 5710 3413 5767 haberent.
3451 5708 3614 5764 Putas
3642 5718 3753 5774 ergo
