4038 6330
236 323 343 384 837
1090 328 1180 383 DE
1216 328 1629 389 PIGNORIBUS
1676 330 2119 389 SANCTORUM.
2147 366 2217 375 —-
2255 334 2384 391 LIB.
2430 337 2489 394 ll.
3377 345 3482 401 638

232 452 358 495 cum
386 435 489 492 ista
518 443 787 507 gererent,
810 450 908 492 nec
944 438 1175 507 pretium
1197 456 1386 495 eorum
1416 457 1535 512 quae
1564 443 1801 499 exterius
1828 447 1876 505 Α
1907 460 1936 498 a
1964 445 2158 513 quibus
2180 445 2472 502 Simoniaci
2496 448 2826 516 nesciuntur,
2853 466 3065 507 sacrum
3087 456 3358 527 quidpiam
3383 476 3481 529 per

231 529 556 583 videbantur
578 529 808 582 actitare
850 537 1131 596 tenerent,
1163 533 1328 599 quod,
1358 544 1617 601 quantum
1645 535 1711 588 ad
1745 550 1804 589 se
1910 548 2099 587 eorum
2153 551 2344 590 manus
2392 537 2790 606 impositionem
2838 544 3120 612 accipitur,
3176 563 3273 616 per
3317 550 3478 605 ﬁdem

229 620 564 690 pertinebat,
627 619 826 688 aliquid
874 621 1095 676 cmleste
1142 623 1471 677 conﬁcerent
1500 625 1523 677 ?
1548 624 1800 680 Minime:
1904 625 2269 692 suscipientis,
2302 635 2354 680 et
2384 638 2588 695 pestem
2616 630 2755 684 illam
2788 632 3101 702 ignorantis,
3138 638 3285 692 virus
3315 642 3480 695 totius

229 726 335 766 nec
369 711 520 779 panis
547 726 610 764 ac
641 711 748 763 vini
789 726 954 779 penes
980 712 1125 781 ipsos
1149 714 1445 768 substantia
1470 717 1800 783 mutabatur,

226 802 360 869 quia
391 802 788 855 Dominicorum
816 804 1127 867 verborum,
1144 821 1240 875 per
1254 821 1372 875 qua:
1398 809 1652 877 mysteria
1674 823 1802 862 con-

225 898 783 956 summantur,actum
799 906 985 946 eorum
1008 895 1334 950 exteriorem
1367 894 1499 950 ﬁdes
1535 899 1796 951 mentium

224 977 380 1029 nulla
422 977 793 1047 consequitur,
821 994 942 1047 qua:
975 983 1273 1051 spiritualis
1310 985 1800 1043 transformationis

220 1081 488 1122 arcanum
514 1069 625 1124 sola
656 1071 962 1139 specialiter
984 1071 1342 1143 promeretur.

302 1157 331 1229 §
372 1158 434 1214 γ.
457 1158 687 1230 Objectio
706 1161 761 1216 4.
791 1192 862 1202 -
886 1163 991 1218 Sed
1017 1165 1083 1219 ad
1104 1165 1237 1230 haec,
1272 1166 1325 1219 in
1348 1181 1454 1235 quo
1497 1167 1579 1220 vel
1605 1153 1810 1236 praecii

218 1263 333 1318 pue
361 1249 538 1304 divina
572 1251 744 1307 virtus
776 1255 1009 1314 eminet,-
1027 1255 1195 1322 gratia
1222 1256 1348 1321 ista,
1387 1273 1505 1327 qua:
1534 1262 1685 1315 ﬁctos
1712 1276 1799 1315 sa-

215 1339 474 1394 cerdotes
499 1338 707 1411 effugit,
740 1342 922 1399 ﬁdeles
948 1344 1194 1415 populos,
1240 1348 1430 1416 quibus
1466 1349 1572 1406 ista
1602 1366 1800 1421 gerun-

220 1437 336 1492 tur,
391 1444 494 1483 non
537 1430 752 1497 deserit,
809 1433 933 1487 dum
978 1448 1174 1504 corpus
1205 1436 1371 1502 idem,
1402 1439 1543 1507 quod
1576 1456 1681 1494 non
1712 1448 1796 1494 est

214 1533 425 1587 corpus
456 1521 592 1588 apud
650 1522 771 1577 illos
817 1524 906 1593 qui
939 1525 991 1579 id
1024 1525 1198 1594 ipsum
1231 1528 1523 1584 infideliter
1567 1532 1796 1587 admitti-

215 1617 420 1671 strant,
445 1608 514 1663 sit
556 1621 950 1667 sacramentum
999 1623 1054 1669 et
1099 1630 1187 1670 res
1212 1620 1535 1674 sacramenti
1584 1621 1650 1675 iis
1678 1622 1790 1691 qui,

215 1696 354 1751 licet
382 1698 604 1763 inﬁdeli,
633 1701 863 1759 ﬁdeliter
910 1713 1085 1761 tamen
1117 1717 1321 1775 astant,
1349 1711 1496 1766 verbi
1524 1714 1715 1781 gratia,
1746 1714 1790 1768 si

1902 711 2046 766 illius
2067 714 2331 767 haereseos
2356 726 2633 783 vacuetur,
2663 720 2713 773 iu
2741 730 2944 776 tantum
2974 731 3031 776 ut
3053 726 3193 792 quod
3208 728 3477 784 Simonia:

1901 816 1998 855 cus
2029 801 2141 870 ipse
2162 818 2268 856 non
2300 804 2488 870 habet,
2514 823 2636 860 cum
2667 809 2936 864 videbitur
2957 813 3121 868 etiam
3146 831 3250 870 non
3298 817 3477 875 habita

1899 891 2237 959 praestitisse,
2272 900 2447 946 ratum
2492 909 2558 949 ex
2606 896 2717 949 sola
2750 900 3068 968 accipientis
3104 904 3206 959 ﬁde
3240 916 3473 961 constet.

1899 978 2169 1033 Ponamus
2192 995 2407 1049 quoque
2436 998 2465 1038 e
2496 985 2715 1054 regione
2745 998 2989 1042 sanctum
3030 991 3261 1060 aliquem
3312 998 3476 1051 totius

1901 1064 2216 1121 Simonacia:
2247 1068 2413 1124 cladis
2435 1081 2732 1139 expertem,
2770 1062 2923 1142 cujus
2950 1083 3274 1146 secundarii,
3301 1086 3475 1138 archi-

1898 1158 2107 1212 diaconi
2154 1158 2378 1223 scilicet,
2426 1169 2519 1214 aut
2553 1162 2742 1217 decani
2776 1148 3080 1221 Simoniace
3108 1172 3357 1227 conducti
3401 1174 3469 1227 ad

1897 1261 2019 1301 eum
2077 1250 2411 1305 ordinaudos
2470 1251 2744 1316 inducant,
2801 1270 2830 1308 a
2886 1266 3077 1311 sancto
3111 1260 3323 1327 quidem
3359 1263 3469 1330 illo,

1896 1339 2289 1408 quantumlibet
2317 1352 2563 1396 Sanctum
2600 1342 3006 1415 legitimumque
3053 1347 3123 1401 sit
3169 1351 3310 1418 quod
3357 1353 3472 1418 dat,

1897 1426 2031 1481 nihil
2086 1428 2377 1498 accipiunt,
2416 1431 2510 1485 sed
2564 1439 2818 1501 tanquam
2867 1434 3147 1491 exanimes
3194 1437 3261 1491 ad
3294 1438 3466 1494 solem

1895 1532 1995 1572 nec
2015 1518 2215 1585 vident,
2241 1534 2340 1575 nec
2362 1522 2621 1575 sentiunt.

1967 1609 2021 1663 Si
2072 1610 2186 1666 bzrc
2234 1612 2299 1666 ad
2352 1612 2605 1667 sacriﬁcii
2654 1613 2819 1667 divini
2863 1617 3317 1685 comparationem
3348 1635 3474 1689 per-

1896 1698 2116 1752 minima
2138 1700 2208 1753 ob
2232 1701 2395 1755 unius
2427 1702 2635 1771 peccati
2669 1702 3056 1761 immanitatem
3093 1715 3146 1759 et
3181 1707 3475 1761 detrahun-

214 1786 548 1856 baptismum
608 1792 799 1846 subeat
835 1794 1054 1851 Judaeus
1098 1799 1387 1869 quispiam,
1430 1802 1572 1870 quod
1601 1803 1791 1857 crebro

1896 1796 1978 1840 tur
2006 1797 2059 1841 et
2089 1788 2301 1855 dantur,
2346 1798 2402 1844 et
2459 1790 2653 1845 divina:
2700 1806 2800 1860 pro
2836 1793 3008 1861 gratia
3055 1790 3469 1865 suscipientium

215 1881 489 1951 contingit
517 1892 695 1938 mente
716 1885 940 1954 perﬁda,
966 1887 1095 1943 lucri
1120 1906 1304 1954 causa,
1322 1892 1560 1961 nunquid
1603 1893 1795 1947 immu-

218 1970 452 2025 nitatem
484 1982 825 2042 peccatorum
868 1980 1208 2048 assequitur?
1255 1980 1320 2034 Et
1350 1981 1442 2049 qui
1476 1982 1543 2035 ad
1591 1989 1793 2034 tantam

217 2062 516 2131 puritatem
548 2064 704 2122 ﬁctus
730 2068 1132 2139 malevolusque
1170 2073 1430 2141 procedit,
1460 2074 1506 2128 is
1535 2074 1649 2142 ipse
1668 2074 1793 2142 Spi-

220 2153 362 2207 ritus
387 2165 626 2220 sauctus,
647 2157 800 2226 cujus
825 2161 1075 2229 potentiae
1126 2161 1225 2215 fuit
1258 2163 1597 2219 sanctiﬁcare
1621 2162 1794 2233 bapttv

218 2257 422 2309 sutum,
471 2245 615 2302 nullo
672 2250 829 2305 modo
883 2253 1162 2321 prtevaluit
1192 2254 1465 2324 indulgere
1511 2264 1793 2326 peccatum

219 2334 617 2405 qualecunque,
641 2340 723 2393 vel
746 2342 1063 2409 minimum;
1092 2345 1231 2413 quod
1261 2346 1478 2414 quidem
1514 2348 1556 2401 si
1587 2346 1793 2416 potuis-

221 2434 453 2490 set,non
481 2430 721 2495 potentia
769 2431 1027 2500 profecto,
1077 2436 1170 2491 sed
1218 2437 1548 2506 impotentia,
1590 2447 1645 2492 et
1677 2439 1792 2493 haec

224 2515 423 2583 injusta
448 2519 658 2576 fuisset.
686 2521 828 2578 Sane
856 2526 1070 2580 vecordi
1107 2535 1161 2582 et
1209 2528 1564 2597 impoenitenti
1594 2531 1821 2584 condo-s

223 2623 356 2663 nare
383 2619 610 2676 reatum,
645 2614 778 2668 nihil
806 2615 948 2671 aliud
980 2626 1080 2681 est,
1117 2629 1175 2673 ut
1203 2620 1333 2673 mihi
1370 2620 1600 2683 videtur,
1629 2636 1791 2690 quam

222 2698 530 2757 criminosis
557 2712 717 2773 atque
760 2707 1006 2774 superbis
1037 2708 1274 2764 favorem
1307 2710 1631 2780 indulgendo
1655 2726 1791 2779 pra:-

224 2797 370 2844 stare
401 2792 717 2862 malignum.
752 2795 817 2851 Et
864 2799 1131 2867 quomodo
1162 2798 1302 2854 Deus
1339 2801 1465 2866 erit,
1507 2802 1550 2856 si
1582 2802 1790 2856 scelera

223 2892 318 2931 sua
348 2883 812 2948 perseverantibus
843 2885 895 2940 in
945 2887 1025 2941 eis
1075 2887 1291 2957 impune
1320 2889 1583 2943 remittit?
1635 2889 1791 2945 ﬁctus

224 2977 371 3024 certe
395 2971 657 3041 baptisma
689 2976 878 3040 subiit,
922 2984 973 3031 et
1004 2977 1132 3032 illud
1163 2994 1355 3047 nempe
1383 2980 1526 3048 quod
1570 2989 1790 3035 sanctus

225 3058 458 3128 Spiritus
503 3064 569 3117 ad
600 3063 1040 3133 imprecationem
1094 3067 1458 3138 cujuscunque
1493 3070 1791 3125 sacerdotis

224 3149 440 3207 iudubie
494 3154 684 3210 imbuit
720 3166 776 3210 et
830 3157 1013 3213 eﬁicax
1065 3158 1215 3227 fecit,
1241 3168 1297 3215 et
1336 3169 1513 3216 tamen
1543 3161 1787 3217 inefﬁcax

226 3242 447 3307 reperit,
479 3243 572 3311 qui
610 3244 766 3301 ﬁctus
787 3248 1034 3303 accessit.

292 3332 435 3388 Ecce
478 3334 596 3392 luce
636 3338 835 3395 clarius
865 3339 921 3394 ﬁt
962 3342 1182 3398 evidens
1207 3343 1350 3412 quod
1392 3344 1480 3403 ubi
1525 3344 1657 3400 ﬁdes
1685 3359 1789 3400 non

221 3432 325 3485 est,
359 3438 749 3483 sacramentum
772 3431 933 3485 etiam
966 3431 1025 3484 ﬁt
1049 3433 1331 3501 impotens.
1366 3432 1476 3488 Nec
1513 3434 1644 3488 mihi
1670 3434 1792 3503 quis

222 3512 448 3581 objiciat
475 3516 614 3584 quod
641 3519 804 3573 etiam
834 3521 1083 3576 ethnicus
1111 3523 1504 3594 lnereticusque
1534 3524 1789 3593 baptizat,

222 3605 351 3673 quia
378 3606 478 3660 alia
504 3612 796 3667 auctoritas
828 3621 912 3667 est
950 3613 1002 3667 in
1032 3614 1209 3669 dando
1238 3630 1399 3685 quam
1435 3617 1792 3673 confessionis

223 3694 391 3749 divini
424 3700 655 3754 nominis
704 3702 756 3755 in
808 3704 1170 3773 suscipiendo.
1200 3707 1281 3760 Ad
1324 3707 1542 3762 dantem
1568 3708 1712 3763 enim
1739 3716 1794 3763 et

222 3786 619 3843 sacriﬁcantem
699 3792 1056 3849 ministerium
1104 3797 1344 3852 exterius
1409 3798 1660 3861 refertur,
1724 3798 1797 3852 ad

222 3876 499 3931 Christum
543 3893 670 3933 vero
697 3881 980 3937 efﬁcientia
1006 3895 1331 3955 reportatur,
1360 3888 1469 3952 cui,
1497 3888 1636 3941 sicut
1664 3887 1795 3942 dici-

226 3975 314 4019 tur
345 3984 359 4018 :
393 3986 411 4019 t
447 3967 546 4022 Hic
572 3978 649 4023 est
681 3971 771 4039 qui
801 3972 1038 4041 baptizat
1060 3973 1243 4044 (Joan.
1270 3991 1307 4038 ι,
1341 3975 1455 4044 55),
1492 3994 1510 4028 ι
1540 3976 1797 4045 perbibe-

225 4065 314 4108 tur
338 4055 522 4122 etiam,
564 4058 690 4127 quia
726 4060 873 4116 solus
912 4064 1205 4117 sacriﬁcat.
1248 4062 1305 4117 Si
1335 4079 1464 4135 ergo
1493 4066 1705 4133 dantes,
1741 4066 1795 4121 id

223 4157 308 4201 est
355 4148 651 4216 ministros,
706 4153 1013 4223 singularis,
1070 4154 1199 4222 quia
1231 4168 1349 4208 eam
1399 4155 1498 4209 sibi
1551 4156 1791 4222 retinuit,

229 4239 434 4292 Christi
472 4245 813 4298 commendat
840 4246 1151 4309 auctoritas,
1188 4246 1239 4300 in
1269 4245 1664 4301 coufessoribus
1692 4246 1797 4301 uti-

222 4346 329 4398 que
377 4331 766 4399 discernendis,
812 4336 938 4389 dum
987 4336 1041 4390 in
1092 4338 1194 4391 hoc
1233 4352 1514 4392 versamur
1576 4337 1792 4402 sarculo,

1894 1893 2137 1933 censura:
2166 1889 2461 1946 mutantur,
2494 1881 2549 1935 in
2600 1881 2692 1937 illo
2743 1896 3095 1939 sacrosancto
3142 1888 3401 1956 mysterio
3440 1904 3472 1941 a

1894 1970 2165 2025 damnatis
2204 1970 2386 2040 justus
2439 1988 2545 2026 non
2596 1973 2957 2027 discernitur?
2996 1976 3121 2030 Scio
3153 1992 3251 2031 nec
3296 1978 3350 2032 in
3405 1979 3474 2032 iis

1892 2060 2056 2115 beato
2093 2063 2333 2132 gentium
2374 2062 2589 2119 Doctori
2623 2080 2708 2120 me
2746 2066 2963 2121 obvium
2989 2070 3202 2136 praebeo
3224 2069 3422 2125 dicenti
3452 2088 3468 2125 :

1898 2170 1918 2205 ‹
1963 2153 2063 2217 Qui
2096 2155 2386 2209 manducat
2410 2164 2464 2209 et
2493 2155 2628 2210 bibit
2652 2156 2889 2225 indigne,
2914 2157 3175 2225 judicium
3202 2161 3300 2215 sibi
3323 2177 3475 2216 man-

1894 2244 2058 2299 ducat
2086 2253 2141 2299 et
2167 2244 2305 2300 bibit
2332 2244 2385 2316 (Ι
2423 2243 2548 2299 Cor.
2580 2261 2645 2311 tt,
2682 2246 2796 2316 29),
2836 2266 2856 2298 ι
2898 2248 3137 2317 quiaqui
3186 2251 3250 2304 de
3290 2250 3475 2304 Denti-

1892 2334 1999 2389 nici
2035 2336 2279 2404 corporis
2340 2335 2573 2389 veritate
2629 2350 2735 2390 non
2788 2336 3018 2402 dubitat,
3077 2346 3135 2391 et
3186 2338 3237 2392 id
3292 2340 3468 2407 ipsum

1891 2426 2093 2481 atrocis
2123 2435 2217 2480 aut
2237 2425 2493 2495 ﬁagitiosi
2524 2426 2689 2480 animi
2717 2427 3081 2495 improbitate,
3105 2437 3164 2482 ut
3192 2430 3271 2484 sic
3293 2429 3473 2484 dicam

1891 2517 2259 2572 ecclesiastico
2280 2518 2466 2580 verbo,
2504 2519 2895 2584 communicat,
2927 2519 2980 2573 in
3009 2535 3115 2587 quo
3143 2528 3306 2574 tantae
3345 2537 3475 2591 per-

1891 2608 2164 2665 sonalitati
2201 2624 2307 2663 non
2352 2607 2549 2675 defert,
2578 2624 2737 2664 nosse
2775 2608 2935 2663 velim
2974 2610 3315 2679 quid.sacri,
3344 2610 3475 2679 quid

1890 2699 2038 2753 utilis
2069 2700 2136 2754 ab
2163 2699 2325 2753 altari
2352 2698 2556 2755 refert?
2578 2698 2707 2753 Esto
2733 2717 2746 2752 :
2772 2698 2912 2753 Ecce
2942 2699 3026 2753 vel
3053 2709 3474 2762 sacramentum,

1890 2788 1993 2842 etsi
2052 2788 2351 2843 insolenter
2393 2797 2450 2844 et
2481 2789 2699 2853 stolide,
2732 2802 2838 2842 non
2871 2795 2980 2842 tam
3013 2798 3280 2859 sumptum
3312 2803 3475 2857 quam

1889 2889 2299 2950 praesumptum.
2333 2880 2447 2936 Etsi
2485 2881 2587 2935 hoc
2628 2887 2777 2935 certe
2816 2881 3152 2947 conceditur,
3200 2881 3472 2948 quomodo

1891 2976 2070 3024 tamen
2094 2985 2205 3024 rem
2244 2970 2571 3024 sacramenti
2607 2970 2732 3025 inde
2775 2969 2998 3035 referat,
3043 2985 3148 3026 non
3199 2970 3412 3025 \idetur
3454 2988 3469 3023 :

1892 3060 2035 3128 quod
2083 3060 2128 3113 si
2179 3074 2268 3114 res
2318 3062 2644 3116 sacramenti
2674 3061 2847 3125 deest,
2886 3070 3282 3116 sacramentum
3321 3076 3474 3115 sum-

1890 3153 2061 3223 psisse
2096 3151 2223 3221 quid
2256 3153 2507 3222 prodest?

1960 3246 2361 3302 Sacramentum
2387 3246 2651 3314 trifariam
2704 3255 3017 3315 usurpatur.
3045 3274 3115 3285 —
3153 3242 3475 3298 Sacramen-

1889 3345 2002 3393 tum
2061 3346 2242 3391 autem
2294 3337 2560 3392 trifariam
2622 3335 2899 3391 dividitur.
2962 3334 3070 3389 Pro
3125 3331 3475 3403 jurejurando

1891 3443 2124 3498 namque
2154 3428 2391 3499 ponitur,
2422 3436 2476 3483 et
2496 3440 2591 3496 pro
2618 3442 2679 3481 re
2700 3441 2913 3494 quoque
2934 3433 3147 3480 sacrata
3176 3424 3279 3478 diei
3299 3421 3469 3483 solet.

1893 3532 1989 3588 pro
2036 3519 2296 3590 mysterio
2345 3519 2506 3573 etiam
2563 3516 2860 3586 accipitur.
2882 3512 2966 3572 Sit
2991 3530 3121 3586 ergo
3164 3531 3250 3569 res
3284 3527 3473 3577 .sacra,

1892 3609 2067 3678 sitque
2097 3610 2430 3680 mysterium,
2463 3610 2565 3664 hoc
2592 3618 2761 3663 totum
2806 3608 2884 3671 ﬁt,
2937 3607 3145 3663 Sublata
3181 3621 3241 3661 re
3289 3619 3471 3660 sacra-

1893 3699 2082 3764 menti,
2140 3699 2363 3767 indigno
2422 3698 2765 3768 supplicium.
2803 3698 3053 3751 Dicemus
3100 3696 3281 3767 itaque
3329 3693 3475 3763 quod

1900 3789 2061 3859 hujus
2086 3790 2220 3844 tanti
2252 3789 2493 3844 muneris
2523 3788 2661 3843 εαξιο
2692 3803 2755 3843 ac
2785 3796 2941 3842 terrae
2984 3786 3258 3841 adoranda
3304 3786 3473 3854 maje-

1895 3892 2007 3938 stas
2038 3880 2418 3952 puteutissimo
2463 3868 2669 3950 pectori
2707 3878 2918 3934 scelesti
2947 3878 3245 3948 cujuspiatn
3295 3890 3353 3931 se
3412 3875 3475 3929 li-

1893 3973 2086 4028 benter
2125 3973 2424 4041 immergat,
2467 3971 2537 4025 ob
2582 3972 2686 4025 hoc
2733 3970 2940 4025 scilicet
2995 3969 3192 4032 solum,
3237 3976 3294 4022 ut
3322 3967 3474 4021 dam-

1895 4064 2055 4118 nandi
2087 4063 2318 4117 hominis
2347 4063 2600 4116 miserum
2621 4060 2784 4133 3M
2808 4076 2903 4116 cor
2926 4061 3151 4116 exurat?
3184 4060 3339 4115 Absit
3372 4060 3473 4113 hoc

1895 4169 1924 4207 a
1958 4153 2199 4223 piissima
2230 4153 2443 4222 benigni
2473 4152 2598 4206 Jesu
2639 4153 2847 4207 anima!
2881 4152 3057 4208 Corde
3096 4152 3259 4207 credo
3280 4166 3343 4204 ac
3374 4164 3471 4203 ore

1896 4243 2155 4296 conﬁteor
2200 4242 2339 4311 quod
2367 4241 2432 4295 ad
2474 4242 2586 4295 hzec
2627 4250 2811 4295 sancta
2844 4252 3170 4310 praesumpta
3209 4240 3473 4294 accedens

1898 4333 2209 4401 dignissime
2264 4332 2535 4401 puniatur,
2582 4332 2676 4386 sed
2729 4332 3033 4386 nullatenus
3083 4330 3325 4401 proﬁteri
3370 4345 3470 4383 au-

221 4430 439 4481 constat
480 4423 642 4476 multa
681 4425 947 4479 dubietas.
997 4423 1147 4479 Unde
1194 4426 1431 4495 psalmus
1463 4444 1477 4480 :
1517 4444 1534 4477 t
1572 4425 1790 4491 Statuit,
1819 4447 1872 4506 ι)
1900 4424 2052 4477 deam
2077 4424 2219 4493 quod
2266 4432 2426 4476 tanta:
2466 4422 2710 4476 veritatis
2741 4422 2974 4490 dignitas
3013 4421 3144 4474 locis
3183 4419 3472 4474 infamibus

222 4512 421 4581 inquit,
451 4529 619 4583 aquas
647 4517 800 4586 quasi
827 4518 880 4571 in
924 4527 1042 4581 utre
1069 4516 1243 4587 (Psal.
1282 4535 1488 4583 Lxxvtt,
1521 4520 1631 4585 15).
1668 4539 1687 4570 ι
1736 4519 1792 4573 Si

221 4617 378 4671 aqua:
408 4604 700 4673 spiritualia
729 4609 866 4661 dona
895 4618 1041 4672 sunt,
1071 4607 1137 4662 de
1162 4608 1356 4676 quibus
1395 4609 1520 4664 alibi
1548 4608 1747 4663 dicitur
1776 4625 1791 4662 :

227 4711 246 4743 ι
278 4692 499 4748 Flumen
524 4696 619 4750 Dei
639 4697 897 4766 repletum
928 4706 1009 4753 est
1033 4698 1188 4767 aquis
1215 4698 1385 4769 (Psal.
1420 4715 1567 4763 utv,
1611 4698 1723 4763 10),
1768 4716 1788 4752 ι

221 4783 311 4837 vel
338 4784 498 4838 etiam
533 4787 644 4854 ipse
687 4787 1005 4857 baptismus,
1035 4789 1149 4843 haec
1179 4789 1265 4843 cui
1299 4789 1410 4843 vult
1435 4790 1575 4843 Deus
1616 4788 1795 4843 infuns

222 4874 323 4937 dit,
349 4876 433 4929 cui
465 4877 577 4930 vult
607 4879 844 4941 obserat,
874 4894 972 4947 pro
1003 4878 1299 4934 intentione
1324 4880 1575 4935 videlicet
1595 4894 1658 4934 ac
1684 4894 1790 4934 me~

221 4966 331 5021 rito
351 4968 677 5031 accedentis,
702 4978 755 5024 et
783 4971 1021 5034 cohibet,
1052 4979 1106 5024 et
1132 4970 1243 5025 dat.

298 5058 325 5129 §
362 5059 447 5112 VI.
477 5059 710 5129 Objectio
734 5061 786 5115 5.
817 5093 888 5102 ——
921 5061 1016 5115 llis
1038 5062 1199 5115 etiam
1227 5063 1446 5133 aliquid,
1473 5079 1579 5117 non
1617 5064 1796 5118 minus

220 5164 389 5218 quam
419 5152 722 5219 superiora,
757 5153 955 5222 poterit
979 5152 1159 5207 valere
1205 5152 1528 5221 subjectum.
1581 5154 1795 5209 Scimus

220 5249 279 5293 et
306 5255 373 5293 ex
401 5241 682 5311 multiplici
734 5258 942 5297 canone
972 5253 1216 5298 tenemus
1247 5244 1554 5299 Simoniace
1580 5245 1795 5299 ordina-

223 5340 330 5397 tos,
353 5332 468 5385 sive
494 5333 747 5401 praesules
774 5335 887 5388 sive
918 5335 1286 5404 presbyteros,
1320 5334 1449 5388 nihil
1481 5349 1508 5387 a
1528 5349 1625 5388 suo
1652 5334 1794 5387 ordi-

216 5432 416 5485 patore
445 5422 707 5492 recipere,
740 5424 833 5479 sed
864 5434 916 5479 et
939 5441 1059 5479 cum
1088 5425 1224 5480 aiios
1265 5426 1384 5480 ideo
1406 5424 1791 5489 ordinaverint,

221 5522 319 5567 aut
344 5514 795 5582 sacriﬁcaveriut,
834 5517 975 5586 quod
1023 5533 1051 5571 a
1088 5519 1301 5573 nemine
1339 5519 1661 5587 acceperint.
1699 5533 1795 5572 seu

221 5602 431 5669 facere,
470 5621 563 5660 seu
588 5607 719 5661 dare
760 5622 865 5661 non
894 5624 1070 5677 posse.
1103 5609 1238 5663 lluic
1270 5620 1446 5663 tamen
1494 5618 1601 5663 tam
1633 5624 1797 5679 nego-

222 5697 366 5754 tioso
390 5699 631 5769 periculo
654 5700 890 5757 conditio
910 5701 1091 5757 divina
1117 5717 1176 5758 se
1204 5702 1416 5773 ingerit,
1437 5702 1560 5773 utsi
1579 5701 1645 5757 ab
1669 5701 1793 5771 iiiis,

1899 4523 2165 4568 teneatur.
2196 4532 2214 4564 ε
2256 4513 2369 4566 Etsi
2401 4512 2669 4577 novimus,
2718 4512 2795 4566 ait
2821 4512 3127 4580 Apostolus,
3164 4510 3348 4566 Jesum
3388 4524 3472 4565 se-
3528 4546 3535 4555 ε

1895 4605 2127 4659 cundum
2151 4618 2391 4670 carnem,
2416 4603 2507 4659 sed
2537 4619 2680 4658 nunc
2695 4604 2808 4674 jam
2838 4619 2943 4658 non
2975 4603 3287 4675 novimus(!
3299 4602 3320 4656 1
3346 4604 3467 4659 Cor.

1894 4710 1947 4757 v,
1979 4694 2089 4764 16).
2120 4712 2138 4746 ι
2186 4692 2304 4747 Jam
2334 4710 2461 4763 ergo
2486 4695 2539 4748 in
2571 4703 2808 4762 paterna:
2846 4694 3233 4763 corequalitatis
3278 4710 3471 4764 prove-

1894 4796 2015 4840 cms
2057 4799 2294 4850 assessu,
2335 4785 2401 4839 ad
2430 4784 2782 4839 contumelias
2831 4783 3136 4840 tolerandas
3167 4786 3358 4840 iterum
3388 4800 3472 4841 re-

1894 4877 2123 4946 digetur,
2154 4885 2212 4931 ut
2250 4877 2462 4942 vitioso,
2495 4877 2585 4947 qui
2614 4876 2886 4945 quondam
2918 4891 3024 4945 quo
3054 4886 3214 4947 caput
3244 4877 3472 4931 reclina-

1896 4975 1979 5020 ret
2029 4982 2132 5021 non
2191 4968 2381 5022 habuit
2431 4965 2586 5037 (Lar.
2638 4983 2715 5031 ιι,
2771 4967 2885 5038 58),
2939 4967 3281 5022 obsolescere
3314 4966 3473 5019 modo

1894 5069 2116 5130 cogatur
2140 5061 2414 5129 hospitio?
2448 5060 2635 5115 Audeo
2668 5068 2723 5114 et
2751 5060 2945 5115 bonam
2987 5059 3147 5113 ﬁdem
3195 5058 3263 5112 ad
3303 5059 3469 5112 Deum

1894 5152 2086 5207 habeo.
2123 5150 2273 5205 Unde
2298 5160 2351 5205 et
2375 5151 2539 5206 tutius
2567 5152 2685 5205 dico
2722 5150 2906 5205 Jesum
2940 5149 3225 5205 Dominum
3253 5160 3470 5202 crucem

1893 5242 2133 5311 potuisse
2161 5250 2375 5310 portare
2404 5239 2616 5295 facilius
2637 5256 2798 5309 quain
2851 5241 3138 5293 humanam
3166 5249 3464 5290 conversa-

1898 5336 2094 5388 tionem
2125 5334 2354 5387 tolerare
2376 5334 2533 5388 foedis
2552 5335 2602 5387 in
2632 5332 2887 5386 moribus.
2918 5331 2998 5385 Ad
3028 5332 3128 5384 hoc
3157 5329 3319 5399 igitur
3344 5341 3468 5381 eum

1896 5426 2226 5494 reciprocata
2260 5424 2476 5478 miseria
2507 5422 2726 5485 referat,
2759 5430 2818 5476 ut
2843 5423 2908 5474 ad
2947 5421 3260 5495 referendos
3299 5415 3471 5471 nostri

1896 5518 2108 5588 generis
2133 5532 2318 5571 rursus
2358 5531 2572 5570 errores
2603 5501 2777 5568 redire
2820 5512 3092 5567 invideat?
3123 5506 3473 5580 lmpcssibili-

1899 5618 2062 5663 tatem
2092 5622 2242 5660 suam
2279 5605 2417 5659 forte
2444 5604 2668 5666 fastidit,
2699 5613 2752 5656 et
2800 5603 2864 5657 ad
2909 5601 3151 5657 consueti
3199 5597 3467 5671 quondam

1900 5697 2141 5768 corporis
2165 5695 2437 5752 molestias
2458 5694 2657 5766 quietis
2684 5693 2969 5765 impatiens
2995 5692 3253 5750 decedere
3270 5686 3432 5761 gestit
3451 5686 3465 5743 ι
