4038 6330
612 302 615 303 ί
654 313 760 372 639
1476 315 1534 370 v.
1572 315 1893 372 summm
1930 315 2219 372 ABBATIS

719 425 1011 480 Addiscere
1030 427 1189 479 velim
1234 426 1301 480 ab
1330 426 1527 496 aliquo,
1569 430 1695 497 quid
1725 430 1796 483 sit
1831 448 1844 482 :
1881 449 1899 480 ι
1933 429 2032 496 Qui
2071 444 2226 483 man-

651 516 812 569 ducat
855 531 962 580 me,
994 516 1125 569 vivit
1177 525 1396 588 propter
1438 532 1523 572 me
1551 517 1731 584 (Joan.
1759 536 1834 582 vr,
1883 520 1993 590 58).
2032 540 2050 571 ι
2088 520 2226 585 Quid

607 587 617 596 ~
648 615 731 659 est
768 606 1109 672 manducare,
1150 608 1277 675 quid
1323 618 1406 662 est
1460 609 1580 663 me?
1608 587 1987 677 Amphibolum
2040 618 2141 672 est,
2174 617 2227 662 et

648 696 788 751 bene
816 711 879 749 ac
925 696 1063 750 male
1115 697 1430 752 manducari
1461 708 1639 767 potest
1669 700 1924 753 Dominus
1961 698 2224 763 absolute,

651 784 940 854 Apostolus
965 786 1405 841 conditionaliter
1429 788 1602 855 ponit.
1632 788 1737 843 Sed
1768 789 1895 855 quid
1929 788 2225 842 manduca-

650 876 770 929 tur?
799 893 819 925 c
854 874 1036 941 Panis,
1092 878 1286 946 inquit,
1321 893 1481 947 quem
1522 893 1621 947 ego
1668 879 1889 940 dedero,
1932 893 2060 931 caro
2108 892 2225 931 mea

645 974 729 1018 est
755 966 927 1034 (ibid.,
951 968 1062 1035 52),
1094 987 1111 1019 ι
1143 976 1195 1021 et
1222 968 1458 1036 psalmus
1492 987 1504 1021 :
1544 986 1563 1016 σ
1596 968 1816 1032 Panem,
1844 969 2037 1037 inquit,
2066 984 2224 1037 ange-

646 1052 820 1107 lorum
846 1056 1191 1108 manducavit
1236 1056 1395 1109 bomo
1424 1054 1597 1124 (Psal.
1630 1074 1829 1120 Lxxvn,
1859 1057 1972 1126 25).
2012 1077 2029 1109 ι
2077 1056 2224 1110 Man-

647 1144 846 1197 ducare
874 1144 1003 1197 mihi
1037 1144 1168 1197 nihil
1209 1145 1352 1219 aliud
1386 1146 1614 1212 videtur,
1666 1163 1827 1215 quam
1873 1146 1939 1200 ad
1986 1145 2222 1214 seipsum

644 1232 773 1287 Jesu
825 1234 991 1286 vitam
1031 1235 1450 1304 exemplificare,
1508 1247 1558 1291 et
1617 1239 1719 1293 hoc
1766 1249 1848 1293 est
1899 1242 2039 1308 quod
2093 1241 2223 1295 dicit

652 1343 670 1373 ι
706 1337 813 1388 me,
860 1341 878 1374 ι
926 1338 996 1377 ac
1026 1325 1069 1378 si
1101 1325 1302 1380 diceret
1334 1343 1346 1379 :
1393 1345 1412 1377 ‹
1445 1328 1526 1382 Me
1564 1348 1581 1380 ι
1630 1346 1737 1383 non
1785 1331 2098 1394 manducat,
2130 1332 2220 1399 qui

651 1429 754 1465 non
779 1427 837 1467 se
866 1414 998 1467 mihi
1015 1416 1248 1470 uniendo
1272 1430 1649 1487 concorporat.
1676 1420 1927 1475 Mihi'non
1947 1424 2217 1488 credatur,

649 1504 749 1556 nisi
801 1504 960 1556 verba
1032 1502 1306 1560 Dominica
1358 1511 1494 1563 meis
1545 1525 1843 1566 consonare
1902 1513 2216 1580 probentur.

652 1611 672 1642 ι
713 1591 932 1660 Panem,
981 1594 1073 1659 ait,
1107 1592 1350 1650 nostrum
1379 1600 1748 1666 quotidianum
1783 1600 1847 1652 da
1876 1602 2031 1655 nobis
2062 1602 2231 1677 hodie

648 1680 799 1747 (Luc.
828 1700 904 1749 χι,
926 1686 1000 1755 ⁵5).
1041 1705 1059 1737 ι
1094 1687 1171 1745 Ex
1199 1688 1427 1755 quorum
1456 1704 1686 1757 persona
1732 1690 1783 1744 id
1811 1690 2080 1759 loquitur?
2111 1693 2218 1746 Eo-

643 1786 761 1824 rum
794 1773 951 1841 plane
1002 1776 1091 1843 qui
1133 1775 1337 1842 dicunt,
1393 1786 1445 1831 et
1496 1778 1675 1833 dicere
1704 1792 1927 1849 possunt
1960 1796 1974 1835 :
2009 1801 2026 1834 ί
2056 1782 2217 1837 Pater

643 1870 847 1925 noster,
875 1866 963 1932 qui
994 1880 1053 1918 es
1074 1865 1128 1919 in
1158 1866 1310 1920 caelis
1338 1865 1553 1937 (Matth.
1580 1884 1652 1934 vr,
1684 1868 1758 1939 9).
1794 1889 1811 1922 ›
1845 1870 2105 1938 Quorum,
2126 1887 2219 1942 pu-

647 1958 750 2015 tas,
776 1951 969 2007 Pater?
998 1955 1181 2025 utique
1201 1956 1517 2021 electorum,
1545 1959 1635 2028 qui
1666 1959 1757 2015 Dei
1780 1961 1955 2017 Patris
1980 1966 2218 2019 moribus

643 2039 928 2095 assimilari
957 2046 1340 2098 contendunm
1370 2047 1555 2101 Estote
1589 2053 1783 2115 sancti,
1815 2051 1909 2115 ait,
1942 2052 2214 2124 sicut[at.,

643 2128 792 2200 quia]
823 2145 920 2201 ego
949 2145 1168 2189 sanetus
1198 2150 1316 2191 sum
1359 2137 1502 2208 (Lev.
1533 2155 1594 2205 ll,
1625 2140 1716 2211 Η)
1754 2160 1773 2193 ι
1815 2160 1827 2194 :
1857 2142 1943 2208 lli,
1974 2144 2213 2212 inquam,

644 2216 738 2272 filii
770 2219 1004 2278 clamant
1036 2242 1050 2278 :
1090 2244 1108 2276 α
1138 2225 1338 2281 Panem
1389 2238 1658 2295 nostrum,
1716 2251 1736 2283 ›
1771 2249 1834 2287 ac
1858 2233 1903 2288 si
1935 2235 2210 2289 dicerent:

643 2305 720 2361 Te
744 2325 907 2379 opere
935 2328 998 2367 ac
1044 2317 1275 2371 veritate
1324 2317 1560 2374 fatemur
1590 2321 1805 2377 Patrem
1852 2334 2117 2393 nostrum,
2148 2326 2214 2381 da

644 2398 799 2453 nobis
828 2416 1040 2469 panem,
1072 2421 1176 2459 non
1209 2417 1541 2477 exterorum,
1579 2414 1672 2467 sed
1712 2417 1927 2485 proprie
1951 2426 2212 2472 nostrum.

642 2487 806 2556 Cujus
829 2501 913 2546 est
941 2494 1055 2549 btec
1080 2499 1293 2552 oratio?
1324 2500 1543 2558 ludubie
1591 2504 2215 2574 salvandorumﬁdicunt

643 2580 785 2633 enim
823 2599 837 2634 :
871 2601 892 2633 ι
922 2584 1186 2643 Adveniet
1224 2605 1443 2660 regnum
1478 2602 1627 2648 tuum
1672 2596 1887 2666 (Matth.
1917 2614 1989 2663 vt,
2035 2599 2145 2668 10),
2189 2619 2207 2655 ι

646 2668 699 2722 id
722 2680 825 2735 est,
860 2675 1131 2732 coalescat
1178 2690 1359 2735 sancta
1393 2685 1649 2751 Ecclesia,
1702 2704 1818 2757 qum
1848 2691 2077 2758 speciale
2118 2693 2211 2748 Dei

641 2773 866 2829 regnum
893 2773 994 2829 est,
1026 2770 1168 2836 quod
1192 2771 1327 2828 alias
1352 2774 1478 2830 dicit
1501 2792 1605 2832 non
1635 2792 1757 2834 esse
1779 2783 1843 2835 de
1864 2782 1964 2837 hoc
1992 2785 2210 2838 mundo.

644 2846 702 2944 Si
729 2852 869 2905 enim
920 2856 985 2910 de
1034 2861 1231 2915 mundo
1259 2872 1425 2930 esset,
1474 2868 1707 2925 mundus
1756 2886 1912 2926 suum
1970 2874 2213 2944 diligeret

643 2936 825 3036 flaua.
975 2945 1080 3036 i9).
1114 2949 1253 3019 Ergo
1283 2957 1437 3023 panis
1478 2957 1579 3013 iste
1609 2961 1697 3028 qui
1727 2969 1781 3014 et
1821 2963 2019 3018 dicitur
2044 2936 2211 3036 avnge-

642 3024 815 3123 lorum
846 3030 1015 3101 (Psal.
1047 3051 1251 3106 Lxxvn,
1298 3043 1414 3114 25),
1461 3048 1581 3115 quis
1612 3024 1807 3103 audeat
1837 3052 2014 3107 dicere
2067 3024 2207 3123 (μῖοά

641 3117 801 3173 alicui
846 3125 1110 3191 pertineat
1140 3134 1532 3199 reproborum?
1573 3137 1683 3193 Soli
1716 3140 1897 3210 itaque
1918 3144 2050 3198 sorti
2082 3117 2213 3199 con-

643 3210 855 3264 ceditur
881 3212 1197 3273 electorum.
1227 3239 1245 3272 ‹
1276 3221 1375 3288 Qui
1407 3224 1569 3294 igitur
1610 3229 1898 3284 manducat
1931 3248 2035 3296 me,
2085 3233 2216 3286 vivit

640 3309 861 3369 propter
909 3320 995 3361 me
1024 3307 1203 3378 (Joan.
1236 3327 1311 3376 γι,
1355 3313 1476 3384 58');
1517 3334 1537 3368 ι
1574 3317 1627 3372 id
1656 3327 1760 3385 est,
1797 3337 1957 3377 nemo
1986 3322 2134 3376 carni
2162 3330 2217 3377 et

638 3396 884 3466 sanguini
934 3415 1056 3456 meo
1104 3407 1492 3476 communicat,
1546 3410 1651 3465 nisi
1706 3428 1869 3483 quem
1928 3414 2215 3485 inspiratio

641 3488 743 3542 mei
776 3489 985 3548 interna
1014 3495 1271 3563 vivifieal.

710 3579 909 3648 Pensa,
940 3587 982 3639 si
1008 3587 1109 3651 vis,
1146 3590 1275 3659 quid
1318 3592 1482 3648 homo
1512 3594 1851 3652 damnandus
1878 3597 1967 3654 hic
1995 3599 2214 3666 habeat,

640 3685 800 3740 quem
836 3677 936 3731 sibi
965 3679 1207 3737 diabolus
1256 3683 1322 3737 ad
1351 3686 1651 3755 gehennam
1684 3690 1831 3746 vitiis
1875 3691 2217 3753 innutriendo

646 3765 972 3821 mortificat?
1014 3768 1145 3825 Nam
1191 3773 1497 3842 bnjusmodi
1540 3778 1835 3844 hominem,
1867 3781 2008 3849 quod
2038 3790 2216 3838 tamen

646 3849 738 3905 Dei
764 3854 931 3909 solius
954 3858 1262 3916 discernere
1292 3863 1382 3926 sit,
1419 3880 1539 3919 cum
1591 3868 1663 3923 sit
1704 3870 1948 3936 provisus
1980 3871 2045 3924 ad
2076 3887 2219 3926 mor-

642 3951 777 4010 tem,
807 3951 1075 4014 quomodo
1106 3953 1188 4006 vel
1211 3955 1375 4010 semel
1425 3958 1478 4012 in
1534 3960 1665 4023 vita,
1697 3960 1856 4030 digne
1904 3963 2072 4018 sacris
2114 3964 2218 4020 illis

641 4036 971 4104 participare
1011 4039 1212 4105 valeat,
1254 4044 1562 4101 nullatenus
1628 4048 1802 4103 video.
1857 4050 2025 4116 Quem
2075 4052 2215 4106 enim

642 4122 767 4187 pani
794 4123 906 4191 (qui
939 4125 989 4179 in
1024 4127 1186 4182 vitam
1217 4131 1376 4185 datur
1404 4142 1685 4199 mternam,
1718 4146 1771 4189 et
1796 4137 1884 4205 qui
1914 4138 2105 4208 pignus
2132 4156 2220 4194 sa-

642 4212 769 4265 lutis
791 4226 1007 4271 :eternae
1037 4221 1279 4292 vocatur)
1311 4234 1523 4279 constat
1553 4227 1736 4295 procul
1767 4228 1927 4282 dubio
1958 4230 2072 4284 fieri
2111 4246 2216 4285 non

558 4348 559 4351 η
643 4320 799 4373 posse
844 4324 1250 4377 concorporem,
1296 4321 1502 4368 tantum
1555 4330 1681 4370 reor
1735 4317 1785 4371 in
1838 4318 1939 4373 hoc
1971 4320 2215 4374 saeculoa

640 4396 753 4449 veri
782 4400 1107 4455 sacramenti
1152 4402 1461 4459 omnimoda
1499 4407 1841 4475 susceptione
1888 4409 2211 4474 discordem,

578 4506 583 4513 -
640 4498 901 4555 quantum
969 4491 1021 4545 in
1076 4490 1257 4548 futuro
1286 4496 1352 4548 ab
1405 4496 1574 4566 ipsius
1632 4514 1691 4553 re
1736 4503 2057 4556 sacramenti
2095 4516 2213 4557 esse

643 4578 915 4634 constabit
942 4590 1239 4637 extorrem.
1288 4585 1416 4641 Dico
1443 4603 1697 4658 namque,
1730 4605 1829 4645 nec
1874 4607 2061 4645 sanum
2092 4592 2212 4660 quis

644 4669 860 4736 sapiens
883 4671 1095 4727 ditIiteri
1136 4678 1353 4743 poterit,
1384 4679 1526 4747 quod
1573 4680 1665 4750 qui
1697 4680 1859 4736 semel
1887 4682 2015 4736 illud
2054 4683 2213 4751 digne

642 4763 962 4827 susceperit,
988 4764 1093 4817 ullo
1115 4767 1272 4822 modo
1289 4784 1475 4824 exsors
1505 4772 1572 4825 ab
1600 4782 1824 4837 aeterna,
1848 4772 2001 4840 cujus
2023 4773 2212 4827 certis-

644 4847 842 4902 simum
894 4851 1087 4922 pignus
1127 4866 1238 4919 est,
1298 4858 1471 4913 salute
1528 4877 1633 4914 non
1665 4861 1787 4914 erit.
1838 4862 1997 4917 Vides
2033 4862 2213 4931 itaque

635 4942 813 5010 cujus,
841 4959 905 4999 ex
942 4955 1069 5011 toto,
1104 4951 1219 5002 usui
1253 4952 1515 5015 pertineat
1540 4968 1664 5008 esus
1696 4956 1815 5008 iste.

716 5033 743 5106 §
780 5034 886 5089 VII.
918 5034 1152 5105 Objcclio
1181 5038 1233 5093 6.
1275 5071 1346 5079 —
1371 5041 1426 5094 Si
1465 5045 1703 5097 animum
1752 5044 2069 5099 insolentem
2101 5063 2214 5100 am-

642 5123 878 5195 biguitas
914 5125 1088 5183 adhuc
1143 5129 1246 5183 ulla
1296 5131 1587 5194 remordet,
1625 5130 1741 5202 lege
1784 5133 1928 5188 beati
1961 5134 2212 5205 Cypriani

636 5215 841 5272 librum
875 5220 949 5275 De
998 5221 1180 5292 lapsis.
1220 5220 1350 5287 lllic,
1375 5222 1477 5276 nisi
1506 5222 1681 5289 fallor,
1716 5226 1958 5282 invenies
1986 5228 2211 5297 aliquos,

641 5309 731 5377 qui
800 5311 852 5365 in
908 5313 1281 5381 persecutione
1325 5314 1680 5369 conciderant
1744 5328 1798 5371 et
1854 5319 1918 5372 de
1958 5319 2213 5373 sacrificii

641 5416 833 5457 cruore
859 5402 1161 5473 ‘gustarant,
1197 5417 1438 5475 tempore
1467 5407 1615 5476 pacis
1642 5407 1858 5463 indulta:
1888 5425 1950 5464 ac
1984 5411 2029 5464 si
2056 5410 2215 5463 inno-

644 5502 826 5547 centes
859 5495 1111 5551 licclesiis
1135 5512 1192 5551 se
1217 5497 1578 5553 immiscuisse
1615 5498 1868 5564 fidelium,
1895 5517 1956 5555 ac
1985 5516 2136 5569 aeque
2159 5507 2216 5554 ut

645 5592 873 5639 caeteros
922 5587 1062 5642 idem
1102 5589 1364 5644 Dominici
1410 5591 1653 5660 corporis
1692 5592 1995 5660 suscepisse
2032 5607 2215 5646 sacra-

644 5684 905 5742 mentum,
955 5678 1160 5748 aliquos
1197 5683 1377 5737 nescio
1408 5700 1583 5739 mares
1622 5694 1712 5740 aut
1739 5685 1963 5739 feminas
2007 5684 2210 5749 nitidis,

2239 3092 2283 3154 C

2259 316 2316 372 s.
2364 313 2603 368 manu;
2644 313 2734 367 DE
2772 312 3164 370 NOVIGENTO
3746 332 3819 387 διο

2255 432 2301 490 Α
2330 434 2388 479 ιιι
2419 434 2547 481 tunc
2588 427 2846 496 temporis
2900 428 3067 481 moris
3120 426 3321 493 fuerat,
3374 427 3592 487 linteolis
3626 440 3819 499 exlulisse,

2330 517 2545 571 domum
2570 524 2623 571 et
2650 517 2796 571 arcis
2824 517 2942 571 suis
2963 517 3223 572 indidisse
3252 521 3581 574 servandum.
3606 523 3695 579 Nec
3714 545 3817 586 mon

2328 624 2448 664 cum
2475 610 2527 663 id
2556 610 2873 664 sumendum
2910 609 3235 673 reviserent,
3269 609 3322 663 in
3368 609 3568 667 favillas
3591 631 3645 668 ac
3666 618 3820 677 cineres

2329 713 2583 767 reperere
2623 698 2920 752 redactum.
2949 698 3215 752 Pusiones
3244 698 3407 751 etiam
3432 699 3522 767 ipsi
3558 703 3637 769 qui
3660 708 3819 773 genita.

2327 801 2449 840 cum
2476 785 2615 838 ulnis
2658 784 2725 838 ad
2774 785 3166 839 Eucharistiam
3235 785 3562 855 ferebantur,
3606 803 3818 863 postquam

2328 876 2496 945 ipsam
2530 875 2596 928 de
2640 876 2936 930 sacerdotis
2977 891 3140 930 manu
3171 890 3271 930 ore
3318 891 3664 946 susceperant,
3706 888 3820 939 tussi-

2327 972 2505 1018 tantes
2560 964 2892 1033 rejiciebant,
2939 966 2983 1019 si
3034 974 3214 1020 tamen
3264 974 3323 1021 et
3363 966 3463 1036 ipsi
3504 969 3736 1037 quidpiam
3775 976 3819 1031 de

2327 1052 2675 1106 immolaticio
2722 1046 2915 1106 cruore
2943 1055 3293 1109 sorbuerant.
3331 1054 3469 1121 Quid
3508 1058 3656 1127 igitur
3679 1076 3821 1131 corpus

2328 1142 2539 1196 Domini
2592 1145 2658 1197 ad
2707 1143 2981 1198 favillam?
3018 1144 3149 1211 Qua:
3189 1161 3359 1200 causa
3406 1148 3454 1202 ei
3483 1150 3720 1218 proprium
3754 1168 3818 1222 pn-

2324 1233 2503 1287 niendi
2530 1248 2747 1303 corpus,
2776 1250 2897 1287 cum
2935 1249 3030 1290 eos
3069 1236 3159 1304 qui
3192 1251 3223 1290 a
3251 1251 3480 1307 corpore
3512 1255 3614 1292 .suo
3641 1240 3820 1296 descive-

2324 1332 2464 1390 rant,
2492 1323 2671 1392 potius
2701 1324 2870 1377 ultum
2911 1324 2978 1378 iri
3023 1325 3322 1381 debuerat?
3375 1326 3531 1385 Certe
3555 1330 3635 1398 qui
3668 1339 3819 1388 tantum

2323 1425 2422 1464 suo
2452 1411 2662 1478 corpori
2692 1410 3114 1467 honorificentia:
3135 1413 3272 1468 alias
3289 1430 3356 1469 ac
3382 1415 3618 1470 humana:
3637 1420 3819 1476 tuitiouis

2322 1501 2587 1566 attribuit,
2621 1517 2895 1570 nunquam
2928 1504 2973 1556 si
2996 1516 3193 1573 corpus
3220 1519 3379 1559 suum
3413 1514 3569 1574 esset,
3593 1507 3639 1561 in
3667 1509 3819 1566 cineres

2322 1593 2490 1662 redigi
2518 1593 2831 1661 permittere
2860 1594 3063 1649 debuit.

2392 1683 2487 1738 Die
2508 1682 2661 1747 mihi,
2685 1684 2884 1751 quivis,
2907 1699 3075 1753 quare
3096 1686 3364 1742 Dominus
3386 1686 3615 1742 abiturus
3631 1703 3656 1743 e
3674 1692 3818 1746 mundo

2321 1775 2580 1829 vicarium
2603 1791 2709 1847 quo
2735 1776 3040 1832 frueremur
3069 1778 3291 1832 interim
3312 1778 3469 1833 nobis
3490 1794 3663 1849 cerpus
3677 1781 3817 1836 elleee-

2321 1865 2430 1918 rit?
2463 1863 2628 1920 Plane
2682 1864 2935 1930 inferam,
3001 1878 3228 1937 propter
3281 1883 3562 1923 commune
3610 1870 3815 1933 solatium.

2319 1956 2510 2026 suique
2566 1958 2903 2024 memoriam,
2950 1957 3110 2013 fidem
3157 1973 3380 2030 quoque
3422 1960 3749 2014 exercendam.
3775 1958 3813 2013 Si

2317 2063 2447 2117 ergo
2480 2049 2583 2103 tria
2618 2049 2736 2104 haec
2763 2063 2924 2103 causa
2955 2049 3230 2117 videntur,
3282 2050 3375 2105 ubi
3422 2051 3531 2104 btec
3556 2050 3655 2119 ipsa
3684 2049 3817 2103 deesse

2318 2140 2635 2209 probantur,
2665 2142 2811 2196 vices
2844 2142 2975 2197 inibi
3034 2142 3285 2199 Christus
3319 2144 3535 2199 omnino
3579 2158 3729 2198 cessas
3751 2144 3816 2196 ba-

2317 2230 2447 2285 bere
2484 2240 2720 2301 putatur,
2750 2234 3052 2303 praesertim
3082 2236 3173 2290 ubi
3228 2236 3426 2291 solatio
3472 2235 3593 2289 nulli
3628 2243 3713 2298 est,
3740 2248 3816 2289 me-

2317 2322 2487 2375 moria
2516 2323 2673 2386 desit,
2714 2322 2868 2391 cujus
2901 2324 3033 2380 fides
3072 2326 3323 2381 exerceri
3353 2325 3559 2390 debeat,
3598 2324 3687 2379 imo
3708 2324 3812 2385 velit.

2316 2428 2423 2467 non
2476 2414 2723 2468 habetur.
2778 2414 2893 2469 Hoc
2945 2429 3053 2469 non
3105 2417 3271 2471 modo
3323 2416 3376 2471 in
3415 2416 3648 2479 ethnicis,
3685 2415 3755 2467 sed
3778 2415 3812 2466 in

2316 2505 2521 2559 aversis
2548 2520 2577 2559 a
2605 2505 2713 2559 Deo
2741 2505 3065 2562 Christianis
3090 2508 3408 2577 aspicimus,
3436 2522 3562 2576 quos
3583 2505 3813 2559 infidelibus

2316 2594 2609 2649 deteriores
2634 2605 2791 2650 vocat
2836 2596 3112 2666 apostolus
3162 2596 3216 2668 (Ι
3248 2596 3383 2651 Tim.
3416 2611 3464 2659 v,
3494 2596 3565 2666 8).
3609 2594 3691 2650 Ubi
3724 2608 3814 2660 ergo

2316 2686 2450 2741 fides
2474 2701 2581 2741 non
2603 2696 2687 2743 est
2725 2702 2845 2757 qua:
2873 2688 3178 2755 adjuvetur,
3208 2697 3265 2744 et
3294 2689 3503 2743 devotio
3524 2701 3629 2756 qua:
3668 2684 3811 2754 ἰάζειί-

2314 2789 2426 2848 gat,
2459 2781 2645 2834 nescio
2674 2794 2809 2850 quas
2836 2780 3035 2835 ibidem
3061 2781 3210 2835 vices
3232 2780 3431 2836 Christi
3458 2791 3636 2846 corpus
3652 2773 3812 2828 edient.

2318 2870 2449 2925 Vide
2498 2870 2681 2939 itaque
2725 2871 2853 2940 quia
2901 2871 3030 2925 solis
3078 2870 3351 2935 ﬁdelibus,
3392 2878 3445 2924 et
3488 2868 3581 2922 hoc
3604 2866 3661 2920 ad
3694 2861 3810 2951 345

2312 2970 2522 3030 partem
2552 2962 2929 3016 salvandorum
2964 2961 3372 3031 pertinentibus
3401 2958 3682 3029 mysterium
3711 2950 3810 3006 istud

2314 3049 2556 3104 attineat.
2583 3050 2849 3106 Caeterum
2872 3052 2965 3120 qui
2997 3052 3305 3121 procaciter
3349 3050 3400 3104 id
3445 3054 3663 3116 usurpat,
3698 3040 3811 3097 bonis

2315 3142 2457 3195 enim
2514 3157 2577 3197 ac
2628 3142 2785 3197 malis
2835 3143 3051 3198 interim
3103 3142 3341 3198 facultas
3404 3142 3502 3196 ista
3552 3134 3808 3207 suppeditat.

2315 3231 2499 3285 nescio
2526 3240 2777 3295 utrumne
2805 3232 2885 3285 vel
2918 3233 3091 3301 ipsum
3115 3240 3511 3287 sacramentum
3530 3233 3709 3290 sumat;
3728 3220 3811 3276 scio

2316 3328 2492 3375 tamen
2517 3322 2681 3391 quod,
2711 3338 2777 3377 ex
2811 3336 2876 3378 eo
2899 3323 3041 3394 quod
3070 3324 3309 3379 aestimat
3328 3325 3687 3378 sacramentum
3704 3326 3807 3373 esse.

2314 3426 2374 3465 se
2401 3412 2639 3467 damnat.
2798 3426 2801 3429 '
3559 3495 3585 3497 η
3774 3485 3785 3497 θ

2386 3500 2413 3572 §
2439 3501 2568 3556 Vlll.
2600 3501 2836 3573 Objectio
2858 3502 2911 3557 7.
2934 3531 3008 3545 —
3030 3503 3169 3569 Quid
3196 3500 3344 3574 quod
3375 3514 3406 3556 a
3443 3495 3677 3586 muribus,
3699 3495 3806 3586 cani-

2313 3595 2527 3663 busque
2592 3597 2936 3664 absumptum
2993 3594 3323 3661 audivimus,
3372 3589 3506 3661 quod
3557 3581 3804 3655 negligentia

2317 3687 2604 3741 custodum
2630 3695 2790 3756 putre
2819 3694 2913 3755 aut
2933 3687 3208 3741 mucidum
3237 3683 3475 3755 disperit,
3504 3669 3803 3769 quodcasibuf

2315 3775 2546 3832 diversis
2590 3752 2881 3840 addicitur,
2907 3777 3048 3846 quod
3078 3752 3337 3846 denique
3359 3768 3574 3827 flammis
3594 3752 3804 3846 adurituri

2315 3864 2398 3918 An
2421 3865 2633 3934 corpori
2657 3843 3006 3920 sacrosancto
3031 3865 3174 3935 quod
3193 3877 3377 3937 mures
3400 3843 3800 3944 abroserintt‘lm’.d

2318 3971 2482 4012 canes
2512 3956 2961 4025 prolambuerint,
3009 3956 3385 4027 applicabitur,
3415 3960 3473 4006 ut
3499 3944 3624 4017 quod
3647 3940 3699 3994 ad
3720 3940 3803 4032 atti-

2318 4062 2421 4101 mae
2466 4047 2648 4115 potius
2679 4062 2844 4117 quam
2893 4048 3139 4118 corporis
3190 4061 3348 4102 usum
3404 4038 3518 4096 fidei
3558 4040 3717 4090 nosne
3738 4036 3798 4075 VII

2318 4137 2734 4207 magnanimitas
2786 4146 3079 4203 emeretur,
3131 4137 3235 4192 hoc
3288 4130 3514 4205 gratuito
3538 4120 3801 4207 muriumca:

2317 4195 2555 4296 numque
2603 4226 2855 4281 dentibus
2914 4227 3243 4297 apparetur?
3280 4195 3519 4281 Dicemus
3546 4224 3656 4281 ετεο
3696 4195 3796 4297 tu“!

2246 4380 2251 4384 ἡ
2317 4286 2503 4370 vilium
2553 4318 2903 4373 bestiolarum
2951 4286 3151 4373 dentes
3200 4316 3422 4374 fortuitu
3469 4286 3796 4401 ηιοιξτξίο.

2242 4405 2289 4462 D
2319 4410 2480 4463 tantis
2522 4409 2803 4465 affectibus
2857 4420 3039 4480 totque
3097 4426 3220 4465 cum
3280 4402 3520 4478 lacrymis
3570 4394 3793 4450 Cltrismm

2315 4502 2594 4571 praesules,
2629 4519 2751 4558 cum
2778 4480 2880 4572 piis
2902 4504 3174 4573 gregibus,
3198 4503 3411 4559 Christo
3432 4503 3589 4549 tamen
3614 4488 3794 4572 ΡπεΡ⁰¹ξ⁸

2319 4591 2580 4659 tificante,
2616 4593 2932 4647 immolant?
2978 4594 3108 4659 Hoc,
3149 4607 3352 4662 quaeso,
3382 4582 3608 4642 omnibus
3644 4573 3792 4626 sane“!

2315 4683 2538 4736 omnino
2569 4683 2915 4737 oblitteretur
2950 4699 2979 4737 a
3016 4685 3285 4739 sensibus.

2388 4770 2649 4842 Superius
2703 4783 2919 4828 constat
2967 4783 3241 4843 utcunque
3293 4768 3576 4842 probatum.
3608 4742 3789 4855 fd

2314 4835 2481 4917 verae.
2501 4864 2801 4918 subsidium
2834 4865 2937 4919 hoc
2985 4865 3224 4918 muneris
3254 4879 3281 4916 a
3333 4861 3434 4913 Deo
3462 4845 3731 4923 Pms'iwm;
3754 4835 3792 4881 ﬂ

2315 4954 2456 5021 quod
2485 4953 2650 5008 solius
2675 4954 2797 5007 fidei
2829 4954 3021 5008 merito
3067 4953 3396 5013 attribuitur,
3428 4940 3557 4999 nulla
3585 4932 3787 5021 lemf

2316 5019 2416 5094 nisi
2467 5057 2594 5096 vere
2646 5043 2817 5097 fidelis
2870 5044 2998 5098 hinc
3029 5045 3290 5113 pascitur.
3325 5038 3518 5095 Etcum
3559 5019 3787 5113 hocuch

2316 5132 2440 5185 cibo
2470 5147 2595 5186 vera
2625 5147 2965 5202 quorumque
2997 5133 3130 5187 fides
3171 5132 3359 5191 alatur,
3406 5119 3671 5177 nullatenus
3691 5110 3785 5202 cdt”

2318 5230 2426 5277 stat
2460 5238 2578 5276 esse
2602 5234 3027 5289 sacramentum,
3054 5226 3248 5278 nedum
3280 5224 3516 5293 praestare
3538 5196 3784 5323 {61:22:

2473 5313 2483 5323 .
2964 5315 2974 5323 ‘
3023 5316 3034 5323 '
3137 5315 3148 5323 ³
3338 5310 3348 5320 ’
3386 5318 3459 5323 J-
3510 5310 3534 5323 Α
3596 5304 3617 5323 α

2319 5313 2507 5377 menti,
2568 5323 2850 5383 postquam
2908 5315 2974 5367 ad
3022 5315 3216 5383 impias
3266 5302 3556 5396 animaSAe‘
3595 5289 3782 5396 3'22”:

2316 5405 2479 5458 bruta
2509 5407 2847 5475 transigitur.
2879 5404 3032 5473 Quod
3072 5406 3117 5460 si
3162 5407 3263 5462 hoc
3284 5374 3782 5506 mysterioI-tlsf::::;:

2318 5498 2647 5566 demptionis
2687 5470 3005 5561 inscribitur,
3059 5514 3147 5552 res
3193 5505 3382 5553 nostrze
3417 5470 3776 5579 ﬁfedufifaﬂi:

2316 5589 2573 5642 versariis
2608 5588 2761 5643 valde
2791 5589 3011 5643 ridicula
3040 5597 3391 5659 promovetur.
3422 5574 3472 5630 Si
3493 5557 3775 5688 θηηιῖἱῖἒῇ

2417 5679 2427 5688 -
2819 5681 2830 5688 _
3093 5681 3122 5688 ,,
3228 5680 3238 5688 .
3285 5679 3296 5688 .
3403 5669 3587 5688 -ρ--ιυινι

2324 5679 2428 5734 tari
2468 5691 2685 5748 possunt
2741 5681 2831 5749 qui
2885 5696 3047 5751 super
3092 5647 3713 5736 υοηιίηίςονςοηιοτοιώθη

2248 1762 2291 1819 Β
