4038 6330
236 397 338 454 6H

1255 390 1343 446 DE
1380 384 1790 444 PIGNORIBUS
1818 385 2238 443 SANCTORUM
2268 418 2337 427 —
2372 386 2496 441 LIB.
2538 386 2591 442 ll.

3380 391 3487 445 6i9.

236 511 535 578 disputant,
564 515 617 562 et
652 505 702 560 id
735 505 984 577 ﬁguram,
1009 518 1113 559 non
1142 504 1424 558 veritatem
1462 515 1581 556 esse
1602 499 1807 563 volunt,
1843 508 1884 564 Α
1915 508 2018 563 tur,
2041 500 2164 553 dum
2185 502 2330 568 quod
2354 500 2441 554 isti
2465 500 2619 569 quasi
2647 514 2744 570 pro
2768 513 2863 554 sua
2884 499 3143 571 dignitate
3159 502 3358 573 aliquid
3380 516 3481 570 est,

237 601 385 669 quod
412 598 599 654 bestiis
622 606 676 652 et
714 596 1030 651 hominibus
1064 609 1349 650 commune
1375 594 1447 647 sit
1472 593 1631 655 idem,
1666 591 1806 645 facili

235 690 705 762 argumentatione
759 703 857 742 nos
901 687 1173 756 subigent,
1226 695 1280 740 et
1316 700 1382 738 ex
1436 682 1550 738 solo
1603 683 1809 753 pudore

238 779 586 834 hebetudinis
643 786 843 831 nostra:
886 777 1234 839 convincent,
1259 775 1384 827 dum
1409 781 1590 826 nostra
1622 787 1807 826 sacra-

234 880 424 925 menta
457 867 765 922 hominibus
790 882 852 920 ac
880 867 1067 920 bestiis
1093 864 1399 919 communia
1426 862 1628 916 dicent.

313 963 395 1015 Ad
434 960 593 1015 ﬁdem
646 974 775 1028 ergo
827 958 1053 1012 ubilibet
1110 956 1432 1025 reperiatur,
1483 953 1806 1007 sacramenti

233 1053 443 1105 veritas
469 1051 752 1112 habeatur,
779 1049 845 1101 ad
879 1048 1179 1101 incidentes
1220 1045 1513 1098 bestiarum
1543 1058 1635 1095 seu
1674 1058 1809 1111 quo-

233 1140 494 1194 rumlibet
541 1140 769 1192 aliorum
817 1136 1189 1191 discriminum
1220 1148 1400 1197 casus,
1438 1133 1561 1200 quia
1590 1146 1695 1184 non
1725 1140 1809 1185 est

231 1232 374 1286 ﬁdes
398 1232 481 1286 cui
511 1231 734 1293 haereat,
767 1228 1067 1283 substantia
1129 1240 1246 1295 qua:
1293 1224 1443 1292 prius
1484 1223 1662 1277 fuerat
1712 1222 1808 1275 ha-

228 1321 450 1386 beatur,
482 1321 661 1391 potius
704 1335 864 1389 quam
918 1333 1102 1372 merus
1158 1318 1231 1371 illi
1279 1318 1449 1371 unicre
1485 1314 1804 1377 sinceritati,

232 1421 405 1466 tanta!
438 1410 786 1481 turpitudinis
838 1410 1101 1462 inuratur.
1136 1408 1192 1461 Si
1231 1408 1399 1470 enim,
1440 1406 1565 1459 dum
1613 1405 1805 1469 uritur,

227 1500 365 1554 dum
393 1499 632 1569 putreﬁt,
662 1500 786 1553 dum
815 1497 1045 1559 roditur,
1073 1495 1450 1564 lambiturque,
1478 1494 1664 1548 eadem
1692 1493 1809 1545 ubi-

225 1604 342 1659 que
373 1588 651 1657 majestate
704 1585 965 1658 procedit,
992 1594 1139 1639 tanta
1184 1584 1353 1654 gloria
1404 1583 1532 1637 nulli
1578 1582 1807 1635 miserita

226 1698 342 1736 non
379 1682 617 1751 subjecta
648 1679 880 1736 decedit.
932 1677 1000 1731 Et
1044 1676 1170 1731 licet
1203 1676 1269 1731 iis
1317 1675 1567 1729 videatur
1591 1673 1808 1727 addicta

224 1773 509 1845 periculis,
558 1788 664 1827 non
718 1779 897 1826 tamen
927 1767 1454 1838 vacantagravibus
1501 1765 1804 1819 animarum

1911 591 1996 645 isti
2018 604 2116 659 pro
2146 589 2466 660 indignitate
2492 608 2585 645 sua
2617 592 2751 645 nihil
2782 592 2925 649 illico
2946 592 3060 657 ﬁat,
3093 604 3147 649 et
3178 604 3335 649 tant'c
3363 612 3482 650 ma-

1903 681 2118 751 jestatis
2147 681 2499 735 eminentiam
2540 684 2719 738 miseri
2764 685 3140 739 homnneionis
3182 688 3486 759 malignitas

1913 781 2135 840 repente
2169 770 2447 824 destituat.
2478 772 2567 826 lllc
2603 774 2799 843 quippe
2820 776 2928 843 qui,
2954 775 3005 828 in
3029 779 3276 844 praesenti
3300 795 3483 847 agens,

1911 875 2018 914 nun
2050 862 2227 913 minus
2264 858 2415 914 Iudae
2445 862 2663 930 suisque
2695 867 3132 931 persecutoribus
3168 883 3328 935 quam
3376 868 3488 921 Ma-

1911 953 2002 1005 l‘liB
2027 953 2247 1020 suisque
2271 954 2626 1021 complicibus
2648 970 2705 1010 se
2739 958 3078 1011 tractabilem
3112 961 3360 1027 prazbuit,
3389 964 3479 1029 qui

1909 1044 2071 1097 etiam
2107 1053 2252 1098 retro
2281 1046 2522 1098 abituros
2550 1045 2745 1114 (Marc.
2781 1062 2899 1111 vui,
2933 1048 3021 1115 ’55)
3051 1051 3116 1102 ad
3141 1066 3293 1103 suum
3324 1054 3487 1107 disci-

1908 1132 2148 1201 pulatum
2206 1134 2495 1203 dignanter
2544 1136 2773 1198 ascivit;
2803 1138 2893 1204 qui
2938 1139 3103 1192 etiam
3146 1156 3289 1195 nunc
3341 1141 3485 1195 Patri

1909 1239 2248 1294 conrcguans
2271 1225 2436 1278 solem
2471 1241 2627 1278 suum
2654 1226 2809 1281 bonis
2836 1243 2988 1296 :eque
3016 1238 3074 1281 ιιι
3100 1230 3256 1283 malis
3288 1233 3487 1301 imper-

1912 1316 1975 1367 tit
2002 1315 2215 1384 (Mnttlt.
2250 1332 2305 1377 v,
2333 1316 2458 1384 45);
2487 1317 2574 1384 qui
2607 1318 2792 1379 etiam,
2817 1318 2972 1387 juxta
3009 1318 3241 1372 Daniclis
3269 1320 3485 1385 librum,

1909 1406 2049 1459 sicut
2092 1398 2340 1461 ﬁdelibus
2380 1409 2458 1462 sic
2492 1409 2711 1476 perﬁdis
2744 1411 3040 1478 angelicam
3070 1413 3365 1465 custodiam
3391 1415 3486 1467 de-

1907 1495 2126 1566 lcgavit,
2153 1500 2296 1567 quo]
2328 1499 2381 1551 in
2420 1498 2682 1553 Mteltaele
2714 1500 3064 1555 Hebraeorum
3104 1503 3370 1571 principe,
3401 1506 3487 1559 cui

1907 1588 2219 1643 (ii-meorum
2250 1590 2502 1660 princeps
2532 1591 2896 1655 obnitebatur,
2947 1594 3185 1647 ostendit
3213 1595 3374 1665 (Dan.
3407 1613 3486 1663 xi,

1911 1677 1996 1747 l3)
2030 1694 2044 1731 :
2093 1695 2369 1749 nunquam
2402 1681 2731 1735 credendum
2771 1690 2875 1744 est,
2928 1685 3072 1751 quod
3125 1684 3178 1736 in
3223 1686 3324 1739 hoc
3352 1694 3489 1739 tem-

1909 1784 2040 1839 pore
2085 1772 2608 1839 quemquamasuis
2655 1773 3013 1827 sacramentis
3052 1773 3304 1842 excipiat,
3352 1790 3489 1844 prte-

222 1881 456 1920 suarum
509 1864 712 1929 exitiis,
743 1862 837 1933 qui
898 1868 1060 1915 tanta:
1113 1859 1190 1912 rei
1240 1858 1527 1929 praestituti
1558 1857 1805 1912 videntur
1837 1848 2095 1911 Bsertim
2137 1873 2258 1911 cum
2313 1868 2526 1928 tempus
2579 1860 2868 1915 misercndi
2915 1862 2985 1915 sit
3030 1860 3202 1931 (Psal.
3251 1878 3323 1927 Cl,
3371 1863 3486 1935 M),

225 1973 357 2012 esse
382 1956 661 2020 custodiis,
698 1964 753 2009 et
781 1970 976 2025 corpus
1022 1955 1231 2009 Domini
1282 1967 1408 2007 vere
1438 1951 1687 2020 produnt,
1711 1950 1803 2020 qui

228 2049 286 2102 id
329 2047 674 2101 observantia
724 2047 883 2117 digna
936 2046 1253 2101 destituunt.
1283 2044 1435 2111 Quod
1480 2050 1659 2097 tamen
1714 2056 1804 2095 sa-

226 2148 574 2192 eramentum
604 2152 709 2191 nun
736 2145 842 2199 est,
873 2136 998 2190 dum
1026 2135 1216 2190 transit
1243 2135 1293 2188 in
1324 2143 1544 2187 externa
1577 2130 1801 2201 pabula;

225 2228 340 2282 illis
371 2242 500 2282 vero
527 2235 611 2282 est
651 2227 888 2296 proditio
910 2227 1072 2281 totius
1097 2226 1207 2281 veri
1250 2224 1490 2295 mysterii
1518 2232 1572 2278 et
1596 2223 1800 2277 crimen

230 2318 560 2373 desertionis
582 2318 865 2373 horrenda:
890 2317 1082 2387 quibus
1105 2318 1183 2371 rei
1220 2316 1377 2384 hujus
1399 2324 1515 2371 erat
1545 2315 1802 2369 attributa

225 2409 531 2477 diligentia.

304 2500 335 2570 ᾗ
368 2499 453 2553 ΙΧ.
490 2500 847 2571 Objectionnm
875 2518 1100 2555 summa.
1132 2532 1203 2541 —
1234 2500 1327 2555 llis
1360 2500 1496 2553 ultra
1523 2513 1681 2568 quam
1710 2513 1802 2567 pu-

230 2602 540 2646 taveramus
563 2594 912 2663 digrediendo
941 2595 1204 2659 tractatis,
1252 2594 1366 2647 lucc
1413 2594 1613 2646 nostris
1641 2605 1801 2660 super

228 2686 335 2739 hac
359 2700 414 2739 re
443 2685 785 2753 sermonibus
806 2685 1050 2740 clausula
1069 2694 1423 2755 supponatur,
1460 2694 1513 2737 ιιι
1540 2684 1669 2737 nulli
1699 2685 1800 2736 lm-

226 2792 423 2841 manm,
457 2778 564 2830 imo
593 2776 872 2845 terrigenae
914 2786 1178 2831 ereaturte
1208 2778 1360 2831 cibus
1399 2778 1519 2841 iste,
1554 2777 1605 2829 in
1633 2791 1801 2843 quan-

229 2874 347 2918 tum
398 2867 932 2933 supersuhstantialis
982 2868 1197 2928 dicitur.
1251 2869 1302 2920 in
1349 2867 1662 2919 alimentum
1697 2864 1797 2918 nisi

228 2968 357 3006 vere
388 2952 643 3020 ﬁdelium,
674 2964 727 3007 et
760 2956 827 3007 ad
876 2956 1041 3008 vitam
1085 2956 1586 3022 prmdestiuatorum
1643 2963 1799 3007 auer-

229 3061 359 3097 nam
415 3044 666 3100 devenire
720 3062 877 3114 posse
930 3048 1201 3101 credatur.
1235 3047 1384 3113 Quod
1423 3047 1466 3101 si
1500 3047 1796 3111 devenerit,

224 3136 364 3189 nihil
395 3135 535 3189 aliud
566 3152 727 3205 quam
782 3153 914 3206 pure
955 3138 1111 3206 panis
1142 3151 1260 3192 esse
1318 3146 1556 3205 putetur,
1591 3152 1658 3191 ne
1694 3139 1794 3192 hoc

225 3237 410 3283 tamen
440 3229 638 3283 dictum
680 3239 925 3298 repetere
972 3230 1133 3300 piget,
1175 3230 1301 3299 quia
1355 3231 1399 3284 si
1436 3229 1669 3284 inﬁdelis
1707 3239 1797 3283 aut

222 3333 452 3389 prorsus
482 3318 731 3388 indignus
784 3318 1028 3382 accedat,
1072 3333 1135 3372 ex
1166 3332 1230 3372 eo
1291 3318 1433 3387 quod
1462 3320 1801 3387 impudenter

221 3410 296 3465 ad
318 3425 378 3464 ea
414 3425 533 3478 qua.-
577 3410 678 3464 sibi
720 3426 824 3464 non
873 3419 1186 3479 competunt
1216 3424 1273 3464 se
1327 3411 1541 3479 ingerit,
1575 3426 1634 3466 se
1673 3424 1800 3463 con-

221 3509 453 3564 cremat,
486 3515 586 3555 nec
619 3510 798 3555 tamen
843 3503 989 3557 credi
1021 3503 1146 3560 licet
1201 3504 1343 3573 quod
1389 3511 1534 3555 tanta
1565 3501 1799 3571 dignitas

226 3593 364 3646 adeo
408 3590 564 3645 {ardre
612 3592 930 3647 habitationi
976 3595 1269 3661 cohaereat,
1311 3594 1404 3647 sed
1456 3592 1595 3647 sicut
1624 3591 1798 3661 bapti-

225 3700 378 3739 snms
400 3691 619 3737 sanctus
642 3692 723 3737 est
748 3692 803 3737 et
828 3684 1115 3740 benevolos
1146 3695 1364 3739 sanctos
1396 3684 1546 3748 facit,
1581 3685 1652 3737 ita
1683 3700 1797 3738 ma-

224 3774 431 3835 levolis,
473 3784 668 3842 prteter
691 3788 801 3827 sua:
828 3773 1033 3830 fraudis
1089 3777 1314 3838 crimen,
1348 3774 1420 3828 nil
1452 3774 1595 3829 aliud
1634 3790 1793 3843 quam

225 3863 440 3932 publica
470 3862 608 3915 unda
632 3862 781 3917 facit.
826 3865 947 3918 Ilaec
992 3880 1087 3933 pro
1128 3880 1247 3919 meo
1273 3875 1431 3934 captu
1467 3865 1605 3931 dico,
1639 3873 1692 3918 et
1728 3865 1794 3918 ad

226 3955 411 4013 ﬁdem,
448 3955 554 4007 Deo
585 3962 739 4018 teste,
781 3954 920 4009 dico.
958 3954 1014 4009 Si
1047 3956 1168 4025 quis
1197 3956 1356 4011 aliter
1397 3956 1615 4023 sentiat,
1645 3957 1793 4011 vidc-

225 4043 297 4095 rit
326 4051 385 4096 ιιι
402 4058 590 4096 sanum
612 4044 802 4112 sapiat.

836 4134 1061 4191 CAPUT
1099 4136 1187 4190 lV.

293 4225 322 4296 §
350 4224 387 4277 l.
418 4253 489 4263 --
517 4224 715 4280 Contra
747 4226 876 4289 haec,
928 4228 1105 4280 minus
1145 4238 1507 4297 temperanter
1560 4238 1813 4310 asserta,.

224 4316 483 4379 breviori,
528 4319 651 4387 quia
706 4321 1093 4389 temperatiori,
1134 4324 1542 4379 ratiocinatione
1571 4340 1791 4395 respon-

223 4409 322 4463 dea
331 4423 406 4463 ιιι.

1907 1966 2015 2021 quo
2046 1952 2316 2006 neminem
2348 1968 2376 2006 a
2400 1968 2496 2006 sua
2527 1953 2813 2025 largitione
2836 1966 3161 2025 sequestrat.

1977 2041 2251 2096 Innumeri
2273 2059 2337 2096 ea:
2362 2044 2427 2097 iis
2458 2060 2574 2113 qua:
2603 2045 2806 2114 objecta
2828 2056 2945 2099 sunt
2975 2046 3041 2117 (si
3063 2047 3484 2119 admitterentur)

1904 2151 2106 2188 errores
2129 2144 2282 2204 atque
2304 2137 2637 2189 incommoda
2664 2148 2941 2190 scaterent.
2966 2165 3038 2177 --
3059 2137 3209 2204 Quod
3234 2139 3278 2193 si
3306 2150 3487 2193 extur-

1905 2240 1993 2278 res
2018 2240 2112 2279 eos
2143 2242 2172 2279 a
2200 2228 2340 2280 dono
2374 2228 2473 2280 isto
2518 2243 2661 2281 nunc
2686 2226 2910 2288 faceret.
2940 2228 2990 2281 in
3032 2228 3236 2299 judicio
3262 2231 3389 2299 quid
3418 2232 3486 2286 ab

1904 2317 1987 2369 eis
2012 2316 2275 2384 exigeret,
2322 2317 2516 2386 quibus
2548 2317 2680 2370 nihil
2713 2333 2875 2387 super
2914 2319 3015 2371 hac
3052 2320 3223 2388 gratia
3251 2321 3301 2373 in
3349 2336 3488 2390 prae-

1904 2408 2046 2460 senti
2100 2408 2641 2462 comn1is?ssct?Etsi
2698 2410 2839 2476 apud
2888 2408 3162 2477 improbos
3216 2412 3485 2468 sententia

1904 2502 2007 2554 ista
2034 2510 2328 2564 constaret,
2357 2499 2521 2572 346
2541 2502 2682 2569 quod
2709 2501 2919 2555 scilicet
2943 2502 3258 2570 improbitas
3296 2517 3484 2556 eorum

1902 2601 2243 2643 sacramenta
2271 2591 2633 2654 subverteret,
2678 2588 2877 2643 frustra
2906 2605 3058 2643 mens
3080 2604 3267 2644 eorum
3298 2591 3364 2643 de
3386 2607 3484 2645 sua

1902 2678 2148 2733 foeditate
2197 2687 2504 2742 ntetueret,
2560 2694 2678 2746 ane
2733 2693 2933 2747 corpus
2985 2678 3194 2731 Domini
3245 2695 3344 2749 pro
3386 2695 3483 2735 sua

1908 2771 2149 2839 nequitia
2195 2772 2259 2824 ad
2309 2771 2539 2839 priorem
2590 2770 2945 2824 substantiam
3009 2771 3184 2824 redire
3215 2772 3482 2837 sentiret;

1902 2864 2052 2918 verbi
2086 2865 2280 2935 gratia,
2311 2880 2438 2919 ecce
2480 2866 2663 2920 nescio
2710 2862 3018 2933 fragilitatis
3067 2879 3200 2917 mete
3230 2867 3484 2921 conscius

1902 2964 2083 3009 utrum
2129 2955 2252 3010 odio
2306 2973 2373 3010 an
2433 2972 2616 3011 amore
2668 2959 2767 3011 sim
2827 2959 3023 3028 dignus
3068 2954 3265 3024 (Eccle.
3298 2972 3375 3022 lx,
3406 2960 3480 3028 1),

1902 3063 2024 3102 cum
2056 3049 2120 3101 ad
2152 3058 2489 3104 sacramenta
2538 3049 2624 3103 illa
2658 3064 2959 3115 aet'essero,
2988 3051 3115 3120 quid
3167 3049 3299 3119 spei,
3353 3050 3484 3118 quid

1901 3137 2107 3192 fructus
2159 3139 2282 3194 inde
2311 3155 2396 3193 me
2444 3139 2740 3194 relaturum
2786 3144 3007 3196 credere
3033 3151 3246 3211 potero,
3279 3142 3322 3195 si
3353 3155 3482 3210 pro-

1905 3237 2023 3297 pter
2049 3237 2265 3296 peccata
2306 3245 2422 3283 mea
2476 3240 2677 3285 tantam
2721 3247 2836 3287 rem
2880 3232 3147 3286 annullari
3195 3232 3483 3300 desperata

1902 3328 2081 3371 mente
2113 3321 2451 3387 cognovero?
2490 3321 2554 3374 Et
2581 3322 2704 3390 quis
2735 3322 2785 3375 in
2821 3338 2986 3376 carne
3029 3323 3239 3391 positus
3273 3322 3483 3391 aliquo-

1905 3407 2003 3462 ties
2043 3424 2145 3463 non
2176 3412 2242 3463 de
2274 3425 2371 3463 sua
2401 3410 2664 3465 electione
2692 3412 2924 3467 dilIidat!
2973 3412 3198 3478 Quoties
3220 3427 3350 3484 ergo
3375 3412 3481 3468 mi-

1901 3498 2041 3551 seria
2074 3499 2201 3552 mihi
2232 3514 2364 3553 mea:
2394 3501 2746 3556 humanitatis
2788 3504 3067 3573 ingruerit,
3102 3504 3379 3557 accedenti
3406 3504 3477 3559 ad

1901 3588 2230 3643 Dominicam
2260 3605 2499 3644 mensam
2534 3607 2729 3660 corpus
2782 3594 2990 3648 Domini
3027 3612 3125 3649 nec
3159 3608 3481 3649 sacramen-I.

1901 3685 2033 3743 tum,
2059 3694 2159 3733 nec
2203 3694 2291 3733 res
2318 3683 2647 3734 sacramenti
2688 3685 2820 3737 mihi
2863 3686 3004 3738 erit?
3031 3685 3349 3739 Consideret
3374 3686 3478 3738 ita-

1897 3781 2002 3835 que
2033 3769 2247 3836 sapiens
2270 3779 2487 3837 quanta:
2530 3771 2978 3827 inconvenientim
3007 3791 3070 3829 ex
3101 3776 3200 3829 hac
3224 3773 3478 3844 opinione
3540 3842 3543 3843 ν

1896 3866 2241 3926 generentur,
2276 3867 2331 3911 et
2361 3858 2676 3913 ﬁrmissime
2728 3862 2846 3914 sine
2877 3878 3039 3931 prava
3079 3864 3183 3917 ulla
3212 3864 3471 3932 interpre-

1898 3949 2101 4003 tatione
2143 3950 2361 4013 sentiat,
2395 3952 2519 4019 quia
2553 3970 2569 4000 ι
2600 3950 2703 4018 Qui
2738 3954 3044 4016 manducat,
3071 3955 3222 4023 juxta
3247 3956 3478 4023 Aposto-

1896 4035 2027 4100 lum,
2065 4053 2263 4105 corpus
2309 4038 2447 4092 idem
2477 4038 2717 4108 indigne,
2741 4040 3002 4110 judicium
3042 4044 3140 4097 sibi
3183 4060 3279 4113 pro
3319 4053 3472 4099 certo

1895 4130 2183 4183 manducat
2220 4128 2269 4199 (Ι
2313 4127 2433 4182 Cor.
2463 4145 2539 4195 ιιι,
2562 4131 2676 4201 29).
2699 4150 2720 4183 ›

1964 4238 2072 4309 §ll.
2109 4239 2237 4303 Quis
2269 4234 2585 4292 sacrantetiti
2632 4242 2858 4309 gratiam
2899 4244 3173 4312 percipiat,
3201 4245 3344 4297 solus
3375 4261 3470 4296 no-

1892 4328 1959 4379 vit
1991 4328 2145 4381 Deus.
2178 4357 2249 4367 —
2298 4328 2540 4382 llemotis
2569 4329 2731 4397 igitur
2762 4331 3013 4399 pessimis
3049 4340 3101 4383 et
3129 4346 3246 4399 quae
3277 4332 3469 4384 inﬁniti

1893 4418 2097 4471 erroris
2127 4433 2287 4471 causa
2322 4427 2448 4471 sunt
2476 4420 2835 4488 indaginibus,
2869 4422 2970 4474 hoc
2997 4420 3169 4474 solum
3208 4423 3471 4490 cogitetur

300 4496 654 4552 Verissimum
692 4500 909 4567 quidem
939 4510 1023 4557 est
1056 4504 1196 4574 quod
1226 4504 1551 4560 cucharistia
1576 4508 1788 4577 preprie
1821 4517 1865 4575 ι)
1891 4507 2034 4575 quod
2060 4517 2461 4561 sacramentum
2488 4518 2542 4561 et
2572 4524 2658 4561 res
2699 4510 3024 4563 sacramenti
3053 4511 3246 4578 dignis,
3274 4512 3387 4562 sine
3412 4526 3470 4565 re

220 4588 504 4657 proprium
530 4604 671 4644 verte
703 4586 919 4646 ﬁdei'sit
940 4593 1276 4667 alimentum.
1313 4597 1418 4651 Sed
1448 4609 1639 4674 contra
1662 4602 1789 4656 illud

220 4679 372 4750 quod
408 4679 665 4750 indignis,
720 4697 824 4736 non
854 4684 1013 4739 modo
1054 4699 1142 4739 res
1175 4690 1519 4754 sacramenti,
1546 4693 1639 4746 sed
1684 4707 1789 4747 non

217 4783 347 4824 esse
390 4779 795 4826 sacramentum
845 4773 1066 4837 dicitur,
1101 4790 1208 4828 non
1240 4777 1412 4830 solum
1446 4782 1788 4847 auctoritate,

218 4858 336 4921 sed,
390 4858 601 4914 etiamsi
644 4860 759 4929 ipsa
813 4861 1044 4928 deesset,
1094 4864 1325 4931 plurima
1387 4869 1594 4923 ratione
1646 4872 1789 4924 reni-

219 4949 407 5002 timur.

289 5038 619 5107 Refelluntur
641 5043 973 5112 objectiones.
995 5046 1072 5099 Ab
1098 5048 1269 5115 dignis
1286 5061 1333 5103 et
1355 5052 1619 5106 sceleratis
1650 5065 1787 5109 totas

213 5130 503 5197 suscipitur
529 5130 785 5187 Christus.
809 5164 880 5173 —
904 5137 1085 5191 Primo
1111 5138 1156 5192 si
1184 5140 1425 5208 quidem,
1452 5144 1573 5210 quia
1603 5146 1787 5200 ineun-

213 5220 441 5273 veniens
478 5222 629 5277 valde
658 5232 740 5278 est
774 5233 831 5279 ut
862 5227 1195 5284 mutabilitas
1223 5242 1277 5285 et
1305 5233 1592 5288 alternatio
1624 5240 1785 5293 tantis

214 5309 489 5377 mysteriis
520 5313 843 5380 ascribatur,
878 5325 935 5370 ut
986 5319 1129 5386 quod
1184 5318 1347 5376 Petro
1374 5333 1428 5376 et
1472 5339 1784 5381 sacramen-

216 5406 330 5451 tum
369 5408 425 5452 et
454 5416 566 5454 rem
610 5407 935 5459 sacramenti
968 5408 1304 5474 priestiterit,
1359 5412 1460 5467 hoc
1508 5414 1658 5469 Judte
1683 5420 1783 5473 sub

211 5488 402 5543 eodem
427 5504 698 5549 momento
731 5507 979 5551 neutrum
1004 5500 1329 5565 constiterit,
1361 5511 1419 5555 ut
1449 5506 1783 5573 baptismatis

211 5593 372 5649 aqua,
406 5596 548 5650 quae,
575 5595 696 5653 post
721 5588 1043 5641 sacramenti
1089 5589 1518 5658 perfnnctionem
1565 5599 1781 5652 subter-

210 5673 394 5728 raneis
414 5675 923 5741 admistalaticibus,
939 5681 1133 5750 niljam
1160 5682 1322 5739 refert
1339 5686 1586 5759 [tlitfert.,
1617 5693 1673 5746 li.
1693 5692 1777 5768 P.]

210 5766 280 5820 ab
318 5767 473 5835 aquis
493 5772 884 5839 communibus,
910 5774 962 5830 in
989 5778 1132 5834 nullo
1158 5784 1567 5852 praeponderare
1597 5766 1776 5845 viden-—

1891 4610 2071 4653 autem
2123 4599 2485 4664 sacramenti,
2538 4600 2763 4668 simplex
2818 4614 3214 4656 sacramentmn
3261 4612 3468 4657 constet

1890 4688 2146 4759 indignis.
2200 4688 2444 4753 Qualiter
2503 4698 2684 4741 autem
2734 4700 2982 4745 versetur
3021 4692 3072 4744 in
3128 4692 3464 4762 indignorum

1887 4780 2086 4833 animis
2142 4788 2305 4848 atque
2357 4778 2696 4848 corporibus,
2747 4780 2861 4849 ipse
2918 4782 3063 4837 solus
3112 4784 3281 4848 novit,
3312 4782 3466 4852 cujus

1890 4871 2193 4923 substantia
2243 4886 2562 4943 quocunque
2609 4872 2978 4940 dispertiatur,
3028 4876 3285 4944 quidquid
3340 4876 3464 4931 inde

1889 4960 2186 5029 contingat.
2221 4977 2318 5016 nec
2366 4967 2564 5031 perire,
2600 4980 2698 5018 nec
2724 4965 2930 5032 uspiam
2967 4965 3309 5022 obsolescere
3336 4983 3460 5037 pos-

1888 5051 1978 5102 sit.
2002 5053 2096 5104 (Ζιιί
2127 5053 2252 5105 illud
2282 5057 2648 5123 parabolicum
2676 5056 2979 5113 Salomonis
3006 5075 3109 5113 non
3143 5060 3459 5115 inconcinne

1886 5153 2167 5208 coaptatur
2201 5161 2213 5196 :
2249 5146 2486 5210 «Sortes,
2512 5149 2705 5219 inquit,
2740 5153 3027 5207 mittuntur
3057 5154 3106 5207 in
3136 5154 3335 5219 sinum,
3364 5158 3459 5210 sed

1885 5249 1915 5285 a
1976 5234 2202 5288 Domino
2253 5245 2618 5304 temperantur
2667 5239 2849 5313 (Prov.
2904 5259 3033 5309 xvi,
3082 5246 3202 5315 35).
3260 5264 3278 5298 ι
3330 5246 3458 5313 Qua:

1885 5331 2079 5385 sortes,
2114 5324 2187 5377 nil
2241 5326 2432 5379 melius
2474 5344 2631 5395 quam
2683 5331 2781 5386 soli
2842 5333 2951 5385 Deo
2981 5336 3230 5403 cognitm,
3262 5337 3457 5389 intelli-

1884 5424 2080 5482 gantur
2118 5416 2276 5484 hujus
2324 5419 2567 5471 muneris
2619 5422 3038 5491 dispertitiones.
3086 5426 3229 5481 lntra
3277 5427 3455 5482 sinum

1884 5518 2010 5570 ergo
2042 5502 2235 5569 latent,
2279 5507 2403 5575 quia
2441 5507 2638 5561 clausae
2666 5522 2849 5568 mutuo
2886 5516 2986 5570 sub
3015 5516 3215 5573 divinis
3255 5530 3455 5592 mystc-

1882 5596 1976 5649 riis
2028 5610 2086 5651 se
2133 5600 2432 5655 continent.
2492 5605 2563 5657 Ex
2618 5619 2723 5673 quo
2772 5608 3057 5676 vigilanter
3097 5620 3145 5662 et
3179 5613 3448 5679 pulchrca

1883 5686 2108 5743 Domino
2161 5695 2446 5759 temperari
2482 5696 2751 5762 dicuntur,
2805 5701 2927 5770 quia
2962 5700 3112 5754 multi
3140 5704 3258 5757 sine
3285 5721 3341 5761 re
3364 5723 3453 5759 sa-

1882 5779 2140 5832 cramenti
2166 5780 2276 5836 hazc
2302 5785 2574 5855 suscipere
2600 5789 2955 5859 instituantur,
2993 5794 3107 5862 qui,
3136 5794 3241 5851 [)eo
3263 5812 3446 5853 eorum
