4038 6330
667 394 770 447 (HS

1443 386 1503 441 Υ.
1538 385 1861 442 GUIBERTI
1899 385 2186 440 ABBATIS
2217 383 2273 441 S.
2315 384 2552 441 MARlA'Z
2593 386 2678 442 DE
2713 385 3105 448 NOVIGENTO

3767 402 3841 461 διι

667 503 1064 558 correctionem
1115 499 1452 575 providente,
1491 501 1613 554 vita:
1661 501 1856 555 exinde
1883 510 2097 554 :cternae
2145 517 2243 554 nu-
2272 502 2323 560 Λ’
2346 500 2543 555 dixerit
2572 516 2587 554 :
2617 522 2634 554 ι
2671 502 2784 557 Hoc
2828 513 2913 558 est
2966 519 3161 575 corpus
3199 517 3382 558 meum
3433 507 3568 576 quod
3613 525 3699 580 pro
3734 519 3843 571 vobis

668 594 927 656 triuntttr,
956 591 1081 645 dum
1106 592 1250 644 aliud
1273 591 1426 659 longe
1451 591 1502 643 in
1540 591 1629 644 Dei
1656 591 1803 645 sedet
1826 590 2052 644 arbitrio
2079 604 2243 658 quam

670 681 947 735 hominum
995 681 1269 734 temeritas
1332 680 1643 739 arbitratur,
1700 693 1822 732 cum
1874 680 2039 746 proba
2092 679 2242 731 initia

670 772 775 823 line
816 771 1059 841 improbo
1109 771 1476 833 demutantur,
1524 780 1615 823 aut
1662 770 1797 823 bona
1833 770 1982 823 initia
2016 770 2243 825 termino

672 858 889 928 ignobili
943 860 1339 927 decoquuntur.
1373 860 1662 927 Temperat
1694 859 1856 928 igitur
1877 874 2101 927 superna
2127 860 2241 927 pie-

670 958 775 1011 tas,
804 965 922 1019 quzr
969 950 1235 1017 judicare,
1274 950 1382 1003 imo
1420 950 1766 1019 prmiudieare
1791 964 1895 1002 non
1922 950 2110 1003 metuit
2141 950 2241 1003 sibi

671 1038 769 1107 ipsi
804 1039 1247 1107 incircumspecta
1287 1051 1570 1093 severitas.

606 1110 609 1117 ί
744 1127 922 1184 Sortes
956 1130 1137 1197 itaque
1166 1131 1442 1182 mittuntur
1464 1131 1515 1182 in
1547 1131 1717 1183 sinum
1746 1130 1949 1200 (ibid.),
1990 1131 2113 1200 quia
2144 1130 2241 1185 ﬁn-

671 1217 749 1286 git
794 1216 1108 1284 singillatim
1149 1217 1313 1270 corda
1365 1218 1637 1272 hominum
1689 1217 1860 1287 (Psal.
1920 1235 2088 1281 χχιιι,
2132 1218 2242 1288 15),

671 1306 768 1362 sed
824 1306 1277 1371 intellectualiter,
1319 1318 1601 1377 postquam
1655 1308 1971 1362 intrabimus
2009 1310 2072 1385 in
2123 1325 2247 1364 san-

671 1397 940 1453 ctuarium
965 1397 1056 1452 Dei
1086 1396 1259 1467 (l’sal.
1282 1415 1455 1465 Lxxu,
1499 1399 1607 1469 l7),
1643 1399 1875 1453 discerni
1897 1399 2057 1454 faciet
2082 1416 2245 1470 opera

673 1490 1024 1562 singulorum.
1059 1491 1211 1547 Unde
1236 1508 1339 1547 non
1385 1495 1543 1548 modo
1586 1494 1933 1565 diligentibus
1956 1535 1971 1559 ,
1998 1497 2090 1551 sed
2114 1513 2247 1566 quo-

671 1595 885 1650 cunque
938 1583 1101 1636 etiam
1154 1599 1300 1638 nunc
1356 1585 1698 1639 detineantur
1734 1586 1785 1639 in
1819 1587 2066 1653 crimine,
2116 1588 2247 1643 dile-

671 1671 843 1724 cturis
877 1672 1168 1741 aliquando
1218 1672 1407 1737 Deum,
1463 1673 1697 1742 Spiritus
1770 1686 1987 1731 sanctus
2042 1677 2094 1731 in
2134 1679 2248 1733 suis

670 1763 1018 1830 proventibus
1058 1773 1381 1833 cooperatur
1424 1766 1490 1819 ad
1520 1766 1716 1820 bonum
1748 1767 1925 1837 (Rom.
1984 1784 2099 1833 vm,
2130 1769 2242 1838 28),

669 1853 836 1907 etiam
862 1854 913 1908 in
944 1856 1289 1927 suscipiendo
1330 1856 1489 1925 hujus
1517 1859 1857 1913 eucharistia:
1885 1860 2104 1915 donum.

746 1940 981 2007 Objiciat
1019 1944 1150 1997 mihi
1179 1945 1269 2011 qui
1297 1946 1409 1998 vult
1451 1945 1723 2015 Cypriani,
1769 1962 1903 2015 quos
1928 1949 2058 2002 mihi
2089 1964 2247 2019 oppo-

672 2033 782 2085 suit
811 2036 1182 2089 contcnsiosus
1208 2035 1317 2098 ille,
1356 2037 1587 2099 cineres,
1612 2046 1666 2090 et
1699 2038 1842 2092 senis
1866 2039 2027 2103 illius,
2055 2041 2120 2094 de
2139 2056 2245 2111 quo

675 2115 733 2168 iu'
758 2116 937 2171 Gestis
964 2118 1235 2173 seniorum
1267 2120 1481 2190 legitur,
1504 2123 1757 2189 visiones,
1788 2124 1876 2191 qui
1900 2136 2245 2183 sacramento

678 2207 938 2261 redeunte
976 2210 1041 2263 ad
1062 2225 1213 2263 aram
1248 2210 1479 2285 indignis
1506 2213 1572 2267 ab
1613 2214 1805 2282 angelo
1830 2215 2045 2277 videbat
2067 2216 2245 2285 prtuli-

671 2297 790 2351 bari
819 2299 1102 2363 carbones,
1130 2301 1253 2369 quia
1284 2316 1449 2370 super
1479 2304 1580 2357 hoc
1612 2317 1729 2356 mea
1782 2319 2054 2373 nunquam
2083 2306 2245 2360 vacil-

671 2388 785 2443 lare
811 2389 1009 2459 poterit
1040 2391 1191 2444 lides.

741 2480 876 2551 §l|l.
911 2478 1078 2533 Nulla
1128 2480 1339 2535 (iesione
1362 2490 1452 2535 aut
1501 2483 1822 2551 turpitudine
1852 2485 2072 2554 afficitur
2097 2483 2248 2539 C/iri-

671 2582 802 2633 stus,
832 2586 950 2622 cum
975 2587 1006 2622 a
1035 2569 1304 2624 sceleratis
1341 2571 1578 2625 bestiisve
1628 2575 2011 2638 manducatur,
2040 2576 2116 2629 vel
2135 2593 2249 2645 spe-

671 2660 775 2713 cies
802 2657 1118 2714 sacramenti
1167 2674 1590 2732 corrumpuntur.
1624 2692 1694 2705 -—
1723 2665 1891 2721 Porro
1919 2667 1961 2721 si
1985 2668 2053 2722 de
2078 2670 2245 2722 muri-

671 2751 775 2804 bus
830 2761 924 2805 aut
956 2752 1142 2806 bestiis
1190 2754 1387 2821 agitur,
1430 2764 1524 2809 aut
1564 2756 1629 2809 de
1654 2771 1719 2810 eo
1770 2759 1912 2825 quod
1960 2760 2248 2815 casualitcr

676 2842 888 2910 uspiam
944 2846 1188 2898 consumi
1224 2845 1452 2910 videtur,
1482 2862 1580 2901 nos
1611 2862 1713 2901 non
1748 2848 1907 2903 aliter
1931 2864 2247 2907 asseverare

673 2934 1070 3002 pra:sumimtts,
1116 2936 1216 2990 nisi
1246 2936 1386 3005 qttod
1432 2940 1788 2994 substantiam
1827 2956 1854 2993 a
1912 2942 2021 2997 Deo
2052 2945 2245 3012 speciei

675 3023 749 3078 illi
789 3024 1011 3078 inditam
1041 3027 1205 3080 adimi
1257 3026 1399 3081 nulla
1435 3030 1643 3083 ratione
1669 3032 1973 3085 credamus.
2007 3033 2249 3102 Scripse-

650 3125 803 3170 .runt
833 3118 1051 3186 quidam
1112 3118 1222 3173 falli
1282 3119 1467 3175 oculos
1519 3131 1733 3177 nostros
1777 3125 2096 3192 supcrtanti
2128 3140 2247 3193 quae

675 3210 888 3263 videtur
929 3212 1276 3280 corruptione
1328 3213 1593 3283 mysterii,
1627 3223 1682 3268 et
1702 3215 1887 3269 oculos
1918 3213 2167 3286 Cleophm
2196 3226 2251 3271 et

674 3298 857 3355 Maria:
895 3301 1218 3372 Magdalcna:
1271 3318 1300 3355 a
1350 3304 1559 3358 Domini
1614 3305 1803 3359 notitia
1864 3305 2252 3376 aliquantisper

679 3394 958 3446 abstentos
994 3391 1256 3447 inferunt.
1305 3393 1434 3459 Qua:
1464 3404 1778 3463 argumenta
1832 3398 2013 3451 nescio
2044 3399 2086 3450 si
2121 3398 2249 3451 mihi

677 3491 733 3535 et
776 3482 1018 3551 pluribus
1069 3484 1193 3538 aliis
1233 3500 1486 3554 umquam
1519 3486 1651 3539 satis
1696 3496 1874 3539 erunt.
1928 3487 2039 3542 lloc
2072 3496 2251 3541 tamen

673 3572 880 3627 scimus
907 3574 1034 3643 quia
1075 3590 1141 3629 ex
1184 3590 1245 3627 ea
1298 3585 1471 3644 parte,
1510 3592 1629 3645 qua:
1667 3578 1875 3647 species
1913 3589 2015 3645 est,
2069 3579 2255 3647 hujus-

678 3663 827 3715 modi
882 3666 1035 3731 quasi
1077 3664 1389 3720 infortuniis
1433 3666 1717 3735 subjacere
1770 3679 2020 3738 putatur;
2078 3686 2144 3724 ex
2188 3684 2251 3723 ea

679 3766 811 3807 vero
841 3768 944 3821 qua
976 3756 1178 3809 veritas
1227 3766 1331 3821 est,
1374 3772 1471 3810 suo
1515 3758 1795 3827 principali
1855 3762 1997 3829 quod
2021 3771 2255 3829 paterna:

678 3843 916 3899 dexterae
937 3847 1184 3900 considet
1228 3847 1485 3901 inscrtum
1522 3848 1669 3903 nullo
1691 3850 2017 3905 detrimento
2044 3851 2254 3905 mutila-

680 3944 789 3989 tur.
820 3936 899 3989 Ex
941 3936 1025 3990 his
1060 3954 1190 4007 ergo
1239 3940 1636 4003 accidentibus,
1684 3957 1802 4009 quzc
1829 3945 1967 4012 apud
2015 3944 2256 3999 inlideles

679 4025 1014 4093 derogatioui
1045 4029 1431 4097 mysteriorum‘
1450 4038 1757 4084 nostrorum
1789 4040 1992 4101 patent,
2022 4048 2120 4087 uec
2156 4050 2253 4088 au—

679 4116 1030 4171 ctoritatibus
1058 4118 1326 4173 defensori
1354 4121 1673 4189 praevalent,
1709 4121 1848 4176 hanc
1873 4123 1961 4191 qui
1988 4138 2088 4177 non
2120 4126 2255 4179 desi-

679 4206 833 4275 piunt
854 4208 1176 4263 sententiam
1204 4218 1441 4279 teneant,
1482 4220 1539 4265 ut
1568 4212 1670 4267 lloc
1701 4212 1971 4266 residuum
2012 4214 2164 4283 quasi
2190 4215 2256 4268 de

678 4298 782 4352 hoc
808 4300 1119 4368 specialiter
1146 4302 1217 4356 sit
1273 4302 1497 4368 dictum,
1529 4304 1635 4375 igni
1680 4316 1976 4368 reservent,
2000 4315 2197 4362 etequ
2226 4323 2257 4360 a

678 4392 906 4444 mortuis
958 4392 1256 4446 redivivum
1308 4394 1387 4449 sic
1430 4394 1689 4460 habeant,
1725 4404 1781 4449 ut
1820 4397 2076 4466 quidquid
2100 4398 2165 4453 de
2192 4414 2257 4453 eo

676 4487 779 4544 est,
810 4496 913 4534 non
940 4480 1069 4534 alibi
1110 4497 1270 4551 quam
1306 4483 1358 4537 in
1396 4483 1695 4554 gloriﬁcato
1735 4484 1849 4553 ejus
1875 4502 2103 4556 corpore
2133 4503 2253 4541 scn-

679 4568 836 4629 tiant,
888 4585 987 4623 uec
1018 4572 1193 4640 magis
1247 4573 1506 4627 horreant
1566 4576 1798 4629 muriam
1850 4587 2065 4631 ventres
2088 4593 2249 4646 quam

681 4660 1097 4722 scelerosorum,
1138 4679 1257 4731 quae
1291 4664 1459 4733 magis
1510 4665 1676 4718 Deum
1717 4668 2065 4730 exacerbauit,
2105 4679 2252 4720 men-

683 4758 790 4813 tes,
840 4752 961 4817 quia
990 4767 1313 4822 quocunque
1345 4754 1666 4822 trajicialur,
1699 4757 1766 4811 ad
1797 4773 1951 4810 suum
1979 4760 2253 4812 redeundo

681 4839 1027 4907 principium,
1058 4840 1123 4893 ab
1154 4844 1296 4896 omni
1350 4844 1540 4912 injuria
1579 4855 1912 4909 contutatur,
1959 4861 2056 4900 nec
2086 4848 2256 4901 luere-

684 4930 850 4981 ticum
904 4930 1008 4983 dici
1054 4932 1231 4994 debet,
1261 4933 1303 4985 si
1335 4935 1456 5000 quis
1486 4949 1583 5003 pro
1619 4933 1931 4989 defensione
1963 4946 2124 4991 tantae
2151 4937 2251 5002 rei,

683 5020 904 5074 uelocis
934 5020 1128 5076 vilibus
1159 5023 1463 5092 deputetur,
1499 5027 1819 5081 sententiam
1849 5027 2003 5096 paulo
2032 5028 2253 5083 liberius

682 5125 836 5179 a‘quo
876 5114 1095 5180 przchct.

754 5202 781 5274 ᾗ
816 5202 904 5256 ιν.
933 5205 1081 5258 Idem
1108 5222 1323 5276 prorsus
1367 5208 1420 5259 in
1450 5220 1795 5275 sacramento,
1837 5211 1926 5279 qui
1952 5221 1997 5263 et
2027 5211 2079 5264 in
2104 5210 2249 5265 cazlo.

681 5327 752 5337 —
775 5297 845 5350 At
868 5299 1118 5364 quoniam
1148 5300 1213 5355 de
1243 5299 1623 5356 conformitate
1658 5301 1813 5369 l.ujus
1838 5303 1978 5370 quod
2011 5304 2062 5356 in
2098 5319 2251 5358 sacra

684 5402 869 5442 mensa
892 5389 1180 5445 coniicitur
1210 5394 1454 5463 corporis
1497 5394 1928 5459 autelihavimus,
1973 5397 2073 5450 hoc
2111 5394 2249 5449 ditii-

684 5478 802 5534 nire
850 5480 1108 5539 debemus
1134 5523 1148 5546 ,
1192 5487 1332 5551 quod
1359 5486 1572 5553 corpori
1624 5486 1696 5539 illi
1724 5486 1944 5539 omnino
1970 5487 2252 5539 conveniat

684 5572 825 5638 quod
858 5571 966 5639 jam
1000 5576 1139 5645 apud
1167 5573 1379 5631 Patrem
1407 5577 1712 5630 immortale
1740 5578 2253 5648 iucorruptibilcque

684 5674 999 5731 conregnat.
1042 5668 1097 5720 lu
1128 5683 1235 5735 quo
1291 5669 1419 5723 mihi
1479 5670 1655 5724 nullus
1682 5670 1898 5738 ohjiciat
1945 5672 2090 5740 quod
2126 5687 2249 5726 cum

686 5759 826 5813 idem
877 5757 1017 5813 Deus
1047 5768 1100 5814 ct
1138 5761 1394 5816 Dominus
1444 5765 1695 5832 mysteria
1753 5764 1938 5818 eadem
1994 5764 2249 5832 traderet,

2275 3168 2315 3224 C

2346 590 2596 644 tradetur
2618 590 2664 661 (I
2692 590 2814 646 Cor.
2843 610 2918 657 χι,
2946 595 3060 665 24).
3098 614 3117 647 ι
3150 596 3214 650 Ει
3249 612 3262 648 :
3303 615 3321 647 ι
3352 597 3451 653 Hic
3480 608 3557 654 est
3580 606 3762 674 sanguis
3780 612 3843 677 qui

2344 692 2442 746 pro
2460 680 2609 732 vobis
2630 689 2684 735 et
2709 697 2807 750 pro
2836 684 3016 737 multis
3039 683 3349 739 et‘fundetur
3386 687 3593 755 (Matth.
3616 707 3740 755 xm,
3768 697 3842 759 26;

2345 765 2513 832 Marc,
2543 783 2649 833 xw,
2672 768 2786 838 24).
2815 789 2833 820 ι
2852 770 3012 836 Quasi
3044 772 3167 825 illud
3193 774 3339 841 quod
3365 777 3612 839 traderet,
3630 778 3751 847 juxta
3768 796 3845 837 sta-

2348 861 2656 923 tum,quem
2705 858 2935 913 habebat
2973 869 3099 914 tunc
3141 863 3422 931 temporis,
3453 864 3845 925 determinandum

2341 957 2464 998 esse
2508 946 2757 1013 doceret;
2792 950 2884 1003 sed
2915 952 3017 1003 hoc
3043 950 3235 1005 falsum
3293 953 3548 1019 :cstimet,
3588 958 3696 1024 quia
3714 961 3782 1028 qui
3800 978 3844 1016 ex

2343 1035 2812 1094 unitionedeitatis
2825 1055 3039 1110 semper
3051 1041 3151 1096 fuit
3165 1043 3727 1116 immortalis(mortem
3746 1054 3846 1105 enim

2345 1141 2449 1180 non
2492 1124 2733 1197 Suscepit
2784 1144 2852 1184 ex
2883 1133 3082 1195 debito,
3115 1133 3207 1187 sed
3239 1133 3492 1188 adhibuit
3522 1151 3581 1189 ex
3621 1141 3846 1209 proposito)

2345 1216 2458 1270 haec
2496 1218 2605 1287 ipsa
2642 1222 2861 1275 tradidit
2903 1222 2954 1275 iu
2987 1233 3128 1278 statu
3170 1224 3513 1295 incorrupto,
3543 1243 3687 1296 quem
3714 1232 3845 1284 statim

2344 1307 2579 1360 ostendit
2626 1308 2679 1361 in
2711 1318 2895 1365 monte
2926 1310 3113 1378 Petro,
3165 1312 3367 1367 Joanni
3400 1323 3455 1368 et
3478 1312 3666 1369 Jacobo
3688 1317 3845 1387 (Matth.

2346 1407 2478 1459 xvtt,
2516 1396 2593 1464 2).

2958 1554 3186 1612 CAPUT
3224 1558 3289 1611 γ.

2419 1657 2532 1712 Nec
2557 1661 2841 1729 passibilis,
2875 1680 2967 1718 nec
2989 1666 3226 1721 mortalis
3261 1681 3343 1721 est
3366 1668 3422 1721 iu
3454 1666 3754 1723 Eucharistia
3772 1671 3846 1724 Do-

2347 1747 2537 1800 minus.
2560 1778 2631 1789 —-
2661 1749 2765 1804 Sed
2793 1753 2917 1821 quia
2945 1756 3230 1823 quemdam
3262 1757 3335 1810 de
3364 1757 3553 1812 amicis
3589 1761 3704 1814 meis
3723 1766 3847 1829 appri-

2280 1832 2322 1890 Β
2350 1852 2435 1891 me
2482 1838 2777 1894 litteratum
2832 1843 3011 1897 audivi
3047 1845 3342 1914 plurimum
3386 1849 3454 1901 ab
3481 1849 3579 1903 hac
3617 1853 3849 1905 exorbitare

2346 1928 2644 1991 sententia,
2699 1941 2758 1983 ut
2804 1931 2989 1985 dicat:
3035 1952 3053 1984 ι
3083 1935 3333 2004 corporis
3382 1935 3525 1990 illius
3584 1940 3845 2008 mysterium,

2346 2016 2487 2085 quod
2520 2019 2815 2075 sacerdotis
2870 2030 2925 2076 et
2957 2024 3133 2093 populi
3178 2026 3309 2087 ﬁde,
3356 2025 3450 2079 Dei
3507 2031 3659 2081 verbo
3709 2044 3849 2097 ιιι-ω-

2348 2104 2529 2170 dente,
2577 2107 2628 2161 in
2658 2108 2814 2163 altari
2845 2114 3151 2178 coniicitur,
3180 2116 3370 2170 carnis
3439 2115 3630 2170 Christi
3683 2120 3847 2186 passibi-

2349 2196 2414 2251 lis
2450 2206 2503 2251 et
2553 2201 2796 2256 mortalis
2841 2203 3041 2259 habere
3093 2205 3324 2275 ﬁguram
3353 2246 3368 2270 ,
3439 2226 3457 2260 ι
3528 2209 3719 2277 dignum
3759 2212 3846 2261 mihi

2349 2288 2560 2342 videtur
2615 2299 2672 2343 ut
2704 2292 2878 2345 latiori
2914 2293 3073 2362 paulo
3109 2297 3495 2366 disquisitione
3534 2306 3792 2359 tractemus,
3812 2311 3847 2350 et

2347 2381 2527 2436 minus
2577 2385 2797 2440 omnino
2824 2402 2983 2454 quam
3037 2398 3197 2445 tanta:
3249 2384 3575 2447 eruditionis
3615 2393 3844 2463 viru357

2346 2485 2699 2544 competeret,
2771 2490 3140 2549 competenter
3187 2492 3242 2536 et
3295 2493 3478 2537 astute
3527 2500 3638 2538 eum
3670 2500 3847 2552 supera:

2350 2572 2495 2618 tanta
2548 2568 2751 2621 sentire
2800 2580 3182 2625 monstremus.
3216 2574 3275 2626 Si
3316 2575 3479 2633 enim,
3508 2575 3638 2642 quod
3669 2576 3846 2641 superius

2347 2656 2585 2710 breviter
2610 2658 2745 2722 dixi,
2767 2659 3158 2731 circumspecte
3189 2665 3520 2726 attenderct,
3554 2665 3688 2734 longe
3708 2666 3784 2717 alia
3803 2666 3847 2716 de

2349 2748 2557 2803 Domini
2588 2752 2755 2804 nostri
2783 2751 2906 2807 Jesu
2950 2756 3307 2823 passibilitate
3348 2767 3441 2811 aut
3468 2760 3754 2812 mortalitate
3769 2758 3845 2809 dis-

2349 2852 2572 2897 sereret.
2611 2844 2809 2899 Procul
2842 2847 3006 2901 dubio
3032 2864 3293 2918 namque,
3329 2852 3373 2904 si
3403 2851 3527 2905 illud
3551 2852 3675 2918 quod
3698 2850 3750 2902 ab
3768 2848 3845 2915 ipso

2350 2929 2630 2987 Salvatore
2658 2934 2856 2988 dicitur
2884 2953 2900 2990 :
2936 2957 2953 2987 ι
2996 2936 3164 2994 Nemo
3201 2940 3342 2993 tollit
3371 2957 3400 2993 a
3433 2956 3513 2994 me
3541 2942 3759 3001 animam,
3783 2936 3843 2988 sed

2350 3037 2449 3093 ego
2497 3039 2636 3093 pono
2688 3041 2806 3079 eam
2859 3028 3041 3094 (Joau.
3078 3047 3129 3092 Χ,
3167 3032 3278 3102 l8),
3330 3052 3349 3084 ι
3406 3032 3578 3086 debita
3622 3028 3845 3084 subtilitate

2350 3113 2662 3183 discuteret,
2704 3133 2976 3187 nunquam
3015 3122 3148 3175 adeo
3171 3122 3472 3193 improvide
3496 3121 3695 3177 Domino
3712 3128 3843 3173 notam

2352 3206 2617 3275 passionis
2646 3216 2699 3262 et
2730 3211 2917 3264 mortis
2952 3210 3212 3267 inureret.
3256 3212 3428 3267 Plane
3458 3213 3523 3267 ab
3564 3212 3746 3266 homine
3768 3210 3845 3261 aui-

2353 3312 2494 3350 mam
2528 3298 2638 3353 tolli
2673 3300 2927 3368 possibile
2973 3311 3220 3365 constat,
3253 3305 3344 3359 cui
3393 3305 3443 3358 in
3487 3301 3709 3372 patiendo
3732 3308 3843 3365 atque

2352 3388 2630 3443 moriendo
2682 3391 2915 3445 casualis
2948 3393 3283 3461 experientia
3343 3395 3489 3449 boris
3534 3400 3585 3447 et
3632 3388 3845 3444 momentis

2350 3476 2601 3531 omnibus
2630 3490 2789 3531 astat.
2812 3480 2881 3533 At
2899 3494 3031 3534 vero
3061 3482 3125 3548 is,
3159 3483 3223 3535 de
3260 3498 3373 3552 quo
3414 3481 3595 3535 crebro
3631 3477 3840 3532 retexitur.

2352 3567 2476 3636 quia
2531 3569 2765 3622 nondum
2818 3580 3038 3625 venerat
3065 3572 3196 3625 hora
3227 3573 3350 3642 ejus
3398 3572 3569 3643 (Joan.
3603 3586 3654 3633 ιι,
3684 3567 3746 3634 ι),
3769 3564 3840 3630 (cui

2354 3657 2603 3711 nimirum
2631 3667 2855 3712 eventus
2876 3660 3127 3713 horarum
3155 3671 3209 3715 et
3236 3662 3386 3715 horse
3412 3667 3676 3715 eventuum
3702 3655 3840 3707 immu-

2356 3752 2590 3806 tabiliter
2637 3754 2887 3823 subsunt)
2934 3757 3167 3811 animam
3202 3759 3378 3827 ponit,
3406 3758 3525 3826 quia
3568 3765 3715 3825 persc
3740 3761 3841 3802 sum-

2352 3851 2520 3909 ptam,
2545 3852 2599 3895 et
2626 3857 2655 3894 a
2686 3858 2743 3896 se
2765 3854 3001 3899 creatam
3026 3848 3240 3915 quando
3265 3848 3400 3912 vult,
3428 3857 3481 3902 et
3501 3842 3729 3915 quomodo
3746 3838 3838 3897 rultt

2354 3931 2571 3985 emittit.
2623 3932 2941 3990 Hominibus
2993 3938 3190 3991 etenim
3242 3945 3605 4007 extorquetur,
3628 3932 3840 3985 abeoau'

2358 4030 2487 4086 tem,
2530 4023 2619 4091 qni
2673 4025 2933 4095 quidquid
2980 4034 3063 4081 est
3086 4042 3114 4080 a
3147 4042 3208 4082 se
3235 4039 3344 4091 est,
3374 4037 3428 4082 et
3458 4028 3506 4081 in
3559 4037 3652 4094 quo
3678 4015 3778 4073 nihil
3798 4016 3838 4065 tit

2358 4115 2458 4168 nisi
2513 4116 2654 4183 quod
2708 4116 3069 4171 voluntarium
3095 4127 3200 4185 est,
3237 4129 3434 4188 sponte
3468 4124 3679 4184 sumpta.
3702 4111 3837 4175 δρθηίθ

2357 4205 2666 4259 resolvitur.
2696 4205 2826 4272 Qua:
2857 4208 3000 4261 enim
3035 4209 3108 4261 illi
3161 4208 3300 4263 foret
3328 4205 3573 4262 moriendi
3597 4196 3833 4255 necessitas.

2318 4282 2321 4285 ’
2356 4310 2514 4363 quem
2548 4298 2601 4351 in
2631 4312 2725 4352 sua
2776 4301 3013 4353 secunda
3046 4300 3331 4356 nativitate
3360 4298 3524 4355 sancti
3571 4303 3744 4358 semper
3775 4288 3834 4336 εει

2359 4387 2593 4457 Spiritus
2646 4389 2697 4443 iu
2750 4392 3106 4460 c'oitcipientis
3151 4401 3307 4449 utero
3372 4390 3605 4444 comitata
3645 4370 3833 4435 libertas?

2285 4508 2331 4562 ι)
2360 4478 2511 4535 Unde
2539 4480 2764 4536 solvisse
2789 4483 2990 4537 dicitur
3023 4500 3141 4553 qua:
3187 4501 3292 4539 non
3323 4484 3489 4554 rapuit
3513 4475 3662 4547 (Psal.
3696 4477 3829 4545 tttlll.

2354 4571 2427 4639 5),
2466 4573 2554 4639 qui
2596 4587 2788 4640 pmnas
2834 4586 3175 4642 peccatorum
3227 4593 3332 4631 non
3369 4593 3395 4628 a
3432 4590 3486 4627 se
3507 4566 3827 4625 commissorum

2351 4662 2497 4716 solus
2526 4663 2665 4716 inter
2698 4673 2934 4717 mortuos
2961 4665 3095 4718 liber
3118 4665 3211 4718 luit
3234 4664 3404 4734 (Psal.
3441 4672 3653 4718 Lxxxvu,
3683 4651 3740 4715 6)·

2422 4749 2476 4804 Si
2510 4752 2763 4819 peccandi
2808 4754 2963 4807 nobis
3006 4770 3102 4822 per
3126 4756 3518 4824 corruptionem
3546 4755 3715 4800 natura:
3738 4745 3828 4786 eon-

2353 4850 2524 4896 tracta
2550 4844 2867 4907 necessitas,
2884 4845 3146 4898 moriendi
3172 4846 3324 4900 nobis
3342 4840 3678 4899 necessitatem

2352 4944 2582 5005 quenter
2607 4936 2817 5001 indicit,
2836 4936 2899 5000 is,
2918 4938 3009 5006 qui
3035 4953 3208 5007 neque
3235 4935 3498 5008 originali,
3525 4929 3633 5000 quia
3659 4923 3711 4976 de
3738 4923 3822 4980 59"

2353 5026 2456 5079 ritu
2487 5033 2541 5079 et
2576 5026 2792 5094 Virgine
2822 5038 3005 5080 sancta
3042 5039 3201 5082 natus
3246 5040 3350 5094 est,
3387 5035 3545 5092 neque
3584 5026 3715 5110 quant

2352 5117 2626 5171 addiderat
2658 5118 2864 5171 macula
2892 5118 3130 5173 fuscatus
3155 5128 3255 5183 est,
3290 5133 3387 5189 qua
3421 5117 3525 5184 lege
3552 5099 3715 5178 peccati
3734 5088 3822 5146 ιίιιΙ·

2354 5207 2447 5261 lari
2473 5209 2664 5276 Ροιίιίιν
2679 5224 2781 5277 (Illa
2802 5224 3011 5278 quoque
3032 5224 3189 5278 paena
3210 5210 3274 5262 ad
3289 5199 3655 5279 persolvendum

2352 5300 2673 5368 peccatricis
2712 5300 2949 5354 debitum
2980 5301 3203 5355 adactus
3232 5301 3355 5355 est?
3393 5294 3484 5350 Ubi
3517 5300 3627 5357 ergo
3655 5281 3817 5341 ori‘o'l"IS

2353 5400 2515 5458 atque
2567 5400 2723 5445 actus
2770 5391 2924 5459 culpa
2965 5405 3162 5445 vacare
3212 5386 3555 5460 dignoscitur,
3583 5370 3816 5494 «10:55:;

2390 5483 2421 5494 ..
2825 5490 2835 5494 -
2997 5482 3029 5494 ..
3054 5482 3128 5494 ...,
3236 5481 3247 5494 .
3309 5481 3318 5494 .
3410 5493 3415 5494 ,
3449 5465 3650 5494 Δ,.....;ιιι
3674 5469 3698 5494 ιι
3735 5490 3743 5494 .

2352 5456 2561 5537 ctiones
2585 5496 2731 5535 mors
2788 5490 2841 5535 et
2872 5482 3198 5550 passibilitas
3235 5481 3425 5534 habere
3448 5456 3813 5561 permittitur?il

2353 5580 2496 5633 enim
2537 5592 2631 5646 Per
2662 5588 2942 5646 peceatum
2974 5590 3122 5629 mors
3168 5583 3361 5629 nostra-
3404 5537 3811 5669 humanitati

2354 5672 2494 5724 citur
2527 5634 2703 5740 (ἠοηὶ.
2738 5684 2790 5732 v,
2846 5667 2956 5731 ιε),
2999 5667 3089 5719 ubi
3138 5674 3407 5734 peccatum
3439 5634 3808 5768 non

2360 5723 2643 5819 eiiicicbtia
2702 5759 2989 5829 annullar'b
3017 5761 3312 5829 probatur,
3354 5750 3465 5823 quin
3510 5728 3664 5811 l'mc“l
3694 5723 3745 5776 δυ
