  <div class='ocr_page' id='page_1' title='image "/cluster/home/n/w/nwhite01/storage/ocr_20150623/156/hvd.32044010683712/328.png"; bbox 0 0 4014 6324; ppageno 0'>
   <div class='ocr_carea' id='block_1_1' title="bbox 239 405 350 462">
    <p class='ocr_par' dir='ltr' id='par_1_1' title="bbox 239 405 350 462">
     <span class='ocr_line' id='line_1_1' title="bbox 239 405 350 462; baseline 0 0"><span class='ocrx_word' id='word_1_1' title='bbox 239 405 350 462; x_wconf 70' lang='grc'><strong>645</strong></span> 
     </span>
    </p>
   </div>
   <div class='ocr_carea' id='block_1_2' title="bbox 1256 371 2620 446">
    <p class='ocr_par' dir='ltr' id='par_1_2' title="bbox 1256 371 2620 446">
     <span class='ocr_line' id='line_1_2' title="bbox 1256 371 2620 446; baseline -0.015 0"><span class='ocrx_word' id='word_1_2' title='bbox 1256 389 1343 446; x_wconf 87' lang='lat' dir='ltr'><strong>DE</strong></span> <span class='ocrx_word' id='word_1_3' title='bbox 1366 382 1783 443; x_wconf 76' lang='lat' dir='ltr'><strong>PlGNORlBUS</strong></span> <span class='ocrx_word' id='word_1_4' title='bbox 1812 377 2256 435; x_wconf 73' lang='lat' dir='ltr'><strong>SANCTORUM.</strong></span> <span class='ocrx_word' id='word_1_5' title='bbox 2288 405 2361 418; x_wconf 67' lang='grc' dir='ltr'><strong>α-</strong></span> <span class='ocrx_word' id='word_1_6' title='bbox 2400 373 2528 429; x_wconf 86' lang='lat' dir='ltr'><strong>LIB.</strong></span> <span class='ocrx_word' id='word_1_7' title='bbox 2566 371 2620 427; x_wconf 86' lang='lat' dir='ltr'><strong>ll.</strong></span> 
     </span>
    </p>
   </div>
   <div class='ocr_carea' id='block_1_3' title="bbox 3395 367 3502 423">
    <p class='ocr_par' dir='ltr' id='par_1_3' title="bbox 3395 367 3502 423">
     <span class='ocr_line' id='line_1_3' title="bbox 3395 367 3502 423; baseline -0.056 0"><span class='ocrx_word' id='word_1_8' title='bbox 3395 367 3502 423; x_wconf 65' lang='lat'><strong>643</strong></span> 
     </span>
    </p>
   </div>
   <div class='ocr_carea' id='block_1_4' title="bbox 239 486 3516 581">
    <p class='ocr_par' dir='ltr' id='par_1_4' title="bbox 239 486 3516 581">
     <span class='ocr_line' id='line_1_4' title="bbox 239 486 3516 581; baseline -0.012 -3"><span class='ocrx_word' id='word_1_9' title='bbox 239 519 482 578; x_wconf 85' lang='lat' dir='ltr'><strong>sublatio</strong></span> <span class='ocrx_word' id='word_1_10' title='bbox 517 531 724 581; x_wconf 55' lang='lat' dir='ltr'><strong>causa,</strong></span> <span class='ocrx_word' id='word_1_11' title='bbox 750 513 974 571; x_wconf 84' lang='lat' dir='ltr'><strong>ell&#39;ectus</strong></span> <span class='ocrx_word' id='word_1_12' title='bbox 996 508 1422 565; x_wconf 86' lang='lat' dir='ltr'><strong>exinanitioncm</strong></span> <span class='ocrx_word' id='word_1_13' title='bbox 1459 506 1638 559; x_wconf 86' lang='lat' dir='ltr'><strong>facere</strong></span> <span class='ocrx_word' id='word_1_14' title='bbox 1660 499 1829 556; x_wconf 86' lang='lat' dir='ltr'><strong>nulla-</strong></span> <span class='ocrx_word' id='word_1_15' title='bbox 1859 503 1904 559; x_wconf 81' lang='grc' dir='ltr'><strong>Α</strong></span> <span class='ocrx_word' id='word_1_16' title='bbox 2004 496 2202 549; x_wconf 80' lang='lat' dir='ltr'><strong>Passus</strong></span> <span class='ocrx_word' id='word_1_17' title='bbox 2230 501 2312 547; x_wconf 86' lang='lat' dir='ltr'><strong>est</strong></span> <span class='ocrx_word' id='word_1_18' title='bbox 2355 492 2539 581; x_wconf 78' lang='lat' dir='ltr'><strong>itaque</strong></span> <span class='ocrx_word' id='word_1_19' title='bbox 2584 496 2657 581; x_wconf 76' lang='lat' dir='ltr'><strong>et</strong></span> <span class='ocrx_word' id='word_1_20' title='bbox 2685 497 2951 581; x_wconf 76' lang='lat' dir='ltr'><strong>mortuus,</strong></span> <span class='ocrx_word' id='word_1_21' title='bbox 2999 487 3127 559; x_wconf 84' lang='lat' dir='ltr'><strong>quia</strong></span> <span class='ocrx_word' id='word_1_22' title='bbox 3167 486 3516 581; x_wconf 25' lang='lat' dir='ltr'><strong>volu‘itunon</strong></span> 
     </span>
    </p>
   </div>
   <div class='ocr_carea' id='block_1_5' title="bbox 240 611 1732 690">
    <p class='ocr_par' dir='ltr' id='par_1_5' title="bbox 240 611 1732 690">
     <span class='ocr_line' id='line_1_5' title="bbox 240 611 1732 690; baseline 0.008 -24"><span class='ocrx_word' id='word_1_23' title='bbox 240 621 406 667; x_wconf 88' lang='lat' dir='ltr'><strong>tenus</strong></span> <span class='ocrx_word' id='word_1_24' title='bbox 429 611 731 665; x_wconf 72' lang='lat' dir='ltr'><strong>dubitatur.</strong></span> <span class='ocrx_word' id='word_1_25' title='bbox 1340 688 1349 690; x_wconf 76' lang='lat'><strong><em>_</em></strong></span> <span class='ocrx_word' id='word_1_26' title='bbox 1591 684 1603 690; x_wconf 92' lang='lat'>_</span> <span class='ocrx_word' id='word_1_27' title='bbox 1721 678 1732 690; x_wconf 77' lang='grc'><em>,</em></span> 
     </span>
    </p>
   </div>
   <div class='ocr_carea' id='block_1_6' title="bbox 314 684 1827 772">
    <p class='ocr_par' dir='ltr' id='par_1_6' title="bbox 314 684 1827 772">
     <span class='ocr_line' id='line_1_6' title="bbox 314 684 1827 772; baseline -0.015 -15"><span class='ocrx_word' id='word_1_28' title='bbox 314 703 373 756; x_wconf 84' lang='lat' dir='ltr'><strong>In</strong></span> <span class='ocrx_word' id='word_1_29' title='bbox 405 701 570 772; x_wconf 85' lang='lat' dir='ltr'><strong>primi</strong></span> <span class='ocrx_word' id='word_1_30' title='bbox 605 694 841 753; x_wconf 88' lang='lat' dir='ltr'><strong>hominis</strong></span> <span class='ocrx_word' id='word_1_31' title='bbox 878 693 1052 764; x_wconf 90' lang='lat' dir='ltr'><strong>primo</strong></span> <span class='ocrx_word' id='word_1_32' title='bbox 1095 698 1264 755; x_wconf 87' lang='lat' dir='ltr'><strong>statu,</strong></span> <span class='ocrx_word' id='word_1_33' title='bbox 1308 688 1353 742; x_wconf 94' lang='lat' dir='ltr'><strong>si</strong></span> <span class='ocrx_word' id='word_1_34' title='bbox 1396 684 1606 758; x_wconf 84' lang='lat' dir='ltr'><strong>peccati</strong></span> <span class='ocrx_word' id='word_1_35' title='bbox 1650 684 1827 748; x_wconf 89' lang='lat' dir='ltr'><strong>cujus-</strong></span> 
     </span>
    </p>
   </div>
   <div class='ocr_carea' id='block_1_7' title="bbox 244 774 1831 861">
    <p class='ocr_par' dir='ltr' id='par_1_7' title="bbox 244 774 1831 861">
     <span class='ocr_line' id='line_1_7' title="bbox 244 774 1831 861; baseline -0.013 -16"><span class='ocrx_word' id='word_1_36' title='bbox 244 791 393 861; x_wconf 82' lang='lat' dir='ltr'><strong>piam</strong></span> <span class='ocrx_word' id='word_1_37' title='bbox 438 790 549 844; x_wconf 82' lang='lat' dir='ltr'><strong>non&#39;</strong></span> <span class='ocrx_word' id='word_1_38' title='bbox 591 786 906 843; x_wconf 85' lang='lat' dir='ltr'><strong>incessisset</strong></span> <span class='ocrx_word' id='word_1_39' title='bbox 942 791 1187 846; x_wconf 84' lang='lat' dir='ltr'><strong>eventus,</strong></span> <span class='ocrx_word' id='word_1_40' title='bbox 1239 779 1414 833; x_wconf 90' lang='lat' dir='ltr'><strong>nullus</strong></span> <span class='ocrx_word' id='word_1_41' title='bbox 1442 774 1685 846; x_wconf 84' lang='lat' dir='ltr'><strong>profecto</strong></span> <span class='ocrx_word' id='word_1_42' title='bbox 1715 788 1831 841; x_wconf 89' lang='lat' dir='ltr'><strong>pas-</strong></span> 
     </span>
    </p>
   </div>
   <div class='ocr_carea' id='block_1_8' title="bbox 241 868 1828 938">
    <p class='ocr_par' dir='ltr' id='par_1_8' title="bbox 241 868 1828 938">
     <span class='ocr_line' id='line_1_8' title="bbox 241 868 1828 938; baseline -0.014 -3"><span class='ocrx_word' id='word_1_43' title='bbox 241 880 420 935; x_wconf 85' lang='lat' dir='ltr'><strong>sionis</strong></span> <span class='ocrx_word' id='word_1_44' title='bbox 467 887 565 932; x_wconf 87' lang='lat' dir='ltr'><strong>aut</strong></span> <span class='ocrx_word' id='word_1_45' title='bbox 615 875 806 930; x_wconf 90' lang='lat' dir='ltr'><strong>mortis</strong></span> <span class='ocrx_word' id='word_1_46' title='bbox 850 872 1178 927; x_wconf 89' lang='lat' dir='ltr'><strong>intervenire</strong></span> <span class='ocrx_word' id='word_1_47' title='bbox 1227 868 1492 938; x_wconf 89' lang='lat' dir='ltr'><strong>potuisset</strong></span> <span class='ocrx_word' id='word_1_48' title='bbox 1542 876 1828 925; x_wconf 88' lang='lat' dir='ltr'><strong>occursus,</strong></span> 
     </span>
    </p>
   </div>
   <div class='ocr_carea' id='block_1_9' title="bbox 241 954 1829 1031">
    <p class='ocr_par' dir='ltr' id='par_1_9' title="bbox 241 954 1829 1031">
     <span class='ocr_line' id='line_1_9' title="bbox 241 954 1829 1031; baseline -0.013 -7"><span class='ocrx_word' id='word_1_49' title='bbox 241 984 349 1024; x_wconf 86' lang='lat' dir='ltr'><strong>nec</strong></span> <span class='ocrx_word' id='word_1_50' title='bbox 380 967 712 1023; x_wconf 81' lang='lat' dir='ltr'><strong>accessisset</strong></span> <span class='ocrx_word' id='word_1_51' title='bbox 756 965 808 1018; x_wconf 92' lang='lat' dir='ltr'><strong>in</strong></span> <span class='ocrx_word' id='word_1_52' title='bbox 855 960 1132 1031; x_wconf 89' lang='lat' dir='ltr'><strong>progeniei</strong></span> <span class='ocrx_word' id='word_1_53' title='bbox 1166 956 1284 1026; x_wconf 90' lang='lat' dir='ltr'><strong>ejus</strong></span> <span class='ocrx_word' id='word_1_54' title='bbox 1318 954 1707 1025; x_wconf 86' lang='lat' dir='ltr'><strong>propagatione</strong></span> <span class='ocrx_word' id='word_1_55' title='bbox 1735 965 1829 1019; x_wconf 81' lang='lat' dir='ltr'><strong>ge-</strong></span> 
     </span>
    </p>
   </div>
   <div class='ocr_carea' id='block_1_10' title="bbox 242 1046 1831 1127">
    <p class='ocr_par' dir='ltr' id='par_1_10' title="bbox 242 1046 1831 1127">
     <span class='ocr_line' id='line_1_10' title="bbox 242 1046 1831 1127; baseline -0.013 -12"><span class='ocrx_word' id='word_1_56' title='bbox 242 1060 492 1115; x_wconf 84' lang='lat' dir='ltr'><strong>nitorunt</strong></span> <span class='ocrx_word' id='word_1_57' title='bbox 551 1056 942 1127; x_wconf 84' lang='lat' dir='ltr'><strong>qualiscunque</strong></span> <span class='ocrx_word' id='word_1_58' title='bbox 989 1060 1254 1116; x_wconf 90' lang='lat' dir='ltr'><strong>vetustas,</strong></span> <span class='ocrx_word' id='word_1_59' title='bbox 1312 1049 1401 1103; x_wconf 91' lang='lat' dir='ltr'><strong>ubi</strong></span> <span class='ocrx_word' id='word_1_60' title='bbox 1443 1046 1831 1115; x_wconf 87' lang='lat' dir='ltr'><strong>concupiscen-</strong></span> 
     </span>
    </p>
   </div>
   <div class='ocr_carea' id='block_1_11' title="bbox 242 1141 1836 1206">
    <p class='ocr_par' dir='ltr' id='par_1_11' title="bbox 242 1141 1836 1206">
     <span class='ocr_line' id='line_1_11' title="bbox 242 1141 1836 1206; baseline -0.009 -1"><span class='ocrx_word' id='word_1_61' title='bbox 242 1151 396 1206; x_wconf 85' lang='lat' dir='ltr'><strong>tialis</strong></span> <span class='ocrx_word' id='word_1_62' title='bbox 428 1148 810 1205; x_wconf 77' lang='lat' dir='ltr'><strong>inobedientiae</strong></span> <span class='ocrx_word' id='word_1_63' title='bbox 841 1146 988 1200; x_wconf 90' lang='lat' dir='ltr'><strong>nulla</strong></span> <span class='ocrx_word' id='word_1_64' title='bbox 1020 1145 1260 1198; x_wconf 90' lang='lat' dir='ltr'><strong>animum</strong></span> <span class='ocrx_word' id='word_1_65' title='bbox 1304 1141 1657 1196; x_wconf 84' lang='lat' dir='ltr'><strong>demoliretur</strong></span> <span class='ocrx_word' id='word_1_66' title='bbox 1690 1147 1836 1191; x_wconf 85' lang='lat' dir='ltr'><strong>atro-</strong></span> 
     </span>
    </p>
   </div>
   <div class='ocr_carea' id='block_1_12' title="bbox 244 1228 1837 1307">
    <p class='ocr_par' dir='ltr' id='par_1_12' title="bbox 244 1228 1837 1307">
     <span class='ocr_line' id='line_1_12' title="bbox 244 1228 1837 1307; baseline -0.011 -11"><span class='ocrx_word' id='word_1_67' title='bbox 244 1242 412 1297; x_wconf 86' lang='lat' dir='ltr'><strong>citas.</strong></span> <span class='ocrx_word' id='word_1_68' title='bbox 449 1240 590 1307; x_wconf 83' lang='lat' dir='ltr'><strong>Quid</strong></span> <span class='ocrx_word' id='word_1_69' title='bbox 625 1240 770 1295; x_wconf 92' lang='lat' dir='ltr'><strong>enim</strong></span> <span class='ocrx_word' id='word_1_70' title='bbox 805 1238 877 1293; x_wconf 89' lang='lat' dir='ltr'><strong>ibi</strong></span> <span class='ocrx_word' id='word_1_71' title='bbox 909 1252 1134 1299; x_wconf 90' lang='lat' dir='ltr'><strong>novum,</strong></span> <span class='ocrx_word' id='word_1_72' title='bbox 1174 1233 1300 1303; x_wconf 93' lang='lat' dir='ltr'><strong>quid</strong></span> <span class='ocrx_word' id='word_1_73' title='bbox 1342 1233 1540 1295; x_wconf 89' lang='lat' dir='ltr'><strong>alacre,</strong></span> <span class='ocrx_word' id='word_1_74' title='bbox 1588 1230 1717 1299; x_wconf 92' lang='lat' dir='ltr'><strong>quid</strong></span> <span class='ocrx_word' id='word_1_75' title='bbox 1759 1228 1837 1281; x_wconf 92' lang='lat' dir='ltr'><strong>in-</strong></span> 
     </span>
    </p>
   </div>
   <div class='ocr_carea' id='block_1_13' title="bbox 241 1319 1836 1403">
    <p class='ocr_par' dir='ltr' id='par_1_13' title="bbox 241 1319 1836 1403">
     <span class='ocr_line' id='line_1_13' title="bbox 241 1319 1836 1403; baseline -0.009 -16"><span class='ocrx_word' id='word_1_76' title='bbox 241 1342 491 1403; x_wconf 83' lang='lat' dir='ltr'><strong>tegrum,</strong></span> <span class='ocrx_word' id='word_1_77' title='bbox 550 1332 642 1385; x_wconf 90' lang='lat' dir='ltr'><strong>ubi</strong></span> <span class='ocrx_word' id='word_1_78' title='bbox 695 1330 839 1384; x_wconf 84' lang='lat' dir='ltr'><strong>rodit</strong></span> <span class='ocrx_word' id='word_1_79' title='bbox 886 1328 1133 1382; x_wconf 80' lang='lat' dir='ltr'><strong>anxietas</strong></span> <span class='ocrx_word' id='word_1_80' title='bbox 1180 1323 1527 1379; x_wconf 68' lang='lat' dir='ltr'><strong>conscientire</strong></span> <span class='ocrx_word' id='word_1_81' title='bbox 1566 1319 1836 1376; x_wconf 88' lang='lat' dir='ltr'><strong>mordacis</strong></span> 
     </span>
    </p>
   </div>
   <div class='ocr_carea' id='block_1_14' title="bbox 242 1411 1838 1487">
    <p class='ocr_par' dir='ltr' id='par_1_14' title="bbox 242 1411 1838 1487">
     <span class='ocr_line' id='line_1_14' title="bbox 242 1411 1838 1487; baseline -0.008 -12"><span class='ocrx_word' id='word_1_82' title='bbox 242 1421 557 1477; x_wconf 69' lang='lat' dir='ltr'><strong>allectum?</strong></span> <span class='ocrx_word' id='word_1_83' title='bbox 594 1420 651 1476; x_wconf 91' lang='lat' dir='ltr'><strong>Si</strong></span> <span class='ocrx_word' id='word_1_84' title='bbox 694 1419 863 1481; x_wconf 91' lang='lat' dir='ltr'><strong>enim,</strong></span> <span class='ocrx_word' id='word_1_85' title='bbox 895 1417 1049 1487; x_wconf 88' lang='lat' dir='ltr'><strong>juxta</strong></span> <span class='ocrx_word' id='word_1_86' title='bbox 1084 1415 1428 1469; x_wconf 88' lang='lat' dir='ltr'><strong>Salomonem</strong></span> <span class='ocrx_word' id='word_1_87' title='bbox 1475 1430 1489 1466; x_wconf 89' lang='lat'><strong>:</strong></span> <span class='ocrx_word' id='word_1_88' title='bbox 1548 1430 1567 1463; x_wconf 85' lang='grc' dir='ltr'><strong>ι</strong></span> <span class='ocrx_word' id='word_1_89' title='bbox 1610 1411 1838 1465; x_wconf 80' lang='lat' dir='ltr'><strong>Animus</strong></span> 
     </span>
    </p>
   </div>
   <div class='ocr_carea' id='block_1_15' title="bbox 242 1499 1831 1580">
    <p class='ocr_par' dir='ltr' id='par_1_15' title="bbox 242 1499 1831 1580">
     <span class='ocr_line' id='line_1_15' title="bbox 242 1499 1831 1580; baseline -0.009 -16"><span class='ocrx_word' id='word_1_90' title='bbox 242 1510 500 1580; x_wconf 81' lang='lat' dir='ltr'><strong>gaudens</strong></span> <span class='ocrx_word' id='word_1_91' title='bbox 527 1518 741 1564; x_wconf 67' lang='lat' dir='ltr'><strong>aetatem</strong></span> <span class='ocrx_word' id='word_1_92' title='bbox 787 1506 1031 1562; x_wconf 84' lang='lat' dir='ltr'><strong>ﬂoridam</strong></span> <span class='ocrx_word' id='word_1_93' title='bbox 1077 1505 1209 1559; x_wconf 83' lang='lat' dir='ltr'><strong>facit</strong></span> <span class='ocrx_word' id='word_1_94' title='bbox 1253 1502 1437 1573; x_wconf 82' lang='lat' dir='ltr'><strong>(Prov.</strong></span> <span class='ocrx_word' id='word_1_95' title='bbox 1476 1517 1609 1566; x_wconf 85' lang='lat' dir='ltr'><strong>xvn,</strong></span> <span class='ocrx_word' id='word_1_96' title='bbox 1645 1499 1760 1570; x_wconf 68' lang='lat'><strong>22),</strong></span> <span class='ocrx_word' id='word_1_97' title='bbox 1814 1518 1831 1550; x_wconf 78' lang='grc' dir='ltr'><strong>ι</strong></span> 
     </span>
    </p>
   </div>
   <div class='ocr_carea' id='block_1_16' title="bbox 243 1591 1839 1669">
    <p class='ocr_par' dir='ltr' id='par_1_16' title="bbox 243 1591 1839 1669">
     <span class='ocr_line' id='line_1_16' title="bbox 243 1591 1839 1669; baseline -0.006 -15"><span class='ocrx_word' id='word_1_98' title='bbox 243 1610 305 1654; x_wconf 91' lang='lat' dir='ltr'><strong>et</strong></span> <span class='ocrx_word' id='word_1_99' title='bbox 351 1602 400 1655; x_wconf 87' lang='lat' dir='ltr'><strong>is</strong></span> <span class='ocrx_word' id='word_1_100' title='bbox 451 1616 577 1656; x_wconf 89' lang='lat' dir='ltr'><strong>esse</strong></span> <span class='ocrx_word' id='word_1_101' title='bbox 626 1598 971 1669; x_wconf 86' lang='lat' dir='ltr'><strong>cognoscitur</strong></span> <span class='ocrx_word' id='word_1_102' title='bbox 1010 1596 1315 1667; x_wconf 89' lang='lat' dir='ltr'><strong>paradisus,</strong></span> <span class='ocrx_word' id='word_1_103' title='bbox 1364 1608 1525 1663; x_wconf 88' lang='lat' dir='ltr'><strong>quem</strong></span> <span class='ocrx_word' id='word_1_104' title='bbox 1568 1594 1636 1648; x_wconf 92' lang='lat' dir='ltr'><strong>ab</strong></span> <span class='ocrx_word' id='word_1_105' title='bbox 1686 1591 1839 1646; x_wconf 90' lang='lat' dir='ltr'><strong>initio</strong></span> 
     </span>
    </p>
   </div>
   <div class='ocr_carea' id='block_1_17' title="bbox 241 1683 1841 1762">
    <p class='ocr_par' dir='ltr' id='par_1_17' title="bbox 241 1683 1841 1762">
     <span class='ocr_line' id='line_1_17' title="bbox 241 1683 1841 1762; baseline -0.008 -14"><span class='ocrx_word' id='word_1_106' title='bbox 241 1692 524 1748; x_wconf 84' lang='lat' dir='ltr'><strong>Dominus</strong></span> <span class='ocrx_word' id='word_1_107' title='bbox 565 1690 891 1762; x_wconf 89' lang='lat' dir='ltr'><strong>plantaverit</strong></span> <span class='ocrx_word' id='word_1_108' title='bbox 941 1686 1092 1757; x_wconf 75' lang='lat' dir='ltr'><strong>(Gen.</strong></span> <span class='ocrx_word' id='word_1_109' title='bbox 1134 1703 1194 1749; x_wconf 85' lang='lat' dir='ltr'><strong>tt,</strong></span> <span class='ocrx_word' id='word_1_110' title='bbox 1244 1685 1340 1755; x_wconf 90' lang='grc'><strong>8),</strong></span> <span class='ocrx_word' id='word_1_111' title='bbox 1388 1683 1841 1739; x_wconf 88' lang='lat' dir='ltr'><strong>intellectualibus</strong></span> 
     </span>
    </p>
   </div>
   <div class='ocr_carea' id='block_1_18' title="bbox 242 1775 1842 1852">
    <p class='ocr_par' dir='ltr' id='par_1_18' title="bbox 242 1775 1842 1852">
     <span class='ocr_line' id='line_1_18' title="bbox 242 1775 1842 1852; baseline -0.004 -17"><span class='ocrx_word' id='word_1_112' title='bbox 242 1782 517 1838; x_wconf 78' lang='lat' dir='ltr'><strong>Videlicet</strong></span> <span class='ocrx_word' id='word_1_113' title='bbox 563 1782 880 1852; x_wconf 77' lang='lat' dir='ltr'><strong>angelorum</strong></span> <span class='ocrx_word' id='word_1_114' title='bbox 942 1788 998 1836; x_wconf 90' lang='lat' dir='ltr'><strong>et</strong></span> <span class='ocrx_word' id='word_1_115' title='bbox 1064 1777 1346 1835; x_wconf 87' lang='lat' dir='ltr'><strong>hominum</strong></span> <span class='ocrx_word' id='word_1_116' title='bbox 1395 1776 1596 1845; x_wconf 77' lang='lat' dir='ltr'><strong>animis</strong></span> <span class='ocrx_word' id='word_1_117' title='bbox 1667 1775 1842 1845; x_wconf 91' lang='lat' dir='ltr'><strong>primo</strong></span> 
     </span>
    </p>
   </div>
   <div class='ocr_carea' id='block_1_19' title="bbox 1933 576 3515 653">
    <p class='ocr_par' dir='ltr' id='par_1_19' title="bbox 1933 576 3515 653">
     <span class='ocr_line' id='line_1_19' title="bbox 1933 576 3515 653; baseline -0.008 -14"><span class='ocrx_word' id='word_1_118' title='bbox 1933 585 2074 653; x_wconf 90' lang='lat' dir='ltr'><strong>quod</strong></span> <span class='ocrx_word' id='word_1_119' title='bbox 2104 597 2168 636; x_wconf 87' lang='lat' dir='ltr'><strong>ex</strong></span> <span class='ocrx_word' id='word_1_120' title='bbox 2214 581 2384 635; x_wconf 84' lang='lat' dir='ltr'><strong>Adam</strong></span> <span class='ocrx_word' id='word_1_121' title='bbox 2418 580 2532 649; x_wconf 85' lang='lat' dir='ltr'><strong>lege</strong></span> <span class='ocrx_word' id='word_1_122' title='bbox 2577 578 2844 634; x_wconf 88' lang='lat' dir='ltr'><strong>debuerit.</strong></span> <span class='ocrx_word' id='word_1_123' title='bbox 2890 578 3061 646; x_wconf 87' lang='lat' dir='ltr'><strong>Quam</strong></span> <span class='ocrx_word' id='word_1_124' title='bbox 3093 592 3220 647; x_wconf 86' lang='lat' dir='ltr'><strong>ergo</strong></span> <span class='ocrx_word' id='word_1_125' title='bbox 3256 576 3515 631; x_wconf 74' lang='lat' dir='ltr'><strong>similitu-</strong></span> 
     </span>
    </p>
   </div>
   <div class='ocr_carea' id='block_1_20' title="bbox 1930 667 3512 740">
    <p class='ocr_par' dir='ltr' id='par_1_20' title="bbox 1930 667 3512 740">
     <span class='ocr_line' id='line_1_20' title="bbox 1930 667 3512 740; baseline -0.009 -8"><span class='ocrx_word' id='word_1_126' title='bbox 1930 678 2110 731; x_wconf 88' lang='lat' dir='ltr'><strong>dinem</strong></span> <span class='ocrx_word' id='word_1_127' title='bbox 2149 673 2351 728; x_wconf 86' lang='lat' dir='ltr'><strong>Christi</strong></span> <span class='ocrx_word' id='word_1_128' title='bbox 2395 671 2670 740; x_wconf 90' lang='lat' dir='ltr'><strong>passibilis</strong></span> <span class='ocrx_word' id='word_1_129' title='bbox 2728 680 2783 725; x_wconf 88' lang='lat' dir='ltr'><strong>et</strong></span> <span class='ocrx_word' id='word_1_130' title='bbox 2814 670 3064 725; x_wconf 90' lang='lat' dir='ltr'><strong>mortalis</strong></span> <span class='ocrx_word' id='word_1_131' title='bbox 3105 668 3373 724; x_wconf 81' lang='lat' dir='ltr'><strong>sacrificio</strong></span> <span class='ocrx_word' id='word_1_132' title='bbox 3403 667 3512 721; x_wconf 86' lang='lat' dir='ltr'><strong>Do-</strong></span> 
     </span>
    </p>
   </div>
   <div class='ocr_carea' id='block_1_21' title="bbox 1933 757 3514 831">
    <p class='ocr_par' dir='ltr' id='par_1_21' title="bbox 1933 757 3514 831">
     <span class='ocr_line' id='line_1_21' title="bbox 1933 757 3514 831; baseline -0.005 -12"><span class='ocrx_word' id='word_1_133' title='bbox 1933 764 2117 819; x_wconf 91' lang='lat' dir='ltr'><strong>minici</strong></span> <span class='ocrx_word' id='word_1_134' title='bbox 2167 762 2414 831; x_wconf 87' lang='lat' dir='ltr'><strong>corporis</strong></span> <span class='ocrx_word' id='word_1_135' title='bbox 2460 770 2514 815; x_wconf 92' lang='lat' dir='ltr'><strong>et</strong></span> <span class='ocrx_word' id='word_1_136' title='bbox 2556 761 2836 829; x_wconf 79' lang='lat' dir='ltr'><strong>sanguinis</strong></span> <span class='ocrx_word' id='word_1_137' title='bbox 2886 762 3114 831; x_wconf 83' lang='lat' dir='ltr'><strong>irrogas,</strong></span> <span class='ocrx_word' id='word_1_138' title='bbox 3157 775 3316 828; x_wconf 86' lang='lat' dir='ltr'><strong>quem</strong></span> <span class='ocrx_word' id='word_1_139' title='bbox 3350 757 3514 812; x_wconf 88' lang='lat' dir='ltr'><strong>certis</strong></span> 
     </span>
    </p>
   </div>
   <div class='ocr_carea' id='block_1_22' title="bbox 1933 850 3517 924">
    <p class='ocr_par' dir='ltr' id='par_1_22' title="bbox 1933 850 3517 924">
     <span class='ocr_line' id='line_1_22' title="bbox 1933 850 3517 924; baseline -0.006 -11"><span class='ocrx_word' id='word_1_140' title='bbox 1933 873 1999 913; x_wconf 81' lang='lat' dir='ltr'><strong>ex</strong></span> <span class='ocrx_word' id='word_1_141' title='bbox 2028 856 2108 911; x_wconf 89' lang='lat' dir='ltr'><strong>sui</strong></span> <span class='ocrx_word' id='word_1_142' title='bbox 2146 855 2316 924; x_wconf 89' lang='lat' dir='ltr'><strong>ipsius</strong></span> <span class='ocrx_word' id='word_1_143' title='bbox 2360 867 2458 907; x_wconf 90' lang='lat' dir='ltr'><strong>ore</strong></span> <span class='ocrx_word' id='word_1_144' title='bbox 2488 854 2773 907; x_wconf 90' lang='lat' dir='ltr'><strong>sententiis</strong></span> <span class='ocrx_word' id='word_1_145' title='bbox 2813 854 3174 907; x_wconf 87' lang='lat' dir='ltr'><strong>immortalem</strong></span> <span class='ocrx_word' id='word_1_146' title='bbox 3210 850 3517 921; x_wconf 88' lang='lat' dir='ltr'><strong>impassibi-</strong></span> 
     </span>
    </p>
   </div>
   <div class='ocr_carea' id='block_1_23' title="bbox 1933 943 3520 1016">
    <p class='ocr_par' dir='ltr' id='par_1_23' title="bbox 1933 943 3520 1016">
     <span class='ocr_line' id='line_1_23' title="bbox 1933 943 3520 1016; baseline -0.006 -13"><span class='ocrx_word' id='word_1_147' title='bbox 1933 949 2145 1016; x_wconf 89' lang='lat' dir='ltr'><strong>lemque</strong></span> <span class='ocrx_word' id='word_1_148' title='bbox 2185 947 2325 1001; x_wconf 89' lang='lat' dir='ltr'><strong>scire</strong></span> <span class='ocrx_word' id='word_1_149' title='bbox 2371 945 2670 998; x_wconf 86' lang='lat' dir='ltr'><strong>debueras?</strong></span> <span class='ocrx_word' id='word_1_150' title='bbox 2725 962 2741 993; x_wconf 79' lang='grc' dir='ltr'><strong>ι</strong></span> <span class='ocrx_word' id='word_1_151' title='bbox 2790 944 2995 1006; x_wconf 85' lang='lat' dir='ltr'><strong>Nullus,</strong></span> <span class='ocrx_word' id='word_1_152' title='bbox 3028 945 3231 1014; x_wconf 87' lang='lat' dir='ltr'><strong>inquit,</strong></span> <span class='ocrx_word' id='word_1_153' title='bbox 3270 943 3520 998; x_wconf 90' lang='lat' dir='ltr'><strong>ascendit</strong></span> 
     </span>
    </p>
   </div>
   <div class='ocr_carea' id='block_1_24' title="bbox 1936 1030 3515 1101">
    <p class='ocr_par' dir='ltr' id='par_1_24' title="bbox 1936 1030 3515 1101">
     <span class='ocr_line' id='line_1_24' title="bbox 1936 1030 3515 1101; baseline -0.006 -8"><span class='ocrx_word' id='word_1_154' title='bbox 1936 1039 1989 1093; x_wconf 92' lang='lat' dir='ltr'><strong>in</strong></span> <span class='ocrx_word' id='word_1_155' title='bbox 2019 1038 2235 1099; x_wconf 72' lang='lat' dir='ltr'><strong>cmlum,</strong></span> <span class='ocrx_word' id='word_1_156' title='bbox 2264 1034 2366 1089; x_wconf 89' lang='lat' dir='ltr'><strong>nisi</strong></span> <span class='ocrx_word' id='word_1_157' title='bbox 2400 1034 2568 1087; x_wconf 85' lang='lat' dir='ltr'><strong>Filius</strong></span> <span class='ocrx_word' id='word_1_158' title='bbox 2598 1032 2832 1086; x_wconf 87' lang='lat' dir='ltr'><strong>hominis</strong></span> <span class='ocrx_word' id='word_1_159' title='bbox 2862 1034 2951 1099; x_wconf 87' lang='lat' dir='ltr'><strong>qui</strong></span> <span class='ocrx_word' id='word_1_160' title='bbox 2982 1035 3140 1087; x_wconf 90' lang='lat' dir='ltr'><strong>estin</strong></span> <span class='ocrx_word' id='word_1_161' title='bbox 3172 1034 3307 1088; x_wconf 55' lang='lat' dir='ltr'><strong>coelo</strong></span> <span class='ocrx_word' id='word_1_162' title='bbox 3333 1030 3515 1101; x_wconf 78' lang='lat' dir='ltr'><strong>(Joan.</strong></span> 
     </span>
    </p>
   </div>
   <div class='ocr_carea' id='block_1_25' title="bbox 1935 1123 3520 1195">
    <p class='ocr_par' dir='ltr' id='par_1_25' title="bbox 1935 1123 3520 1195">
     <span class='ocr_line' id='line_1_25' title="bbox 1935 1123 3520 1195; baseline -0.004 -12"><span class='ocrx_word' id='word_1_163' title='bbox 1935 1145 2036 1194; x_wconf 89' lang='grc' dir='ltr'>ιιι,</span> <span class='ocrx_word' id='word_1_164' title='bbox 2087 1130 2199 1195; x_wconf 77' lang='grc'><strong>15),</strong></span> <span class='ocrx_word' id='word_1_165' title='bbox 2243 1146 2262 1178; x_wconf 78' lang='grc' dir='ltr'><strong>ι</strong></span> <span class='ocrx_word' id='word_1_166' title='bbox 2316 1135 2369 1181; x_wconf 92' lang='lat' dir='ltr'><strong>et</strong></span> <span class='ocrx_word' id='word_1_167' title='bbox 2400 1125 2524 1180; x_wconf 87' lang='lat' dir='ltr'><strong>alibi</strong></span> <span class='ocrx_word' id='word_1_168' title='bbox 2558 1142 2571 1177; x_wconf 88' lang='lat'><strong>:</strong></span> <span class='ocrx_word' id='word_1_169' title='bbox 2614 1142 2631 1174; x_wconf 80' lang='grc' dir='ltr'><strong>ι</strong></span> <span class='ocrx_word' id='word_1_170' title='bbox 2666 1124 2776 1193; x_wconf 86' lang='lat' dir='ltr'><strong>Ego</strong></span> <span class='ocrx_word' id='word_1_171' title='bbox 2806 1124 2856 1177; x_wconf 92' lang='lat' dir='ltr'><strong>in</strong></span> <span class='ocrx_word' id='word_1_172' title='bbox 2886 1123 3047 1177; x_wconf 87' lang='lat' dir='ltr'><strong>Patre</strong></span> <span class='ocrx_word' id='word_1_173' title='bbox 3076 1133 3129 1177; x_wconf 92' lang='lat' dir='ltr'><strong>et</strong></span> <span class='ocrx_word' id='word_1_174' title='bbox 3162 1124 3323 1178; x_wconf 91' lang='lat' dir='ltr'><strong>Pater</strong></span> <span class='ocrx_word' id='word_1_175' title='bbox 3344 1125 3398 1179; x_wconf 89' lang='lat' dir='ltr'><strong>in</strong></span> <span class='ocrx_word' id='word_1_176' title='bbox 3432 1137 3520 1177; x_wconf 90' lang='lat' dir='ltr'><strong>me</strong></span> 
     </span>
    </p>
   </div>
   <div class='ocr_carea' id='block_1_26' title="bbox 1935 1214 3518 1291">
    <p class='ocr_par' dir='ltr' id='par_1_26' title="bbox 1935 1214 3518 1291">
     <span class='ocr_line' id='line_1_26' title="bbox 1935 1214 3518 1291; baseline -0.006 -15"><span class='ocrx_word' id='word_1_177' title='bbox 1935 1230 2019 1276; x_wconf 89' lang='lat' dir='ltr'><strong>est</strong></span> <span class='ocrx_word' id='word_1_178' title='bbox 2083 1219 2283 1291; x_wconf 85' lang='lat' dir='ltr'><strong>(Joan.</strong></span> <span class='ocrx_word' id='word_1_179' title='bbox 2335 1234 2447 1283; x_wconf 81' lang='lat' dir='ltr'><strong>xiv,</strong></span> <span class='ocrx_word' id='word_1_180' title='bbox 2496 1215 2637 1285; x_wconf 78' lang='grc'><strong>10),</strong></span> <span class='ocrx_word' id='word_1_181' title='bbox 2686 1234 2703 1266; x_wconf 78' lang='grc' dir='ltr'><strong>ι</strong></span> <span class='ocrx_word' id='word_1_182' title='bbox 2755 1224 2811 1269; x_wconf 90' lang='lat' dir='ltr'><strong>et</strong></span> <span class='ocrx_word' id='word_1_183' title='bbox 2867 1214 3032 1268; x_wconf 91' lang='lat' dir='ltr'><strong>multa</strong></span> <span class='ocrx_word' id='word_1_184' title='bbox 3082 1216 3273 1269; x_wconf 89' lang='lat' dir='ltr'><strong>horum</strong></span> <span class='ocrx_word' id='word_1_185' title='bbox 3321 1214 3518 1269; x_wconf 85' lang='lat' dir='ltr'><strong>similia</strong></span> 
     </span>
    </p>
   </div>
   <div class='ocr_carea' id='block_1_27' title="bbox 1938 1304 3521 1378">
    <p class='ocr_par' dir='ltr' id='par_1_27' title="bbox 1938 1304 3521 1378">
     <span class='ocr_line' id='line_1_27' title="bbox 1938 1304 3521 1378; baseline -0.006 -15"><span class='ocrx_word' id='word_1_186' title='bbox 1938 1321 2227 1378; x_wconf 86' lang='lat' dir='ltr'><strong>antequam</strong></span> <span class='ocrx_word' id='word_1_187' title='bbox 2280 1323 2342 1361; x_wconf 90' lang='lat' dir='ltr'><strong>ex</strong></span> <span class='ocrx_word' id='word_1_188' title='bbox 2394 1307 2495 1360; x_wconf 90' lang='lat' dir='ltr'><strong>hoc</strong></span> <span class='ocrx_word' id='word_1_189' title='bbox 2556 1305 2758 1360; x_wconf 91' lang='lat' dir='ltr'><strong>mundo</strong></span> <span class='ocrx_word' id='word_1_190' title='bbox 2821 1304 3079 1358; x_wconf 89' lang='lat' dir='ltr'><strong>transiret</strong></span> <span class='ocrx_word' id='word_1_191' title='bbox 3134 1304 3200 1356; x_wconf 89' lang='lat' dir='ltr'><strong>de</strong></span> <span class='ocrx_word' id='word_1_192' title='bbox 3250 1318 3347 1357; x_wconf 87' lang='lat' dir='ltr'><strong>sua</strong></span> <span class='ocrx_word' id='word_1_193' title='bbox 3397 1317 3521 1356; x_wconf 91' lang='lat' dir='ltr'><strong>cum</strong></span> 
     </span>
    </p>
   </div>
   <div class='ocr_carea' id='block_1_28' title="bbox 1938 1393 3525 1456">
    <p class='ocr_par' dir='ltr' id='par_1_28' title="bbox 1938 1393 3525 1456">
     <span class='ocr_line' id='line_1_28' title="bbox 1938 1393 3525 1456; baseline -0.006 -1"><span class='ocrx_word' id='word_1_194' title='bbox 1938 1402 2099 1456; x_wconf 86' lang='lat' dir='ltr'><strong>Patre</strong></span> <span class='ocrx_word' id='word_1_195' title='bbox 2129 1396 2695 1454; x_wconf 89' lang='lat' dir='ltr'><strong>consubstantialitate</strong></span> <span class='ocrx_word' id='word_1_196' title='bbox 2725 1396 3138 1450; x_wconf 84' lang='lat' dir='ltr'><strong>commendans.</strong></span> <span class='ocrx_word' id='word_1_197' title='bbox 3169 1394 3223 1448; x_wconf 90' lang='lat' dir='ltr'><strong>Si</strong></span> <span class='ocrx_word' id='word_1_198' title='bbox 3258 1394 3397 1447; x_wconf 77' lang='lat' dir='ltr'><strong>[ilius</strong></span> <span class='ocrx_word' id='word_1_199' title='bbox 3430 1393 3525 1447; x_wconf 87' lang='lat' dir='ltr'><strong>bo-</strong></span> 
     </span>
    </p>
   </div>
   <div class='ocr_carea' id='block_1_29' title="bbox 1941 1481 3526 1552">
    <p class='ocr_par' dir='ltr' id='par_1_29' title="bbox 1941 1481 3526 1552">
     <span class='ocr_line' id='line_1_29' title="bbox 1941 1481 3526 1552; baseline -0.008 -7"><span class='ocrx_word' id='word_1_200' title='bbox 1941 1491 2103 1545; x_wconf 91' lang='lat' dir='ltr'><strong>minis</strong></span> <span class='ocrx_word' id='word_1_201' title='bbox 2134 1490 2186 1542; x_wconf 91' lang='lat' dir='ltr'><strong>in</strong></span> <span class='ocrx_word' id='word_1_202' title='bbox 2213 1488 2352 1543; x_wconf 61' lang='lat' dir='ltr'><strong>caelo</strong></span> <span class='ocrx_word' id='word_1_203' title='bbox 2379 1494 2481 1552; x_wconf 89' lang='lat' dir='ltr'><strong>est,</strong></span> <span class='ocrx_word' id='word_1_204' title='bbox 2513 1495 2567 1540; x_wconf 90' lang='lat' dir='ltr'><strong>et</strong></span> <span class='ocrx_word' id='word_1_205' title='bbox 2595 1485 2663 1539; x_wconf 93' lang='lat' dir='ltr'><strong>ibi</strong></span> <span class='ocrx_word' id='word_1_206' title='bbox 2710 1501 2874 1538; x_wconf 90' lang='lat' dir='ltr'><strong>unum</strong></span> <span class='ocrx_word' id='word_1_207' title='bbox 2904 1500 3025 1539; x_wconf 92' lang='lat' dir='ltr'><strong>cum</strong></span> <span class='ocrx_word' id='word_1_208' title='bbox 3054 1485 3219 1538; x_wconf 83' lang='lat' dir='ltr'><strong>Patre</strong></span> <span class='ocrx_word' id='word_1_209' title='bbox 3250 1492 3354 1536; x_wconf 89' lang='lat' dir='ltr'><strong>est.</strong></span> <span class='ocrx_word' id='word_1_210' title='bbox 3388 1481 3526 1534; x_wconf 83' lang='lat' dir='ltr'><strong>Dicit</strong></span> 
     </span>
    </p>
   </div>
   <div class='ocr_carea' id='block_1_30' title="bbox 1939 1573 3524 1647">
    <p class='ocr_par' dir='ltr' id='par_1_30' title="bbox 1939 1573 3524 1647">
     <span class='ocr_line' id='line_1_30' title="bbox 1939 1573 3524 1647; baseline -0.007 -12"><span class='ocrx_word' id='word_1_211' title='bbox 1939 1582 2083 1635; x_wconf 89' lang='lat' dir='ltr'><strong>enim</strong></span> <span class='ocrx_word' id='word_1_212' title='bbox 2132 1578 2266 1632; x_wconf 88' lang='lat' dir='ltr'><strong>alias</strong></span> <span class='ocrx_word' id='word_1_213' title='bbox 2296 1595 2309 1631; x_wconf 90' lang='lat'><strong>:</strong></span> <span class='ocrx_word' id='word_1_214' title='bbox 2353 1597 2371 1629; x_wconf 80' lang='grc' dir='ltr'><strong>ι</strong></span> <span class='ocrx_word' id='word_1_215' title='bbox 2404 1578 2538 1647; x_wconf 87' lang='lat' dir='ltr'><strong>Ego,</strong></span> <span class='ocrx_word' id='word_1_216' title='bbox 2573 1575 2771 1645; x_wconf 86' lang='lat' dir='ltr'><strong>inquit,</strong></span> <span class='ocrx_word' id='word_1_217' title='bbox 2803 1576 2868 1629; x_wconf 90' lang='lat' dir='ltr'><strong>de</strong></span> <span class='ocrx_word' id='word_1_218' title='bbox 2913 1576 3162 1644; x_wconf 84' lang='lat' dir='ltr'><strong>supernis</strong></span> <span class='ocrx_word' id='word_1_219' title='bbox 3186 1573 3351 1644; x_wconf 59' lang='lat'><strong>348</strong></span> <span class='ocrx_word' id='word_1_220' title='bbox 3405 1589 3524 1627; x_wconf 91' lang='lat' dir='ltr'><strong>sum</strong></span> 
     </span>
    </p>
   </div>
   <div class='ocr_carea' id='block_1_31' title="bbox 1944 1664 3529 1741">
    <p class='ocr_par' dir='ltr' id='par_1_31' title="bbox 1944 1664 3529 1741">
     <span class='ocr_line' id='line_1_31' title="bbox 1944 1664 3529 1741; baseline -0.005 -17"><span class='ocrx_word' id='word_1_221' title='bbox 1944 1670 2127 1741; x_wconf 81' lang='lat' dir='ltr'><strong>(Jonn.</strong></span> <span class='ocrx_word' id='word_1_222' title='bbox 2158 1685 2274 1732; x_wconf 84' lang='lat' dir='ltr'><strong>vm,</strong></span> <span class='ocrx_word' id='word_1_223' title='bbox 2307 1668 2433 1738; x_wconf 73' lang='lat'><strong>2&#39;5);</strong></span> <span class='ocrx_word' id='word_1_224' title='bbox 2470 1687 2488 1718; x_wconf 74' lang='grc' dir='ltr'><strong>ι</strong></span> <span class='ocrx_word' id='word_1_225' title='bbox 2535 1668 2678 1736; x_wconf 91' lang='lat' dir='ltr'><strong>quod</strong></span> <span class='ocrx_word' id='word_1_226' title='bbox 2713 1682 2819 1720; x_wconf 89' lang='lat' dir='ltr'><strong>non</strong></span> <span class='ocrx_word' id='word_1_227' title='bbox 2858 1676 2941 1719; x_wconf 90' lang='lat' dir='ltr'><strong>est</strong></span> <span class='ocrx_word' id='word_1_228' title='bbox 2979 1664 3122 1719; x_wconf 85' lang='lat' dir='ltr'><strong>aliud</strong></span> <span class='ocrx_word' id='word_1_229' title='bbox 3163 1680 3324 1734; x_wconf 87' lang='lat' dir='ltr'><strong>quam</strong></span> <span class='ocrx_word' id='word_1_230' title='bbox 3370 1665 3415 1717; x_wconf 88' lang='lat' dir='ltr'><strong>si</strong></span> <span class='ocrx_word' id='word_1_231' title='bbox 3447 1664 3529 1716; x_wconf 84' lang='lat' dir='ltr'><strong>di-</strong></span> 
     </span>
    </p>
   </div>
   <div class='ocr_carea' id='block_1_32' title="bbox 1943 1754 3529 1827">
    <p class='ocr_par' dir='ltr' id='par_1_32' title="bbox 1943 1754 3529 1827">
     <span class='ocr_line' id='line_1_32' title="bbox 1943 1754 3529 1827; baseline -0.003 -13"><span class='ocrx_word' id='word_1_232' title='bbox 1943 1768 2135 1815; x_wconf 88' lang='lat' dir='ltr'><strong>ceret:</strong></span> <span class='ocrx_word' id='word_1_233' title='bbox 2179 1759 2289 1827; x_wconf 83' lang='lat' dir='ltr'><strong>Ego</strong></span> <span class='ocrx_word' id='word_1_234' title='bbox 2329 1759 2381 1811; x_wconf 92' lang='lat' dir='ltr'><strong>in</strong></span> <span class='ocrx_word' id='word_1_235' title='bbox 2419 1755 2624 1827; x_wconf 86' lang='lat' dir='ltr'><strong>Spiritu</strong></span> <span class='ocrx_word' id='word_1_236' title='bbox 2656 1755 2976 1826; x_wconf 86' lang='lat' dir='ltr'><strong>principali,</strong></span> <span class='ocrx_word' id='word_1_237' title='bbox 3022 1756 3165 1824; x_wconf 93' lang='lat' dir='ltr'><strong>quod</strong></span> <span class='ocrx_word' id='word_1_238' title='bbox 3216 1764 3301 1809; x_wconf 89' lang='lat' dir='ltr'><strong>est</strong></span> <span class='ocrx_word' id='word_1_239' title='bbox 3345 1754 3529 1809; x_wconf 89' lang='lat' dir='ltr'><strong>Pater.</strong></span> 
     </span>
    </p>
   </div>
   <div class='ocr_carea' id='block_1_33' title="bbox 243 1846 1858 1940">
    <p class='ocr_par' dir='ltr' id='par_1_33' title="bbox 243 1865 1841 1940">
     <span class='ocr_line' id='line_1_33' title="bbox 243 1865 1841 1940; baseline -0.006 -13"><span class='ocrx_word' id='word_1_240' title='bbox 243 1871 550 1937; x_wconf 85' lang='lat' dir='ltr'><strong>inseverit,</strong></span> <span class='ocrx_word' id='word_1_241' title='bbox 599 1871 727 1926; x_wconf 89' lang='lat' dir='ltr'><strong>licet</strong></span> <span class='ocrx_word' id='word_1_242' title='bbox 760 1870 1037 1940; x_wconf 89' lang='lat' dir='ltr'><strong>plerisque</strong></span> <span class='ocrx_word' id='word_1_243' title='bbox 1084 1867 1418 1938; x_wconf 81' lang='lat' dir='ltr'><strong>angelorum,</strong></span> <span class='ocrx_word' id='word_1_244' title='bbox 1469 1880 1529 1920; x_wconf 89' lang='lat' dir='ltr'><strong>se</strong></span> <span class='ocrx_word' id='word_1_245' title='bbox 1565 1865 1711 1919; x_wconf 92' lang='lat' dir='ltr'><strong>omni</strong></span> <span class='ocrx_word' id='word_1_246' title='bbox 1745 1879 1841 1918; x_wconf 90' lang='lat' dir='ltr'><strong>na-</strong></span> 
     </span>
    </p>
   </div>
   <div class='ocr_carea' id='block_1_34' title="bbox 1966 1846 3532 1940">
    <p class='ocr_par' dir='ltr' id='par_1_34' title="bbox 1966 1846 3532 1917">
     <span class='ocr_line' id='line_1_34' title="bbox 1966 1846 3532 1917; baseline -0.004 -14"><span class='ocrx_word' id='word_1_247' title='bbox 1966 1866 2086 1903; x_wconf 56' lang='lat' dir='ltr'><strong>sum.</strong></span> <span class='ocrx_word' id='word_1_248' title='bbox 2138 1848 2310 1916; x_wconf 87' lang='lat' dir='ltr'><strong>Quam</strong></span> <span class='ocrx_word' id='word_1_249' title='bbox 2354 1847 2797 1917; x_wconf 85' lang='lat' dir='ltr'><strong>passibilitatem,</strong></span> <span class='ocrx_word' id='word_1_250' title='bbox 2836 1862 2997 1915; x_wconf 90' lang='lat' dir='ltr'><strong>quam</strong></span> <span class='ocrx_word' id='word_1_251' title='bbox 3029 1861 3243 1915; x_wconf 89' lang='lat' dir='ltr'><strong>quoque</strong></span> <span class='ocrx_word' id='word_1_252' title='bbox 3289 1846 3532 1902; x_wconf 76' lang='lat' dir='ltr'><strong>mortall-</strong></span> 
     </span>
    </p>
   </div>
   <div class='ocr_carea' id='block_1_35' title="bbox 245 1956 1836 2032">
    <p class='ocr_par' dir='ltr' id='par_1_35' title="bbox 245 1956 1836 2032">
     <span class='ocr_line' id='line_1_35' title="bbox 245 1956 1836 2032; baseline -0.006 -12"><span class='ocrx_word' id='word_1_253' title='bbox 245 1973 398 2020; x_wconf 70' lang='lat' dir='ltr'><strong>turae</strong></span> <span class='ocrx_word' id='word_1_254' title='bbox 426 1964 709 2019; x_wconf 88' lang='lat' dir='ltr'><strong>hominum</strong></span> <span class='ocrx_word' id='word_1_255' title='bbox 741 1960 1122 2032; x_wconf 73' lang='lat' dir='ltr'><strong>perfunctorize</strong></span> <span class='ocrx_word' id='word_1_256' title='bbox 1142 1960 1395 2015; x_wconf 90' lang='lat' dir='ltr'><strong>stationis</strong></span> <span class='ocrx_word' id='word_1_257' title='bbox 1424 1958 1564 2023; x_wconf 90' lang='lat' dir='ltr'><strong>loca,</strong></span> <span class='ocrx_word' id='word_1_258' title='bbox 1590 1956 1683 2012; x_wconf 91' lang='lat' dir='ltr'><strong>sed</strong></span> <span class='ocrx_word' id='word_1_259' title='bbox 1716 1971 1836 2010; x_wconf 86' lang='lat' dir='ltr'><strong>mox</strong></span> 
     </span>
    </p>
   </div>
   <div class='ocr_carea' id='block_1_36' title="bbox 244 2047 1845 2123">
    <p class='ocr_par' dir='ltr' id='par_1_36' title="bbox 244 2047 1845 2123">
     <span class='ocr_line' id='line_1_36' title="bbox 244 2047 1845 2123; baseline -0.006 -14"><span class='ocrx_word' id='word_1_260' title='bbox 244 2055 501 2110; x_wconf 87' lang='lat' dir='ltr'><strong>desitura</strong></span> <span class='ocrx_word' id='word_1_261' title='bbox 534 2053 845 2123; x_wconf 65' lang='lat' dir='ltr'><strong>praebuerit,</strong></span> <span class='ocrx_word' id='word_1_262' title='bbox 886 2060 948 2106; x_wconf 91' lang='lat' dir='ltr'><strong>ut</strong></span> <span class='ocrx_word' id='word_1_263' title='bbox 976 2050 1232 2106; x_wconf 91' lang='lat' dir='ltr'><strong>nimirum</strong></span> <span class='ocrx_word' id='word_1_264' title='bbox 1264 2049 1412 2104; x_wconf 93' lang='lat' dir='ltr'><strong>nullo</strong></span> <span class='ocrx_word' id='word_1_265' title='bbox 1440 2048 1602 2103; x_wconf 91' lang='lat' dir='ltr'><strong>modo</strong></span> <span class='ocrx_word' id='word_1_266' title='bbox 1635 2047 1702 2102; x_wconf 92' lang='lat' dir='ltr'><strong>de</strong></span> <span class='ocrx_word' id='word_1_267' title='bbox 1732 2061 1845 2101; x_wconf 72' lang='lat' dir='ltr'><strong>suae</strong></span> 
     </span>
    </p>
   </div>
   <div class='ocr_carea' id='block_1_37' title="bbox 244 2140 1847 2212">
    <p class='ocr_par' dir='ltr' id='par_1_37' title="bbox 244 2140 1847 2212">
     <span class='ocr_line' id='line_1_37' title="bbox 244 2140 1847 2212; baseline -0.006 -13"><span class='ocrx_word' id='word_1_268' title='bbox 244 2145 467 2199; x_wconf 87' lang='lat' dir='ltr'><strong>mentis</strong></span> <span class='ocrx_word' id='word_1_269' title='bbox 505 2159 571 2198; x_wconf 91' lang='lat' dir='ltr'><strong>ac</strong></span> <span class='ocrx_word' id='word_1_270' title='bbox 607 2142 855 2212; x_wconf 90' lang='lat' dir='ltr'><strong>corporis</strong></span> <span class='ocrx_word' id='word_1_271' title='bbox 893 2140 1329 2211; x_wconf 88' lang='lat' dir='ltr'><strong>impassibilitate</strong></span> <span class='ocrx_word' id='word_1_272' title='bbox 1362 2140 1619 2195; x_wconf 91' lang='lat' dir='ltr'><strong>continua</strong></span> <span class='ocrx_word' id='word_1_273' title='bbox 1662 2147 1847 2206; x_wconf 80' lang='lat' dir='ltr'><strong>gratu-</strong></span> 
     </span>
    </p>
   </div>
   <div class='ocr_carea' id='block_1_38' title="bbox 246 2227 1845 2304">
    <p class='ocr_par' dir='ltr' id='par_1_38' title="bbox 246 2227 1845 2304">
     <span class='ocr_line' id='line_1_38' title="bbox 246 2227 1845 2304; baseline -0.004 -18"><span class='ocrx_word' id='word_1_274' title='bbox 246 2233 360 2288; x_wconf 89' lang='lat' dir='ltr'><strong>lari</strong></span> <span class='ocrx_word' id='word_1_275' title='bbox 408 2234 536 2304; x_wconf 91' lang='lat' dir='ltr'><strong>quis</strong></span> <span class='ocrx_word' id='word_1_276' title='bbox 566 2234 772 2303; x_wconf 86' lang='lat' dir='ltr'><strong>possit;</strong></span> <span class='ocrx_word' id='word_1_277' title='bbox 805 2233 933 2301; x_wconf 92' lang='lat' dir='ltr'><strong>quid</strong></span> <span class='ocrx_word' id='word_1_278' title='bbox 969 2232 1035 2287; x_wconf 93' lang='lat' dir='ltr'><strong>de</strong></span> <span class='ocrx_word' id='word_1_279' title='bbox 1059 2240 1241 2285; x_wconf 91' lang='lat' dir='ltr'><strong>mente</strong></span> <span class='ocrx_word' id='word_1_280' title='bbox 1272 2240 1325 2285; x_wconf 93' lang='lat' dir='ltr'><strong>et</strong></span> <span class='ocrx_word' id='word_1_281' title='bbox 1349 2244 1574 2299; x_wconf 91' lang='lat' dir='ltr'><strong>corpore</strong></span> <span class='ocrx_word' id='word_1_282' title='bbox 1603 2227 1723 2282; x_wconf 84' lang='lat' dir='ltr'><strong>Filii</strong></span> <span class='ocrx_word' id='word_1_283' title='bbox 1753 2227 1845 2282; x_wconf 90' lang='lat' dir='ltr'><strong>Dei</strong></span> 
     </span>
    </p>
   </div>
   <div class='ocr_carea' id='block_1_39' title="bbox 247 2322 1845 2392">
    <p class='ocr_par' dir='ltr' id='par_1_39' title="bbox 247 2322 1845 2392">
     <span class='ocr_line' id='line_1_39' title="bbox 247 2322 1845 2392; baseline -0.006 -12"><span class='ocrx_word' id='word_1_284' title='bbox 247 2326 599 2380; x_wconf 89' lang='lat' dir='ltr'><strong>censendum</strong></span> <span class='ocrx_word' id='word_1_285' title='bbox 631 2333 733 2389; x_wconf 90' lang='lat' dir='ltr'><strong>est,</strong></span> <span class='ocrx_word' id='word_1_286' title='bbox 780 2324 872 2380; x_wconf 90' lang='lat' dir='ltr'><strong>ubi</strong></span> <span class='ocrx_word' id='word_1_287' title='bbox 920 2324 972 2378; x_wconf 93' lang='lat' dir='ltr'><strong>in</strong></span> <span class='ocrx_word' id='word_1_288' title='bbox 1013 2322 1438 2379; x_wconf 86' lang='lat' dir='ltr'><strong>identificatione</strong></span> <span class='ocrx_word' id='word_1_289' title='bbox 1462 2334 1706 2392; x_wconf 62' lang='lat' dir='ltr'><strong>persona:</strong></span> <span class='ocrx_word' id='word_1_290' title='bbox 1741 2333 1845 2372; x_wconf 92' lang='lat' dir='ltr'><strong>non</strong></span> 
     </span>
    </p>
   </div>
   <div class='ocr_carea' id='block_1_40' title="bbox 248 2409 1850 2485">
    <p class='ocr_par' dir='ltr' id='par_1_40' title="bbox 248 2409 1850 2485">
     <span class='ocr_line' id='line_1_40' title="bbox 248 2409 1850 2485; baseline -0.004 -17"><span class='ocrx_word' id='word_1_291' title='bbox 248 2414 430 2470; x_wconf 89' lang='lat' dir='ltr'><strong>modo</strong></span> <span class='ocrx_word' id='word_1_292' title='bbox 463 2415 649 2478; x_wconf 90' lang='lat' dir='ltr'><strong>homo,</strong></span> <span class='ocrx_word' id='word_1_293' title='bbox 675 2415 768 2469; x_wconf 90' lang='lat' dir='ltr'><strong>sed</strong></span> <span class='ocrx_word' id='word_1_294' title='bbox 792 2424 846 2469; x_wconf 93' lang='lat' dir='ltr'><strong>et</strong></span> <span class='ocrx_word' id='word_1_295' title='bbox 870 2414 1148 2485; x_wconf 91' lang='lat' dir='ltr'><strong>plenitudo</strong></span> <span class='ocrx_word' id='word_1_296' title='bbox 1171 2412 1468 2467; x_wconf 79' lang='lat' dir='ltr'><strong>divinitatis</strong></span> <span class='ocrx_word' id='word_1_297' title='bbox 1495 2409 1850 2481; x_wconf 88' lang='lat' dir='ltr'><strong>corporaliter</strong></span> 
     </span>
    </p>
   </div>
   <div class='ocr_carea' id='block_1_41' title="bbox 247 2502 1848 2575">
    <p class='ocr_par' dir='ltr' id='par_1_41' title="bbox 247 2502 1848 2575">
     <span class='ocr_line' id='line_1_41' title="bbox 247 2502 1848 2575; baseline -0.004 -17"><span class='ocrx_word' id='word_1_298' title='bbox 247 2504 429 2559; x_wconf 87' lang='lat' dir='ltr'><strong>insita</strong></span> <span class='ocrx_word' id='word_1_299' title='bbox 461 2505 592 2560; x_wconf 87' lang='lat' dir='ltr'><strong>est?</strong></span> <span class='ocrx_word' id='word_1_300' title='bbox 633 2504 771 2575; x_wconf 85' lang='lat' dir='ltr'><strong>(Col.</strong></span> <span class='ocrx_word' id='word_1_301' title='bbox 818 2521 876 2570; x_wconf 84' lang='lat' dir='ltr'><strong>ll,</strong></span> <span class='ocrx_word' id='word_1_302' title='bbox 908 2506 963 2572; x_wconf 89' lang='lat'><strong>9)</strong></span> <span class='ocrx_word' id='word_1_303' title='bbox 1000 2520 1123 2559; x_wconf 89' lang='lat' dir='ltr'><strong>eum</strong></span> <span class='ocrx_word' id='word_1_304' title='bbox 1153 2505 1317 2559; x_wconf 89' lang='lat' dir='ltr'><strong>etiam</strong></span> <span class='ocrx_word' id='word_1_305' title='bbox 1344 2503 1410 2558; x_wconf 89' lang='lat' dir='ltr'><strong>de</strong></span> <span class='ocrx_word' id='word_1_306' title='bbox 1441 2518 1576 2573; x_wconf 92' lang='lat' dir='ltr'><strong>puro</strong></span> <span class='ocrx_word' id='word_1_307' title='bbox 1610 2502 1848 2566; x_wconf 92' lang='lat' dir='ltr'><strong>homine,</strong></span> 
     </span>
    </p>
   </div>
   <div class='ocr_carea' id='block_1_42' title="bbox 247 2592 1850 2666">
    <p class='ocr_par' dir='ltr' id='par_1_42' title="bbox 247 2592 1850 2666">
     <span class='ocr_line' id='line_1_42' title="bbox 247 2592 1850 2666; baseline -0.003 -16"><span class='ocrx_word' id='word_1_308' title='bbox 247 2604 310 2650; x_wconf 88' lang='lat' dir='ltr'><strong>et</strong></span> <span class='ocrx_word' id='word_1_309' title='bbox 342 2597 441 2666; x_wconf 91' lang='lat' dir='ltr'><strong>qui</strong></span> <span class='ocrx_word' id='word_1_310' title='bbox 472 2596 589 2650; x_wconf 91' lang='lat' dir='ltr'><strong>sine</strong></span> <span class='ocrx_word' id='word_1_311' title='bbox 613 2604 839 2665; x_wconf 89' lang='lat' dir='ltr'><strong>peccato</strong></span> <span class='ocrx_word' id='word_1_312' title='bbox 865 2597 1049 2651; x_wconf 86' lang='lat' dir='ltr'><strong>vivere</strong></span> <span class='ocrx_word' id='word_1_313' title='bbox 1074 2611 1178 2650; x_wconf 90' lang='lat' dir='ltr'><strong>non</strong></span> <span class='ocrx_word' id='word_1_314' title='bbox 1212 2594 1435 2659; x_wconf 89' lang='lat' dir='ltr'><strong>didicit,</strong></span> <span class='ocrx_word' id='word_1_315' title='bbox 1485 2594 1700 2647; x_wconf 87' lang='lat' dir='ltr'><strong>dicatur</strong></span> <span class='ocrx_word' id='word_1_316' title='bbox 1725 2592 1850 2661; x_wconf 89' lang='lat' dir='ltr'><strong>quia</strong></span> 
     </span>
    </p>
   </div>
   <div class='ocr_carea' id='block_1_43' title="bbox 248 2682 1849 2756">
    <p class='ocr_par' dir='ltr' id='par_1_43' title="bbox 248 2682 1849 2756">
     <span class='ocr_line' id='line_1_43' title="bbox 248 2682 1849 2756; baseline -0.002 -19"><span class='ocrx_word' id='word_1_317' title='bbox 248 2685 375 2738; x_wconf 77' lang='lat' dir='ltr'><strong>vita</strong></span> <span class='ocrx_word' id='word_1_318' title='bbox 408 2683 527 2751; x_wconf 87' lang='lat' dir='ltr'><strong>ejus</strong></span> <span class='ocrx_word' id='word_1_319' title='bbox 555 2684 707 2753; x_wconf 87' lang='lat' dir='ltr'><strong>quasi</strong></span> <span class='ocrx_word' id='word_1_320' title='bbox 731 2685 998 2755; x_wconf 90' lang='lat' dir='ltr'><strong>quoddam</strong></span> <span class='ocrx_word' id='word_1_321' title='bbox 1030 2700 1255 2756; x_wconf 79' lang='lat' dir='ltr'><strong>regnum</strong></span> <span class='ocrx_word' id='word_1_322' title='bbox 1304 2684 1417 2750; x_wconf 90' lang='lat' dir='ltr'><strong>Dei,</strong></span> <span class='ocrx_word' id='word_1_323' title='bbox 1445 2699 1548 2753; x_wconf 88' lang='lat' dir='ltr'><strong>pax</strong></span> <span class='ocrx_word' id='word_1_324' title='bbox 1572 2691 1656 2739; x_wconf 89' lang='lat' dir='ltr'><strong>est</strong></span> <span class='ocrx_word' id='word_1_325' title='bbox 1686 2682 1849 2736; x_wconf 90' lang='lat' dir='ltr'><strong>etiam</strong></span> 
     </span>
    </p>
   </div>
   <div class='ocr_carea' id='block_1_44' title="bbox 252 2772 1851 2846">
    <p class='ocr_par' dir='ltr' id='par_1_44' title="bbox 252 2772 1851 2846">
     <span class='ocr_line' id='line_1_44' title="bbox 252 2772 1851 2846; baseline -0.003 -18"><span class='ocrx_word' id='word_1_326' title='bbox 252 2774 314 2828; x_wconf 83' lang='lat' dir='ltr'><strong>in</strong></span> <span class='ocrx_word' id='word_1_327' title='bbox 367 2774 652 2844; x_wconf 70' lang='lat' dir='ltr'><strong>praesenti,</strong></span> <span class='ocrx_word' id='word_1_328' title='bbox 696 2785 751 2830; x_wconf 90' lang='lat' dir='ltr'><strong>et</strong></span> <span class='ocrx_word' id='word_1_329' title='bbox 775 2776 1027 2846; x_wconf 88' lang='lat' dir='ltr'><strong>gaudium</strong></span> <span class='ocrx_word' id='word_1_330' title='bbox 1062 2776 1115 2831; x_wconf 92' lang='lat' dir='ltr'><strong>in</strong></span> <span class='ocrx_word' id='word_1_331' title='bbox 1151 2775 1359 2835; x_wconf 80' lang='lat' dir='ltr'><strong>Spiritu</strong></span> <span class='ocrx_word' id='word_1_332' title='bbox 1411 2783 1623 2830; x_wconf 89' lang='lat' dir='ltr'><strong>sancto.</strong></span> <span class='ocrx_word' id='word_1_333' title='bbox 1677 2772 1851 2843; x_wconf 75' lang='lat' dir='ltr'><strong>(llum.</strong></span> 
     </span>
    </p>
   </div>
   <div class='ocr_carea' id='block_1_45' title="bbox 254 2865 534 2933">
    <p class='ocr_par' dir='ltr' id='par_1_45' title="bbox 254 2865 534 2933">
     <span class='ocr_line' id='line_1_45' title="bbox 254 2865 534 2933; baseline -0.004 -16"><span class='ocrx_word' id='word_1_334' title='bbox 254 2880 383 2927; x_wconf 77' lang='lat' dir='ltr'><strong>xlv,</strong></span> <span class='ocrx_word' id='word_1_335' title='bbox 419 2865 534 2933; x_wconf 83' lang='lat' dir='ltr'><strong>l7).</strong></span> 
     </span>
    </p>
   </div>
   <div class='ocr_carea' id='block_1_46' title="bbox 333 2933 1854 3006">
    <p class='ocr_par' dir='ltr' id='par_1_46' title="bbox 333 2933 1854 3006">
     <span class='ocr_line' id='line_1_46' title="bbox 333 2933 1854 3006; baseline 0 -18"><span class='ocrx_word' id='word_1_336' title='bbox 333 2933 583 2997; x_wconf 77' lang='lat' dir='ltr'><strong>Primus,</strong></span> <span class='ocrx_word' id='word_1_337' title='bbox 629 2934 871 3005; x_wconf 91' lang='lat' dir='ltr'><strong>inquam,</strong></span> <span class='ocrx_word' id='word_1_338' title='bbox 906 2936 1067 2991; x_wconf 92' lang='lat' dir='ltr'><strong>homo</strong></span> <span class='ocrx_word' id='word_1_339' title='bbox 1096 2946 1221 2992; x_wconf 90' lang='lat' dir='ltr'><strong>ante</strong></span> <span class='ocrx_word' id='word_1_340' title='bbox 1262 2947 1566 3006; x_wconf 87' lang='lat' dir='ltr'><strong>peccatum,</strong></span> <span class='ocrx_word' id='word_1_341' title='bbox 1597 2934 1641 2990; x_wconf 91' lang='lat' dir='ltr'><strong>si</strong></span> <span class='ocrx_word' id='word_1_342' title='bbox 1672 2935 1854 2988; x_wconf 81' lang='lat' dir='ltr'><strong>dicere</strong></span> 
     </span>
    </p>
   </div>
   <div class='ocr_carea' id='block_1_47' title="bbox 258 3024 1853 3098">
    <p class='ocr_par' dir='ltr' id='par_1_47' title="bbox 258 3024 1853 3098">
     <span class='ocr_line' id='line_1_47' title="bbox 258 3024 1853 3098; baseline 0.001 -21"><span class='ocrx_word' id='word_1_343' title='bbox 258 3024 528 3089; x_wconf 83' lang='lat' dir='ltr'><strong>audeam,</strong></span> <span class='ocrx_word' id='word_1_344' title='bbox 567 3026 837 3095; x_wconf 87' lang='lat' dir='ltr'><strong>passibilis</strong></span> <span class='ocrx_word' id='word_1_345' title='bbox 874 3036 927 3081; x_wconf 90' lang='lat' dir='ltr'><strong>et</strong></span> <span class='ocrx_word' id='word_1_346' title='bbox 982 3027 1347 3098; x_wconf 89' lang='lat' dir='ltr'><strong>impassibilis,</strong></span> <span class='ocrx_word' id='word_1_347' title='bbox 1397 3026 1641 3081; x_wconf 90' lang='lat' dir='ltr'><strong>mortalis</strong></span> <span class='ocrx_word' id='word_1_348' title='bbox 1691 3026 1853 3079; x_wconf 83' lang='lat' dir='ltr'><strong>etiam</strong></span> 
     </span>
    </p>
   </div>
   <div class='ocr_carea' id='block_1_48' title="bbox 258 3115 1853 3189">
    <p class='ocr_par' dir='ltr' id='par_1_48' title="bbox 258 3115 1853 3189">
     <span class='ocr_line' id='line_1_48' title="bbox 258 3115 1853 3189; baseline -0.001 -18"><span class='ocrx_word' id='word_1_349' title='bbox 258 3125 323 3171; x_wconf 84' lang='lat' dir='ltr'><strong>et</strong></span> <span class='ocrx_word' id='word_1_350' title='bbox 378 3115 707 3171; x_wconf 89' lang='lat' dir='ltr'><strong>immortalis</strong></span> <span class='ocrx_word' id='word_1_351' title='bbox 744 3117 871 3184; x_wconf 85' lang='lat' dir='ltr'><strong>fuit;</strong></span> <span class='ocrx_word' id='word_1_352' title='bbox 937 3119 1060 3187; x_wconf 86' lang='lat' dir='ltr'><strong>quia</strong></span> <span class='ocrx_word' id='word_1_353' title='bbox 1098 3120 1163 3173; x_wconf 87' lang='lat' dir='ltr'><strong>ad</strong></span> <span class='ocrx_word' id='word_1_354' title='bbox 1212 3120 1492 3189; x_wconf 85' lang='lat' dir='ltr'><strong>passiones</strong></span> <span class='ocrx_word' id='word_1_355' title='bbox 1525 3129 1581 3172; x_wconf 92' lang='lat' dir='ltr'><strong>ct</strong></span> <span class='ocrx_word' id='word_1_356' title='bbox 1626 3128 1853 3172; x_wconf 89' lang='lat' dir='ltr'><strong>mortem</strong></span> 
     </span>
    </p>
   </div>
   <div class='ocr_carea' id='block_1_49' title="bbox 258 3197 1950 3276">
    <p class='ocr_par' dir='ltr' id='par_1_49' title="bbox 258 3197 1950 3276">
     <span class='ocr_line' id='line_1_49' title="bbox 258 3197 1950 3276; baseline -0.002 -18"><span class='ocrx_word' id='word_1_357' title='bbox 258 3219 369 3276; x_wconf 88' lang='lat' dir='ltr'><strong>per</strong></span> <span class='ocrx_word' id='word_1_358' title='bbox 408 3218 697 3276; x_wconf 89' lang='lat' dir='ltr'><strong>peceatum</strong></span> <span class='ocrx_word' id='word_1_359' title='bbox 728 3222 847 3270; x_wconf 90' lang='lat' dir='ltr'><strong>suo,</strong></span> <span class='ocrx_word' id='word_1_360' title='bbox 878 3207 970 3261; x_wconf 90' lang='lat' dir='ltr'><strong>sed</strong></span> <span class='ocrx_word' id='word_1_361' title='bbox 1016 3224 1119 3261; x_wconf 91' lang='lat' dir='ltr'><strong>non</strong></span> <span class='ocrx_word' id='word_1_362' title='bbox 1164 3206 1355 3271; x_wconf 86' lang='lat' dir='ltr'><strong>libero,</strong></span> <span class='ocrx_word' id='word_1_363' title='bbox 1400 3209 1601 3260; x_wconf 89' lang='lat' dir='ltr'><strong>abusus</strong></span> <span class='ocrx_word' id='word_1_364' title='bbox 1631 3205 1858 3259; x_wconf 83' lang='lat' dir='ltr'><strong>arbitrio</strong></span> <span class='ocrx_word' id='word_1_365' title='bbox 1885 3197 1950 3265; x_wconf 63' lang='lat' dir='ltr'><strong>Ci</strong></span> 
     </span>
    </p>
   </div>
   <div class='ocr_carea' id='block_1_50' title="bbox 262 3294 1854 3365">
    <p class='ocr_par' dir='ltr' id='par_1_50' title="bbox 262 3294 1854 3365">
     <span class='ocr_line' id='line_1_50' title="bbox 262 3294 1854 3365; baseline -0.001 -17"><span class='ocrx_word' id='word_1_366' title='bbox 262 3294 384 3349; x_wconf 88' lang='lat' dir='ltr'><strong>labi</strong></span> <span class='ocrx_word' id='word_1_367' title='bbox 438 3296 633 3365; x_wconf 92' lang='lat' dir='ltr'><strong>potuit,</strong></span> <span class='ocrx_word' id='word_1_368' title='bbox 690 3305 745 3351; x_wconf 90' lang='lat' dir='ltr'><strong>et</strong></span> <span class='ocrx_word' id='word_1_369' title='bbox 799 3296 842 3351; x_wconf 90' lang='lat' dir='ltr'><strong>si</strong></span> <span class='ocrx_word' id='word_1_370' title='bbox 891 3297 1028 3350; x_wconf 90' lang='lat' dir='ltr'><strong>intra</strong></span> <span class='ocrx_word' id='word_1_371' title='bbox 1062 3310 1244 3350; x_wconf 86' lang='lat' dir='ltr'><strong>veram</strong></span> <span class='ocrx_word' id='word_1_372' title='bbox 1302 3311 1361 3351; x_wconf 93' lang='lat' dir='ltr'><strong>se</strong></span> <span class='ocrx_word' id='word_1_373' title='bbox 1411 3296 1713 3350; x_wconf 89' lang='lat' dir='ltr'><strong>libertatem</strong></span> <span class='ocrx_word' id='word_1_374' title='bbox 1751 3310 1854 3348; x_wconf 90' lang='lat' dir='ltr'><strong>non</strong></span> 
     </span>
    </p>
   </div>
   <div class='ocr_carea' id='block_1_51' title="bbox 264 3386 1856 3457">
    <p class='ocr_par' dir='ltr' id='par_1_51' title="bbox 264 3386 1856 3457">
     <span class='ocr_line' id='line_1_51' title="bbox 264 3386 1856 3457; baseline -0.002 -16"><span class='ocrx_word' id='word_1_375' title='bbox 264 3386 559 3457; x_wconf 86' lang='lat' dir='ltr'><strong>peccando</strong></span> <span class='ocrx_word' id='word_1_376' title='bbox 604 3386 884 3441; x_wconf 86' lang='lat' dir='ltr'><strong>continere</strong></span> <span class='ocrx_word' id='word_1_377' title='bbox 931 3386 1229 3452; x_wconf 86' lang='lat' dir='ltr'><strong>voluisset,</strong></span> <span class='ocrx_word' id='word_1_378' title='bbox 1283 3386 1627 3456; x_wconf 84' lang='lat' dir='ltr'><strong>impassibilis</strong></span> <span class='ocrx_word' id='word_1_379' title='bbox 1672 3386 1856 3455; x_wconf 89' lang='lat' dir='ltr'><strong>procul</strong></span> 
     </span>
    </p>
   </div>
   <div class='ocr_carea' id='block_1_52' title="bbox 268 3474 1858 3545">
    <p class='ocr_par' dir='ltr' id='par_1_52' title="bbox 268 3474 1858 3545">
     <span class='ocr_line' id='line_1_52' title="bbox 268 3474 1858 3545; baseline 0.001 -16"><span class='ocrx_word' id='word_1_380' title='bbox 268 3474 447 3529; x_wconf 88' lang='lat' dir='ltr'><strong>dubio</strong></span> <span class='ocrx_word' id='word_1_381' title='bbox 496 3489 856 3544; x_wconf 87' lang='lat' dir='ltr'><strong>perseverans</strong></span> <span class='ocrx_word' id='word_1_382' title='bbox 894 3477 1033 3531; x_wconf 89' lang='lat' dir='ltr'><strong>mori</strong></span> <span class='ocrx_word' id='word_1_383' title='bbox 1080 3475 1385 3530; x_wconf 90' lang='lat' dir='ltr'><strong>nullatenus</strong></span> <span class='ocrx_word' id='word_1_384' title='bbox 1440 3476 1722 3545; x_wconf 89' lang='lat' dir='ltr'><strong>potuisset.</strong></span> <span class='ocrx_word' id='word_1_385' title='bbox 1762 3476 1858 3530; x_wconf 90' lang='lat' dir='ltr'><strong>Cui</strong></span> 
     </span>
    </p>
   </div>
   <div class='ocr_carea' id='block_1_53' title="bbox 268 3563 1860 3635">
    <p class='ocr_par' dir='ltr' id='par_1_53' title="bbox 268 3563 1860 3635">
     <span class='ocr_line' id='line_1_53' title="bbox 268 3563 1860 3635; baseline 0 -15"><span class='ocrx_word' id='word_1_386' title='bbox 268 3565 556 3620; x_wconf 84' lang='lat' dir='ltr'><strong>secundus</strong></span> <span class='ocrx_word' id='word_1_387' title='bbox 593 3565 775 3627; x_wconf 88' lang='lat' dir='ltr'><strong>homo,</strong></span> <span class='ocrx_word' id='word_1_388' title='bbox 804 3563 961 3622; x_wconf 88' lang='lat' dir='ltr'><strong>Jesns</strong></span> <span class='ocrx_word' id='word_1_389' title='bbox 1009 3565 1216 3621; x_wconf 92' lang='lat' dir='ltr'><strong>scilicet</strong></span> <span class='ocrx_word' id='word_1_390' title='bbox 1249 3565 1528 3633; x_wconf 86' lang='lat' dir='ltr'><strong>Dominus,</strong></span> <span class='ocrx_word' id='word_1_391' title='bbox 1578 3580 1715 3635; x_wconf 91' lang='lat' dir='ltr'><strong>pene</strong></span> <span class='ocrx_word' id='word_1_392' title='bbox 1747 3567 1860 3634; x_wconf 87' lang='lat' dir='ltr'><strong>pari</strong></span> 
     </span>
    </p>
   </div>
   <div class='ocr_carea' id='block_1_54' title="bbox 272 3654 1861 3727">
    <p class='ocr_par' dir='ltr' id='par_1_54' title="bbox 272 3654 1861 3727">
     <span class='ocr_line' id='line_1_54' title="bbox 272 3654 1861 3727; baseline 0.001 -19"><span class='ocrx_word' id='word_1_393' title='bbox 272 3655 684 3725; x_wconf 86' lang='lat' dir='ltr'><strong>quodammodo</strong></span> <span class='ocrx_word' id='word_1_394' title='bbox 724 3654 894 3710; x_wconf 78' lang='lat' dir='ltr'><strong>forma</strong></span> <span class='ocrx_word' id='word_1_395' title='bbox 928 3656 1231 3721; x_wconf 78' lang='lat' dir='ltr'><strong>Successit,</strong></span> <span class='ocrx_word' id='word_1_396' title='bbox 1277 3664 1429 3710; x_wconf 89' lang='lat' dir='ltr'><strong>tanto</strong></span> <span class='ocrx_word' id='word_1_397' title='bbox 1462 3656 1861 3727; x_wconf 85' lang='lat' dir='ltr'><strong>impassibiliori</strong></span> 
     </span>
    </p>
   </div>
   <div class='ocr_carea' id='block_1_55' title="bbox 275 3745 1865 3816">
    <p class='ocr_par' dir='ltr' id='par_1_55' title="bbox 275 3745 1865 3816">
     <span class='ocr_line' id='line_1_55' title="bbox 275 3745 1865 3816; baseline 0.001 -16"><span class='ocrx_word' id='word_1_398' title='bbox 275 3756 483 3801; x_wconf 88' lang='lat' dir='ltr'><strong>natura</strong></span> <span class='ocrx_word' id='word_1_399' title='bbox 528 3756 734 3816; x_wconf 91' lang='lat' dir='ltr'><strong>quanto</strong></span> <span class='ocrx_word' id='word_1_400' title='bbox 778 3746 1031 3802; x_wconf 89' lang='lat' dir='ltr'><strong>liberiore</strong></span> <span class='ocrx_word' id='word_1_401' title='bbox 1072 3747 1287 3810; x_wconf 89' lang='lat' dir='ltr'><strong>editus,</strong></span> <span class='ocrx_word' id='word_1_402' title='bbox 1350 3748 1458 3803; x_wconf 93' lang='lat' dir='ltr'><strong>imo</strong></span> <span class='ocrx_word' id='word_1_403' title='bbox 1514 3745 1865 3803; x_wconf 71' lang='lat' dir='ltr'><strong>incll‘abiliore</strong></span> 
     </span>
    </p>
   </div>
   <div class='ocr_carea' id='block_1_56' title="bbox 278 3836 1864 3908">
    <p class='ocr_par' dir='ltr' id='par_1_56' title="bbox 278 3836 1864 3908">
     <span class='ocr_line' id='line_1_56' title="bbox 278 3836 1864 3908; baseline -0.002 -16"><span class='ocrx_word' id='word_1_404' title='bbox 278 3838 379 3892; x_wconf 88' lang='lat' dir='ltr'><strong>Dei</strong></span> <span class='ocrx_word' id='word_1_405' title='bbox 428 3837 637 3906; x_wconf 88' lang='lat' dir='ltr'><strong>pariter</strong></span> <span class='ocrx_word' id='word_1_406' title='bbox 671 3845 725 3891; x_wconf 90' lang='lat' dir='ltr'><strong>et</strong></span> <span class='ocrx_word' id='word_1_407' title='bbox 764 3837 1001 3892; x_wconf 91' lang='lat' dir='ltr'><strong>hominis</strong></span> <span class='ocrx_word' id='word_1_408' title='bbox 1029 3837 1294 3908; x_wconf 83' lang='lat' dir='ltr'><strong>genitura.</strong></span> <span class='ocrx_word' id='word_1_409' title='bbox 1329 3836 1481 3893; x_wconf 90' lang='lat' dir='ltr'><strong>Unde</strong></span> <span class='ocrx_word' id='word_1_410' title='bbox 1520 3838 1662 3891; x_wconf 90' lang='lat' dir='ltr'><strong>enim</strong></span> <span class='ocrx_word' id='word_1_411' title='bbox 1690 3837 1864 3906; x_wconf 90' lang='lat' dir='ltr'><strong>passi-</strong></span> 
     </span>
    </p>
   </div>
   <div class='ocr_carea' id='block_1_57' title="bbox 278 3928 1867 3999">
    <p class='ocr_par' dir='ltr' id='par_1_57' title="bbox 278 3928 1867 3999">
     <span class='ocr_line' id='line_1_57' title="bbox 278 3928 1867 3999; baseline -0.001 -16"><span class='ocrx_word' id='word_1_412' title='bbox 278 3929 412 3983; x_wconf 86' lang='lat' dir='ltr'><strong>bilis</strong></span> <span class='ocrx_word' id='word_1_413' title='bbox 442 3928 549 3983; x_wconf 93' lang='lat' dir='ltr'><strong>dici</strong></span> <span class='ocrx_word' id='word_1_414' title='bbox 595 3938 799 3997; x_wconf 90' lang='lat' dir='ltr'><strong>posset,</strong></span> <span class='ocrx_word' id='word_1_415' title='bbox 832 3930 917 3983; x_wconf 92' lang='lat' dir='ltr'><strong>cui</strong></span> <span class='ocrx_word' id='word_1_416' title='bbox 959 3930 1267 3983; x_wconf 89' lang='lat' dir='ltr'><strong>omnimoda</strong></span> <span class='ocrx_word' id='word_1_417' title='bbox 1316 3929 1522 3999; x_wconf 86' lang='lat' dir='ltr'><strong>peccati</strong></span> <span class='ocrx_word' id='word_1_418' title='bbox 1569 3930 1619 3982; x_wconf 90' lang='lat' dir='ltr'><strong>in</strong></span> <span class='ocrx_word' id='word_1_419' title='bbox 1660 3929 1867 3998; x_wconf 71' lang='lat' dir='ltr'><strong>origine</strong></span> 
     </span>
    </p>
   </div>
   <div class='ocr_carea' id='block_1_58' title="bbox 283 4021 1867 4091">
    <p class='ocr_par' dir='ltr' id='par_1_58' title="bbox 283 4021 1867 4091">
     <span class='ocr_line' id='line_1_58' title="bbox 283 4021 1867 4091; baseline 0 -16"><span class='ocrx_word' id='word_1_420' title='bbox 283 4030 340 4075; x_wconf 89' lang='lat' dir='ltr'><strong>et</strong></span> <span class='ocrx_word' id='word_1_421' title='bbox 371 4031 496 4076; x_wconf 89' lang='lat' dir='ltr'><strong>actu</strong></span> <span class='ocrx_word' id='word_1_422' title='bbox 539 4024 769 4077; x_wconf 90' lang='lat' dir='ltr'><strong>remotio</strong></span> <span class='ocrx_word' id='word_1_423' title='bbox 804 4036 1045 4091; x_wconf 79' lang='lat' dir='ltr'><strong>pamam,</strong></span> <span class='ocrx_word' id='word_1_424' title='bbox 1091 4021 1231 4091; x_wconf 88' lang='lat' dir='ltr'><strong>quod</strong></span> <span class='ocrx_word' id='word_1_425' title='bbox 1270 4031 1352 4075; x_wconf 91' lang='lat' dir='ltr'><strong>est</strong></span> <span class='ocrx_word' id='word_1_426' title='bbox 1390 4022 1570 4091; x_wconf 83' lang='lat' dir='ltr'><strong>passio</strong></span> <span class='ocrx_word' id='word_1_427' title='bbox 1602 4030 1655 4075; x_wconf 91' lang='lat' dir='ltr'><strong>et</strong></span> <span class='ocrx_word' id='word_1_428' title='bbox 1700 4038 1867 4083; x_wconf 89' lang='lat' dir='ltr'><strong>mors,</strong></span> 
     </span>
    </p>
   </div>
   <div class='ocr_carea' id='block_1_59' title="bbox 287 4112 1871 4183">
    <p class='ocr_par' dir='ltr' id='par_1_59' title="bbox 287 4112 1871 4183">
     <span class='ocr_line' id='line_1_59' title="bbox 287 4112 1871 4183; baseline 0.001 -17"><span class='ocrx_word' id='word_1_429' title='bbox 287 4114 555 4168; x_wconf 89' lang='lat' dir='ltr'><strong>accedere</strong></span> <span class='ocrx_word' id='word_1_430' title='bbox 585 4115 893 4170; x_wconf 88' lang='lat' dir='ltr'><strong>nullatenus</strong></span> <span class='ocrx_word' id='word_1_431' title='bbox 923 4114 1158 4168; x_wconf 88' lang='lat' dir='ltr'><strong>sineret?</strong></span> <span class='ocrx_word' id='word_1_432' title='bbox 1193 4112 1250 4167; x_wconf 90' lang='lat' dir='ltr'><strong>Si</strong></span> <span class='ocrx_word' id='word_1_433' title='bbox 1290 4113 1639 4183; x_wconf 86' lang='lat' dir='ltr'><strong>impassibilis</strong></span> <span class='ocrx_word' id='word_1_434' title='bbox 1665 4115 1871 4183; x_wconf 84' lang='lat' dir='ltr'><strong>primus</strong></span> 
     </span>
    </p>
   </div>
   <div class='ocr_carea' id='block_1_60' title="bbox 292 4205 1871 4275">
    <p class='ocr_par' dir='ltr' id='par_1_60' title="bbox 292 4205 1871 4275">
     <span class='ocr_line' id='line_1_60' title="bbox 292 4205 1871 4275; baseline 0 -16"><span class='ocrx_word' id='word_1_435' title='bbox 292 4205 486 4268; x_wconf 90' lang='lat' dir='ltr'><strong>homo,</strong></span> <span class='ocrx_word' id='word_1_436' title='bbox 512 4220 608 4275; x_wconf 91' lang='lat' dir='ltr'><strong>per</strong></span> <span class='ocrx_word' id='word_1_437' title='bbox 638 4207 846 4275; x_wconf 84' lang='lat' dir='ltr'><strong>peccati</strong></span> <span class='ocrx_word' id='word_1_438' title='bbox 882 4205 1297 4269; x_wconf 86' lang='lat' dir='ltr'><strong>continentiam,</strong></span> <span class='ocrx_word' id='word_1_439' title='bbox 1328 4214 1379 4258; x_wconf 90' lang='lat' dir='ltr'><strong>et</strong></span> <span class='ocrx_word' id='word_1_440' title='bbox 1404 4205 1720 4258; x_wconf 86' lang='lat' dir='ltr'><strong>immortalis</strong></span> <span class='ocrx_word' id='word_1_441' title='bbox 1750 4220 1871 4259; x_wconf 82' lang='lat' dir='ltr'><strong>esse</strong></span> 
     </span>
    </p>
   </div>
   <div class='ocr_carea' id='block_1_61' title="bbox 290 4295 1874 4366">
    <p class='ocr_par' dir='ltr' id='par_1_61' title="bbox 290 4295 1874 4366">
     <span class='ocr_line' id='line_1_61' title="bbox 290 4295 1874 4366; baseline 0.004 -21"><span class='ocrx_word' id='word_1_442' title='bbox 290 4295 542 4360; x_wconf 84' lang='lat' dir='ltr'><strong>valeret,</strong></span> <span class='ocrx_word' id='word_1_443' title='bbox 583 4296 672 4350; x_wconf 89' lang='lat' dir='ltr'><strong>Dei</strong></span> <span class='ocrx_word' id='word_1_444' title='bbox 721 4296 889 4351; x_wconf 83' lang='lat' dir='ltr'><strong>Filius</strong></span> <span class='ocrx_word' id='word_1_445' title='bbox 938 4296 1143 4349; x_wconf 80' lang='lat' dir='ltr'><strong>unitam</strong></span> <span class='ocrx_word' id='word_1_446' title='bbox 1182 4296 1282 4350; x_wconf 88' lang='lat' dir='ltr'><strong>sibi</strong></span> <span class='ocrx_word' id='word_1_447' title='bbox 1332 4305 1528 4351; x_wconf 68' lang='lat' dir='ltr'><strong>nostra:</strong></span> <span class='ocrx_word' id='word_1_448' title='bbox 1565 4295 1874 4366; x_wconf 78' lang='lat' dir='ltr'><strong>fragilitatis</strong></span> 
     </span>
    </p>
   </div>
   <div class='ocr_carea' id='block_1_62' title="bbox 294 4387 1871 4459">
    <p class='ocr_par' dir='ltr' id='par_1_62' title="bbox 294 4387 1871 4459">
     <span class='ocr_line' id='line_1_62' title="bbox 294 4387 1871 4459; baseline 0.002 -18"><span class='ocrx_word' id='word_1_449' title='bbox 294 4387 656 4442; x_wconf 77' lang='lat' dir='ltr'><strong>substantiam</strong></span> <span class='ocrx_word' id='word_1_450' title='bbox 687 4391 855 4443; x_wconf 90' lang='lat' dir='ltr'><strong>multo</strong></span> <span class='ocrx_word' id='word_1_451' title='bbox 884 4389 1379 4459; x_wconf 81' lang='lat' dir='ltr'><strong>impassibiliorcni,</strong></span> <span class='ocrx_word' id='word_1_452' title='bbox 1406 4399 1482 4453; x_wconf 87' lang='lat' dir='ltr'><strong>et,</strong></span> <span class='ocrx_word' id='word_1_453' title='bbox 1521 4390 1678 4444; x_wconf 91' lang='lat' dir='ltr'><strong>utsic</strong></span> <span class='ocrx_word' id='word_1_454' title='bbox 1718 4390 1871 4444; x_wconf 74' lang='lat' dir='ltr'><strong>dixe-</strong></span> 
     </span>
    </p>
   </div>
   <div class='ocr_carea' id='block_1_63' title="bbox 298 4480 1874 4544">
    <p class='ocr_par' dir='ltr' id='par_1_63' title="bbox 298 4480 1874 4544">
     <span class='ocr_line' id='line_1_63' title="bbox 298 4480 1874 4544; baseline 0.001 -12"><span class='ocrx_word' id='word_1_455' title='bbox 298 4480 443 4544; x_wconf 90' lang='lat' dir='ltr'><strong>rim,</strong></span> <span class='ocrx_word' id='word_1_456' title='bbox 495 4480 940 4536; x_wconf 86' lang='lat' dir='ltr'><strong>immortalierem</strong></span> <span class='ocrx_word' id='word_1_457' title='bbox 999 4482 1226 4536; x_wconf 87' lang='lat' dir='ltr'><strong>reddere</strong></span> <span class='ocrx_word' id='word_1_458' title='bbox 1281 4497 1387 4534; x_wconf 92' lang='lat' dir='ltr'><strong>non</strong></span> <span class='ocrx_word' id='word_1_459' title='bbox 1447 4480 1704 4535; x_wconf 82' lang='lat' dir='ltr'><strong>deberet?</strong></span> <span class='ocrx_word' id='word_1_460' title='bbox 1745 4480 1874 4534; x_wconf 88' lang='lat' dir='ltr'><strong>Sine</strong></span> 
     </span>
    </p>
   </div>
   <div class='ocr_carea' id='block_1_64' title="bbox 1944 1931 3529 2001">
    <p class='ocr_par' dir='ltr' id='par_1_64' title="bbox 1944 1931 3529 2001">
     <span class='ocr_line' id='line_1_64' title="bbox 1944 1931 3529 2001; baseline -0.004 -9"><span class='ocrx_word' id='word_1_461' title='bbox 1944 1946 2108 1992; x_wconf 84' lang='lat' dir='ltr'><strong>tatem</strong></span> <span class='ocrx_word' id='word_1_462' title='bbox 2142 1935 2215 1989; x_wconf 93' lang='lat' dir='ltr'><strong>illi</strong></span> <span class='ocrx_word' id='word_1_463' title='bbox 2250 1936 2453 1990; x_wconf 85' lang='lat' dir='ltr'><strong>inferre</strong></span> <span class='ocrx_word' id='word_1_464' title='bbox 2491 1934 2731 1996; x_wconf 80' lang='lat' dir='ltr'><strong>conaris,</strong></span> <span class='ocrx_word' id='word_1_465' title='bbox 2768 1933 2858 2001; x_wconf 91' lang='lat' dir='ltr'><strong>qui</strong></span> <span class='ocrx_word' id='word_1_466' title='bbox 2897 1932 3071 1986; x_wconf 79' lang='lat' dir='ltr'><strong>sicubi</strong></span> <span class='ocrx_word' id='word_1_467' title='bbox 3122 1931 3529 2001; x_wconf 87' lang='lat' dir='ltr'><strong>Scripturarum</strong></span> 
     </span>
    </p>
   </div>
   <div class='ocr_carea' id='block_1_65' title="bbox 1942 2020 3533 2097">
    <p class='ocr_par' dir='ltr' id='par_1_65' title="bbox 1942 2020 3533 2097">
     <span class='ocr_line' id='line_1_65' title="bbox 1942 2020 3533 2097; baseline -0.006 -16"><span class='ocrx_word' id='word_1_468' title='bbox 1942 2025 2236 2097; x_wconf 88' lang='lat' dir='ltr'><strong>passibilis,</strong></span> <span class='ocrx_word' id='word_1_469' title='bbox 2283 2033 2338 2079; x_wconf 91' lang='lat' dir='ltr'><strong>et</strong></span> <span class='ocrx_word' id='word_1_470' title='bbox 2380 2023 2625 2078; x_wconf 90' lang='lat' dir='ltr'><strong>mortalis</strong></span> <span class='ocrx_word' id='word_1_471' title='bbox 2672 2020 2928 2090; x_wconf 88' lang='lat' dir='ltr'><strong>appellari</strong></span> <span class='ocrx_word' id='word_1_472' title='bbox 2976 2021 3272 2083; x_wconf 88' lang='lat' dir='ltr'><strong>invenitur,</strong></span> <span class='ocrx_word' id='word_1_473' title='bbox 3300 2021 3392 2074; x_wconf 47' lang='lat' dir='ltr'><strong>.ol)</strong></span> <span class='ocrx_word' id='word_1_474' title='bbox 3430 2020 3533 2073; x_wconf 89' lang='lat' dir='ltr'><strong>hoc</strong></span> 
     </span>
    </p>
   </div>
   <div class='ocr_carea' id='block_1_66' title="bbox 1943 2111 3533 2189">
    <p class='ocr_par' dir='ltr' id='par_1_66' title="bbox 1943 2111 3533 2189">
     <span class='ocr_line' id='line_1_66' title="bbox 1943 2111 3533 2189; baseline -0.004 -18"><span class='ocrx_word' id='word_1_475' title='bbox 1943 2117 2132 2189; x_wconf 90' lang='lat' dir='ltr'><strong>procul</strong></span> <span class='ocrx_word' id='word_1_476' title='bbox 2166 2116 2330 2171; x_wconf 86' lang='lat' dir='ltr'><strong>dubio</strong></span> <span class='ocrx_word' id='word_1_477' title='bbox 2357 2114 2531 2169; x_wconf 90' lang='lat' dir='ltr'><strong>solum</strong></span> <span class='ocrx_word' id='word_1_478' title='bbox 2560 2113 2780 2177; x_wconf 89' lang='lat' dir='ltr'><strong>dicitur,</strong></span> <span class='ocrx_word' id='word_1_479' title='bbox 2811 2112 2954 2181; x_wconf 92' lang='lat' dir='ltr'><strong>quod</strong></span> <span class='ocrx_word' id='word_1_480' title='bbox 2993 2128 3090 2181; x_wconf 88' lang='lat' dir='ltr'><strong>pro</strong></span> <span class='ocrx_word' id='word_1_481' title='bbox 3122 2111 3410 2166; x_wconf 83' lang='lat' dir='ltr'><strong>voluntatis</strong></span> <span class='ocrx_word' id='word_1_482' title='bbox 3440 2126 3533 2164; x_wconf 80' lang='lat' dir='ltr'><strong>ar-</strong></span> 
     </span>
    </p>
   </div>
   <div class='ocr_carea' id='block_1_67' title="bbox 1946 2201 3535 2274">
    <p class='ocr_par' dir='ltr' id='par_1_67' title="bbox 1946 2201 3535 2274">
     <span class='ocr_line' id='line_1_67' title="bbox 1946 2201 3535 2274; baseline -0.004 -12"><span class='ocrx_word' id='word_1_483' title='bbox 1946 2208 2113 2263; x_wconf 85' lang='lat' dir='ltr'><strong>bitrio</strong></span> <span class='ocrx_word' id='word_1_484' title='bbox 2161 2206 2324 2261; x_wconf 75' lang='lat' dir='ltr'><strong>morti</strong></span> <span class='ocrx_word' id='word_1_485' title='bbox 2380 2220 2439 2260; x_wconf 88' lang='lat' dir='ltr'><strong>se</strong></span> <span class='ocrx_word' id='word_1_486' title='bbox 2486 2204 2765 2274; x_wconf 82' lang='lat' dir='ltr'><strong>exposuit,</strong></span> <span class='ocrx_word' id='word_1_487' title='bbox 2819 2218 2923 2258; x_wconf 91' lang='lat' dir='ltr'><strong>non</strong></span> <span class='ocrx_word' id='word_1_488' title='bbox 2975 2202 3155 2271; x_wconf 87' lang='lat' dir='ltr'><strong>aliqua</strong></span> <span class='ocrx_word' id='word_1_489' title='bbox 3209 2201 3535 2257; x_wconf 89' lang='lat' dir='ltr'><strong>necessitate</strong></span> 
     </span>
    </p>
   </div>
   <div class='ocr_carea' id='block_1_68' title="bbox 1946 2296 2287 2352">
    <p class='ocr_par' dir='ltr' id='par_1_68' title="bbox 1946 2296 2287 2352">
     <span class='ocr_line' id='line_1_68' title="bbox 1946 2296 2287 2352; baseline -0.009 0"><span class='ocrx_word' id='word_1_490' title='bbox 1946 2297 2232 2352; x_wconf 86' lang='lat' dir='ltr'><strong>succubuit</strong></span> <span class='ocrx_word' id='word_1_491' title='bbox 2264 2296 2287 2350; x_wconf 92' lang='lat'><strong>?</strong></span> 
     </span>
    </p>
   </div>
   <div class='ocr_carea' id='block_1_69' title="bbox 2021 2384 3536 2456">
    <p class='ocr_par' dir='ltr' id='par_1_69' title="bbox 2021 2384 3536 2456">
     <span class='ocr_line' id='line_1_69' title="bbox 2021 2384 3536 2456; baseline -0.001 -16"><span class='ocrx_word' id='word_1_492' title='bbox 2021 2386 2137 2440; x_wconf 80' lang='lat' dir='ltr'><strong>Non</strong></span> <span class='ocrx_word' id='word_1_493' title='bbox 2191 2394 2276 2440; x_wconf 90' lang='lat' dir='ltr'><strong>est</strong></span> <span class='ocrx_word' id='word_1_494' title='bbox 2334 2385 2500 2456; x_wconf 87' lang='lat' dir='ltr'><strong>igitur</strong></span> <span class='ocrx_word' id='word_1_495' title='bbox 2548 2384 2803 2454; x_wconf 88' lang='lat' dir='ltr'><strong>passibile</strong></span> <span class='ocrx_word' id='word_1_496' title='bbox 2844 2394 2900 2440; x_wconf 93' lang='lat' dir='ltr'><strong>et</strong></span> <span class='ocrx_word' id='word_1_497' title='bbox 2956 2384 3183 2440; x_wconf 91' lang='lat' dir='ltr'><strong>mortale</strong></span> <span class='ocrx_word' id='word_1_498' title='bbox 3226 2386 3279 2439; x_wconf 90' lang='lat' dir='ltr'><strong>in</strong></span> <span class='ocrx_word' id='word_1_499' title='bbox 3318 2384 3536 2440; x_wconf 82' lang='lat' dir='ltr'><strong>Christo</strong></span> 
     </span>
    </p>
   </div>
   <div class='ocr_carea' id='block_1_70' title="bbox 1950 2474 3537 2547">
    <p class='ocr_par' dir='ltr' id='par_1_70' title="bbox 1950 2474 3537 2547">
     <span class='ocr_line' id='line_1_70' title="bbox 1950 2474 3537 2547; baseline -0.001 -18"><span class='ocrx_word' id='word_1_500' title='bbox 1950 2478 2246 2547; x_wconf 87' lang='lat' dir='ltr'><strong>quippiam,</strong></span> <span class='ocrx_word' id='word_1_501' title='bbox 2299 2477 2442 2546; x_wconf 84' lang='lat' dir='ltr'><strong>quod</strong></span> <span class='ocrx_word' id='word_1_502' title='bbox 2494 2476 2722 2529; x_wconf 79' lang='lat' dir='ltr'><strong>viviticis</strong></span> <span class='ocrx_word' id='word_1_503' title='bbox 2780 2474 2887 2529; x_wconf 87' lang='lat' dir='ltr'><strong>illis</strong></span> <span class='ocrx_word' id='word_1_504' title='bbox 2930 2477 3288 2530; x_wconf 81' lang='lat' dir='ltr'><strong>sacramentis</strong></span> <span class='ocrx_word' id='word_1_505' title='bbox 3317 2490 3537 2545; x_wconf 91' lang='lat' dir='ltr'><strong>compa-</strong></span> 
     </span>
    </p>
   </div>
   <div class='ocr_carea' id='block_1_71' title="bbox 1952 2564 3541 2634">
    <p class='ocr_par' dir='ltr' id='par_1_71' title="bbox 1952 2564 3541 2634">
     <span class='ocr_line' id='line_1_71' title="bbox 1952 2564 3541 2634; baseline -0.001 -13"><span class='ocrx_word' id='word_1_506' title='bbox 1952 2584 2077 2621; x_wconf 88' lang='lat' dir='ltr'><strong>rare</strong></span> <span class='ocrx_word' id='word_1_507' title='bbox 2109 2567 2340 2629; x_wconf 85' lang='lat' dir='ltr'><strong>debeas;</strong></span> <span class='ocrx_word' id='word_1_508' title='bbox 2388 2566 2540 2629; x_wconf 76' lang='lat' dir='ltr'><strong>dunt,</strong></span> <span class='ocrx_word' id='word_1_509' title='bbox 2572 2565 2616 2618; x_wconf 91' lang='lat' dir='ltr'><strong>si</strong></span> <span class='ocrx_word' id='word_1_510' title='bbox 2659 2564 2800 2620; x_wconf 73' lang='lat' dir='ltr'><strong>ﬁdeli</strong></span> <span class='ocrx_word' id='word_1_511' title='bbox 2832 2573 2885 2619; x_wconf 91' lang='lat' dir='ltr'><strong>et</strong></span> <span class='ocrx_word' id='word_1_512' title='bbox 2924 2582 3030 2619; x_wconf 90' lang='lat' dir='ltr'><strong>non</strong></span> <span class='ocrx_word' id='word_1_513' title='bbox 3062 2565 3330 2634; x_wconf 81' lang='lat' dir='ltr'><strong>pervicaci</strong></span> <span class='ocrx_word' id='word_1_514' title='bbox 3361 2567 3541 2620; x_wconf 79' lang='lat' dir='ltr'><strong>inten-</strong></span> 
     </span>
    </p>
   </div>
   <div class='ocr_carea' id='block_1_72' title="bbox 1954 2654 3539 2726">
    <p class='ocr_par' dir='ltr' id='par_1_72' title="bbox 1954 2654 3539 2726">
     <span class='ocr_line' id='line_1_72' title="bbox 1954 2654 3539 2726; baseline 0.001 -15"><span class='ocrx_word' id='word_1_515' title='bbox 1954 2658 2099 2712; x_wconf 88' lang='lat' dir='ltr'><strong>tione</strong></span> <span class='ocrx_word' id='word_1_516' title='bbox 2144 2656 2475 2725; x_wconf 78' lang='lat' dir='ltr'><strong>perpendes,</strong></span> <span class='ocrx_word' id='word_1_517' title='bbox 2520 2654 2656 2708; x_wconf 88' lang='lat' dir='ltr'><strong>nihil</strong></span> <span class='ocrx_word' id='word_1_518' title='bbox 2705 2656 2929 2710; x_wconf 91' lang='lat' dir='ltr'><strong>omnino</strong></span> <span class='ocrx_word' id='word_1_519' title='bbox 2976 2657 3082 2710; x_wconf 86' lang='lat' dir='ltr'><strong>nisi</strong></span> <span class='ocrx_word' id='word_1_520' title='bbox 3124 2657 3539 2726; x_wconf 89' lang='lat' dir='ltr'><strong>incorruptibile</strong></span> 
     </span>
    </p>
   </div>
   <div class='ocr_carea' id='block_1_73' title="bbox 1953 2747 3541 2819">
    <p class='ocr_par' dir='ltr' id='par_1_73' title="bbox 1953 2747 3541 2819">
     <span class='ocr_line' id='line_1_73' title="bbox 1953 2747 3541 2819; baseline 0 -16"><span class='ocrx_word' id='word_1_521' title='bbox 1953 2760 2007 2803; x_wconf 88' lang='lat' dir='ltr'><strong>et</strong></span> <span class='ocrx_word' id='word_1_522' title='bbox 2036 2747 2362 2810; x_wconf 87' lang='lat' dir='ltr'><strong>immortale,</strong></span> <span class='ocrx_word' id='word_1_523' title='bbox 2404 2749 2505 2801; x_wconf 89' lang='lat' dir='ltr'><strong>nisi</strong></span> <span class='ocrx_word' id='word_1_524' title='bbox 2536 2748 2679 2816; x_wconf 90' lang='lat' dir='ltr'><strong>quod</strong></span> <span class='ocrx_word' id='word_1_525' title='bbox 2720 2756 2911 2816; x_wconf 81' lang='lat' dir='ltr'><strong>Sponte</strong></span> <span class='ocrx_word' id='word_1_526' title='bbox 2938 2748 3073 2801; x_wconf 91' lang='lat' dir='ltr'><strong>mori</strong></span> <span class='ocrx_word' id='word_1_527' title='bbox 3106 2748 3293 2815; x_wconf 79' lang='lat' dir='ltr'><strong>voluit,</strong></span> <span class='ocrx_word' id='word_1_528' title='bbox 3336 2749 3388 2803; x_wconf 90' lang='lat' dir='ltr'><strong>in</strong></span> <span class='ocrx_word' id='word_1_529' title='bbox 3420 2749 3541 2819; x_wconf 90' lang='lat' dir='ltr'><strong>ipso</strong></span> 
     </span>
    </p>
   </div>
   <div class='ocr_carea' id='block_1_74' title="bbox 1954 2838 3542 2911">
    <p class='ocr_par' dir='ltr' id='par_1_74' title="bbox 1954 2838 3542 2911">
     <span class='ocr_line' id='line_1_74' title="bbox 1954 2838 3542 2911; baseline -0.001 -16"><span class='ocrx_word' id='word_1_530' title='bbox 1954 2842 2213 2911; x_wconf 84' lang='lat' dir='ltr'><strong>reperias.</strong></span> <span class='ocrx_word' id='word_1_531' title='bbox 2270 2839 2428 2892; x_wconf 87' lang='lat' dir='ltr'><strong>Aliud</strong></span> <span class='ocrx_word' id='word_1_532' title='bbox 2459 2848 2541 2893; x_wconf 89' lang='lat' dir='ltr'><strong>est</strong></span> <span class='ocrx_word' id='word_1_533' title='bbox 2567 2839 2710 2894; x_wconf 91' lang='lat' dir='ltr'><strong>enim</strong></span> <span class='ocrx_word' id='word_1_534' title='bbox 2751 2840 2897 2908; x_wconf 87' lang='lat' dir='ltr'><strong>quod</strong></span> <span class='ocrx_word' id='word_1_535' title='bbox 2931 2855 2995 2893; x_wconf 86' lang='lat' dir='ltr'><strong>ex</strong></span> <span class='ocrx_word' id='word_1_536' title='bbox 3036 2838 3189 2893; x_wconf 88' lang='lat' dir='ltr'><strong>Iibito</strong></span> <span class='ocrx_word' id='word_1_537' title='bbox 3223 2847 3278 2893; x_wconf 90' lang='lat' dir='ltr'><strong>et</strong></span> <span class='ocrx_word' id='word_1_538' title='bbox 3322 2847 3542 2909; x_wconf 83' lang='lat' dir='ltr'><strong>gratan-</strong></span> 
     </span>
    </p>
   </div>
   <div class='ocr_carea' id='block_1_75' title="bbox 1959 2929 3543 3000">
    <p class='ocr_par' dir='ltr' id='par_1_75' title="bbox 1959 2929 3543 3000">
     <span class='ocr_line' id='line_1_75' title="bbox 1959 2929 3543 3000; baseline -0.002 -15"><span class='ocrx_word' id='word_1_539' title='bbox 1959 2941 2040 2985; x_wconf 90' lang='lat' dir='ltr'><strong>ter</strong></span> <span class='ocrx_word' id='word_1_540' title='bbox 2071 2931 2319 2995; x_wconf 79' lang='lat' dir='ltr'><strong>facimus,</strong></span> <span class='ocrx_word' id='word_1_541' title='bbox 2349 2930 2493 2984; x_wconf 92' lang='lat' dir='ltr'><strong>aliud</strong></span> <span class='ocrx_word' id='word_1_542' title='bbox 2532 2932 2674 3000; x_wconf 86' lang='lat' dir='ltr'><strong>quod</strong></span> <span class='ocrx_word' id='word_1_543' title='bbox 2713 2932 3005 3000; x_wconf 86' lang='lat' dir='ltr'><strong>angariati,</strong></span> <span class='ocrx_word' id='word_1_544' title='bbox 3038 2940 3094 2984; x_wconf 91' lang='lat' dir='ltr'><strong>et</strong></span> <span class='ocrx_word' id='word_1_545' title='bbox 3138 2931 3293 3000; x_wconf 90' lang='lat' dir='ltr'><strong>quasi</strong></span> <span class='ocrx_word' id='word_1_546' title='bbox 3345 2929 3543 2985; x_wconf 85' lang='lat' dir='ltr'><strong>debitis</strong></span> 
     </span>
    </p>
   </div>
   <div class='ocr_carea' id='block_1_76' title="bbox 1958 3020 3543 3091">
    <p class='ocr_par' dir='ltr' id='par_1_76' title="bbox 1958 3020 3543 3091">
     <span class='ocr_line' id='line_1_76' title="bbox 1958 3020 3543 3091; baseline -0.001 -16"><span class='ocrx_word' id='word_1_547' title='bbox 1958 3023 2275 3091; x_wconf 83' lang='lat' dir='ltr'><strong>urgentibus</strong></span> <span class='ocrx_word' id='word_1_548' title='bbox 2305 3020 2601 3088; x_wconf 88' lang='lat' dir='ltr'><strong>adimplere</strong></span> <span class='ocrx_word' id='word_1_549' title='bbox 2646 3020 3042 3090; x_wconf 88' lang='lat' dir='ltr'><strong>compellimur.</strong></span> <span class='ocrx_word' id='word_1_550' title='bbox 3095 3020 3203 3075; x_wconf 80' lang='lat' dir='ltr'><strong>Sed</strong></span> <span class='ocrx_word' id='word_1_551' title='bbox 3241 3035 3403 3090; x_wconf 88' lang='lat' dir='ltr'><strong>super</strong></span> <span class='ocrx_word' id='word_1_552' title='bbox 3437 3020 3543 3074; x_wconf 84' lang='lat' dir='ltr'><strong>hoc</strong></span> 
     </span>
    </p>
   </div>
   <div class='ocr_carea' id='block_1_77' title="bbox 1959 3114 2667 3184">
    <p class='ocr_par' dir='ltr' id='par_1_77' title="bbox 1959 3114 2667 3184">
     <span class='ocr_line' id='line_1_77' title="bbox 1959 3114 2667 3184; baseline -0.003 -15"><span class='ocrx_word' id='word_1_553' title='bbox 1959 3115 2164 3169; x_wconf 74' lang='lat' dir='ltr'><strong>dictum</strong></span> <span class='ocrx_word' id='word_1_554' title='bbox 2201 3114 2429 3184; x_wconf 87' lang='lat' dir='ltr'><strong>sapienti</strong></span> <span class='ocrx_word' id='word_1_555' title='bbox 2460 3122 2545 3167; x_wconf 90' lang='lat' dir='ltr'><strong>sat</strong></span> <span class='ocrx_word' id='word_1_556' title='bbox 2577 3114 2667 3167; x_wconf 90' lang='lat' dir='ltr'><strong>sit.</strong></span> 
     </span>
    </p>
   </div>
   <div class='ocr_carea' id='block_1_78' title="bbox 2576 3201 2928 3258">
    <p class='ocr_par' dir='ltr' id='par_1_78' title="bbox 2576 3201 2928 3258">
     <span class='ocr_line' id='line_1_78' title="bbox 2576 3201 2928 3258; baseline -0.009 0"><span class='ocrx_word' id='word_1_557' title='bbox 2576 3201 2801 3258; x_wconf 80' lang='lat' dir='ltr'><strong>CAPUT</strong></span> <span class='ocrx_word' id='word_1_558' title='bbox 2844 3201 2928 3256; x_wconf 80' lang='lat' dir='ltr'><strong>Vl.</strong></span> 
     </span>
    </p>
   </div>
   <div class='ocr_carea' id='block_1_79' title="bbox 2034 3292 3549 3365">
    <p class='ocr_par' dir='ltr' id='par_1_79' title="bbox 2034 3292 3549 3365">
     <span class='ocr_line' id='line_1_79' title="bbox 2034 3292 3549 3365; baseline -0.001 -18"><span class='ocrx_word' id='word_1_559' title='bbox 2034 3292 2062 3365; x_wconf 62' lang='grc' dir='ltr'>ἐ</span> <span class='ocrx_word' id='word_1_560' title='bbox 2104 3294 2225 3347; x_wconf 89' lang='grc'><strong>1.-</strong></span> <span class='ocrx_word' id='word_1_561' title='bbox 2249 3293 2539 3359; x_wconf 75' lang='lat' dir='ltr'><strong>Quemdnm</strong></span> <span class='ocrx_word' id='word_1_562' title='bbox 2575 3295 2811 3362; x_wconf 71' lang='lat' dir='ltr'><strong>confutet</strong></span> <span class='ocrx_word' id='word_1_563' title='bbox 2834 3304 3018 3347; x_wconf 87' lang='lat' dir='ltr'><strong>auctor</strong></span> <span class='ocrx_word' id='word_1_564' title='bbox 3044 3302 3355 3347; x_wconf 73' lang='lat' dir='ltr'><strong>asserentem</strong></span> <span class='ocrx_word' id='word_1_565' title='bbox 3385 3292 3549 3363; x_wconf 78' lang='lat' dir='ltr'><strong>quoti-</strong></span> 
     </span>
    </p>
   </div>
   <div class='ocr_carea' id='block_1_80' title="bbox 1962 3385 3548 3455">
    <p class='ocr_par' dir='ltr' id='par_1_80' title="bbox 1962 3385 3548 3455">
     <span class='ocr_line' id='line_1_80' title="bbox 1962 3385 3548 3455; baseline 0.002 -18"><span class='ocrx_word' id='word_1_566' title='bbox 1962 3385 2046 3438; x_wconf 86' lang='lat' dir='ltr'><strong>die</strong></span> <span class='ocrx_word' id='word_1_567' title='bbox 2084 3387 2137 3439; x_wconf 82' lang='lat' dir='ltr'><strong>t&#39;n</strong></span> <span class='ocrx_word' id='word_1_568' title='bbox 2164 3386 2325 3439; x_wconf 78' lang='lat' dir='ltr'><strong>altari</strong></span> <span class='ocrx_word' id='word_1_569' title='bbox 2361 3385 2629 3441; x_wconf 82' lang='lat' dir='ltr'><strong>Christum</strong></span> <span class='ocrx_word' id='word_1_570' title='bbox 2669 3386 2927 3455; x_wconf 76' lang='lat' dir='ltr'><strong>cruciﬁgi.</strong></span> <span class='ocrx_word' id='word_1_571' title='bbox 2954 3415 3024 3424; x_wconf 98' lang='lat'><strong>—</strong></span> <span class='ocrx_word' id='word_1_572' title='bbox 3054 3385 3300 3439; x_wconf 77' lang='lat' dir='ltr'><strong>llelatum</strong></span> <span class='ocrx_word' id='word_1_573' title='bbox 3328 3400 3548 3454; x_wconf 89' lang='lat' dir='ltr'><strong>quoque</strong></span> 
     </span>
    </p>
   </div>
   <div class='ocr_carea' id='block_1_81' title="bbox 1964 3475 3547 3545">
    <p class='ocr_par' dir='ltr' id='par_1_81' title="bbox 1964 3475 3547 3545">
     <span class='ocr_line' id='line_1_81' title="bbox 1964 3475 3547 3545; baseline -0.001 -16"><span class='ocrx_word' id='word_1_574' title='bbox 1964 3476 2094 3530; x_wconf 93' lang='lat' dir='ltr'><strong>mihi</strong></span> <span class='ocrx_word' id='word_1_575' title='bbox 2128 3491 2157 3529; x_wconf 88' lang='lat' dir='ltr'><strong>a</strong></span> <span class='ocrx_word' id='word_1_576' title='bbox 2196 3477 2518 3545; x_wconf 87' lang='lat' dir='ltr'><strong>quibusdam</strong></span> <span class='ocrx_word' id='word_1_577' title='bbox 2555 3476 2797 3544; x_wconf 86' lang='lat' dir='ltr'><strong>ejusdem</strong></span> <span class='ocrx_word' id='word_1_578' title='bbox 2841 3475 2998 3531; x_wconf 88' lang='lat' dir='ltr'><strong>amici</strong></span> <span class='ocrx_word' id='word_1_579' title='bbox 3048 3475 3155 3529; x_wconf 89' lang='lat' dir='ltr'><strong>mei</strong></span> <span class='ocrx_word' id='word_1_580' title='bbox 3199 3475 3547 3542; x_wconf 82' lang='lat' dir='ltr'><strong>necessariis,</strong></span> 
     </span>
    </p>
   </div>
   <div class='ocr_carea' id='block_1_82' title="bbox 1964 3567 3550 3640">
    <p class='ocr_par' dir='ltr' id='par_1_82' title="bbox 1964 3567 3550 3640">
     <span class='ocr_line' id='line_1_82' title="bbox 1964 3567 3550 3640; baseline -0.002 -15"><span class='ocrx_word' id='word_1_581' title='bbox 1964 3572 2106 3640; x_wconf 83' lang='lat' dir='ltr'><strong>quod</strong></span> <span class='ocrx_word' id='word_1_582' title='bbox 2149 3586 2253 3624; x_wconf 93' lang='lat' dir='ltr'><strong>non</strong></span> <span class='ocrx_word' id='word_1_583' title='bbox 2295 3572 2455 3625; x_wconf 93' lang='lat' dir='ltr'><strong>modo</strong></span> <span class='ocrx_word' id='word_1_584' title='bbox 2494 3570 2851 3633; x_wconf 87' lang='lat' dir='ltr'><strong>cnnsulendo,</strong></span> <span class='ocrx_word' id='word_1_585' title='bbox 2893 3569 2975 3621; x_wconf 86' lang='lat' dir='ltr'><strong>vel</strong></span> <span class='ocrx_word' id='word_1_586' title='bbox 3022 3584 3144 3623; x_wconf 83' lang='lat' dir='ltr'><strong>cuin</strong></span> <span class='ocrx_word' id='word_1_587' title='bbox 3190 3567 3550 3622; x_wconf 83' lang='lat' dir='ltr'><strong>familiaribus</strong></span> 
     </span>
    </p>
   </div>
   <div class='ocr_carea' id='block_1_83' title="bbox 1965 3657 3651 3726">
    <p class='ocr_par' dir='ltr' id='par_1_83' title="bbox 1965 3657 3651 3726">
     <span class='ocr_line' id='line_1_83' title="bbox 1965 3657 3651 3726; baseline -0.001 -14"><span class='ocrx_word' id='word_1_588' title='bbox 1965 3660 2238 3723; x_wconf 87' lang='lat' dir='ltr'><strong>litteratis,</strong></span> <span class='ocrx_word' id='word_1_589' title='bbox 2265 3669 2323 3713; x_wconf 92' lang='grc' dir='ltr'><strong>ιιι</strong></span> <span class='ocrx_word' id='word_1_590' title='bbox 2353 3660 2571 3725; x_wconf 89' lang='lat' dir='ltr'><strong>assolet,</strong></span> <span class='ocrx_word' id='word_1_591' title='bbox 2601 3660 2953 3721; x_wconf 85' lang='lat' dir='ltr'><strong>conferendo,</strong></span> <span class='ocrx_word' id='word_1_592' title='bbox 2984 3659 3076 3712; x_wconf 91' lang='lat' dir='ltr'><strong>sed</strong></span> <span class='ocrx_word' id='word_1_593' title='bbox 3119 3657 3320 3726; x_wconf 90' lang='lat' dir='ltr'><strong>palam,</strong></span> <span class='ocrx_word' id='word_1_594' title='bbox 3348 3657 3402 3710; x_wconf 92' lang='lat' dir='ltr'><strong>in</strong></span> <span class='ocrx_word' id='word_1_595' title='bbox 3438 3672 3553 3711; x_wconf 87' lang='lat' dir='ltr'><strong>me-</strong></span> <span class='ocrx_word' id='word_1_596' title='bbox 3642 3674 3651 3681; x_wconf 82' lang='grc'><strong>’</strong></span> 
     </span>
    </p>
   </div>
   <div class='ocr_carea' id='block_1_84' title="bbox 1968 3750 3546 3822">
    <p class='ocr_par' dir='ltr' id='par_1_84' title="bbox 1968 3750 3546 3822">
     <span class='ocr_line' id='line_1_84' title="bbox 1968 3750 3546 3822; baseline -0.003 -15"><span class='ocrx_word' id='word_1_597' title='bbox 1968 3752 2070 3807; x_wconf 75' lang='lat' dir='ltr'><strong>(liis</strong></span> <span class='ocrx_word' id='word_1_598' title='bbox 2095 3753 2350 3807; x_wconf 86' lang='lat' dir='ltr'><strong>videlicet</strong></span> <span class='ocrx_word' id='word_1_599' title='bbox 2392 3752 2718 3822; x_wconf 86' lang='lat' dir='ltr'><strong>frequentiis</strong></span> <span class='ocrx_word' id='word_1_600' title='bbox 2742 3751 2963 3806; x_wconf 90' lang='lat' dir='ltr'><strong>omnino</strong></span> <span class='ocrx_word' id='word_1_601' title='bbox 2990 3750 3307 3819; x_wconf 83' lang='lat' dir='ltr'><strong>ignavorum</strong></span> <span class='ocrx_word' id='word_1_602' title='bbox 3356 3758 3413 3804; x_wconf 92' lang='lat' dir='ltr'><strong>et</strong></span> <span class='ocrx_word' id='word_1_603' title='bbox 3454 3764 3546 3802; x_wconf 85' lang='lat' dir='ltr'><strong>ru-</strong></span> 
     </span>
    </p>
   </div>
   <div class='ocr_carea' id='block_1_85' title="bbox 1968 3844 3555 3916">
    <p class='ocr_par' dir='ltr' id='par_1_85' title="bbox 1968 3844 3555 3916">
     <span class='ocr_line' id='line_1_85' title="bbox 1968 3844 3555 3916; baseline -0.002 -14"><span class='ocrx_word' id='word_1_604' title='bbox 1968 3848 2138 3914; x_wconf 89' lang='lat' dir='ltr'><strong>dium,</strong></span> <span class='ocrx_word' id='word_1_605' title='bbox 2165 3848 2492 3916; x_wconf 90' lang='lat' dir='ltr'><strong>disputando</strong></span> <span class='ocrx_word' id='word_1_606' title='bbox 2518 3847 2690 3902; x_wconf 85' lang='lat' dir='ltr'><strong>soleat</strong></span> <span class='ocrx_word' id='word_1_607' title='bbox 2726 3847 2907 3901; x_wconf 91' lang='lat' dir='ltr'><strong>dicere</strong></span> <span class='ocrx_word' id='word_1_608' title='bbox 2932 3847 3075 3915; x_wconf 88' lang='lat' dir='ltr'><strong>quod</strong></span> <span class='ocrx_word' id='word_1_609' title='bbox 3115 3845 3168 3899; x_wconf 91' lang='lat' dir='ltr'><strong>in</strong></span> <span class='ocrx_word' id='word_1_610' title='bbox 3216 3844 3555 3900; x_wconf 77' lang='lat' dir='ltr'><strong>confectione</strong></span> 
     </span>
    </p>
   </div>
   <div class='ocr_carea' id='block_1_86' title="bbox 1970 3934 3555 4004">
    <p class='ocr_par' dir='ltr' id='par_1_86' title="bbox 1970 3934 3555 4004">
     <span class='ocr_line' id='line_1_86' title="bbox 1970 3934 3555 4004; baseline -0.001 -15"><span class='ocrx_word' id='word_1_611' title='bbox 1970 3936 2160 3991; x_wconf 73' lang='lat' dir='ltr'><strong>hostia:</strong></span> <span class='ocrx_word' id='word_1_612' title='bbox 2182 3937 2438 3992; x_wconf 88' lang='lat' dir='ltr'><strong>salutaris</strong></span> <span class='ocrx_word' id='word_1_613' title='bbox 2462 3936 2619 3992; x_wconf 84' lang='lat' dir='ltr'><strong>Jesus</strong></span> <span class='ocrx_word' id='word_1_614' title='bbox 2651 3936 2912 3990; x_wconf 90' lang='lat' dir='ltr'><strong>Dominus</strong></span> <span class='ocrx_word' id='word_1_615' title='bbox 2933 3934 3177 4004; x_wconf 76' lang='lat' dir='ltr'><strong>Quotidie</strong></span> <span class='ocrx_word' id='word_1_616' title='bbox 3203 3934 3555 4004; x_wconf 79' lang='lat' dir='ltr'><strong>crucifigatur</strong></span> 
     </span>
    </p>
   </div>
   <div class='ocr_carea' id='block_1_87' title="bbox 1971 4024 3556 4095">
    <p class='ocr_par' dir='ltr' id='par_1_87' title="bbox 1971 4024 3556 4095">
     <span class='ocr_line' id='line_1_87' title="bbox 1971 4024 3556 4095; baseline -0.001 -15"><span class='ocrx_word' id='word_1_617' title='bbox 1971 4027 2024 4081; x_wconf 91' lang='lat' dir='ltr'><strong>in</strong></span> <span class='ocrx_word' id='word_1_618' title='bbox 2063 4028 2240 4081; x_wconf 89' lang='lat' dir='ltr'><strong>altari.</strong></span> <span class='ocrx_word' id='word_1_619' title='bbox 2301 4029 2454 4094; x_wconf 86' lang='lat' dir='ltr'><strong>Quod</strong></span> <span class='ocrx_word' id='word_1_620' title='bbox 2509 4043 2609 4083; x_wconf 91' lang='lat' dir='ltr'><strong>nos</strong></span> <span class='ocrx_word' id='word_1_621' title='bbox 2662 4027 2963 4082; x_wconf 87' lang='lat' dir='ltr'><strong>catholicos</strong></span> <span class='ocrx_word' id='word_1_622' title='bbox 2997 4037 3053 4080; x_wconf 91' lang='lat' dir='ltr'><strong>et</strong></span> <span class='ocrx_word' id='word_1_623' title='bbox 3098 4040 3287 4080; x_wconf 90' lang='lat' dir='ltr'><strong>omnes</strong></span> <span class='ocrx_word' id='word_1_624' title='bbox 3334 4024 3421 4095; x_wconf 89' lang='lat' dir='ltr'><strong>pie</strong></span> <span class='ocrx_word' id='word_1_625' title='bbox 3466 4039 3556 4079; x_wconf 89' lang='lat' dir='ltr'><strong>sa-</strong></span> 
     </span>
    </p>
   </div>
   <div class='ocr_carea' id='block_1_88' title="bbox 1971 4117 3555 4189">
    <p class='ocr_par' dir='ltr' id='par_1_88' title="bbox 1971 4117 3555 4189">
     <span class='ocr_line' id='line_1_88' title="bbox 1971 4117 3555 4189; baseline -0.001 -17"><span class='ocrx_word' id='word_1_626' title='bbox 1971 4121 2366 4189; x_wconf 47' lang='lat' dir='ltr'><strong>pientesftanta</strong></span> <span class='ocrx_word' id='word_1_627' title='bbox 2421 4120 2891 4174; x_wconf 87' lang='lat' dir='ltr'><strong>animadversione</strong></span> <span class='ocrx_word' id='word_1_628' title='bbox 2948 4120 3203 4173; x_wconf 90' lang='lat' dir='ltr'><strong>convenit</strong></span> <span class='ocrx_word' id='word_1_629' title='bbox 3256 4117 3555 4182; x_wconf 76' lang='lat' dir='ltr'><strong>exsecrari,</strong></span> 
     </span>
    </p>
   </div>
   <div class='ocr_carea' id='block_1_89' title="bbox 1972 4210 3560 4278">
    <p class='ocr_par' dir='ltr' id='par_1_89' title="bbox 1972 4210 3560 4278">
     <span class='ocr_line' id='line_1_89' title="bbox 1972 4210 3560 4278; baseline 0.002 -17"><span class='ocrx_word' id='word_1_630' title='bbox 1972 4220 2172 4278; x_wconf 83' lang='lat' dir='ltr'><strong>quanta</strong></span> <span class='ocrx_word' id='word_1_631' title='bbox 2244 4211 2496 4264; x_wconf 89' lang='lat' dir='ltr'><strong>eumdem</strong></span> <span class='ocrx_word' id='word_1_632' title='bbox 2566 4210 2855 4265; x_wconf 91' lang='lat' dir='ltr'><strong>Dominum</strong></span> <span class='ocrx_word' id='word_1_633' title='bbox 2922 4219 3168 4265; x_wconf 87' lang='lat' dir='ltr'><strong>nostrum</strong></span> <span class='ocrx_word' id='word_1_634' title='bbox 3232 4211 3560 4265; x_wconf 87' lang='lat' dir='ltr'><strong>auctoritate</strong></span> 
     </span>
    </p>
   </div>
   <div class='ocr_carea' id='block_1_90' title="bbox 1973 4298 3560 4369">
    <p class='ocr_par' dir='ltr' id='par_1_90' title="bbox 1973 4298 3560 4369">
     <span class='ocr_line' id='line_1_90' title="bbox 1973 4298 3560 4369; baseline -0.001 -16"><span class='ocrx_word' id='word_1_635' title='bbox 1973 4308 2185 4369; x_wconf 87' lang='lat' dir='ltr'><strong>oportet</strong></span> <span class='ocrx_word' id='word_1_636' title='bbox 2231 4299 2299 4355; x_wconf 89' lang='lat' dir='ltr'><strong>de</strong></span> <span class='ocrx_word' id='word_1_637' title='bbox 2346 4315 2558 4354; x_wconf 89' lang='lat' dir='ltr'><strong>summa</strong></span> <span class='ocrx_word' id='word_1_638' title='bbox 2593 4301 2909 4369; x_wconf 90' lang='lat' dir='ltr'><strong>impotentia</strong></span> <span class='ocrx_word' id='word_1_639' title='bbox 2961 4301 3043 4355; x_wconf 90' lang='lat' dir='ltr'><strong>vel</strong></span> <span class='ocrx_word' id='word_1_640' title='bbox 3089 4309 3292 4353; x_wconf 63' lang='lat' dir='ltr'><strong>aeterna</strong></span> <span class='ocrx_word' id='word_1_641' title='bbox 3338 4298 3560 4353; x_wconf 88' lang='lat' dir='ltr'><strong>miseria</strong></span> 
     </span>
    </p>
   </div>
   <div class='ocr_carea' id='block_1_91' title="bbox 1975 4387 3559 4457">
    <p class='ocr_par' dir='ltr' id='par_1_91' title="bbox 1975 4387 3559 4457">
     <span class='ocr_line' id='line_1_91' title="bbox 1975 4387 3559 4457; baseline 0 -17"><span class='ocrx_word' id='word_1_642' title='bbox 1975 4388 2201 4456; x_wconf 59' lang='lat' dir='ltr'><strong>ex-piari.</strong></span> <span class='ocrx_word' id='word_1_643' title='bbox 2244 4388 2383 4455; x_wconf 86' lang='lat' dir='ltr'><strong>Quid</strong></span> <span class='ocrx_word' id='word_1_644' title='bbox 2416 4390 2560 4443; x_wconf 92' lang='lat' dir='ltr'><strong>enim</strong></span> <span class='ocrx_word' id='word_1_645' title='bbox 2596 4389 2661 4443; x_wconf 92' lang='lat' dir='ltr'><strong>de</strong></span> <span class='ocrx_word' id='word_1_646' title='bbox 2706 4389 2816 4443; x_wconf 90' lang='lat' dir='ltr'><strong>Deo</strong></span> <span class='ocrx_word' id='word_1_647' title='bbox 2852 4389 3125 4457; x_wconf 84' lang='lat' dir='ltr'><strong>indignius</strong></span> <span class='ocrx_word' id='word_1_648' title='bbox 3150 4396 3235 4440; x_wconf 89' lang='lat' dir='ltr'><strong>est</strong></span> <span class='ocrx_word' id='word_1_649' title='bbox 3277 4387 3559 4440; x_wconf 87' lang='lat' dir='ltr'><strong>miserabi-</strong></span> 
     </span>
    </p>
   </div>
   <div class='ocr_carea' id='block_1_92' title="bbox 1982 4479 3562 4549">
    <p class='ocr_par' dir='ltr' id='par_1_92' title="bbox 1982 4479 3562 4549">
     <span class='ocr_line' id='line_1_92' title="bbox 1982 4479 3562 4549; baseline 0.001 -17"><span class='ocrx_word' id='word_1_650' title='bbox 1982 4480 2191 4549; x_wconf 84' lang='lat' dir='ltr'><strong>liusque</strong></span> <span class='ocrx_word' id='word_1_651' title='bbox 2226 4483 2431 4536; x_wconf 88' lang='lat' dir='ltr'><strong>sentire</strong></span> <span class='ocrx_word' id='word_1_652' title='bbox 2470 4496 2632 4549; x_wconf 89' lang='lat' dir='ltr'><strong>quam</strong></span> <span class='ocrx_word' id='word_1_653' title='bbox 2662 4482 2805 4549; x_wconf 81' lang='lat' dir='ltr'><strong>quod</strong></span> <span class='ocrx_word' id='word_1_654' title='bbox 2841 4481 2980 4534; x_wconf 86' lang='lat' dir='ltr'><strong>Deus</strong></span> <span class='ocrx_word' id='word_1_655' title='bbox 3019 4479 3112 4533; x_wconf 83' lang='lat' dir='ltr'><strong>ﬁat</strong></span> <span class='ocrx_word' id='word_1_656' title='bbox 3137 4480 3300 4533; x_wconf 87' lang='lat' dir='ltr'><strong>miser</strong></span> <span class='ocrx_word' id='word_1_657' title='bbox 3326 4488 3562 4533; x_wconf 70' lang='lat' dir='ltr'><strong>mternus</strong></span> 
     </span>
    </p>
   </div>
   <div class='ocr_carea' id='block_1_93' title="bbox 299 4559 3562 4643">
    <p class='ocr_par' dir='ltr' id='par_1_93' title="bbox 299 4559 3562 4643">
     <span class='ocr_line' id='line_1_93' title="bbox 299 4559 3562 4643; baseline -0.001 -18"><span class='ocrx_word' id='word_1_658' title='bbox 299 4572 740 4639; x_wconf 90' lang='lat' dir='ltr'><strong>concupiscentia</strong></span> <span class='ocrx_word' id='word_1_659' title='bbox 798 4589 928 4643; x_wconf 80' lang='lat' dir='ltr'><strong>ergo</strong></span> <span class='ocrx_word' id='word_1_660' title='bbox 983 4589 1049 4627; x_wconf 85' lang='lat' dir='ltr'><strong>ex</strong></span> <span class='ocrx_word' id='word_1_661' title='bbox 1104 4574 1218 4629; x_wconf 91' lang='lat' dir='ltr'><strong>solo</strong></span> <span class='ocrx_word' id='word_1_662' title='bbox 1259 4585 1442 4628; x_wconf 86' lang='lat' dir='ltr'><strong>sancto</strong></span> <span class='ocrx_word' id='word_1_663' title='bbox 1483 4575 1684 4642; x_wconf 86' lang='lat' dir='ltr'><strong>Spiritu</strong></span> <span class='ocrx_word' id='word_1_664' title='bbox 1737 4575 1877 4629; x_wconf 90' lang='lat' dir='ltr'><strong>intra</strong></span> <span class='ocrx_word' id='word_1_665' title='bbox 1911 4559 1952 4612; x_wconf 82' lang='grc' dir='ltr'><strong>Ῑ)</strong></span> <span class='ocrx_word' id='word_1_666' title='bbox 1980 4588 2077 4641; x_wconf 88' lang='lat' dir='ltr'><strong>pro</strong></span> <span class='ocrx_word' id='word_1_667' title='bbox 2105 4581 2288 4624; x_wconf 86' lang='lat' dir='ltr'><strong>nostra</strong></span> <span class='ocrx_word' id='word_1_668' title='bbox 2327 4573 2693 4626; x_wconf 87' lang='lat' dir='ltr'><strong>beatitudine?</strong></span> <span class='ocrx_word' id='word_1_669' title='bbox 2736 4573 2874 4639; x_wconf 82' lang='lat' dir='ltr'><strong>Quid</strong></span> <span class='ocrx_word' id='word_1_670' title='bbox 2905 4587 3032 4625; x_wconf 84' lang='lat' dir='ltr'><strong>vero</strong></span> <span class='ocrx_word' id='word_1_671' title='bbox 3062 4571 3411 4639; x_wconf 88' lang='lat' dir='ltr'><strong>impotentius</strong></span> <span class='ocrx_word' id='word_1_672' title='bbox 3449 4570 3562 4625; x_wconf 81' lang='lat' dir='ltr'><strong>Deo</strong></span> 
     </span>
    </p>
   </div>
   <div class='ocr_carea' id='block_1_94' title="bbox 270 4664 1880 4736">
    <p class='ocr_par' dir='ltr' id='par_1_94' title="bbox 270 4664 1880 4736">
     <span class='ocr_line' id='line_1_94' title="bbox 270 4664 1880 4736; baseline 0.005 -24"><span class='ocrx_word' id='word_1_673' title='bbox 270 4664 622 4729; x_wconf 55' lang='lat' dir='ltr'><strong>&#39;virgiualcm</strong></span> <span class='ocrx_word' id='word_1_674' title='bbox 669 4676 961 4720; x_wconf 87' lang='lat' dir='ltr'><strong>concretus</strong></span> <span class='ocrx_word' id='word_1_675' title='bbox 990 4676 1223 4730; x_wconf 89' lang='lat' dir='ltr'><strong>uterum,</strong></span> <span class='ocrx_word' id='word_1_676' title='bbox 1272 4666 1592 4721; x_wconf 87' lang='lat' dir='ltr'><strong>naturaliter</strong></span> <span class='ocrx_word' id='word_1_677' title='bbox 1634 4667 1880 4736; x_wconf 78' lang='lat' dir='ltr'><strong>impassi-</strong></span> 
     </span>
    </p>
   </div>
   <div class='ocr_carea' id='block_1_95' title="bbox 304 4753 1520 4813">
    <p class='ocr_par' dir='ltr' id='par_1_95' title="bbox 304 4753 1520 4813">
     <span class='ocr_line' id='line_1_95' title="bbox 304 4753 1520 4813; baseline 0.002 -5"><span class='ocrx_word' id='word_1_678' title='bbox 304 4753 427 4809; x_wconf 87' lang='lat' dir='ltr'><strong>bilis</strong></span> <span class='ocrx_word' id='word_1_679' title='bbox 455 4764 511 4809; x_wconf 93' lang='lat' dir='ltr'><strong>et</strong></span> <span class='ocrx_word' id='word_1_680' title='bbox 540 4757 861 4811; x_wconf 86' lang='lat' dir='ltr'><strong>immortalis</strong></span> <span class='ocrx_word' id='word_1_681' title='bbox 902 4758 956 4811; x_wconf 90' lang='lat' dir='ltr'><strong>in</strong></span> <span class='ocrx_word' id='word_1_682' title='bbox 996 4759 1197 4812; x_wconf 79' lang='lat' dir='ltr'><strong>annulo</strong></span> <span class='ocrx_word' id='word_1_683' title='bbox 1224 4769 1386 4813; x_wconf 90' lang='lat' dir='ltr'><strong>natus</strong></span> <span class='ocrx_word' id='word_1_684' title='bbox 1415 4769 1520 4813; x_wconf 91' lang='lat' dir='ltr'><strong>est.</strong></span> 
     </span>
    </p>
   </div>
   <div class='ocr_carea' id='block_1_96' title="bbox 375 4847 1883 4918">
    <p class='ocr_par' dir='ltr' id='par_1_96' title="bbox 375 4847 1883 4918">
     <span class='ocr_line' id='line_1_96' title="bbox 375 4847 1883 4918; baseline 0.003 -16"><span class='ocrx_word' id='word_1_685' title='bbox 375 4847 485 4910; x_wconf 84' lang='lat' dir='ltr'><strong>Ita,</strong></span> <span class='ocrx_word' id='word_1_686' title='bbox 532 4847 774 4917; x_wconf 84' lang='lat' dir='ltr'><strong>inquam,</strong></span> <span class='ocrx_word' id='word_1_687' title='bbox 805 4849 1151 4918; x_wconf 82' lang='lat' dir='ltr'><strong>impassibilis</strong></span> <span class='ocrx_word' id='word_1_688' title='bbox 1183 4860 1237 4905; x_wconf 85' lang='lat' dir='ltr'><strong>et</strong></span> <span class='ocrx_word' id='word_1_689' title='bbox 1282 4851 1623 4917; x_wconf 86' lang='lat' dir='ltr'><strong>immortalis,</strong></span> <span class='ocrx_word' id='word_1_690' title='bbox 1661 4861 1717 4905; x_wconf 92' lang='lat' dir='ltr'><strong>ut</strong></span> <span class='ocrx_word' id='word_1_691' title='bbox 1743 4852 1883 4907; x_wconf 89' lang='lat' dir='ltr'><strong>sicut</strong></span> 
     </span>
    </p>
   </div>
   <div class='ocr_carea' id='block_1_97' title="bbox 310 4935 1885 5010">
    <p class='ocr_par' dir='ltr' id='par_1_97' title="bbox 310 4935 1885 5010">
     <span class='ocr_line' id='line_1_97' title="bbox 310 4935 1885 5010; baseline 0.003 -22"><span class='ocrx_word' id='word_1_692' title='bbox 310 4935 396 4991; x_wconf 87' lang='lat' dir='ltr'><strong>ille</strong></span> <span class='ocrx_word' id='word_1_693' title='bbox 429 4936 640 5005; x_wconf 89' lang='lat' dir='ltr'><strong>primus</strong></span> <span class='ocrx_word' id='word_1_694' title='bbox 681 4954 776 5008; x_wconf 91' lang='lat' dir='ltr'><strong>per</strong></span> <span class='ocrx_word' id='word_1_695' title='bbox 811 4940 1229 4995; x_wconf 88' lang='lat' dir='ltr'><strong>inobedientiam</strong></span> <span class='ocrx_word' id='word_1_696' title='bbox 1264 4940 1328 4994; x_wconf 89' lang='lat' dir='ltr'><strong>ad</strong></span> <span class='ocrx_word' id='word_1_697' title='bbox 1357 4942 1635 5010; x_wconf 90' lang='lat' dir='ltr'><strong>passiones</strong></span> <span class='ocrx_word' id='word_1_698' title='bbox 1661 4951 1713 4995; x_wconf 91' lang='lat' dir='ltr'><strong>et</strong></span> <span class='ocrx_word' id='word_1_699' title='bbox 1741 4957 1885 4994; x_wconf 83' lang='lat' dir='ltr'><strong>mor-</strong></span> 
     </span>
    </p>
   </div>
   <div class='ocr_carea' id='block_1_98' title="bbox 311 5031 1885 5100">
    <p class='ocr_par' dir='ltr' id='par_1_98' title="bbox 311 5031 1885 5100">
     <span class='ocr_line' id='line_1_98' title="bbox 311 5031 1885 5100; baseline 0.003 -19"><span class='ocrx_word' id='word_1_700' title='bbox 311 5036 414 5083; x_wconf 87' lang='lat' dir='ltr'><strong>tem</strong></span> <span class='ocrx_word' id='word_1_701' title='bbox 454 5044 513 5083; x_wconf 91' lang='lat' dir='ltr'><strong>se</strong></span> <span class='ocrx_word' id='word_1_702' title='bbox 557 5039 746 5100; x_wconf 89' lang='lat' dir='ltr'><strong>sponte</strong></span> <span class='ocrx_word' id='word_1_703' title='bbox 779 5031 1015 5092; x_wconf 89' lang='lat' dir='ltr'><strong>demisit,</strong></span> <span class='ocrx_word' id='word_1_704' title='bbox 1055 5031 1126 5084; x_wconf 89' lang='lat' dir='ltr'><strong>ita</strong></span> <span class='ocrx_word' id='word_1_705' title='bbox 1155 5040 1209 5085; x_wconf 90' lang='lat' dir='ltr'><strong>et</strong></span> <span class='ocrx_word' id='word_1_706' title='bbox 1241 5031 1342 5086; x_wconf 89' lang='lat' dir='ltr'><strong>iste</strong></span> <span class='ocrx_word' id='word_1_707' title='bbox 1372 5034 1642 5086; x_wconf 89' lang='lat' dir='ltr'><strong>secundus</strong></span> <span class='ocrx_word' id='word_1_708' title='bbox 1671 5032 1740 5086; x_wconf 91' lang='lat' dir='ltr'><strong>ob</strong></span> <span class='ocrx_word' id='word_1_709' title='bbox 1774 5048 1885 5086; x_wconf 84' lang='lat' dir='ltr'><strong>res-</strong></span> 
     </span>
    </p>
   </div>
   <div class='ocr_carea' id='block_1_99' title="bbox 314 5118 1883 5188">
    <p class='ocr_par' dir='ltr' id='par_1_99' title="bbox 314 5118 1883 5188">
     <span class='ocr_line' id='line_1_99' title="bbox 314 5118 1883 5188; baseline 0.004 -19"><span class='ocrx_word' id='word_1_710' title='bbox 314 5118 620 5174; x_wconf 84' lang='lat' dir='ltr'><strong>titutionem</strong></span> <span class='ocrx_word' id='word_1_711' title='bbox 645 5119 870 5187; x_wconf 74' lang='lat' dir='ltr'><strong>justitia:</strong></span> <span class='ocrx_word' id='word_1_712' title='bbox 898 5122 964 5174; x_wconf 91' lang='lat' dir='ltr'><strong>ad</strong></span> <span class='ocrx_word' id='word_1_713' title='bbox 996 5121 1208 5175; x_wconf 89' lang='lat' dir='ltr'><strong>dolores</strong></span> <span class='ocrx_word' id='word_1_714' title='bbox 1245 5121 1493 5175; x_wconf 83' lang='lat' dir='ltr'><strong>fert-udos</strong></span> <span class='ocrx_word' id='word_1_715' title='bbox 1530 5130 1585 5176; x_wconf 91' lang='lat' dir='ltr'><strong>et</strong></span> <span class='ocrx_word' id='word_1_716' title='bbox 1634 5130 1883 5188; x_wconf 84' lang='lat' dir='ltr'><strong>mortem,</strong></span> 
     </span>
    </p>
   </div>
   <div class='ocr_carea' id='block_1_100' title="bbox 314 5208 1884 5278">
    <p class='ocr_par' dir='ltr' id='par_1_100' title="bbox 314 5208 1884 5278">
     <span class='ocr_line' id='line_1_100' title="bbox 314 5208 1884 5278; baseline 0.003 -18"><span class='ocrx_word' id='word_1_717' title='bbox 314 5222 544 5274; x_wconf 91' lang='lat' dir='ltr'><strong>quorum</strong></span> <span class='ocrx_word' id='word_1_718' title='bbox 574 5208 625 5261; x_wconf 92' lang='lat' dir='ltr'><strong>in</strong></span> <span class='ocrx_word' id='word_1_719' title='bbox 657 5209 801 5263; x_wconf 92' lang='lat' dir='ltr'><strong>nullo</strong></span> <span class='ocrx_word' id='word_1_720' title='bbox 829 5218 948 5263; x_wconf 89' lang='lat' dir='ltr'><strong>erat</strong></span> <span class='ocrx_word' id='word_1_721' title='bbox 982 5209 1229 5271; x_wconf 49' lang='lat' dir='ltr'><strong>debitor;</strong></span> <span class='ocrx_word' id='word_1_722' title='bbox 1252 5224 1370 5263; x_wconf 89' lang='lat' dir='ltr'><strong>sese</strong></span> <span class='ocrx_word' id='word_1_723' title='bbox 1398 5208 1538 5263; x_wconf 86' lang='lat' dir='ltr'><strong>ultro</strong></span> <span class='ocrx_word' id='word_1_724' title='bbox 1571 5210 1884 5278; x_wconf 79' lang='lat' dir='ltr'><strong>deponeret.</strong></span> 
     </span>
    </p>
   </div>
   <div class='ocr_carea' id='block_1_101' title="bbox 316 5295 1889 5369">
    <p class='ocr_par' dir='ltr' id='par_1_101' title="bbox 316 5295 1889 5369">
     <span class='ocr_line' id='line_1_101' title="bbox 316 5295 1889 5369; baseline 0.003 -20"><span class='ocrx_word' id='word_1_725' title='bbox 316 5295 427 5353; x_wconf 76' lang='lat' dir='ltr'><strong>Nisi</strong></span> <span class='ocrx_word' id='word_1_726' title='bbox 456 5299 601 5352; x_wconf 83' lang='lat' dir='ltr'><strong>enim</strong></span> <span class='ocrx_word' id='word_1_727' title='bbox 651 5299 695 5354; x_wconf 89' lang='lat' dir='ltr'><strong>is</strong></span> <span class='ocrx_word' id='word_1_728' title='bbox 738 5314 833 5369; x_wconf 92' lang='lat' dir='ltr'><strong>pro</strong></span> <span class='ocrx_word' id='word_1_729' title='bbox 864 5299 1172 5354; x_wconf 89' lang='lat' dir='ltr'><strong>hominibus</strong></span> <span class='ocrx_word' id='word_1_730' title='bbox 1203 5312 1410 5368; x_wconf 59' lang='lat' dir='ltr'><strong>poenas,</strong></span> <span class='ocrx_word' id='word_1_731' title='bbox 1448 5313 1583 5367; x_wconf 89' lang='lat' dir='ltr'><strong>quas</strong></span> <span class='ocrx_word' id='word_1_732' title='bbox 1617 5315 1721 5352; x_wconf 87' lang='lat' dir='ltr'><strong>non</strong></span> <span class='ocrx_word' id='word_1_733' title='bbox 1773 5316 1889 5353; x_wconf 81' lang='lat' dir='ltr'><strong>me-</strong></span> 
     </span>
    </p>
   </div>
   <div class='ocr_carea' id='block_1_102' title="bbox 321 5389 1892 5461">
    <p class='ocr_par' dir='ltr' id='par_1_102' title="bbox 321 5389 1892 5461">
     <span class='ocr_line' id='line_1_102' title="bbox 321 5389 1892 5461; baseline 0.003 -21"><span class='ocrx_word' id='word_1_734' title='bbox 321 5398 526 5453; x_wconf 85' lang='lat' dir='ltr'><strong>ruerat,</strong></span> <span class='ocrx_word' id='word_1_735' title='bbox 560 5389 752 5456; x_wconf 90' lang='lat' dir='ltr'><strong>luerct,</strong></span> <span class='ocrx_word' id='word_1_736' title='bbox 778 5406 873 5445; x_wconf 83' lang='lat' dir='ltr'><strong>eos</strong></span> <span class='ocrx_word' id='word_1_737' title='bbox 897 5392 987 5461; x_wconf 92' lang='lat' dir='ltr'><strong>qui</strong></span> <span class='ocrx_word' id='word_1_738' title='bbox 1017 5393 1363 5445; x_wconf 89' lang='lat' dir='ltr'><strong>merebantur</strong></span> <span class='ocrx_word' id='word_1_739' title='bbox 1391 5400 1446 5445; x_wconf 93' lang='lat' dir='ltr'><strong>ct</strong></span> <span class='ocrx_word' id='word_1_740' title='bbox 1487 5390 1763 5460; x_wconf 91' lang='lat' dir='ltr'><strong>suppliciis</strong></span> <span class='ocrx_word' id='word_1_741' title='bbox 1795 5392 1892 5445; x_wconf 89' lang='lat' dir='ltr'><strong>ob-</strong></span> 
     </span>
    </p>
   </div>
   <div class='ocr_carea' id='block_1_103' title="bbox 322 5481 1891 5553">
    <p class='ocr_par' dir='ltr' id='par_1_103' title="bbox 322 5481 1891 5553">
     <span class='ocr_line' id='line_1_103' title="bbox 322 5481 1891 5553; baseline 0.003 -21"><span class='ocrx_word' id='word_1_742' title='bbox 322 5481 467 5534; x_wconf 83' lang='lat' dir='ltr'><strong>noxii</strong></span> <span class='ocrx_word' id='word_1_743' title='bbox 511 5493 688 5545; x_wconf 90' lang='lat' dir='ltr'><strong>erant,</strong></span> <span class='ocrx_word' id='word_1_744' title='bbox 739 5484 1045 5538; x_wconf 90' lang='lat' dir='ltr'><strong>nullatenus</strong></span> <span class='ocrx_word' id='word_1_745' title='bbox 1086 5482 1361 5537; x_wconf 84' lang='lat' dir='ltr'><strong>liberaret.</strong></span> <span class='ocrx_word' id='word_1_746' title='bbox 1392 5482 1711 5537; x_wconf 86' lang='lat' dir='ltr'><strong>Passibilcm</strong></span> <span class='ocrx_word' id='word_1_747' title='bbox 1762 5496 1891 5553; x_wconf 88' lang='lat' dir='ltr'><strong>ergo</strong></span> 
     </span>
    </p>
   </div>
   <div class='ocr_carea' id='block_1_104' title="bbox 322 5570 1892 5641">
    <p class='ocr_par' dir='ltr' id='par_1_104' title="bbox 322 5570 1892 5641">
     <span class='ocr_line' id='line_1_104' title="bbox 322 5570 1892 5641; baseline 0.003 -20"><span class='ocrx_word' id='word_1_748' title='bbox 322 5570 444 5623; x_wconf 86' lang='lat' dir='ltr'><strong>volo</strong></span> <span class='ocrx_word' id='word_1_749' title='bbox 484 5572 675 5626; x_wconf 90' lang='lat' dir='ltr'><strong>credas</strong></span> <span class='ocrx_word' id='word_1_750' title='bbox 715 5581 770 5627; x_wconf 88' lang='lat' dir='ltr'><strong>et</strong></span> <span class='ocrx_word' id='word_1_751' title='bbox 797 5572 1094 5639; x_wconf 41' lang='lat' dir='ltr'><strong>.mortalem</strong></span> <span class='ocrx_word' id='word_1_752' title='bbox 1136 5571 1204 5626; x_wconf 92' lang='lat' dir='ltr'><strong>ob</strong></span> <span class='ocrx_word' id='word_1_753' title='bbox 1245 5572 1346 5625; x_wconf 86' lang='lat' dir='ltr'><strong>hoc</strong></span> <span class='ocrx_word' id='word_1_754' title='bbox 1392 5572 1588 5634; x_wconf 88' lang='lat' dir='ltr'><strong>solum,</strong></span> <span class='ocrx_word' id='word_1_755' title='bbox 1619 5572 1744 5641; x_wconf 88' lang='lat' dir='ltr'><strong>quia</strong></span> <span class='ocrx_word' id='word_1_756' title='bbox 1785 5573 1892 5641; x_wconf 86' lang='lat' dir='ltr'><strong>pati</strong></span> 
     </span>
    </p>
   </div>
   <div class='ocr_carea' id='block_1_105' title="bbox 324 5661 1891 5739">
    <p class='ocr_par' dir='ltr' id='par_1_105' title="bbox 324 5661 1891 5739">
     <span class='ocr_line' id='line_1_105' title="bbox 324 5661 1891 5739; baseline 0.004 -28"><span class='ocrx_word' id='word_1_757' title='bbox 324 5668 485 5727; x_wconf 88' lang='lat' dir='ltr'><strong>atque</strong></span> <span class='ocrx_word' id='word_1_758' title='bbox 534 5662 664 5715; x_wconf 89' lang='lat' dir='ltr'><strong>mori</strong></span> <span class='ocrx_word' id='word_1_759' title='bbox 711 5678 808 5732; x_wconf 88' lang='lat' dir='ltr'><strong>pro</strong></span> <span class='ocrx_word' id='word_1_760' title='bbox 846 5663 1077 5718; x_wconf 89' lang='lat' dir='ltr'><strong>humana</strong></span> <span class='ocrx_word' id='word_1_761' title='bbox 1126 5662 1497 5731; x_wconf 89' lang='lat' dir='ltr'><strong>redemptione</strong></span> <span class='ocrx_word' id='word_1_762' title='bbox 1540 5661 1730 5739; x_wconf 81' lang='lat' dir='ltr'><strong>voluit,</strong></span> <span class='ocrx_word' id='word_1_763' title='bbox 1784 5677 1891 5717; x_wconf 92' lang='lat' dir='ltr'><strong>non</strong></span> 
     </span>
    </p>
   </div>
   <div class='ocr_carea' id='block_1_106' title="bbox 327 5754 1896 5829">
    <p class='ocr_par' dir='ltr' id='par_1_106' title="bbox 327 5754 1896 5829">
     <span class='ocr_line' id='line_1_106' title="bbox 327 5754 1896 5829; baseline 0.006 -26"><span class='ocrx_word' id='word_1_764' title='bbox 327 5755 450 5819; x_wconf 87' lang='lat' dir='ltr'><strong>quia</strong></span> <span class='ocrx_word' id='word_1_765' title='bbox 481 5754 695 5824; x_wconf 88' lang='lat' dir='ltr'><strong>aliquod</strong></span> <span class='ocrx_word' id='word_1_766' title='bbox 728 5765 933 5811; x_wconf 69' lang='lat' dir='ltr'><strong>natura:</strong></span> <span class='ocrx_word' id='word_1_767' title='bbox 954 5756 1193 5811; x_wconf 90' lang='lat' dir='ltr'><strong>debitum</strong></span> <span class='ocrx_word' id='word_1_768' title='bbox 1231 5757 1282 5811; x_wconf 91' lang='lat' dir='ltr'><strong>in</strong></span> <span class='ocrx_word' id='word_1_769' title='bbox 1306 5757 1559 5827; x_wconf 89' lang='lat' dir='ltr'><strong>patiendo</strong></span> <span class='ocrx_word' id='word_1_770' title='bbox 1588 5768 1748 5829; x_wconf 85' lang='lat' dir='ltr'><strong>atque</strong></span> <span class='ocrx_word' id='word_1_771' title='bbox 1780 5773 1896 5813; x_wconf 81' lang='lat' dir='ltr'><strong>mo-</strong></span> 
     </span>
    </p>
   </div>
   <div class='ocr_carea' id='block_1_107' title="bbox 330 5842 1648 5916">
    <p class='ocr_par' dir='ltr' id='par_1_107' title="bbox 330 5842 1648 5916">
     <span class='ocr_line' id='line_1_107' title="bbox 330 5842 1648 5916; baseline 0.005 -22"><span class='ocrx_word' id='word_1_772' title='bbox 330 5842 520 5898; x_wconf 80' lang='lat' dir='ltr'><strong>viendo</strong></span> <span class='ocrx_word' id='word_1_773' title='bbox 551 5859 615 5899; x_wconf 77' lang='lat' dir='ltr'><strong>cx</strong></span> <span class='ocrx_word' id='word_1_774' title='bbox 645 5847 865 5901; x_wconf 86' lang='lat' dir='ltr'><strong>traduce</strong></span> <span class='ocrx_word' id='word_1_775' title='bbox 894 5846 1049 5916; x_wconf 84' lang='lat' dir='ltr'><strong>primi</strong></span> <span class='ocrx_word' id='word_1_776' title='bbox 1082 5847 1320 5916; x_wconf 90' lang='lat' dir='ltr'><strong>parentis</strong></span> <span class='ocrx_word' id='word_1_777' title='bbox 1344 5850 1648 5903; x_wconf 73' lang='lat' dir='ltr'><strong>attraxerit.</strong></span> 
     </span>
    </p>
   </div>
   <div class='ocr_carea' id='block_1_108' title="bbox 1982 4664 3564 4735">
    <p class='ocr_par' dir='ltr' id='par_1_108' title="bbox 1982 4664 3564 4735">
     <span class='ocr_line' id='line_1_108' title="bbox 1982 4664 3564 4735; baseline 0 -17"><span class='ocrx_word' id='word_1_778' title='bbox 1982 4665 2247 4734; x_wconf 87' lang='lat' dir='ltr'><strong>imputare</strong></span> <span class='ocrx_word' id='word_1_779' title='bbox 2305 4666 2602 4734; x_wconf 89' lang='lat' dir='ltr'><strong>poterimus</strong></span> <span class='ocrx_word' id='word_1_780' title='bbox 2658 4681 2817 4735; x_wconf 90' lang='lat' dir='ltr'><strong>quam</strong></span> <span class='ocrx_word' id='word_1_781' title='bbox 2866 4667 3008 4734; x_wconf 89' lang='lat' dir='ltr'><strong>quod</strong></span> <span class='ocrx_word' id='word_1_782' title='bbox 3070 4664 3400 4734; x_wconf 89' lang='lat' dir='ltr'><strong>quotidianis</strong></span> <span class='ocrx_word' id='word_1_783' title='bbox 3445 4664 3564 4733; x_wconf 88' lang='lat' dir='ltr'><strong>ejus</strong></span> 
     </span>
    </p>
   </div>
   <div class='ocr_carea' id='block_1_109' title="bbox 1982 4752 3563 4825">
    <p class='ocr_par' dir='ltr' id='par_1_109' title="bbox 1982 4752 3563 4825">
     <span class='ocr_line' id='line_1_109' title="bbox 1982 4752 3563 4825; baseline -0.003 -15"><span class='ocrx_word' id='word_1_784' title='bbox 1982 4757 2261 4825; x_wconf 88' lang='lat' dir='ltr'><strong>suppliciis</strong></span> <span class='ocrx_word' id='word_1_785' title='bbox 2310 4756 2378 4811; x_wconf 93' lang='lat' dir='ltr'><strong>ad</strong></span> <span class='ocrx_word' id='word_1_786' title='bbox 2424 4764 2623 4810; x_wconf 71' lang='lat' dir='ltr'><strong>nostra:</strong></span> <span class='ocrx_word' id='word_1_787' title='bbox 2664 4755 3023 4825; x_wconf 89' lang='lat' dir='ltr'><strong>rcparationis</strong></span> <span class='ocrx_word' id='word_1_788' title='bbox 3058 4753 3443 4809; x_wconf 86' lang='lat' dir='ltr'><strong>adminiculum</strong></span> <span class='ocrx_word' id='word_1_789' title='bbox 3477 4752 3563 4806; x_wconf 88' lang='lat' dir='ltr'><strong>itt-</strong></span> 
     </span>
    </p>
   </div>
   <div class='ocr_carea' id='block_1_110' title="bbox 1984 4834 2667 4917">
    <p class='ocr_par' dir='ltr' id='par_1_110' title="bbox 1984 4834 2667 4917">
     <span class='ocr_line' id='line_1_110' title="bbox 1984 4834 2667 4917; baseline -0.004 -17"><span class='ocrx_word' id='word_1_790' title='bbox 1984 4847 2238 4901; x_wconf 89' lang='lat' dir='ltr'><strong>dcsinens</strong></span> <span class='ocrx_word' id='word_1_791' title='bbox 2267 4846 2555 4917; x_wconf 86' lang='lat' dir='ltr'><strong>egeamus?</strong></span> <span class='ocrx_word' id='word_1_792' title='bbox 2654 4834 2667 4841; x_wconf 61' lang='grc'><strong>“</strong></span> 
     </span>
    </p>
   </div>
   <div class='ocr_carea' id='block_1_111' title="bbox 2055 4939 3562 5003">
    <p class='ocr_par' dir='ltr' id='par_1_111' title="bbox 2055 4939 3562 5003">
     <span class='ocr_line' id='line_1_111' title="bbox 2055 4939 3562 5003; baseline -0.003 -8"><span class='ocrx_word' id='word_1_793' title='bbox 2055 4942 2235 5002; x_wconf 84' lang='lat' dir='ltr'><strong>Certe,</strong></span> <span class='ocrx_word' id='word_1_794' title='bbox 2290 4945 2332 4994; x_wconf 90' lang='lat' dir='ltr'><strong>si</strong></span> <span class='ocrx_word' id='word_1_795' title='bbox 2382 4943 2462 4995; x_wconf 92' lang='lat' dir='ltr'><strong>sic</strong></span> <span class='ocrx_word' id='word_1_796' title='bbox 2496 4956 2553 4993; x_wconf 80' lang='lat' dir='ltr'><strong>se</strong></span> <span class='ocrx_word' id='word_1_797' title='bbox 2602 4955 2687 4995; x_wconf 90' lang='lat' dir='ltr'><strong>res</strong></span> <span class='ocrx_word' id='word_1_798' title='bbox 2733 4940 2981 5003; x_wconf 88' lang='lat' dir='ltr'><strong>haberet,</strong></span> <span class='ocrx_word' id='word_1_799' title='bbox 3024 4948 3084 4992; x_wconf 91' lang='lat' dir='ltr'><strong>ut</strong></span> <span class='ocrx_word' id='word_1_800' title='bbox 3125 4939 3246 4992; x_wconf 68' lang='lat' dir='ltr'><strong>vita:</strong></span> <span class='ocrx_word' id='word_1_801' title='bbox 3273 4939 3562 4993; x_wconf 86' lang='lat' dir='ltr'><strong>Auctorem</strong></span> 
     </span>
    </p>
   </div>
   <div class='ocr_carea' id='block_1_112' title="bbox 1986 5028 3565 5102">
    <p class='ocr_par' dir='ltr' id='par_1_112' title="bbox 1986 5028 3565 5102">
     <span class='ocr_line' id='line_1_112' title="bbox 1986 5028 3565 5102; baseline -0.002 -19"><span class='ocrx_word' id='word_1_802' title='bbox 1986 5033 2286 5102; x_wconf 80' lang='lat' dir='ltr'><strong>quotidiani</strong></span> <span class='ocrx_word' id='word_1_803' title='bbox 2325 5033 2598 5101; x_wconf 87' lang='lat' dir='ltr'><strong>suspendii</strong></span> <span class='ocrx_word' id='word_1_804' title='bbox 2651 5033 2911 5087; x_wconf 88' lang='lat' dir='ltr'><strong>atrocitas</strong></span> <span class='ocrx_word' id='word_1_805' title='bbox 2956 5032 3285 5094; x_wconf 84' lang='lat' dir='ltr'><strong>trucidaret,</strong></span> <span class='ocrx_word' id='word_1_806' title='bbox 3328 5029 3457 5083; x_wconf 87' lang='lat' dir='ltr'><strong>nihil</strong></span> <span class='ocrx_word' id='word_1_807' title='bbox 3513 5028 3565 5081; x_wconf 90' lang='lat' dir='ltr'><strong>in</strong></span> 
     </span>
    </p>
   </div>
   <div class='ocr_carea' id='block_1_113' title="bbox 1988 5121 3565 5193">
    <p class='ocr_par' dir='ltr' id='par_1_113' title="bbox 1988 5121 3565 5193">
     <span class='ocr_line' id='line_1_113' title="bbox 1988 5121 3565 5193; baseline -0.003 -15"><span class='ocrx_word' id='word_1_808' title='bbox 1988 5123 2193 5178; x_wconf 73' lang='lat' dir='ltr'><strong>C(Blcsli</strong></span> <span class='ocrx_word' id='word_1_809' title='bbox 2241 5125 2461 5193; x_wconf 73' lang='lat' dir='ltr'><strong>pnemio</strong></span> <span class='ocrx_word' id='word_1_810' title='bbox 2510 5123 2645 5177; x_wconf 90' lang='lat' dir='ltr'><strong>adeo</strong></span> <span class='ocrx_word' id='word_1_811' title='bbox 2688 5122 2845 5188; x_wconf 78' lang='lat' dir='ltr'><strong>felix,</strong></span> <span class='ocrx_word' id='word_1_812' title='bbox 2886 5124 3019 5176; x_wconf 89' lang='lat' dir='ltr'><strong>adeo</strong></span> <span class='ocrx_word' id='word_1_813' title='bbox 3064 5121 3354 5192; x_wconf 89' lang='lat' dir='ltr'><strong>gloriosum</strong></span> <span class='ocrx_word' id='word_1_814' title='bbox 3399 5129 3565 5184; x_wconf 86' lang='lat' dir='ltr'><strong>esset,</strong></span> 
     </span>
    </p>
   </div>
   <div class='ocr_carea' id='block_1_114' title="bbox 1990 5212 3571 5284">
    <p class='ocr_par' dir='ltr' id='par_1_114' title="bbox 1990 5212 3571 5284">
     <span class='ocr_line' id='line_1_114' title="bbox 1990 5212 3571 5284; baseline 0 -17"><span class='ocrx_word' id='word_1_815' title='bbox 1990 5216 2130 5284; x_wconf 91' lang='lat' dir='ltr'><strong>quod</strong></span> <span class='ocrx_word' id='word_1_816' title='bbox 2160 5232 2265 5270; x_wconf 89' lang='lat' dir='ltr'><strong>non</strong></span> <span class='ocrx_word' id='word_1_817' title='bbox 2312 5227 2422 5270; x_wconf 91' lang='lat' dir='ltr'><strong>tam</strong></span> <span class='ocrx_word' id='word_1_818' title='bbox 2456 5217 2724 5270; x_wconf 71' lang='lat' dir='ltr'><strong>diuturnm</strong></span> <span class='ocrx_word' id='word_1_819' title='bbox 2761 5214 3089 5270; x_wconf 87' lang='lat' dir='ltr'><strong>calamitatis</strong></span> <span class='ocrx_word' id='word_1_820' title='bbox 3115 5212 3571 5281; x_wconf 86' lang='lat' dir='ltr'><strong>contemplatione</strong></span> 
     </span>
    </p>
   </div>
   <div class='ocr_carea' id='block_1_115' title="bbox 1993 5302 3573 5375">
    <p class='ocr_par' dir='ltr' id='par_1_115' title="bbox 1993 5302 3573 5375">
     <span class='ocr_line' id='line_1_115' title="bbox 1993 5302 3573 5375; baseline -0.001 -17"><span class='ocrx_word' id='word_1_821' title='bbox 1993 5306 2045 5359; x_wconf 94' lang='lat' dir='ltr'><strong>in</strong></span> <span class='ocrx_word' id='word_1_822' title='bbox 2087 5305 2255 5375; x_wconf 89' lang='lat' dir='ltr'><strong>ipsius</strong></span> <span class='ocrx_word' id='word_1_823' title='bbox 2290 5307 2748 5362; x_wconf 88' lang='lat' dir='ltr'><strong>remunerationis</strong></span> <span class='ocrx_word' id='word_1_824' title='bbox 2787 5304 3006 5360; x_wconf 90' lang='lat' dir='ltr'><strong>Christo</strong></span> <span class='ocrx_word' id='word_1_825' title='bbox 3055 5318 3317 5367; x_wconf 86' lang='lat' dir='ltr'><strong>sponsore</strong></span> <span class='ocrx_word' id='word_1_826' title='bbox 3345 5302 3573 5357; x_wconf 83' lang='lat' dir='ltr'><strong>vilesce-</strong></span> 
     </span>
    </p>
   </div>
   <div class='ocr_carea' id='block_1_116' title="bbox 1995 5394 3573 5467">
    <p class='ocr_par' dir='ltr' id='par_1_116' title="bbox 1995 5394 3573 5467">
     <span class='ocr_line' id='line_1_116' title="bbox 1995 5394 3573 5467; baseline -0.001 -16"><span class='ocrx_word' id='word_1_827' title='bbox 1995 5406 2095 5451; x_wconf 89' lang='lat' dir='ltr'><strong>rct.</strong></span> <span class='ocrx_word' id='word_1_828' title='bbox 2140 5398 2206 5451; x_wconf 86' lang='lat' dir='ltr'><strong>Et</strong></span> <span class='ocrx_word' id='word_1_829' title='bbox 2234 5400 2378 5467; x_wconf 82' lang='lat' dir='ltr'><strong>quis‘</strong></span> <span class='ocrx_word' id='word_1_830' title='bbox 2400 5416 2505 5454; x_wconf 89' lang='lat' dir='ltr'><strong>non</strong></span> <span class='ocrx_word' id='word_1_831' title='bbox 2550 5408 2779 5455; x_wconf 91' lang='lat' dir='ltr'><strong>mortem</strong></span> <span class='ocrx_word' id='word_1_832' title='bbox 2823 5396 2966 5451; x_wconf 90' lang='lat' dir='ltr'><strong>illam</strong></span> <span class='ocrx_word' id='word_1_833' title='bbox 3018 5411 3227 5465; x_wconf 76' lang='lat' dir='ltr'><strong>magna:</strong></span> <span class='ocrx_word' id='word_1_834' title='bbox 3264 5394 3573 5450; x_wconf 90' lang='lat' dir='ltr'><strong>inutilitatis</strong></span> 
     </span>
    </p>
   </div>
   <div class='ocr_carea' id='block_1_117' title="bbox 1995 5483 3574 5558">
    <p class='ocr_par' dir='ltr' id='par_1_117' title="bbox 1995 5483 3574 5558">
     <span class='ocr_line' id='line_1_117' title="bbox 1995 5483 3574 5558; baseline -0.001 -20"><span class='ocrx_word' id='word_1_835' title='bbox 1995 5497 2271 5557; x_wconf 83' lang='lat' dir='ltr'><strong>argueret,</strong></span> <span class='ocrx_word' id='word_1_836' title='bbox 2299 5505 2460 5558; x_wconf 90' lang='lat' dir='ltr'><strong>quam</strong></span> <span class='ocrx_word' id='word_1_837' title='bbox 2494 5505 2600 5544; x_wconf 91' lang='lat' dir='ltr'><strong>non</strong></span> <span class='ocrx_word' id='word_1_838' title='bbox 2636 5489 2793 5543; x_wconf 90' lang='lat' dir='ltr'><strong>modo</strong></span> <span class='ocrx_word' id='word_1_839' title='bbox 2832 5486 3167 5550; x_wconf 90' lang='lat' dir='ltr'><strong>numerosis,</strong></span> <span class='ocrx_word' id='word_1_840' title='bbox 3197 5485 3289 5539; x_wconf 91' lang='lat' dir='ltr'><strong>sed</strong></span> <span class='ocrx_word' id='word_1_841' title='bbox 3332 5483 3574 5538; x_wconf 76' lang='lat' dir='ltr'><strong>ineffabi-</strong></span> 
     </span>
    </p>
   </div>
   <div class='ocr_carea' id='block_1_118' title="bbox 1998 5575 3572 5645">
    <p class='ocr_par' dir='ltr' id='par_1_118' title="bbox 1998 5575 3572 5645">
     <span class='ocr_line' id='line_1_118' title="bbox 1998 5575 3572 5645; baseline -0.001 -16"><span class='ocrx_word' id='word_1_842' title='bbox 1998 5577 2120 5631; x_wconf 87' lang='lat' dir='ltr'><strong>liter</strong></span> <span class='ocrx_word' id='word_1_843' title='bbox 2167 5577 2391 5633; x_wconf 84' lang='lat' dir='ltr'><strong>infinitis</strong></span> <span class='ocrx_word' id='word_1_844' title='bbox 2449 5580 2500 5632; x_wconf 90' lang='lat' dir='ltr'><strong>in</strong></span> <span class='ocrx_word' id='word_1_845' title='bbox 2538 5580 2654 5634; x_wconf 84' lang='lat' dir='ltr'><strong>dies</strong></span> <span class='ocrx_word' id='word_1_846' title='bbox 2709 5579 2917 5633; x_wconf 86' lang='lat' dir='ltr'><strong>vicibus</strong></span> <span class='ocrx_word' id='word_1_847' title='bbox 2962 5577 3129 5645; x_wconf 90' lang='lat' dir='ltr'><strong>repeti</strong></span> <span class='ocrx_word' id='word_1_848' title='bbox 3177 5575 3482 5644; x_wconf 62' lang='lat' dir='ltr'><strong>constaret?</strong></span> <span class='ocrx_word' id='word_1_849' title='bbox 3518 5583 3572 5628; x_wconf 91' lang='lat' dir='ltr'><strong>et</strong></span> 
     </span>
    </p>
   </div>
   <div class='ocr_carea' id='block_1_119' title="bbox 1999 5665 3571 5739">
    <p class='ocr_par' dir='ltr' id='par_1_119' title="bbox 1999 5665 3571 5739">
     <span class='ocr_line' id='line_1_119' title="bbox 1999 5665 3571 5739; baseline -0.002 -19"><span class='ocrx_word' id='word_1_850' title='bbox 1999 5667 2128 5736; x_wconf 91' lang='lat' dir='ltr'><strong>quid</strong></span> <span class='ocrx_word' id='word_1_851' title='bbox 2156 5670 2300 5736; x_wconf 84' lang='lat' dir='ltr'><strong>quod</strong></span> <span class='ocrx_word' id='word_1_852' title='bbox 2341 5670 2391 5722; x_wconf 93' lang='lat' dir='ltr'><strong>in</strong></span> <span class='ocrx_word' id='word_1_853' title='bbox 2424 5670 2649 5739; x_wconf 87' lang='lat' dir='ltr'><strong>singulis</strong></span> <span class='ocrx_word' id='word_1_854' title='bbox 2682 5669 2922 5739; x_wconf 88' lang='lat' dir='ltr'><strong>quotidie</strong></span> <span class='ocrx_word' id='word_1_855' title='bbox 2948 5665 3215 5729; x_wconf 90' lang='lat' dir='ltr'><strong>ccclesiis,</strong></span> <span class='ocrx_word' id='word_1_856' title='bbox 3248 5667 3378 5735; x_wconf 88' lang='lat' dir='ltr'><strong>quin</strong></span> <span class='ocrx_word' id='word_1_857' title='bbox 3408 5665 3571 5720; x_wconf 78' lang='lat' dir='ltr'><strong>etiam</strong></span> 
     </span>
    </p>
   </div>
   <div class='ocr_carea' id='block_1_120' title="bbox 2003 5757 3569 5827">
    <p class='ocr_par' dir='ltr' id='par_1_120' title="bbox 2003 5757 3569 5827">
     <span class='ocr_line' id='line_1_120' title="bbox 2003 5757 3569 5827; baseline -0.001 -17"><span class='ocrx_word' id='word_1_858' title='bbox 2003 5758 2263 5813; x_wconf 87' lang='lat' dir='ltr'><strong>altaribus</strong></span> <span class='ocrx_word' id='word_1_859' title='bbox 2301 5759 2451 5827; x_wconf 89' lang='lat' dir='ltr'><strong>plura</strong></span> <span class='ocrx_word' id='word_1_860' title='bbox 2497 5760 2762 5813; x_wconf 78' lang='lat' dir='ltr'><strong>sacriﬁcia</strong></span> <span class='ocrx_word' id='word_1_861' title='bbox 2793 5758 3139 5813; x_wconf 87' lang='lat' dir='ltr'><strong>delibanlur?</strong></span> <span class='ocrx_word' id='word_1_862' title='bbox 3180 5757 3320 5826; x_wconf 86' lang='lat' dir='ltr'><strong>Ergo</strong></span> <span class='ocrx_word' id='word_1_863' title='bbox 3352 5765 3431 5811; x_wconf 91' lang='lat' dir='ltr'><strong>tot</strong></span> <span class='ocrx_word' id='word_1_864' title='bbox 3473 5770 3569 5824; x_wconf 88' lang='lat' dir='ltr'><strong>pa-</strong></span> 
     </span>
    </p>
   </div>
   <div class='ocr_carea' id='block_1_121' title="bbox 2007 5847 3570 5917">
    <p class='ocr_par' dir='ltr' id='par_1_121' title="bbox 2007 5847 3570 5917">
     <span class='ocr_line' id='line_1_121' title="bbox 2007 5847 3570 5917; baseline 0 -16"><span class='ocrx_word' id='word_1_865' title='bbox 2007 5848 2187 5903; x_wconf 84' lang='lat' dir='ltr'><strong>tibulis</strong></span> <span class='ocrx_word' id='word_1_866' title='bbox 2218 5849 2695 5917; x_wconf 84' lang='lat' dir='ltr'><strong>impntcntissimus</strong></span> <span class='ocrx_word' id='word_1_867' title='bbox 2720 5848 2824 5913; x_wconf 71' lang='lat' dir='ltr'><strong>ille,</strong></span> <span class='ocrx_word' id='word_1_868' title='bbox 2860 5850 2901 5903; x_wconf 85' lang='lat' dir='ltr'><strong>si</strong></span> <span class='ocrx_word' id='word_1_869' title='bbox 2943 5851 3013 5903; x_wconf 87' lang='lat' dir='ltr'><strong>ita</strong></span> <span class='ocrx_word' id='word_1_870' title='bbox 3068 5858 3171 5913; x_wconf 89' lang='lat' dir='ltr'><strong>est,</strong></span> <span class='ocrx_word' id='word_1_871' title='bbox 3208 5847 3459 5903; x_wconf 79' lang='lat' dir='ltr'><strong>Salvator</strong></span> <span class='ocrx_word' id='word_1_872' title='bbox 3488 5847 3570 5901; x_wconf 80' lang='lat' dir='ltr'><strong>di-</strong></span> 
     </span>
    </p>
   </div>
  </div>
