4038 6330
268 290 421 389 pro;

1289 302 1374 358 DE
1405 302 1820 363 PIGNORIBUS
1859 305 2303 366 SANCTORUM.
2331 340 2401 353 --
2426 311 2556 368 LIB.
2585 311 2671 368 III.

3461 325 3563 381 650

270 388 739 484 ὁίιὶἒέὁῖξιῖεὼό
761 406 967 484 corpus
991 401 1149 470 "aliud
1182 395 1303 470 rite
1354 417 1709 474 intellexisset
1763 419 1869 474 nisi
1899 419 1947 477 A
1976 432 2130 474 xero.
2178 417 2494 476 Paracletus
2530 436 2660 491 ergo
2700 437 2808 479 non
2831 425 2978 480 venit
3004 426 3105 482 nisi
3158 428 3262 485 ista
3291 432 3545 488 subtrahi-

270 506 454 577 quale
499 516 626 563 tunc
648 505 824 562 fuerat
879 522 999 561 cum
1034 507 1133 562 ista
1179 507 1426 577 dixisset,
1456 509 1566 565 imo
1592 508 1734 565 inter
1761 523 1872 564 cm-

273 603 536 657 nandum
558 602 763 658 dixisse
786 601 1066 669 recolitur,
1101 618 1208 659 non
1236 619 1295 660 se
1333 605 1399 659 de
1447 605 1721 675 genimine
1744 604 1872 660 vitis

265 692 586 750 bibiturum
615 695 786 752 donec
810 696 941 752 illud
970 697 1024 751 in
1052 710 1223 768 regno
1249 712 1347 753 suo
1375 712 1497 752 cum
1544 698 1750 754 eisdem
1789 699 1872 755 bi-

270 782 421 840 bere
445 785 723 841 videretur
772 786 1103 857 (Maraxw,
1132 787 1244 858 25),
1298 790 1442 857 quod
1488 804 1712 860 regnum
1763 804 1869 845 non

272 874 436 929 aliud
458 890 621 945 quam
645 876 791 945 passi
815 876 927 946 jam
957 877 1203 947 corporis
1231 876 1553 933 clariﬁcatio
1577 888 1681 934 est.
1711 878 1867 936 Unde

270 973 406 1022 est:
444 984 463 1019 ι
502 966 737 1037 Spiritus
789 968 1030 1024 nondum
1078 969 1259 1025 fuerat
1316 972 1497 1036 datus,
1551 970 1678 1040 quia
1711 969 1868 1027 Jesus

268 1058 523 1115 nondum
549 1057 727 1116 fuerat
759 1061 1087 1117 clariﬁcatus
1144 1062 1329 1133 (Joan.
1358 1078 1455 1128 vn,
1482 1062 1595 1132 '59).
1619 1082 1638 1116 ι
1680 1062 1868 1129 Qualis

269 1159 415 1216 ergo
438 1154 565 1202 tunc
611 1156 877 1204 eratcum
909 1150 1035 1205 talia
1070 1150 1310 1206 ediceret
1342 1165 1357 1204 :
1394 1170 1413 1203 ι
1446 1149 1549 1218 Qui
1577 1150 1869 1209 manducat

266 1252 505 1295 carnem
553 1256 752 1311 meam,
801 1253 857 1298 et
898 1243 1035 1299 bibit
1087 1244 1404 1314 sanguinem
1451 1259 1631 1299 meum
1683 1245 1737 1298 in
1780 1258 1868 1299 me

267 1337 467 1386 manet
511 1330 695 1387 (Joan.
727 1348 802 1399 vr,
836 1333 966 1403 57),
1013 1353 1028 1385 ι
1064 1342 1162 1389 et:
1214 1353 1232 1385 ι
1269 1334 1372 1401 Qui
1421 1335 1716 1390 manducat
1755 1349 1863 1400 me,

279 1421 430 1477 Vivit
465 1433 688 1495 propter
722 1440 810 1481 me
843 1426 1032 1497 (Ibid.,
1054 1425 1145 1496 58)
1174 1468 1188 1493 ,
1220 1445 1239 1480 ι
1298 1427 1404 1483 tale
1445 1427 1759 1483 existimant
1787 1426 1867 1497 ip~

265 1527 423 1579 sum,
454 1516 597 1585 quod
619 1516 839 1572 vitalem
865 1532 934 1571 ex
967 1516 1127 1572 altari
1146 1532 1297 1573 esum
1322 1518 1545 1588 praebet.

351 1605 462 1662 Sed
521 1623 677 1664 cassa
728 1610 795 1665 de
846 1608 973 1666 Jesu
1004 1611 1205 1666 mortui
1238 1610 1591 1666 similitudine
1636 1610 1865 1680 quaestio

266 1710 383 1770 est,
416 1704 543 1773 quia
573 1704 664 1773 qui
705 1711 954 1759 mortuus
975 1714 1083 1771 est,
1118 1704 1173 1759 in
1203 1719 1299 1759 sua
1335 1704 1505 1774 ipsius
1546 1713 1724 1760 morte
1755 1719 1863 1760 non

1976 518 2086 577 tur,
2109 511 2263 580 quasi
2296 511 2398 568 nisi
2428 514 2689 584 quidquid
2720 531 3041 585 corporeum
3073 519 3242 588 ipsius
3269 531 3354 575 est
3384 539 3413 576 a
3447 540 3560 577 mc~

1973 603 2147 657 moria
2203 603 2518 675 abrogetur,
2571 607 2637 660 ad
2685 608 3083 679 contemplandi
3143 612 3355 667 animus
3401 614 3563 671 ﬁdem

1973 693 2285 751 nullatenus
2311 696 2641 751 sublevatur.
2674 698 2935 769 Superius
2963 701 3168 755 dictum
3196 711 3301 769 est,
3325 705 3469 774 quod
3494 708 3563 761 ad

1973 790 2419 846 exercitationem
2453 790 2575 846 ﬁdei
2601 800 2821 858 nostra),
2853 810 2883 849 a
2915 795 3204 866 principali
3236 812 3463 867 corpore
3490 800 3560 852 ad

1972 881 2262 953 mysticum
2291 881 2557 936 Dominus
2609 892 2794 939 noster
2822 901 2921 941 nos
2957 887 3128 942 voluit
3161 890 3469 956 traducere,
3511 901 3565 946 et

1972 970 2167 1028 exinde
2207 973 2363 1042 quasi
2403 972 2724 1043 quibusdam
2756 976 3015 1045 gradibus
3063 978 3129 1033 ad
3152 978 3348 1036 divinae
3387 983 3561 1037 subti-

1974 1061 2145 1118 litatis
2172 1062 2583 1135 intelligentiam
2614 1066 2852 1121 erudire.

2045 1152 2215 1220 Quasi
2244 1169 2374 1225 ergo
2403 1156 2469 1211 de
2490 1156 2814 1212 extrinsecae
2844 1157 3069 1214 visionis
3108 1162 3467 1217 crassitudine
3492 1164 3560 1218 ad

1970 1243 2369 1316 imaginationis
2421 1247 2729 1303 tenuiorem
2774 1250 3095 1316 contuitum,
3129 1266 3193 1305 ac
3249 1252 3294 1305 si
3323 1252 3388 1307 de
3434 1270 3562 1307 can-

1970 1338 2113 1393 nabo
2140 1338 2401 1394 subduxit
2438 1339 2506 1394 ad
2533 1340 2726 1406 linum,
2752 1341 2879 1395 dum
2920 1344 2987 1397 de
3027 1346 3210 1414 specie
3238 1360 3335 1399 sua
3367 1361 3562 1414 corpo-

1976 1427 2079 1482 rali
2110 1429 2178 1484 ad
2225 1429 2555 1500 agnitionem
2606 1428 2769 1499 hujus
2805 1431 2969 1502 35o
3014 1436 3258 1504 mysterii
3314 1450 3413 1490 nos
3438 1451 3564 1506 pro-

1971 1519 2161 1585 movit,
2193 1528 2253 1574 ut
2300 1521 2365 1575 de
2413 1522 2684 1577 tractabili
2730 1523 3066 1577 carnulentia
3115 1526 3563 1595 resipiscentibus

1969 1608 2201 1664 alterum
2227 1610 2485 1681 quiddam
2539 1610 2819 1680 pollicens,
2852 1613 2961 1667 imo
2998 1614 3308 1680 continens,
3348 1619 3561 1684 species

1969 1701 2315 1773 eﬂingeretur
2339 1703 2529 1758 altera.
2578 1706 2714 1758 Dum
2767 1704 2911 1757 enim
2953 1703 3131 1769 rudis,
3181 1714 3234 1760 et
3261 1706 3562 1763 formarum

264 1795 420 1851 aliud
449 1810 611 1866 quam
634 1795 731 1851 Dei
755 1794 925 1851 Filius
949 1806 1052 1852 est.
1084 1795 1186 1863 Qui
1218 1796 1362 1851 enim
1392 1796 1460 1851 ab
1484 1796 1695 1867 origine
1717 1813 1868 1852 mun-
1899 1774 1942 1829 Β
1970 1780 2382 1862 allegoricarum
2413 1793 2619 1849 inscius
2676 1793 2946 1863 quispiam
2980 1793 3085 1849 duo
3116 1794 3206 1848 illa
3232 1796 3556 1861 materialia,

266 1886 350 1953 di,
386 1895 675 1956 antequam
718 1887 1094 1958 temporaliter
1147 1894 1485 1952 nasceretur,
1531 1886 1745 1942 occisus
1780 1888 1866 1943 di-

264 1979 436 2045 citur,
465 1987 660 2049 etquae
698 1994 821 2034 cum
876 1980 1125 2050 patribus
1150 1988 1268 2033 acta
1315 1987 1442 2033 sunt
1460 1978 1638 2049 egisse
1666 1977 1865 2049 legitur

268 2071 460 2143 (Apoc.
496 2088 619 2138 xm,
652 2072 732 2143 8),
762 2073 923 2136 sicut,
955 2081 1016 2127 ut
1048 2073 1120 2127 ita
1146 2071 1357 2142 loquar,
1380 2081 1672 2142 antequam
1697 2081 1863 2137 esset,

268 2162 399 2227 fuit,
440 2164 512 2217 ita
546 2172 793 2219 mortuus
841 2178 1059 2235 semper
1092 2163 1329 2234 idipsum
1360 2163 1506 2234 quod
1556 2162 1712 2218 vivus
1740 2161 1862 2227 fuit,

274 2254 529 2310 unde-nil
562 2255 706 2310 inter
752 2254 1028 2310 viventem
1066 2265 1122 2310 et
1172 2264 1447 2311 mortuum
1489 2253 1727 2309 discerni
1771 2252 1865 2308 de-

265 2346 409 2402 buit.
440 2346 561 2418 lpse
590 2347 732 2418 apud
766 2346 966 2404 Judam
995 2347 1298 2419 apostolum
1340 2348 1582 2403 secundo
1608 2346 1863 2416 populum

267 2436 339 2491 de
369 2435 608 2508 Egypto
637 2436 824 2493 eduxit
874 2436 1027 2509 (Jud.
1062 2439 1136 2508 v).
1166 2437 1233 2492 Et
1256 2437 1457 2493 Paulus
1500 2437 1777 2492 Christum
1808 2436 1864 2491 in

265 2528 488 2585 deserto
538 2530 604 2585 ab
633 2530 895 2587 lsraelitis
940 2539 1207 2588 tentatum
1259 2530 1393 2586 dicit
1429 2531 1448 2601 (
1478 2530 1508 2584 Ι
1541 2528 1668 2586 Cor.
1699 2547 1753 2596 x,
1781 2531 1858 2602 9).

264 2618 526 2692 Mysteria
557 2629 740 2676 autem
770 2621 963 2677 eadem
999 2638 1096 2691 per
1131 2620 1508 2677 omnimodam
1559 2620 1861 2677 divinitatis

262 2710 602 2768 aﬂluentiam
658 2713 946 2779 viviﬁcari,
994 2714 1078 2767 sin
1140 2713 1275 2769 alias
1319 2712 1511 2768 saltem
1551 2713 1859 2769 sacrativus

262 2803 384 2874 ipse
404 2808 580 2861 eanon
634 2806 920 2863 evidenter
945 2806 1205 2861 ostendit.
1237 2823 1256 2856 ι
1291 2804 1634 2872 Sanctiﬁcas,
1659 2804 1857 2873 inquit,

258 2898 531 2967 viviﬁcas,
549 2901 830 2958 benedicis
845 2910 898 2958 et
921 2910 1148 2972 praestas
1169 2900 1346 2957 nobis.
1371 2918 1391 2953 ι
1418 2898 1522 2955 Per
1542 2889 1662 2969 quae
1683 2897 1861 2953 omni-

257 3000 544 3062 potentem
574 2992 816 3050 elIicacia
847 2993 1045 3049 reddit.

338 3087 366 3159 §
401 3086 486 3142 IV.
529 3087 625 3143 Nil
654 3089 996 3159 reliquiarum
1033 3103 1250 3141 suarum
1277 3086 1338 3141 in
1359 3085 1555 3140 mundo
1584 3082 1853 3139 Christum

261 3178 538 3249 reliquisse
566 3181 831 3236 contendit
877 3178 1179 3235 Guibertus.
1212 3210 1285 3220 -—
1309 3177 1435 3235 Haec
1466 3179 1650 3248 itaque
1689 3190 1851 3247 sepo-

258 3287 480 3340 namus,
511 3281 565 3328 et
601 3289 663 3330 ea
706 3288 828 3343 quae
857 3274 923 3328 de
951 3274 1113 3329 dente
1162 3281 1219 3327 et
1266 3272 1524 3328 umbilico
1552 3270 1852 3327 Salvatoris

253 3364 466 3420 omissa
494 3363 729 3431 fuerant,
752 3373 1085 3434 repetamus.
1116 3364 1172 3418 In
1199 3376 1307 3433 quo
1328 3363 1567 3433 primum
1598 3362 1731 3418 illud
1767 3371 1852 3418 est

255 3459 683 3524 attendendum,
717 3459 861 3528 quod
882 3458 1022 3513 sicut
1047 3457 1113 3513 de
1140 3466 1330 3512 sancto
1370 3456 1576 3525 Spiritu
1606 3455 1844 3511 dicitur:

261 3568 285 3600 ι
317 3550 568 3629 Εχρθάῇ,
593 3550 790 3621 inquit,
819 3550 995 3616 vobis,
1016 3558 1077 3605 ut
1100 3564 1200 3620 ego
1226 3550 1422 3605 vadam
1451 3566 1467 3617 ;
1497 3550 1542 3605 si
1564 3550 1710 3605 enim
1737 3563 1847 3603 non

265 3642 480 3707 abiero,
511 3641 826 3697 Paracletus
857 3657 962 3697 non
990 3641 1580 3713 veniet(.loan.xvt,7),
1602 3659 1621 3692 ι
1653 3640 1726 3695 ita
1756 3640 1849 3710 qui

229 3712 641 3798 'bujuscemodi
666 3732 925 3801 reliquias
954 3730 1057 3787 sibi
1091 3740 1370 3803 arrogant,
1399 3712 1585 3795 verba,
1620 3739 1679 3784 ut
1715 3730 1844 3785 mihi

257 3823 497 3887 videtur,
527 3822 774 3877 veritatis
821 3822 1120 3877 inﬁrmant.
1154 3820 1293 3889 Quid
1343 3830 1429 3876 est
1462 3821 1607 3876 enim
1656 3823 1702 3876 si
1743 3837 1845 3876 non

258 3916 485 3971 abiero?
508 3915 675 3971 Plane
722 3916 826 3973 nisi
876 3917 1222 3987 praisentiam
1252 3917 1591 3987 corporalem
1625 3916 1843 3974 subtra-

1968 1901 2164 1957 panem
2187 1901 2250 1942 ac
2280 1886 2466 1941 vinum
2488 1887 2719 1953 scilicet,
2743 1888 2795 1941 in
2821 1886 2980 1942 altari
3011 1889 3287 1959 proposita
3320 1899 3561 1946 contem-

1966 1978 2170 2050 platur,
2201 1989 2256 2035 et
2300 1980 2355 2034 in
2380 1980 2447 2035 iis
2487 1994 2684 2049 corpus
2734 1979 2863 2035 Jesu
2897 1995 2958 2034 ac
2989 1982 3308 2050 sanguinem
3358 1982 3560 2053 sentire

1969 2073 2216 2141 docetur,
2247 2072 2315 2126 ad
2339 2080 2599 2141 quantam
2627 2080 2881 2142 putamus
2919 2087 3185 2128 summam
3238 2073 3432 2129 divina:
3460 2090 3556 2129 cu-

1967 2163 2223 2219 rialitatis
2253 2164 2548 2219 educitur?

2037 2254 2189 2321 Quod
2214 2254 2261 2309 si
2291 2255 2393 2310 hoc
2449 2262 2559 2309 tam
2588 2269 2878 2326 operosum
2922 2256 3041 2311 ﬁeri
3072 2257 3349 2313 mandavit
3389 2258 3553 2324 Deus,

1966 2345 2046 2401 sic
2071 2354 2254 2401 tamen
2298 2355 2359 2399 ut
2384 2346 2545 2415 primi
2568 2356 2726 2416 parte
2753 2348 2998 2417 corporis
3017 2362 3123 2403 non
3154 2360 3364 2405 careret
3393 2366 3555 2406 mun-

1966 2437 2089 2501 dus,
2140 2451 2269 2507 ergo
2308 2437 2414 2491 tria
2459 2452 2691 2508 corpora
2734 2438 2899 2492 habet
2948 2438 3111 2493 Deus.
3178 2439 3297 2494 Erit
3348 2442 3554 2511 itaque,

1964 2526 2166 2596 primo,
2232 2538 2555 2599 conceptum
2610 2544 2809 2599 corpus
2867 2544 2935 2584 ex
2972 2528 3236 2600 Virgine;
3294 2534 3552 2598 secundo,

1963 2619 2095 2675 illud
2124 2622 2269 2690 quod
2286 2622 2386 2676 sub
2416 2622 2586 2693 figura
2610 2622 2791 2693 agitur
2816 2622 2872 2677 in
2894 2638 3032 2693 pane
3061 2632 3116 2678 et
3137 2624 3338 2690 calice;
3372 2627 3552 2691 tertio,

1963 2715 2110 2784 quod
2161 2706 2539 2783 impassibile,‘
2573 2716 2684 2771 imo
2714 2715 3212 2787 gloriﬁcatum'jam
3238 2719 3441 2772 assidet
3462 2734 3555 2788 pa-

1963 2817 2133 2864 ternae
2174 2808 2431 2865 dexterae.
2464 2808 2561 2863 Cui
2601 2810 2901 2873 sementim,
2946 2810 2994 2864 si
3034 2808 3163 2864 velit
3214 2809 3439 2880 quilibet
3468 2826 3556 2866 re-

1959 2898 2185 2970 fragari,
2211 2899 2395 2955 dicens
2416 2899 2557 2953 idem
2589 2914 2709 2955 esse
2737 2900 2803 2955 de
2832 2899 3057 2970 Virgine
3081 2908 3267 2955 natum
3296 2902 3555 2973 crucique

1959 3006 2279 3061 appensum,
2307 3000 2364 3046 et
2394 2989 2542 3045 illum
2585 2990 3056 3060 incorruptibilem
3083 2992 3139 3046 in
3170 3001 3396 3062 paterna
3425 3010 3555 3065 pro-

1958 3091 2196 3150 vectum,
2234 3081 2461 3148 fallitur,
2520 3082 2646 3152 quia
2694 3083 2795 3139 etsi
2832 3083 3012 3139 eidem
3064 3085 3252 3140 existit
3305 3102 3553 3157 personae

1958 3176 2284 3245 proprietas,
2336 3174 2496 3245 longe
2550 3175 2830 3232 dissimilis
2860 3186 3042 3232 tamen
3093 3178 3147 3231 in
3184 3179 3549 3249 qualitatibus

1956 3276 2277 3326 naturarum
2328 3266 2601 3320 invenitur
2668 3268 2932 3322 essentia.
2984 3267 3298 3324 Gloriiicato
3351 3271 3552 3325 etenim

1955 3359 2102 3417 nulla
2139 3360 2390 3428 deinceps
2417 3359 2611 3413 mortis
2633 3360 2831 3428 poterit
2860 3359 3195 3429 passionisve
3226 3355 3334 3416 su'ae
3380 3363 3552 3418 domi-

1951 3453 2070 3509 nari
2097 3453 2357 3521 potentia.
2389 3449 2497 3505 Sed
2524 3451 2667 3505 hunc
2694 3450 2930 3505 libellum
2952 3452 3271 3521 congruenti
3293 3452 3405 3522 jam
3437 3463 3547 3507 ter-

1951 3545 2102 3600 mino
2127 3544 2523 3608 succludentes,
2546 3542 2690 3596 aliud
2733 3543 2946 3597 initium
2971 3544 3301 3609 adoriamur,
3350 3553 3403 3599 et
3433 3546 3549 3600 haec

1948 3639 2067 3710 ipsa
2091 3654 2209 3709 qtue
2236 3639 2285 3692 in
2312 3639 2721 3708 praisentiarum
2749 3637 3034 3704 mittimus,
3060 3646 3114 3693 et
3135 3638 3240 3692 alia
3265 3654 3401 3707 quae,
3438 3641 3547 3695 Deo

1951 3731 2274 3801 inspirante,
2334 3747 2432 3785 nos
2465 3731 2771 3803 adjecturos
2827 3728 3117 3794 credimus,
3178 3739 3540 3797 resumentes,

1952 3832 2143 3879 contra
2171 3838 2361 3879 eorum
2392 3838 2499 3880 non
2525 3822 2803 3896 reliquias,
2832 3822 2930 3877 sed
2956 3821 3321 3893 blasphemias
3358 3823 3542 3877 accin-

1953 3928 2152 3986 gimur.

267 4075 3535 4121 '————-———-————————-————-——-—-———-———-—————————-—————-——o

1402 4216 1762 4305 LIBER
1833 4214 2393 4307 TERTIUS.

620 4390 855 4455 Contra
889 4390 1620 4467 Sancti-Medardenses,
1652 4390 1769 4470 qui
1795 4389 2058 4452 dentem
2095 4390 2441 4455 Salvatoris
2478 4391 2717 4455 habere
2754 4390 3172 4472 se:asserunt.

1716 4532 2061 4552 ————-‘

779 4669 1007 4726 CAPUT
1046 4670 1339 4728 PRIMUM.

329 4760 357 4836 ᾖ
388 4762 428 4818 l.
473 4760 605 4817 Cum
652 4760 791 4833 falsa
844 4761 953 4816 Deo
988 4772 1077 4816 aut
1110 4764 1304 4817 sanctis
1339 4761 1615 4828 adscribit,
1647 4763 1836 4818 honori

250 4856 429 4910 divino
453 4854 668 4926 derogat
686 4854 910 4909 devotio.
935 4852 1100 4907 Error
1124 4854 1210 4906 ubi
1236 4853 1416 4925 religio
1433 4855 1665 4909 creditur
1694 4854 1839 4923 difﬁ-

250 4946 446 5001 cillime
466 4948 766 5017 corrigitur.
788 4977 859 4987 —
874 4945 1048 5002 Penes
1070 4947 1236 5000 Deum
1253 4962 1319 5002 ac
1343 4957 1563 5002 sanctos
1580 4945 1697 5017 ejus
1724 4962 1835 5003 omo

250 5035 490 5090 nimodis
518 5045 600 5091 est
629 5036 976 5105 approbanda
1006 5036 1242 5103 devotio,
1273 5038 1388 5104 sed,
1433 5053 1553 5093 cum
1586 5038 1686 5093 sibi
1717 5046 1834 5093 tan-

252 5138 367 5181 tum
398 5127 610 5182 devotio
667 5138 886 5200 arrogat
914 5138 1176 5200 quantum
1219 5129 1529 5185 nullatenus
1558 5130 1835 5199 religionis

252 5220 395 5274 ratio
419 5221 816 5288 subministrat,
836 5223 978 5278 unde
1002 5221 1357 5293 piusquilibet
1381 5221 1688 5277 divinorum
1714 5222 1830 5277 cul-

252 5321 338 5367 tor
367 5314 648 5384 prtemium
686 5315 924 5385 opperiri
949 5324 1221 5386 potuerat,
1248 5315 1310 5370 Iit
1335 5315 1647 5371 miserabile
1671 5315 1830 5385 quid-

252 5406 379 5461 dam
420 5415 481 5461 ut
530 5406 657 5462 inde
699 5422 915 5477 ptenam
962 5408 1279 5478 nequissimi
1325 5409 1529 5464 erroris
1574 5409 1834 5464 insumat.

250 5496 387 5553 Cum
412 5499 557 5555 enim
584 5500 651 5555 de
702 5500 814 5555 Deo
841 5508 934 5555 aut
986 5499 1183 5555 colitur
1226 5509 1322 5556 aut
1378 5499 1575 5556 dicitur
1610 5500 1832 5571 aliquid,

249 5590 398 5661 quod
454 5591 623 5661 ipsius
674 5592 923 5649 veritatis
974 5593 1299 5650 testimoniis
1332 5593 1554 5649 indubie
1598 5592 1837 5649 oblucte-

250 5693 360 5752 tur,
387 5683 647 5739 nimirum
672 5684 873 5741 aceidit
902 5693 959 5740 ut
985 5694 1137 5743 tanto
1171 5686 1411 5743 deterius
1439 5694 1643 5757 quanto
1667 5686 1838 5741 incor-

248 5777 518 5849 rigibilius
547 5793 701 5835 mens
733 5793 963 5835 exorare
986 5781 1269 5851 probetur,
1311 5780 1437 5836 dum
1480 5779 1581 5838 sub
1621 5778 1836 5850 pietatis

600 5872 870 5936 ΡΑτιιοι.
923 5873 1134 5937 CLVI.

1867 4664 1924 4724 D
1948 4670 2133 4726 colore
2162 4673 2439 4737 peccatur.
2471 4664 2559 4719 Nil
2596 4666 2740 4721 enim
2768 4664 2923 4737 pejus
2950 4679 3111 4735 quam
3130 4644 3303 4721 Lm‘ala
3352 4682 3534 4739 agere,

1950 4770 2009 4817 et
2034 4762 2148 4815 haec
2182 4758 2301 4828 ipsa
2331 4772 2450 4828 quae
2500 4757 2802 4813 inconsulte
2832 4766 3114 4829 geruntur,
3148 4774 3247 4829 pro
3274 4760 3538 4817 exercitio

1945 4853 2071 4909 boni
2095 4851 2276 4922 operis
2303 4850 2593 4907 aestimare.
2646 4850 2800 4906 Unde
2855 4865 2986 4923 ergo
3033 4862 3088 4906 et
3134 4854 3350 4922 quando
3381 4869 3535 4909 error

1945 4944 2048 5000 iste
2075 4942 2399 5014 corrigetur,
2441 4941 2532 5012 qui
2559 4957 2665 4996 non
2721 4941 2895 4999 solum
2944 4958 3097 5000 error
3141 4960 3245 4998 non
3273 4944 3532 5007 creditur,

1941 5038 2038 5093 sed
2090 5035 2257 5093 etiam
2313 5034 2507 5090 divinae
2567 5035 2895 5109 dignationis
2962 5037 3319 5107 praerogativa
3372 5047 3531 5106 puta-

1939 5132 2076 5187 tur?

1940 5267 1944 5272 .
2009 5223 2199 5280 Omnis
2226 5224 2436 5294 peccati
2489 5227 2891 5281 correctionem
2940 5225 3121 5279 animo
3165 5225 3530 5294 delinquentis

1940 5320 2153 5376 inducit
2182 5331 2276 5377 aut
2323 5322 2507 5390 timor,
2558 5330 2653 5377 aut
2680 5321 2871 5391 pudor.
2923 5319 3130 5385 Timor,
3183 5328 3277 5373 aut
3330 5320 3527 5374 divinae

1940 5414 2263 5482 aversionis,
2321 5424 2414 5470 aut
2461 5423 2721 5471 extremae
2772 5414 3296 5479 animadversionis;
3328 5414 3520 5484 pudor,

1941 5514 2035 5560 aut
2065 5506 2336 5561 mordacis
2377 5506 2517 5560 intra
2553 5506 2943 5561 conscientiam
2988 5514 3195 5572 reatus,
3224 5514 3317 5561 aut
3350 5505 3521 5561 timidi

1939 5598 2009 5652 ob
2048 5597 2189 5668 vulgi
2220 5597 2455 5653 fabulam
2495 5599 2563 5654 ad
2594 5599 2839 5654 homines
2862 5599 3059 5655 vultus.
3096 5598 3197 5655 Ubi
3244 5615 3373 5670 ergo
3420 5614 3521 5655 nec

1940 5689 2326 5759 cogitationum
2376 5689 2590 5744 animus
2635 5691 2861 5762 ambage
2903 5692 3172 5758 turbatur,
3217 5707 3317 5746 nec
3351 5690 3516 5744 facies

1942 5798 2008 5839 ex
2036 5782 2337 5855 cuiuspiam
2367 5783 2577 5841 visione
2613 5784 2964 5856 suilunditur,
2998 5784 3347 5855 resipiscendi
3395 5801 3517 5854 pro-

3155 5879 3229 5943 21
