4014 6324
535 307 636 364 651

1361 304 1424 360 γ.
1467 299 1797 358 GUlBERTl
1835 297 2131 356 ABBATIS
2169 297 2231 356 S.
2272 299 2513 357 MARIIE
2549 300 2640 357 DE
2667 294 3077 384 NOVIGENTO:
3661 325 3744 388 553

530 421 675 476 fecto
703 418 963 472 materies
989 417 1132 471 nulla
1159 413 1492 487 suggeritur.
1529 413 1808 484 Quidquid
1837 415 2118 484 vitupera—
2144 417 2200 478 Α
2224 416 2431 471 minum
2469 415 2654 471 Jesum
2696 417 2962 471 mendacii
2991 415 3166 472 velitis
3191 432 3482 480 accersere.
3510 427 3560 484 Si
3593 447 3620 488 a
3641 397 3747 498 Pro-

527 511 664 575 bile,
702 518 757 564 et
803 509 966 564 etiam
998 507 1343 563 alienationis
1369 523 1399 562 a
1438 508 1548 562 Deo
1578 507 1823 576 plenum,
1855 516 1910 562 et
1933 507 2119 564 Eccle-

530 602 768 660 siasticis
799 600 1212 656 auctoritatibus
1252 601 1479 655 omnino
1516 601 1760 665 obvium,
1803 604 1930 657 dum
1956 603 2117 671 quasi

525 693 868 767 praedicabile
884 693 1190 762 jactitatur,
1219 704 1276 749 et
1303 694 1589 766 privilegio
1617 693 1894 762 cujusdam
1923 695 2115 767 singu-

526 783 759 840 laritatis
781 785 1099 847 ascribitur,
1130 800 1410 855 nunquam
1435 785 1504 840 ad
1531 785 1775 856 regulam
1806 786 1919 840 veri
1949 786 2114 842 studii

525 880 639 936 ullo
671 877 830 935 modo
862 880 1180 951 castigatur.
1237 879 1294 933 ln
1341 893 1449 950 quo
1485 894 1720 950 namque
1752 879 1977 950 alicujus
1999 881 2117 951 pia-
2177 893 2180 936 ἶ

526 971 635 1027 culi
691 973 1040 1027 conscientiae
1071 971 1375 1041 penetralia
1427 978 1604 1026 metus
1634 980 1813 1042 urget,
1843 987 1968 1042 spes
1995 986 2115 1027 cor—
2146 966 2187 1047 ,λς’

2175 1063 2181 1094 τ
2222 1058 2395 1130 gloria
2422 1069 2478 1116 et
2507 1061 2915 1132 incorruptione
2943 1075 3160 1122 constat
3187 1074 3496 1128 extrusum?

523 1063 786 1118 rectionis
810 1063 1042 1134 plurima
1071 1070 1378 1117 commovet
1406 1077 1420 1126 ;
1455 1062 1543 1116 ubi
1579 1075 1710 1117 vero
1740 1061 1956 1117 cultura
1985 1077 2113 1117 san-

525 1157 733 1212 ctitatis
759 1155 1096 1219 obtenditur,
1136 1153 1191 1208 in
1233 1169 1342 1224 quo
1372 1164 1554 1208 tamen
1582 1153 1784 1208 mentis
1817 1153 2052 1208 intentio
2082 1170 2111 1208 a

518 1243 680 1313 iustae
724 1245 1062 1302 credulitatis
1103 1245 1355 1314 aequitate
1395 1244 1689 1308 diducitur,
1741 1259 2020 1314 nunquam
2047 1244 2178 1318 ad

524 1339 724 1395 lineam
753 1338 1150 1395 emendationis
1181 1336 1504 1407 assurgitur.

597 1429 730 1506 §ll._
757 1429 975 1506 Deutem
1021 1427 1300 1481 salvatoris
1351 1425 1540 1480 habere
1573 1442 1628 1480 se
1653 1426 1968 1481 contendunt
1994 1442 2114 1481 mo-

2177 555 2179 560 .
2224 509 2388 580 pheta
2429 508 2632 564 dicitur
2663 525 2676 564 :
2709 527 2729 560 ι
2770 508 2886 566 Νοη
2911 511 3090 582 ,όεώἱε
3134 520 3378 568 sanctum
3423 527 3564 578 tuum
3599 529 3750 592 videre

2168 620 2173 631 ··
2225 602 2630 672 corruptionem
2656 602 2830 675 (Psal.
2854 619 2946 670 xv,
2979 607 3088 676 10),
3126 625 3146 657 ›
3171 605 3412 676 profecto
3432 611 3668 686 Propheta
3689 612 3749 686 is.

2223 693 2347 748 dem
2388 707 2498 749 non
2543 693 2816 750 immerito
2869 695 3124 752 falsitatis
3187 699 3449 769 arguitur,
3485 709 3600 776 quia
3637 715 3752 778 Deus

2222 783 2338 855 ipse
2381 785 2500 841 sine
2544 785 2710 842 dubio
2745 799 3019 859 perpetuae
3058 792 3389 862 eorruptioni
3415 773 3670 862 addicitur.
3699 773 3750 870 Et

2223 873 2353 943 quid
2390 875 2564 946 magis
2595 877 2918 948 corruptelae
2952 879 3072 936 sine
3115 895 3210 950 spe
3255 891 3658 955 recuperationis
3681 916 3754 957 ex.

2221 966 2457 1035 positum
2487 982 2650 1038 quam
2683 969 2828 1026 Deus
2879 969 2968 1026 ille
3007 980 3113 1038 est,
3139 988 3300 1039 quem
3333 990 3363 1030 a
3386 988 3755 1050 resurrectionis

2291 1153 2436 1209 Deus
2464 1171 2640 1223 meus,
2667 1157 2798 1226 quid
2831 1156 3112 1213 infortunii
3139 1163 3340 1217 accidit
3364 1165 3503 1220 denti
3532 1169 3618 1234 illi,
3647 1190 3754 1230 nun-

2222 1257 2386 1316 quam
2413 1261 2518 1316 ego
2547 1262 2672 1302 eum
2701 1247 2918 1304 fatebor
2945 1265 3070 1305 cum
3100 1250 3309 1324 reliquo
3341 1268 3558 1326 corpore
3579 1261 3638 1316 de
3659 1279 3759 1320 san-
3785 1241 3793 1278 ἓ

2172 1333 2186 1393 ἒ,
2222 1346 2310 1392 cto
2338 1336 2542 1408 Spiritu
2569 1341 2624 1394 in
2648 1339 2769 1395 alvo
2800 1340 3044 1412 virginea
3075 1354 3445 1413 procreatum,
3474 1350 3565 1405 sed
3581 1352 3762 1414 aliunde

534 1429 626 1521 ᾗῇ
757 1429 975 1519 gentem
1021 1427 1300 1481 salvatoris
1351 1425 1540 1480 habere
1573 1442 1628 1480 se
1653 1426 1968 1481 contendunt
1994 1442 2114 1481 mo-
2140 1417 2200 1510 ἐξ
2221 1430 2608 1485 adventantem
2635 1422 2946 1488 Dominicis
2979 1434 3202 1490 haesisse
3245 1435 3508 1507 faucibus,
3541 1455 3600 1496 ac
3637 1445 3678 1499 si
3709 1447 3761 1502 de

524 1515 678 1577 auc/ii
718 1515 1074 1576 Sf'Medardt'
1116 1516 1528 1572 Suessioneusis.
1550 1549 1620 1558 —
1655 1517 1787 1572 Inde
1835 1525 1936 1584 est,

521 1601 736 1668 finitimi
761 1613 932 1669 nostri
959 1611 1560 1667 Sancti-Medardenses
1597 1612 1849 1666 monachi
1881 1612 2112 1684 antiquo

519 1719 686 1774 penes
716 1705 881 1760 corda
936 1703 1188 1760 hebetum
1219 1702 1470 1758 coaluere
1519 1704 1825 1767 mendacio,
1885 1704 2012 1760 dim
2044 1715 2147 1759 ea

2220 1530 2463 1578 externa:
2510 1523 2732 1578 surculo
2793 1523 3008 1580 arboris
3062 1525 3368 1583 insitivum.
3430 1531 3762 1606 Corrumpitur

2221 1627 2354 1683 ergo
2380 1613 2512 1668 dens
2553 1612 2662 1678 ille,
2693 1614 2838 1683 quia,
2871 1623 2930 1669 ut
2954 1615 3180 1672 verbum
3208 1617 3386 1688 ipsum
3417 1636 3480 1676 ex
3517 1625 3676 1694 seipse
3697 1637 3762 1685 re-

2223 1703 2457 1769 solvam,
2495 1707 2622 1760 dum
2649 1719 2681 1760 a
2721 1721 2822 1760 suo
2847 1721 3078 1777 corpore
3106 1710 3448 1780 abrumpitur
3473 1724 3525 1768 et
3550 1693 3609 1771 eo
3631 1717 3762 1772 clari-

520 1797 625 1853 sibi
676 1812 840 1868 super
887 1796 1047 1852 dente
1105 1795 1428 1861 Salvatoris,
1490 1810 1674 1866 quem,
1712 1796 1977 1852 novennis
2011 1813 2112 1867 pro
2143 1785 2194 1846 B
2221 1793 2384 1848 ficato
2429 1794 2484 1848 in
2529 1803 2672 1849 terra
2702 1795 3055 1866 relinquitur,
3096 1810 3152 1854 et
3199 1801 3542 1871 sempiterna:
3570 1805 3766 1864 miseria:

519 1898 720 1945 natura
759 1889 1014 1954 ediderit,
1049 1887 1352 1943 attribuunt
1379 1904 1395 1953 ;
1422 1886 1475 1940 in
1518 1879 1863 1958 quibus'spei
1895 1889 2115 1943 univer-

520 1982 653 2038 salis
675 1982 926 2037 columen
961 1989 1125 2050 atque
1149 1979 1423 2051 fastigium
1455 1979 1611 2049 quasi
1634 1979 1921 2049 phalarico
1958 1981 2112 2051 jactu

519 2075 842 2140 destituunt,
870 2085 922 2129 et
943 2073 1066 2128 dum
1095 2088 1154 2128 se
1180 2073 1458 2128 celebrare
1484 2081 1763 2143 appetunt,
1798 2072 1920 2128 ﬁdei
1957 2088 2110 2128 com-

517 2167 702 2222 munis
730 2167 1006 2238 prtecipua
1046 2166 1378 2221 munimenta
1439 2165 1780 2236 provolvunt.
1817 2165 1916 2220 Cui
1962 2166 2110 2220 enim

516 2268 643 2330 post
663 2259 789 2315 ﬁdei
813 2258 1147 2331 agnitionem
1174 2259 1285 2330 spei
1317 2259 1473 2330 vigor
1506 2257 1778 2324 obruitur,
1805 2257 1933 2327 quid
1964 2258 2110 2334 aliud

519 2367 684 2423 quam
713 2352 867 2408 radix
896 2351 1062 2408 totius
1115 2351 1243 2406 boni
1297 2353 1570 2422 appetitus
1594 2359 1649 2407 et
1694 2351 2110 2407 exercitationis

518 2443 836 2501 exciditur?
869 2443 927 2498 Si
956 2459 1180 2499 succum
1217 2443 1441 2514 integrae
1465 2444 1810 2498 credulitatis
1841 2444 2105 2514 habuero,

517 2546 574 2594 et
605 2546 916 2594 sanctorum
948 2545 1168 2592 actuum
1213 2536 1571 2606 undecunque
1602 2537 1818 2608 thyrs‘os
1845 2537 2105 2602 emisero,

515 2630 760 2688 arefacta
792 2629 906 2700 spei
956 2629 1158 2695 radice,
1187 2644 1293 2699 qua
1332 2629 1540 2683 caudex
1594 2637 1759 2699 atque
1811 2629 2106 2685 ramusculi

514 2723 918 2784 humectantur,
962 2718 1122 2794 351
1167 2720 1242 2774 nil
1295 2719 1526 2774 inomni
1582 2719 1796 2774 arboris
1853 2721 2106 2775 machina

514 2815 660 2888 quod
719 2813 950 2870 delectet
1012 2825 1105 2867 aut
1174 2813 1428 2884 expediat
1481 2813 1831 2882 exspectabo.
1877 2811 1935 2866 Si
1969 2811 2108 2869 bene

518 2907 685 2974 seris,
715 2907 762 2963 si
802 2907 940 2963 bene
962 2904 1291 2978 proveniunt
1335 2906 1668 2960 incrementa
1713 2905 1992 2968 sementis,
2027 2915 2106 2961 to-

511 3011 735 3070 tamque
758 2998 963 3070 grando
984 2996 1246 3068 dilapidet
1267 2997 1396 3051 dum
1438 2995 1631 3051 falcem
1656 2995 1846 3061 mittis,
1879 2998 2008 3053 ouid
2037 3013 2104 3052 ex

510 3092 618 3148 hoc
641 3090 993 3148 emolumenti
1021 3088 1416 3160 prosequeris?

584 3182 784 3237 Probat
836 3179 1119 3236 Guibertus
1147 3181 1350 3236 dentem
1382 3197 1639 3252 nusquam
1666 3181 1720 3235 in
1767 3181 1918 3234 terris
1950 3177 2104 3234 Chri-

511 3285 650 3332 stum
678 3274 973 3347 reliquisse.
1000 3305 1072 3315 —
1097 3273 1271 3328 Velim
1301 3292 1330 3329 a
1358 3275 1512 3331 vobis
1534 3291 1830 3346 agnoscere
1852 3290 2101 3344 quaenam

511 3369 581 3426 de
617 3367 1020 3425 resurrectione
1050 3366 1288 3422 sentitis.
1319 3365 1389 3422 Ut
1435 3365 1491 3422 in
1531 3366 1639 3421 fine
1695 3367 1877 3423 saeculi
1921 3365 2101 3422 ﬂenda

509 3460 794 3526 reticeam,
828 3457 1117 3514 Dominum
1160 3459 1360 3530 ipsum,
1393 3457 1549 3528 cujus
1577 3460 1794 3515 dentem
1825 3475 1938 3530 prae
1982 3475 2102 3514 ma-

507 3553 670 3609 nibus
696 3554 899 3608 habere
927 3567 1024 3607 vos
1056 3553 1288 3620 traditis,
1341 3569 1681 3624 nequaquam
1737 3557 2102 3611 resurrexisse

507 3646 744 3718 negatis.
775 3644 832 3702 Si
864 3645 1188 3710 resurrexit,
1216 3645 1643 3715 particulariter,
1677 3663 1884 3717 quaeso,
1918 3663 2101 3704 resur-

509 3737 654 3793 rexit
685 3753 752 3791 an
783 3735 962 3791 lotus?
990 3734 1046 3790 Si
1080 3744 1251 3792 totum
1282 3740 1649 3795 resurrexisse
1679 3740 1975 3806 testamini,
2011 3741 2102 3797 ubi

509 3846 646 3901 quas
676 3830 830 3885 vobis
859 3830 1136 3885 assumitis
1170 3841 1354 3901 partes
1391 3834 1586 3887 erunt?
1618 3833 1673 3887 Si
1727 3834 1950 3903 partim,
1981 3849 2101 3903 quae

509 3922 578 3977 de
623 3922 780 3976 nobis
817 3923 1207 3977 resurrecturis
1237 3923 1486 3979 edixerat
1511 3925 1777 3995 promissa
1814 3925 1943 3996 quid
1976 3941 2100 3996 pro-

511 4014 740 4071 derunt?
786 4014 952 4070 Plane
998 4015 1040 4069 si
1079 4016 1298 4085 probari
1342 4017 1580 4086 potuerit
1636 4016 1690 4071 in
1737 4017 1916 4087 seipse
1977 4035 2098 4088 qua:

508 4108 668 4165 nobis
696 4109 761 4164 de
792 4109 947 4164 nobis
975 4109 1338 4179 spoponderat
1369 4125 1476 4164 non
1524 4109 1798 4178 implesse,
1831 4109 2099 4181 ambigui-

507 4209 672 4256 tatem
703 4217 812 4257 non
837 4203 1118 4272 minimam
1142 4205 1346 4259 nostris
1360 4202 1630 4258 videbitur
1650 4202 1850 4273 spebus
1874 4201 2095 4260 inferre.

501 4291 849 4348 lnferendum
881 4295 1024 4350 enim
1060 4310 1124 4350 ac
1147 4295 1202 4350 'si
1231 4295 1510 4366 proposito
1543 4295 1741 4366 aliquis
1772 4305 2096 4366 argumento

501 4384 753 4455 putabit:
784 4383 946 4450 Quid,
982 4383 1258 4455 inquiens,
1306 4385 1516 4440 caeteris
1577 4387 1951 4456 sequentibus,
1999 4389 2095 4458 qui

2220 1887 2604 1952 addemnatur,
2632 1885 2785 1954 dum,
2825 1888 2912 1942 sin
2939 1889 3094 1957 alias,
3122 1889 3212 1946 vel
3241 1891 3298 1946 in
3335 1891 3446 1950 fine
3465 1896 3638 1951 saeculi
3666 1913 3766 1954 cum

2219 1974 2358 2030 ctelo
2401 1981 2656 2044 terraque
2710 1976 3068 2032 cremabitur.
3105 1976 3274 2048 Igitur
3325 1989 3424 2034 aut
3461 1985 3765 2052 arrogantia,

2221 2076 2316 2144 aut
2343 2065 2614 2121 mendacii
2643 2066 2970 2136 arguemini,
3001 2078 3056 2124 et
3098 2085 3206 2123 non
3239 2071 3622 2144 qualiscunque
3647 2090 3769 2129 mcu-

2216 2142 2379 2223 daéii,
2422 2159 2516 2213 sed
2556 2156 2692 2227 ejus,
2733 2164 2877 2228 quod
2923 2161 2976 2216 in
3014 2161 3198 2216 divina
3235 2142 3616 2233 blasphemos,
3655 2165 3768 2221 etsi

2216 2249 2546 2305 obstinatius
2589 2252 2904 2322 repugnetis
2935 2292 2950 2318 ,
3007 2251 3154 2309 circa
3211 2253 3534 2312 catholicam
3577 2272 3664 2313 vos
3696 2257 3772 2313 do-

2217 2345 2452 2400 ctrinam
2483 2345 2716 2400 reddam
2749 2345 3056 2406 haereticos.

2213 2487 2217 2496 ,
2286 2435 2462 2507 Major
2511 2436 2698 2507 itaque
2738 2437 2896 2494 nobis
2947 2438 3256 2510 suggeritur
3278 2455 3427 2511 spes,
3467 2456 3622 2512 quam
3655 2441 3771 2511 patri

2215 2541 2270 2588 et
2295 2534 2505 2588 auctori
2531 2533 2644 2602 spei
2673 2543 2876 2589 nostrae
2899 2531 3028 2588 Jesu
3057 2534 3316 2602 Domino,
3347 2536 3476 2592 dum
3505 2551 3597 2606 per
3624 2550 3770 2605 ipsum

2213 2625 2393 2695 colligi
2417 2640 2447 2680 a
2476 2640 2768 2695 corporum
2794 2635 3108 2682 nostrorum
3133 2627 3481 2698 dispersione
3507 2644 3604 2685 nos
3625 2627 3774 2685 credi-

2214 2725 2357 2776 mus,
2392 2712 2448 2766 in
2472 2726 2581 2781 quo
2608 2711 2786 2782 ipsum
2809 2712 3129 2769 labefactari
3155 2715 3556 2785 conspicimus!
3587 2716 3648 2770 Et
3668 2729 3774 2772 ecce

2211 2805 2380 2861 vestri
2425 2805 2600 2877 gratia
2639 2820 2741 2861 nos
2780 2805 2902 2876 plus
2937 2821 3101 2877 quam
3145 2807 3306 2864 Jesus
3358 2809 3468 2864 hic.
3511 2808 3614 2866 Nos
3639 2810 3776 2880 igitur

2211 2899 2526 2955 omnimoda
2554 2899 2896 2970 regeneratio
2931 2908 3155 2966 manet;
3205 2900 3335 2962 Jesu
3379 2911 3562 2956 autem
3593 2903 3640 2956 in
3672 2911 3774 2954 tau-

2213 3004 2327 3049 tum
2359 2992 2706 3064 particularis
2735 3002 2820 3048 est
2849 2991 3014 3060 facta,
3048 3001 3108 3048 ut
3143 3004 3236 3048 aut
3265 3009 3553 3068 nunquam
3580 2995 3630 3050 in
3656 3009 3777 3050 sem-

2211 3086 2510 3156 piternum,
2544 3099 2640 3140 seu
2668 3099 2840 3154 usque
2865 3085 2936 3140 ad
2969 3100 3316 3142 communem
3347 3087 3773 3144 resurrectionem

2209 3178 2401 3249 perfici
2446 3187 2634 3236 restet.
2687 3177 2842 3232 Tunc
2896 3176 3126 3234 forsitan
3176 3190 3416 3237 venturo
3468 3180 3622 3238 Jesus
3651 3180 3775 3236 deuti

2208 3269 2388 3325 locum
2423 3270 2652 3340 aperiet,
2689 3277 2785 3324 aut
2815 3268 2996 3324 hiulca
3031 3269 3211 3327 adhuc
3237 3269 3401 3328 fauce
3433 3273 3644 3328 dentem
3671 3281 3776 3326 tunc

2209 3360 2595 3432 vagabundum
2644 3362 2928 3431 hucusque
2971 3362 3230 3432 recipiet;
3285 3366 3482 3436 sicque
3521 3366 3688 3422 dentis
3727 3381 3779 3420 ac

2207 3453 2472 3519 umbilici,
2521 3463 2577 3508 et
2622 3455 2670 3508 si
2717 3469 2823 3524 qua
2873 3461 3002 3510 sunt
3032 3453 3160 3522 alia,
3211 3457 3414 3514 iterata
3458 3458 3775 3524 clarificatio,

2207 3546 2350 3602 sicut
2376 3546 2481 3600 fuit
2507 3545 2636 3601 olim
2660 3544 2898 3602 secunda
2927 3545 3298 3615 circumcisio,
3334 3551 3454 3607 fiet.

2279 3638 2424 3710 §lll.
2492 3636 3079 3694 Saucti-Medardeuses
3129 3641 3462 3698 vehementer
3499 3645 3774 3700 insectatur.

2204 3761 2277 3774 —
2300 3732 2600 3796 Attendite,
2633 3731 2860 3798 faisarii,
2891 3750 3054 3804 quam
3093 3750 3294 3805 parvus
3326 3737 3472 3808 ignis
3512 3738 3598 3794 hic
3627 3745 3779 3794 vester

2205 3839 2472 3900 quantum
2498 3829 2737 3886 virorem
2769 3831 3018 3888 veritatis
3044 3832 3377 3890 Christianam
3407 3841 3705 3890 consumat.
3729 3829 3777 3886 Si

2204 3923 2378 3989 nulla,
2410 3933 2609 3994 praeter
2635 3925 3018 3994 propheticum
3064 3927 3210 3997 quod
3239 3927 3633 3997 praemisimus,
3676 3939 3780 3994 sup-

2203 4022 2453 4084 peterent
2482 4013 2811 4081 testimonia,
2847 4017 3149 4086 praesertim
3183 4033 3305 4072 cum
3341 4018 3581 4089 idipsum
3611 4015 3781 4070 beatis-

2203 4103 2375 4158 simus
2401 4102 2594 4158 Petrus
2615 4113 2804 4158 contra
2831 4103 3047 4161 Judaeos
3095 4121 3261 4176 super
3290 4106 3598 4163 Dominicae
3625 4117 3783 4161 resur-

2202 4195 2462 4252 rectionis
2491 4196 2792 4252 assertione
2820 4198 3106 4272 protulerit
3133 4199 3272 4270 (Act.
3309 4216 3377 4266 ll,
3421 4201 3541 4272 27),
3582 4199 3676 4254 sub
3697 4199 3784 4252 hoc

2202 4296 2355 4342 arcto
2383 4285 2575 4356 positis
2613 4287 2762 4342 vobis
2806 4271 2996 4343 saltem
3037 4305 3200 4359 super
3248 4291 3357 4346 isto
3405 4271 3642 4362 capitulo
3667 4288 3783 4344 mul-

2201 4390 2316 4436 tum
2341 4391 2486 4438 esset
2515 4382 2841 4452 respondere
2865 4385 3215 4460 conveniens.
3238 4383 3583 4456 Prophetam
3606 4383 3782 4438 etenim

501 4475 558 4528 in
592 4475 772 4545 seipso
804 4475 963 4530 fidem
1007 4476 1278 4532 dictorum
1318 4491 1540 4532 suorum
1581 4491 1689 4532 non
1720 4477 1978 4548 explicat,
2006 4479 2092 4534 fa-
2123 4503 2180 4562 Β
2201 4476 2336 4531 adeo
2364 4477 2664 4547 egregium,
2693 4485 2744 4530 et
2771 4477 2902 4532 tanti
2931 4478 3270 4548 principatus
3302 4479 3620 4550 apostolum
3645 4473 3783 4532 refel-

502 4567 643 4621 cict?
675 4565 767 4638 (’¹)
799 4566 1064 4638 Capillum
1097 4568 1165 4624 de
1195 4569 1374 4639 capite
1413 4578 1602 4624 nostro
1633 4585 1740 4625 non
1790 4572 2091 4640 periturum

502 4658 722 4713 dixerat
767 4658 917 4727 (Luc.
964 4677 1074 4725 xxi,
1112 4661 1220 4733 18),
1266 4670 1320 4717 et
1351 4662 1491 4733 ipse,
1533 4664 1748 4731 corpori
1793 4679 1892 4719 suo
1939 4667 2094 4734 quasi

501 4753 834 4808 subcisivum
866 4753 1126 4822 efﬁciens,
1171 4756 1468 4826 particulas
1491 4765 1650 4813 terrae
1681 4758 1924 4822 mandat,
1962 4760 2094 4814 resi-

499 4845 665 4900 duum
695 4845 834 4900 coelo
864 4845 1107 4903 inferens
1131 4863 1189 4902 se
1212 4862 1576 4904 resurrexisse
1603 4849 1962 4919 pronuntiat?
1988 4849 2092 4916 Qui

498 4939 620 4995 istis
669 4939 957 5012 implendis
1011 4940 1115 4996 sibi
1171 4950 1385 4994 constat
1440 4940 1805 5005 insuﬂiciens,
1863 4944 1954 5012 qui
1992 4959 2090 5000 sua

498 5033 670 5103 ipsius
712 5033 970 5105 colligere
1004 5032 1064 5087 fit
1111 5033 1401 5102 impotens,
1459 5044 1646 5091 nostra
1700 5037 1941 5092 membra
1995 5055 2092 5108 per

495 5127 797 5182 humanam
836 5124 1101 5179 incuriam
1135 5125 1240 5179 hac
1271 5125 1503 5197 illaeque
1531 5128 1774 5200 dispersa
1818 5133 2090 5199 quomodo

496 5217 751 5287 colliget?

565 5310 705 5363 Dum
751 5308 1039 5365 ecclesiam
1090 5321 1328 5368 vestram
1365 5314 1672 5386 peregrinis
1707 5317 1899 5385 opibus
1929 5318 2088 5374 vultis

494 5401 766 5468 attollere,
799 5410 858 5458 et
905 5404 971 5459 de
1016 5413 1198 5461 vestro
1229 5414 1374 5462 statu
1404 5407 1565 5480 longe
1609 5409 1900 5476 nobiliora,
1931 5409 2089 5481 longe

495 5494 566 5548 ab
589 5492 710 5549 aliis
734 5495 1120 5552 excellentiora
1144 5498 1374 5568 jactare,
1403 5499 1471 5554 ad
1496 5501 1548 5554 id
1572 5510 1832 5556 extremae
1851 5503 2088 5558 vesaniae

495 5587 563 5641 ad
603 5588 768 5640 vestri
798 5602 990 5646 sensus
1022 5592 1238 5662 reprobi
1272 5591 1547 5648 cumulum
1577 5595 1857 5664 erupistis,
1891 5605 1949 5650 ut
1979 5610 2086 5650 non

495 5677 690 5739 solum,
731 5680 874 5746 quod
905 5679 1047 5734 dictu
1092 5681 1362 5736 nefarium
1413 5685 1739 5751 aestimatur,
1765 5686 1872 5740 dici
1905 5695 2086 5742 tamen

496 5782 686 5848 operae~
703 5771 934 5851 pretium
958 5781 1056 5852 est,
1090 5774 1406 5844 prophetica
1439 5777 1605 5841 dicta,
1636 5778 1728 5833 sed
1756 5782 1934 5848 ipsum
1970 5778 2078 5834 Do-

556 5843 588 5847 .-
607 5841 686 5848 ..ρ-.-
735 5844 774 5850 _.

2199 4565 2313 4622 lere
2342 4583 2466 4622 cum
2503 4569 2842 4624 vehementis
2897 4570 3122 4625 insaniae
3169 4571 3263 4639 sit,
3316 4573 3499 4627 miror
3538 4569 3785 4640 quomodo

2201 4660 2382 4716 dicere
2413 4661 2763 4731 prmsumitis,
2793 4663 2934 4718 unde
2959 4663 3374 4720 evidentissime
3420 4665 3590 4719 tantis
3618 4668 3783 4716 aucto-

2199 4753 2357 4807 ribus
2379 4753 2687 4808 contraitis.
2718 4753 2876 4809 Certe
2911 4755 2958 4809 si
3001 4754 3333 4811 multimoda:
3366 4756 3532 4812 vobis
3569 4752 3785 4809 rationes

2197 4846 2317 4902 alite
2349 4856 2756 4914 concurrerent,
2781 4864 2902 4918 qua:
2923 4863 3142 4919 quoquo
3166 4850 3328 4904 modo
3351 4849 3443 4906 vel
3475 4848 3546 4903 ad
3569 4859 3783 4902 momen-

2195 4948 2308 4993 tum
2345 4941 2447 4996 hoe
2477 4955 2794 4998 asseverare
2825 4942 3092 5009 valerent,
3127 4957 3470 5013 magnopere
3499 4951 3676 4998 tamen
3696 4941 3787 4994 hoc

2194 5032 2415 5103 aggredi
2456 5034 2804 5090 conscientiae
2833 5046 3032 5092 vestrae
3080 5037 3306 5092 horrere
3353 5037 3651 5100 deberent,
3681 5045 3787 5103 quae

2193 5133 2384 5179 contra
2411 5125 2551 5182 ullos
2577 5127 2738 5198 longe
2777 5127 3049 5185 inferioris
3077 5129 3266 5201 gloria:
3284 5129 3463 5198 viros,
3503 5142 3669 5199 super
3701 5126 3790 5180 hac

2193 5232 2252 5273 re
2281 5221 2597 5290 neutiquam
2630 5222 2826 5278 merito
2855 5223 2938 5279 vel
2971 5226 3254 5281 mutirent.

2264 5310 2418 5379 Quod
2449 5313 2496 5367 si
2525 5313 2706 5368 dicitis
2737 5316 3142 5385 corruptionem
3177 5332 3286 5373 non
3309 5331 3462 5382 esse,
3507 5322 3597 5373 est
3619 5315 3788 5386 plane,

2190 5406 2296 5462 etsi
2339 5407 2578 5462 nondum
2617 5419 2906 5478 corruptus
2948 5419 3050 5472 est,
3101 5411 3378 5480 corrumpi
3420 5425 3676 5467 necesse.
3729 5405 3790 5460 Et

2188 5498 2317 5567 quid
2355 5497 2530 5554 valeat
2566 5500 2837 5554 deteriore
2878 5500 3038 5556 modo
3073 5491 3342 5574 corrumpi
3371 5517 3554 5572 quam
3597 5497 3789 5556 clarifi-

2189 5604 2314 5648 cato
2342 5610 2570 5666 corpore
2604 5595 2860 5652 universo
2892 5606 3166 5668 perpetua:
3195 5597 3613 5668 desperationis
3635 5609 3788 5667 squa-

2187 5684 2285 5740 lori
2325 5686 2560 5742 dimitti?
2585 5688 2652 5742 Et
2679 5692 2952 5759 quomodo
2985 5690 3196 5748 audetis
3227 5707 3338 5746 rem
3373 5693 3531 5748 adeo
3559 5692 3791 5760 ineptam

2189 5792 2456 5847 asserere,
2488 5795 2612 5836 cum
2633 5795 2760 5838 eum
2785 5799 2894 5840 non
2920 5785 3132 5856 negetis
3157 5783 3494 5854 surrexisse,
3523 5779 3790 5855 quomodo

3959 2087 3961 2212 ι
