4038 6330
267 395 370 449 633

1257 381 1343 437 DE
1382 376 1798 438 l’lGNORIBUS
1835 376 2290 434 SANCTORUM.
2331 410 2402 420 —-
2439 378 2568 435 LIB.
2609 380 2696 436 111.

3449 385 3552 440 654

266 503 494 576 conﬁgi;
547 478 778 557 dentemn
818 496 1113 569 proprium"
1133 497 1310 568 aliqua
1337 497 1605 553 oblivione
1630 507 1855 566 practer-
1887 497 1935 552 Α
1963 495 2108 563 quod
2136 509 2257 549 eum
2280 494 2396 551 haec
2428 495 2482 550 in
2509 497 2780 552 evidentia
2807 501 3048 557 omnium
3080 503 3275 560 docere
3306 503 3550 576 soleatis,

266 596 511 656 misisse?
537 593 690 662 Quod
713 591 758 646 si
797 607 827 645 a
850 589 1113 644 memoria
1140 589 1366 654 excidit,
1391 596 1484 643 aut
1505 604 1628 644 eum
1662 596 1856 658 sponte

264 691 498 757 remisit,
533 689 583 742 iu
629 683 1030 740 resurrectione
1081 683 1210 754 quid
1258 681 1441 748 faciet,
1477 697 1598 737 cum
1628 680 1858 736 aliorum

267 785 513 840 membra
571 779 897 836 .coadunans
961 777 1076 847 ipse
1129 777 1181 831 in
1237 776 1319 831 sui
1381 785 1537 846 parte
1589 773 1857 845 perditum

266 878 402 934 ibit?

346 967 712 1025 Endemratio
749 966 814 1020 de
857 963 1104 1020 umbilico
1141 962 1415 1017 accedente
1446 960 1760 1016 Saluatoris.
1791 989 1862 999 -—

267 1061 548 1116 Ponamus
592 1059 773 1128 itaque
803 1057 956 1128 quasi
989 1069 1147 1126 posse
1187 1054 1303 1110 ﬁeri
1337 1068 1432 1108 vos
1465 1061 1612 1107 tanto
1640 1065 1865 1107 munere

267 1153 590 1224 locupletes.
614 1150 786 1206 Velim
809 1165 938 1220 ergo
964 1147 1290 1219 respondere
1316 1144 1611 1217 dignemini
1637 1161 1650 1199 :
1687 1145 1740 1198 in
1771 1159 1865 1200 cu-

262 1247 362 1314 jus
392 1244 638 1314 corporis
670 1244 763 1314 jus
791 1247 843 1297 ln
885 1241 1287 1297 resurrectione
1315 1253 1593 1297 cessurum
1625 1239 1862 1306 dentem,

268 1347 332 1393 et
359 1345 554 1392 caetera
579 1349 806 1406 quaeque
836 1333 1038 1404 putatis
1064 1332 1191 1404 (“)?
1211 1331 1326 1386 Non
1360 1332 1537 1386 minus
1571 1330 1771 1385 etenim
1802 1331 1868 1385 de

269 1431 535 1488 umbilico
580 1440 634 1486 et
667 1429 879 1484 cmteris
915 1443 1034 1498 qua:
1086 1428 1154 1482 de
1199 1427 1314 1496 ipso
1347 1425 1548 1482 habere
1592 1425 1866 1491 dicuntur,

268 1540 440 1594 quam
473 1525 538 1578 de
567 1523 726 1577 dente
763 1522 900 1592 apud
929 1536 1028 1575 nos
1063 1521 1263 1592 agitur.
1296 1519 1451 1586 Quod
1483 1519 1639 1588 plane
1668 1520 1732 1573 de
1763 1533 1869 1572 uno

267 1614 442 1686 352
501 1613 719 1679 dicitur,
764 1611 1030 1667 redundat
1081 1611 1148 1665 ad
1195 1621 1410 1665 caetera.
1447 1609 1546 1665 Ubi
1600 1610 1764 1682 igitur
1813 1625 1874 1664 se

271 1706 561 1762 conferent
599 1721 718 1776 quae
748 1707 812 1761 de
841 1705 1072 1760 Domino
1103 1705 1386 1761 Salvatore
1415 1715 1721 1770 servantur,
1748 1719 1872 1758 cum

273 1796 506 1851 ultimus
534 1796 648 1852 dies
673 1796 762 1852 ille
789 1797 1095 1866 ingruerit?
1120 1795 1177 1850 Si
1205 1797 1272 1850 ad
1303 1795 1591 1865 pristinum
1625 1794 1869 1848 reditura

271 1894 410 1940 sunt
431 1901 646 1956 corpus,
683 1902 792 1956 quo
819 1901 880 1942 se
909 1887 1189 1957 recipient,
1235 1900 1354 1955 quae
1390 1885 1506 1941 loca
1533 1900 1652 1939 sese
1685 1885 1749 1938 iis
1779 1900 1866 1939 re-

272 1977 546 2045 cipiendis
573 1978 849 2048 aperient?
873 1983 956 2032 An
984 1977 1270 2034 edentulus
1320 1976 1570 2032 Salvator
1599 1975 1868 2033 clarifica-

273 2076 370 2124 tus
401 2068 677 2138 hucusque
706 2055 925 2134 mansit,
954 2078 1010 2124 ut
1055 2069 1232 2125 locum
1277 2069 1422 2124 denti
1463 2080 1871 2140 superventurze

273 2165 572 2218 servaret?
613 2165 678 2218 Et
703 2162 852 2220 certé
881 2163 1026 2218 denti
1050 2163 1262 2218 tantillo
1289 2163 1440 2218 locus
1469 2163 1796 2218 conveniens
1817 2164 1872 2218 iu

273 2257 428 2311 virili
458 2257 600 2326 quod
627 2265 710 2312 est
736 2256 1014 2311 Dominica
1047 2253 1203 2311 fauce
1233 2270 1572 2326 nequaquam
1601 2265 1876 2326 compete-

277 2357 388 2404 ret.
427 2348 573 2405 Esto.
621 2347 738 2416 Quo
771 2364 829 2404 se
858 2347 1168 2414 umbilicus,
1201 2363 1409 2418 quaeso,
1436 2349 1700 2418 reponet?
1730 2349 1872 2404 Nun-

275 2441 414 2510 quid
447 2443 565 2495 (tute
588 2440 1010 2496 clariﬁcationes
1036 2442 1091 2496 in
1121 2442 1313 2496 eodem
1339 2456 1566 2510 corpore
1596 2441 1876 2496 celebran-

282 2533 411 2586 tur?
434 2530 542 2587 Res
575 2540 660 2588 est
684 2547 804 2602 quae
837 2547 1106 2602 nusquam
1136 2532 1352 2604 legitur,
1385 2547 1507 2602 quae
1533 2533 1695 2587 nullis
1723 2533 1880 2588 testi-

289 2624 492 2680 moniis
528 2625 879 2694 approbatur.
925 2623 1064 2691 Quid
1098 2638 1229 2695 ergo
1271 2622 1499 2688 infertis,
1559 2622 1650 2693 qui
1695 2623 1879 2678 omnia

287 2716 580 2771 sentcntiae
607 2725 801 2772 vestrae
828 2714 1237 2771 circumstantia
1268 2713 1534 2770 inﬁrmari
1562 2723 1618 2768 et
1649 2713 1879 2769 ridicula

285 2804 409 2860 fieri
442 2807 786 2877 perspicitis?

361 2896 390 2968 §
427 2896 518 2951 1V.
562 2897 732 2954 Porro
777 2899 878 2970 ipsi
917 2898 1169 2965 Domino,
1219 2907 1276 2953 ut
1305 2898 1582 2968 prophetis
1624 2913 1879 2970 superse-

287 2989 481 3055 deam,
537 3005 636 3045 cur
676 3006 886 3046 naevum
945 3000 1106 3046 tantae
1153 2990 1490 3046 inﬁdelitatis
1539 2991 1786 3046 inuritis?
1821 2991 1882 3048 Si

283 3081 468 3150 ipsum
491 3082 545 3136 in
568 3083 978 3153 praesentiarum
1011 3084 1286 3139 haberetis
1320 3101 1332 3135 :
1365 3082 1494 3149 Quis
1529 3099 1594 3136 ex
1625 3083 1764 3139 vobis
1787 3101 1878 3138 ar-

289 3185 415 3246 guet
438 3193 516 3230 me
541 3176 604 3232 de
629 3188 840 3246 peccato
879 3178 1062 3247 (Joan.
1093 3192 1209 3242 rut,
1238 3175 1364 3245 46)?
1393 3175 1546 3242 Quod
1589 3177 1880 3267 inﬁrmius,
1909 3209 1952 3267 α

291 3267 543 3338 quodque
578 3267 947 3324 insensibilius
977 3267 1032 3326 in
1061 3267 1280 3322 homine
1310 3273 1506 3330 exstat,
1539 3281 1644 3319 non
1676 3266 1882 3334 peritu-

288 3373 415 3417 rum
443 3360 498 3414 in
523 3360 678 3416 nobis
697 3360 993 3431 perhibuit,
1012 3369 1066 3414 et
1092 3359 1159 3414 ad
1185 3359 1265 3413 sui
1293 3357 1462 3428 ipsius
1481 3357 1880 3426 confusionem,

295 3463 353 3510 et
384 3462 627 3512 nostram
668 3454 909 3509 omnium
945 3450 1318 3519 difﬁdentiam,
1367 3461 1546 3506 vestra
1595 3451 1882 3522 prudentia

299 3554 509 3600 tantum
547 3544 650 3601 sibi
697 3543 996 3610 residuum,
1029 3557 1135 3598 non
1182 3543 1248 3596 de
1277 3541 1510 3612 capillis,
1547 3543 1642 3598 sed
1671 3543 1737 3597 de
1765 3543 1883 3612 ejus

298 3653 466 3694 carne
491 3647 548 3693 et
572 3638 788 3696 ossibus
823 3635 1057 3694 astruit?
1103 3633 1160 3689 In
1203 3651 1309 3705 qua
1353 3634 1642 3690 diﬁidentia
1703 3644 1883 3691 tamen

298 3745 530 3800 nequam
558 3728 788 3800 emergit
817 3728 1106 3798 utrobique
1138 3735 1443 3797 respectus,
1497 3728 1622 3797 quia
1647 3728 1727 3783 sic
1757 3744 1880 3784 sen-

301 3823 426 3889 tire,
465 3822 542 3877 sic
568 3822 752 3878 dicere
777 3833 830 3878 et
861 3821 1167 3878 divinorum
1195 3820 1462 3876 dictorum
1499 3819 1659 3876 ﬁdem
1694 3828 1887 3890 paten-

301 3923 386 3969 ter
409 3914 707 3987 impugnat,
733 3930 796 3970 ac
823 3914 1051 3970 inﬁrmae
1089 3912 1392 3984 cujuspiam
1437 3914 1887 3970 eonsiderationis

299 4004 517 4060 oculum
545 4021 649 4061 non
674 4022 841 4077 parvo
865 4006 1250 4077 cogitationum
1282 4005 1500 4062 turbine
1520 4007 1733 4074 densat,
1758 4007 1885 4061 dum

302 4099 358 4154 in
394 4114 454 4154 se
499 4099 592 4154 Dei
641 4100 1054 4170 promissionem
1094 4113 1200 4152 non
1243 4097 1449 4168 expleri
1484 4113 1642 4168 posse
1687 4099 1889 4168 quique

301 4199 572 4258 metuunt,
593 4206 754 4261 quam
783 4192 835 4246 in
866 4190 1156 4259 semetipso
1187 4205 1526 4260 nequaquam
1561 4192 1889 4259 praemisisse

299 4281 653 4338 subaudiunt.
681 4282 738 4337 Si
767 4283 908 4337 enini
941 4283 1162 4338 cuilibet
1186 4283 1473 4351 promittas
1503 4283 1737 4353 copiam,
1763 4300 1888 4339 cum

303 4384 454 4430 tuam
489 4384 542 4429 tu
576 4376 690 4446 ipse
727 4375 976 4448 supplere
1009 4391 1118 4436 non
1150 4378 1326 4448 possis
1353 4377 1632 4446 inopiam,
1676 4386 1887 4433 certum

300 4476 388 4522 est
414 4467 530 4537 ejus
559 4469 643 4524 cui
676 4469 1028 4540 spoponderis
1072 4485 1238 4540 penes
1289 4481 1342 4526 te
1380 4469 1698 4528 labefactari
1747 4473 1884 4528 tidu-

301 4559 467 4614 ciam.

378 4654 509 4709 Dico
558 4658 702 4726 quod
755 4655 986 4716 inﬁrmis
1033 4666 1126 4712 aut
1154 4658 1530 4728 versipellibus
1563 4661 1760 4717 animis
1789 4661 1886 4717 ali-

299 4745 524 4816 quando
569 4753 734 4816 queat
777 4745 1012 4814 oﬁicere,
1057 4748 1151 4804 sed
1190 4749 1316 4818 quia
1364 4750 1460 4807 Dei
1515 4751 1887 4807 misericordia

303 4836 504 4892 nullius
533 4839 676 4894 circa
723 4856 822 4896 nos
863 4857 1024 4911 super
1064 4840 1154 4914 tali
1187 4841 1430 4898 contuitu
1469 4841 1736 4908 videmus,
1778 4859 1884 4899 non

302 4929 428 4984 dico
455 4932 599 4998 acui,
644 4934 736 4988 sed
768 4934 948 5004 potius
978 4933 1229 4990 caecutire
1256 4934 1575 5001 versutiam,
1628 4935 1732 4990 hoc
1779 4949 1886 4990 non

301 5032 501 5080 vestrae
518 5026 742 5082 cautela:
763 5026 1138 5096 imputabitur,
1157 5041 1276 5094 quae
1298 5025 1451 5096 juxta
1480 5027 1614 5098 legis
1637 5026 1884 5092 vetitum,

305 5127 418 5172 tam
460 5117 602 5173 male
629 5117 1016 5190 profunditatis
1043 5118 1335 5174 cisternam
1365 5117 1598 5176 eﬁ‘odere
1641 5134 1748 5173 non
1796 5133 1889 5173 ve-

303 5219 460 5266 retur
491 5211 688 5283 (Exod.
733 5227 844 5279 XXI,
877 5211 990 5283 55),
1029 5211 1081 5266 in
1111 5227 1215 5281 qua
1249 5213 1532 5268 brutorum
1563 5226 1887 5280 quocunque

300 5308 622 5364 animalium
674 5309 1032 5380 praecipitium
1065 5309 1324 5378 aperitur.
1376 5308 1538 5364 Certe
1582 5309 1683 5364 etsi
1731 5323 1888 5365 nemo

302 5397 376 5454 ibi
407 5398 552 5465 laedi,
593 5399 704 5456 Deo
735 5412 976 5468 auctore,
1003 5409 1058 5455 et
1087 5399 1284 5458 saeculo
1317 5411 1502 5456 nostro
1530 5399 1708 5456 minus
1749 5401 1887 5455 hanc

305 5493 610 5550 doctrinam
641 5495 1011 5565 appretiante,
1046 5493 1402 5566 permittitur,
1449 5507 1553 5548 non
1603 5491 1780 5547 minor
1807 5498 1890 5546 ta-

302 5597 433 5657 men
483 5584 828 5653 impudentiae
869 5594 1064 5640 vestrae
1105 5593 1290 5640 reatus
1331 5581 1648 5645 intenditur,
1701 5581 1824 5650 quia
1850 5596 1883 5636 ι

302 5674 460 5732 vobis
491 5675 804 5732 indesinens
857 5676 1304 5731 subministratur
1333 5673 1575 5736 occasio,
1621 5687 1727 5740 qua
1764 5671 1888 5741 quis

307 5765 644 5835 improvidus
674 5768 1030 5838 periclitetur.

381 5855 505 5926 εν.
548 5857 604 5912 In
634 5875 743 5929 quo
791 5858 920 5914 illud
972 5859 1125 5914 vobis
1183 5858 1515 5927 permaxime
1551 5857 1880 5927 objectatur,

1901 1854 1948 1914 Β

1965 602 2240 658 nunquam
2274 596 2480 655 tamen,
2511 606 2631 644 cum
2669 594 2823 662 quasi
2866 596 3080 668 signum
3108 598 3193 652 cui
3227 600 3552 654 contradici-

1965 691 2056 734 tur
2100 680 2188 746 sit,
2245 679 2331 736 cui
2385 681 2716 752 generaliter
2763 701 2790 738 a
2854 687 3294 756 prudentioribus
3336 690 3388 745 in
3437 691 3552 748 dies

1965 771 2157 827 obsisti
2189 771 2444 838 audiatis,
2477 789 2778 843 nunquam,
2807 775 3054 846 inquam,
3083 782 3331 850 exagiqu
3365 779 3553 836 melio-

1968 867 2045 922 ris
2064 867 2345 922 sententire
2375 868 2860 936 perquisistis,’nec
2885 885 3048 940 quam
3075 881 3222 927 esset
3247 888 3276 926 a
3303 872 3552 944 Scriptu-

1969 959 2046 1015 ris
2085 958 2349 1015 absonum
2391 959 2719 1016 attendistis.
2761 961 2817 1016 Si
2854 964 2996 1017 enim
3030 965 3112 1018 vel
3145 967 3379 1021 tenuiter
3410 967 3556 1038 ipsas

1971 1053 2038 1109 de
2089 1068 2201 1109 sua:
2247 1057 2311 1110 ac
2357 1063 2557 1110 nostrae
2607 1064 2749 1110 statu
2793 1058 3220 1114 resurrectionis
3253 1055 3558 1118 sententias

1975 1147 2323 1215 tentassetis,
2357 1162 2458 1201 nec
2506 1161 2657 1203 mora
2705 1148 2862 1218 plane
2911 1149 3145 1204 scintilla
3187 1151 3346 1223 hujus
3395 1169 3559 1224 quam

1973 1237 2206 1292 dicimus
2239 1238 2304 1291 ad
2337 1237 2601 1307 liquidum
2629 1239 2889 1294 eluxisset
2913 1239 3181 1296 veritatis.
3215 1242 3281 1296 Et
3311 1244 3437 1313 quid
3478 1253 3563 1301 est

1975 1329 2234 1386 furiosius
2258 1346 2419 1402 quam
2449 1333 2514 1386 ad
2554 1347 2715 1387 aures
2745 1333 2998 1388 Ecclesiae
3022 1335 3388 1407 promulgare,
3420 1341 3564 1408 quod

1977 1439 2082 1478 non
2125 1424 2296 1493 possit
2332 1423 2495 1479 ullius
2523 1423 2905 1494 disputationis
2948 1426 3249 1482 assertione
3277 1432 3564 1486 constare?

1975 1511 2175 1567 Paulus
2197 1513 2441 1568 ascendit
2467 1512 2883 1586 Jerosolyiuatn,
2913 1525 2967 1570 et
2992 1516 3204 1572 confert
3245 1535 3368 1574 cum
3397 1521 3558 1576 Petro

1976 1616 2031 1661 et
2061 1609 2272 1663 caeteris
2302 1608 2656 1680 Evangelium
2685 1625 2753 1665 ne
2781 1610 2921 1664 forte
2954 1611 3006 1668 in
3037 1627 3267 1668 vacuum
3297 1629 3563 1687 curreret,

1978 1709 2073 1752 aut
2105 1699 2409 1754 cucurrerit
2450 1698 2592 1770 (Gal.
2642 1718 2702 1767 ιι,
2735 1701 2786 1765 1,
2815 1701 2904 1772 2),
2957 1711 3011 1756 et
3049 1712 3229 1762 vestra
3280 1709 3567 1776 prudentia

1978 1789 2033 1844 in
2071 1790 2270 1860 quibus
2302 1790 2520 1846 haesitat
2551 1791 2837 1848 addiscere
2869 1792 3176 1849 erubescit?
3204 1795 3284 1850 Ad
3311 1797 3567 1856 Horatia-

1981 1901 2108 1938 num
2141 1883 2271 1940 illttd
2309 1885 2576 1940 advertite
2608 1896 2841 1941 mentem
2873 1905 2885 1941 :

1977 1996 2106 2060 Cur,
2155 2000 2353 2070 inquit,
2404 2001 2630 2066 nescire,
2679 2001 2880 2070 pudens
2921 2019 3124 2076 prave,
3173 2021 3330 2074 quam
3372 2007 3574 2064 discere

3266 2096 3468 2168 [malo7

2810 2163 3025 2219 llonar.
3062 2166 3143 2220 Ad
3176 2163 3316 2236 Pis},
3351 2168 3439 2224 88.

2054 2255 2162 2311 Nec
2201 2263 2364 2310 tantae
2398 2268 2576 2312 tamen
2608 2257 2952 2315 hebetudinis
2981 2275 3078 2331 per
3102 2277 3200 2318 vos
3235 2264 3386 2330 estis,
3422 2272 3479 2319 ιιι
3507 2266 3574 2320 ad

1979 2349 2200 2418 plenum
2233 2363 2425 2418 capere
2473 2364 2579 2404 non
2624 2351 2866 2418 possitis,
2895 2353 3039 2420 quod
3074 2353 3140 2407 ad
3167 2363 3454 2422 paternum
3486 2371 3577 2412 so-

1983 2441 2114 2494 lium
2166 2456 2292 2510 pars
2348 2457 2454 2496 una
2515 2444 2862 2514 commigret,
2924 2445 3094 2500 altera
3141 2449 3580 2518 corruptionihus

1983 2533 2282 2588 addicenda
2320 2549 2351 2588 a
2383 2543 2531 2590 tanto
2561 2535 2713 2590 exsul
2745 2552 2975 2607 corpore
3006 2539 3234 2594 substet.
3268 2539 3398 2608 Quae
3438 2543 3580 2598 ratio

1986 2625 2247 2694 patiatur,
2297 2635 2353 2680 ut
2392 2637 2605 2696 partem
2654 2637 2801 2682 tanta
2853 2629 3024 2702 gloria
3078 2641 3326 2701 maneat,
3363 2645 3579 2706 partem

1985 2717 2277 2772 infelicitas
2316 2728 2519 2774 aeterna
2556 2719 2860 2775 subducat?

2005 2853 2008 2856 .
2058 2809 2116 2865 Si
2141 2809 2286 2864 nulla
2315 2827 2472 2882 opem
2503 2812 2689 2868 verbis
2720 2814 2923 2869 nostris
2948 2817 3319 2887 suppeditaret
3341 2820 3582 2876 auctori-

1987 2910 2093 2966 tas,
2117 2899 2360 2957 sufﬁcere
2382 2903 2590 2958 valeret
2615 2904 2751 2958 adeo
2780 2905 3018 2974 partium
3045 2921 3266 2963 suarum
3288 2909 3582 2980 impatiens

1988 2992 2040 3047 in
2071 3002 2178 3048 tam
2205 2994 2542 3050 sacrosancti
2571 2995 2816 3066 corporis
2857 2997 3148 3068 majestate
3185 2999 3490 3057 diversitas.
3524 3001 3584 3058 Si

1988 3086 2133 3140 enim
2170 3087 2223 3140 in
2277 3087 2483 3142 nostris
2532 3102 2792 3158 purorum
2837 3088 3116 3144 hominum
3159 3094 3483 3163 corporibus
3528 3096 3585 3152 in

1987 3179 2430 3244 resurrectione,
2497 3180 2713 3249 quando
2768 3179 3200 3254 immutabimur,
3261 3191 3412 3239 tanta
3469 3187 3579 3244 erit

1989 3270 2356 3332 uniformitas,
2385 3277 2463 3336 ut,
2492 3271 2787 3341 gloriﬁcata
2810 3273 3167 3329 universitate
3193 3275 3581 3344 membrorum,

1991 3378 2059 3416 ne
2091 3363 2310 3431 quidem
2344 3370 2605 3432 quantum
2631 3361 2777 3430 capit
2807 3372 3020 3415 atomus
3051 3363 3103 3416 in
3137 3363 3318 3434 aliquo
3346 3366 3586 3424 resideat

1990 3453 2095 3508 ulla
2141 3454 2207 3509 de
2249 3454 2479 3524 pristina
2518 3451 2724 3507 vilitate
2769 3451 3082 3525 indignitas,
3126 3453 3180 3508 in
3217 3455 3305 3511 illo
3335 3472 3456 3528 qua:
3488 3459 3583 3514 de-

1989 3546 2195 3601 mentia
2221 3547 2494 3602 aestimare
2535 3559 2634 3601 nos
2663 3543 2827 3600 faciet
2852 3545 3238 3604 inconcinnum
3279 3550 3579 3621 quidpiam,

1991 3640 2082 3710 qui
2113 3638 2473 3710 personaliter
2511 3648 2565 3693 et
2607 3637 2751 3692 Deus
2778 3647 2835 3692 et
2862 3637 3024 3693 homo
3056 3647 3161 3704 est,
3195 3649 3255 3694 ut
3293 3641 3493 3713 aliquid
3525 3645 3583 3700 in

1991 3732 2084 3786 illo
2117 3733 2190 3787 sit
2223 3731 2463 3802 dignum,
2497 3729 2700 3802 aliquid
2735 3729 3048 3786 secludatur
3081 3746 3110 3784 a
3150 3731 3350 3802 digno?
3399 3734 3456 3790 Si
3487 3752 3583 3793 ore

1991 3826 2241 3881 Doctoris
2278 3823 2540 3896 gentium,
2594 3825 2646 3878 in
2683 3838 2791 3894 quo
2830 3824 3070 3894 loquitur
3101 3822 3373 3894 Christus,
3421 3830 3579 3886 nobis

1989 3917 2330 3988 promittitur
2383 3915 2528 3984 quod
2568 3915 2685 3983 ipse
2712 3913 3108 3969 reformaturus
3149 3915 3220 3970 sit
3254 3930 3456 3988 corpus
3480 3919 3584 3973 hu-

1992 4009 2240 4064 militatis
2293 4015 2535 4076 nostrae,
2585 4005 2982 4076 conﬁguratum
3037 4006 3251 4076 corpori
3313 4008 3579 4066 claritatis

1993 4118 2103 4158 suae
2130 4099 2296 4172 (Phil.
2324 4115 2405 4166 ιιι,
2435 4099 2550 4169 2|),
2579 4098 2668 4168 qui
2693 4106 2904 4170 partem
2937 4098 3179 4166 corporis
3205 4100 3287 4153 sui
3322 4101 3421 4156 sub
3451 4101 3576 4157 iuu-

1993 4191 2072 4248 tili
2101 4189 2432 4255 humilitate,
2465 4189 2584 4243 sine
2613 4187 2726 4242 ulla
2750 4186 3063 4242 rationabili
3096 4189 3386 4248 occasione
3423 4191 3581 4249 dimi-

1995 4283 2086 4348 sit,
2113 4281 2386 4350 quomodo
2407 4279 2776 4349 corruptionis
2799 4281 3048 4334 humanae
3074 4281 3575 4352 despicabilitatem,

1994 4375 2062 4429 ad
2086 4389 2195 4427 suae
2224 4372 2491 4427 claritatis
2521 4371 2787 4439 provehet
2814 4370 3272 4440 conformitatem,
3305 4374 3397 4444 qui
3426 4379 3582 4446 quasi

1996 4466 2252 4537 impotem
2300 4479 2358 4520 se
2403 4462 2636 4532 praebuit
2686 4461 2752 4516 ad
2805 4463 2858 4518 id
2908 4465 3290 4520 resumendum
3323 4468 3466 4538 quod
3499 4470 3582 4524 sui

1914 4568 1966 4627 Β
1993 4559 2126 4616 fuit?

2063 4652 2253 4709 Videte
2282 4664 2414 4720 ergo
2441 4663 2510 4704 ue
2533 4648 2660 4703 dum
2689 4645 2931 4701 membra
2954 4645 3048 4701 Dei
3071 4649 3226 4718 quasi
3251 4665 3348 4720 pro
3373 4652 3580 4712 honore

1990 4756 2045 4802 et
2091 4743 2286 4816 genio,
2336 4755 2400 4795 ac
2431 4738 2653 4810 speciali
2687 4736 3045 4808 praerogativa
3091 4737 3338 4796 ecclesiae
3386 4753 3582 4798 vestrae

1991 4839 2146 4894 vobis
2187 4833 2477 4906 arrogatis,
2511 4847 2576 4886 ex
2617 4846 2684 4886 eo
2714 4829 2857 4900 quod
2887 4829 2940 4883 in
2968 4828 3069 4884 hac
3097 4832 3366 4887 sententia
3399 4843 3578 4890 vestro

1989 4945 2087 4985 vos
2137 4927 2328 4983 honori
2373 4923 2735 4980 commilitare
2781 4921 3024 4992 putatis,
3074 4921 3242 4977 Deum
3295 4939 3467 4993 usque
3511 4926 3578 4980 ad

1992 5032 2215 5086 terram,
2263 5027 2323 5073 ut
2369 5017 2446 5072 sic
2484 5015 2746 5082 dixerim,
2782 5013 3097 5076 humilietis,
3154 5014 3219 5067 de
3279 5013 3430 5083 cujus
3485 5032 3578 5072 vos

1991 5116 2152 5170 dente
2177 5109 2419 5182 jactatis.
2455 5107 2512 5162 Si
2559 5107 2821 5160 honorem
2873 5120 2936 5159 ex
2988 5104 3098 5157 Deo
3124 5102 3386 5171 quaeritis,
3415 5118 3574 5173 quem

1991 5210 2182 5272 Deum,
2216 5219 2422 5276 quaeso,
2454 5216 2578 5256 eum
2610 5207 2804 5270 putare
2850 5196 3118 5267 poteritis,
3149 5200 3308 5264 quem
3341 5197 3573 5264 apertis-

1990 5301 2127 5356 sime
2165 5297 2421 5353 videmini
2469 5307 2700 5364 arguere
2733 5288 3004 5344 falsitatis.
3050 5286 3107 5342 Si
3167 5295 3344 5343 vester
3401 5289 3575 5344 honor

1989 5393 2055 5447 ad
2073 5392 2291 5461 ejus,ex
2313 5402 2418 5458 quo
2435 5382 2690 5440 honorari
2723 5380 2940 5448 cupitis,
2972 5377 3238 5433 redundat
3266 5376 3569 5448 infamiam,

1991 5498 2156 5553 quam
2187 5487 2418 5549 excepto
2454 5474 2616 5546 353
2653 5471 2846 5527 honori
2880 5470 3176 5525 redhibetis
3200 5472 3468 5540 gratiam?
3509 5474 3574 5527 Et

1993 5571 2265 5643 quomodo
2295 5576 2382 5624 est
2410 5574 2648 5620 vestrum
2681 5559 3005 5635 rationabile
3035 5559 3375 5628 obsequium,
3426 5563 3468 5616 si
3517 5564 3572 5619 id

1989 5665 2191 5728 colitis,
2246 5672 2296 5716 et
2345 5659 2467 5714 aliis
2514 5658 2798 5713 colendum
2852 5652 3138 5724 ingeritis,
3187 5654 3329 5722 quod
3373 5654 3572 5712 nullius

1988 5759 2209 5834 praefert
2255 5755 2378 5810 ﬁdei
2415 5751 2828 5824 argumentum?
2859 5750 3186 5822 Obsequium
3218 5748 3376 5820 plane
3405 5748 3573 5802 ratio-

1991 5853 2191 5917 nabile,
2218 5850 2349 5906 dicit
2373 5848 2660 5918 Apostolus
2683 5845 2854 5918 (Rom'.
2886 5862 2983 5912 xu,
3010 5845 3086 5915 1),
3116 5846 3165 5897 in
3189 5857 3295 5912 quo
3319 5856 3422 5896 non
3452 5841 3567 5897 sine
