4012 6346
284 310 435 369 657

1291 309 1378 366 ne
1411 308 1823 368 etcuomsus
1863 294 2403 370 ssucronuu.‘—
2441 312 2571 368 me.
2609 310 2698 368 nt.

3488 312 3592 376 658

281 419 592 491 judicium
666 418 973 476 habiturum
1042 426 1125 477 est
1181 421 1637 477 immutabilitatis
1679 422 1908 492 gloriam
1937 424 2168 493 Aquasi
2195 424 2265 479 ad
2290 426 2682 494 experientiam
2735 429 2971 498 suscepti
3026 430 3298 498 quendam
3355 433 3594 489 hominis

291 510 607 581 provexit.
648 509 706 565 Si
735 526 971 581 namque
994 520 1138 567 esset
1160 513 1367 583 integre
1394 513 1774 579 clariﬁcatum,
1806 528 1913 569 non

295 601 696 657 remansisset
743 601 883 657 latus
924 604 1067 673 quod
1114 603 1336 659 Thomae
1379 605 1615 660 ostendit
1667 614 1913 676 apertum

300 690 524 761 (Joan.
555 708 651 757 xx,
681 692 807 762 27);
842 707 943 749 nec
978 694 1200 750 vulnera
1231 695 1410 765 patula
1435 696 1715 764 hucusque
1742 695 1915 765 persi-

299 790 545 838 sterent
575 783 771 853 pedum
802 799 866 839 ac
882 800 1163 851 manuum,
1199 800 1319 855 qua:
1345 787 1587 855 paternis
1612 786 1765 840 illata
1781 802 1913 842 con-

301 874 581 929 sessibus
602 874 681 930 sic
696 885 1003 938 conservat,
1040 884 1099 930 ut
1126 876 1179 929 in
1200 875 1287 930 die
1308 874 1496 944 judicii
1528 885 1636 930 tam
1686 877 1771 941 iis,
1821 877 1911 945 qui

300 978 457 1019 eum
488 974 1026 1037 pupugerunt,quam
1057 968 1306 1022 omnibus
1336 969 1580 1038 reprobis
1594 977 1912 1023 conservata

301 1056 620 1124 producat.
656 1056 753 1112 Ubi
791 1072 919 1129 ergo
952 1057 1177 1112 cicatrix
1203 1072 1310 1112 non
1336 1057 1644 1123 obducitur,
1673 1056 1911 1127 perfecta

303 1148 645 1204 nullatenus
700 1146 1076 1215 semimutato,
1128 1159 1189 1206 ut
1242 1152 1321 1206 sic
1373 1152 1642 1217 dixerim,
1697 1150 1910 1222 corpori

306 1237 659 1294 clariﬁcatio
695 1240 1000 1307 adhibetur,
1053 1250 1107 1295 et
1152 1240 1245 1295 ubi
1296 1241 1535 1311 perfecta
1578 1242 1756 1297 adhuc
1791 1257 1904 1297 cor-

305 1326 670 1396 ruptelarum
717 1327 1006 1398 integratio
1064 1329 1303 1385 nondum
1350 1338 1470 1396 est,
1521 1330 1664 1400 quod
1731 1331 1909 1385 minus

305 1416 545 1474 factum
573 1418 627 1474 in
650 1432 714 1474 eo
744 1420 860 1490 ipso
884 1428 1116 1489 conStat,
1143 1422 1325 1492 aliquo
1351 1421 1511 1478 modo
1550 1422 1909 1493 supplendum

307 1518 435 1568 εει.

398 1599 546 1667 Quid
577 1611 758 1659 autem
792 1605 858 1661 de
882 1605 1255 1677 supplemento
1291 1616 1540 1675 tractem,
1581 1624 1705 1664 cum
1737 1608 1910 1663 forma

309 1689 449 1761 ipsa
477 1692 643 1758 servi,
666 1708 788 1763 qua:
812 1693 977 1761 justis
1002 1710 1068 1751 ac
1102 1697 1349 1768 reprobis
1399 1713 1552 1768 aeque
1600 1699 1728 1763 erit,
1788 1699 1908 1768 ipso

302 1778 625 1849 iudicante,
650 1785 955 1853 perspicua,
984 1795 1106 1856 post
1128 1787 1390 1858 judicium
1423 1798 1533 1845 tota
1572 1790 1626 1844 in
1668 1790 1905 1845 divinam

309 1873 691 1929 transferetur
743 1875 1003 1933 formam!
1039 1877 1194 1936 Unde
1247 1890 1302 1936 et
1353 1882 1482 1937 illud
1512 1891 1631 1938 est:
1660 1881 1725 1936 Et
1761 1893 1907 1937 tran-

311 1968 491 2031 siens,
519 1967 717 2038 inquit,
763 1970 1077 2025 ministrabit
1120 1971 1226 2027 illis
1264 1971 1419 2043 (Luc.
1447 1974 1659 2042 xn,'57)
1696 1974 1907 2041 :Quem

316 2058 622 2114 transitum
649 2074 748 2115 nos
776 2077 883 2116 non
916 2062 1219 2134 intelligere
1273 2065 1532 2120 debemus
1583 2065 1769 2131 alium,
1802 2063 1907 2121 nisi

319 2148 478 2218 quod
506 2150 668 2207 totius
692 2152 959 2219 humanae,
984 2155 1127 2223 quod
1148 2155 1200 2209 in
1221 2170 1287 2211 eo
1312 2155 1909 2226 apparetdispensatio-

320 2239 416 2293 nis
446 2240 824 2308 ministerium,
858 2244 910 2297 in
937 2244 1131 2299 divinae
1151 2244 1296 2301 illius
1318 2245 1622 2316 majestatis
1636 2246 1909 2316 redigetur

322 2339 558 2399 statum,
585 2332 693 2388 imo
721 2334 1038 2401 dominium,
1075 2336 1128 2390 in
1160 2352 1268 2407 quo
1321 2336 1571 2393 transilui
1610 2338 1909 2395 electorum

324 2434 553 2476 suorum
597 2423 791 2477 visioni
845 2425 1292 2493 comministrat,
1348 2426 1474 2481 dum
1525 2442 1635 2482 suae
1683 2428 1909 2484 satietau

327 2517 442 2566 tem
495 2513 966 2585 contemplationis
995 2517 1075 2573 eis
1104 2533 1378 2589 nunquam
1402 2518 1741 2576 fastidienda:
1768 2534 1909 2590 sup-

333 2601 567 2671 peditat.

402 2694 507 2751 Ubi
529 2696 690 2767 igitur
713 2698 767 2754 in
782 2698 1075 2758 divinitatis
1089 2701 1536 2773 speciem,formae
1556 2705 1697 2761 servi
1728 2713 1906 2760 trans-

337 2788 474 2843 latio
526 2800 607 2845 est
636 2790 843 2857 futura,
876 2793 967 2849 ubi
1005 2795 1319 2851 cicatricum
1352 2795 1628 2864 obductio,
1671 2812 1767 2868 per
1809 2797 1911 2852 im-

330 2874 683 2937 mutationem
715 2882 1007 2954 legitimam
1043 2887 1361 2954 adventura,
1413 2888 1541 2958 quid
1589 2898 1910 2944 cunctamur

333 2973 516 3030 dicere
548 2976 692 3045 quod
716 2977 941 3043 residui,
970 2981 1113 3047 quod
1140 2996 1239 3036 nos
1267 2981 1467 3037 habere
1494 2982 1788 3049 credimus,
1826 2997 1910 3039 re-

335 3067 571 3138 sumptio
595 3070 667 3125 sit
704 3070 848 3126 illico
893 3073 1189 3127 secutura?
1232 3073 1369 3127 Dum
1415 3072 1580 3143 plane
1625 3074 1907 3128 vulnerum

335 3159 645 3215 concavitas
704 3168 913 3230 aequata
988 3161 1275 3232 superﬁcie
1336 3160 1732 3231 complanatur,
1777 3162 1906 3232 quid

314 3238 553 3317 ‘mirum,
581 3249 626 3303 si
656 3250 797 3319 quod
826 3249 893 3305 ad
918 3252 1039 3307 tidei
1071 3261 1269 3307 nostrae
1294 3251 1546 3307 solatium
1579 3252 1735 3308 nobis
1765 3253 1905 3308 inte-

336 3338 438 3394 rim
463 3348 546 3394 est
567 3342 940 3410 commissum,
970 3344 1143 3399 eidem
1187 3344 1327 3399 unde
1364 3344 1665 3399 derivatum
1696 3353 1908 3401 constat

337 3434 548 3502 corpori
573 3437 980 3507 compingatur?
1012 3437 1173 3494 Certe
1206 3439 1249 3494 si
1277 3439 1404 3508 quid
1429 3439 1602 3508 majus
1626 3441 1906 3497 autminus

339 3526 476 3595 apud
524 3525 693 3581 Deum
738 3543 859 3584 esse
885 3538 1081 3599 potest,
1108 3548 1212 3587 non
1242 3532 1416 3602 majus
1447 3533 1587 3602 apud
1616 3546 1738 3586 eum
1766 3532 1908 3588 testi-

338 3627 515 3673 matur
537 3618 852 3675 cicatricum
896 3622 1075 3677 hiatus
1111 3625 1410 3688 obstruere,
1441 3636 1601 3693 quam
1654 3623 1907 3694 reliquias

340 3710 572 3767 humano
600 3710 813 3767 affcclui
871 3728 937 3767 ex
984 3714 1228 3769 consulto
1280 3714 1533 3785 ingenita:
1582 3715 1907 3785 provisionis

342 3804 639 3874 applicitas,
672 3805 930 3862 invisibili
952 3821 1056 3876 qua
1088 3807 1329 3877 dispersa
1359 3807 1623 3879 recolligit
1646 3808 1748 3864 sibi
1780 3823 1907 3864 con-

341 3898 602 3953 tractione
629 3900 965 3955 subnectere.

410 3987 435 4059 §
490 3987 574 4043 Vl.
602 3987 837 4059 Objectio
867 3989 919 4044 6.
950 4020 1021 4031 —
1044 3988 1102 4045 Si
1131 3988 1302 4047 Filius
1328 3989 1420 4047 Dei
1449 3992 1565 4061 ipse
1613 4009 1776 4063 super
1814 3990 1908 4048 Ju-

344 4080 720 4136 daeisinimicis
742 4083 852 4137 suis
882 4092 1157 4139 ostensum
1194 4086 1295 4141 sibi
1339 4102 1369 4140 a
1423 4084 1581 4141 Patre
1633 4096 1902 4142 testatur:

350 4188 369 4221 ι
400 4170 472 4226 Ne
498 4171 736 4238 occidas,
776 4174 971 4243 inquit,
1026 4190 1140 4241 eos,
1185 4178 1470 4247 nequando
1517 4179 1909 4235 obliviscantur

344 4264 511 4333 populi
539 4267 643 4320 mei
694 4265 866 4338 (Psal.
915 4283 1067 4332 Lvm,
1103 4269 1213 4338 12).
1256 4289 1274 4321 ι
1325 4270 1457 4325 Dum
1492 4274 1778 4340 praesentia
1815 4271 1909 4327 Ju-

348 4355 469 4409 daici
498 4358 699 4428 populi,
724 4374 881 4428 quem
905 4374 1017 4428 pra:
1063 4359 1234 4415 oculis
1276 4361 1559 4427 habemus,
1590 4366 1906 4419 memoriam

1936 3114 1977 3171 ϐ

2017 529 2300 584 superesse
2337 516 2464 584 quid
2490 516 2751 582 creditur,
2779 517 2905 573 ﬁdei
2927 521 3212 575 catholicae
3250 538 3391 592 pene
3418 524 3593 579 virtus

2015 605 2267 661 universa
2295 607 2635 675 convellitur;
2676 624 2801 664 nam
2861 630 2880 662 ε
2912 611 2958 666 si
3015 612 3149 668 ﬁdes
3204 617 3592 684 sperandarum

2016 698 2316 753 substantia
2338 714 2518 753 rerum
2549 709 2652 766 est,
2687 710 3067 772 argumentum
3099 718 3314 774 quoque
3344 721 3452 760 non
3492 722 3592 777 ap-

2014 791 2320 859 parentium
2359 790 2549 859 (Hebr.
2581 808 2645 853 n,
2686 793 2741 863 1)
2795 813 2813 845 ι
2846 796 3118 864 quomodo
3179 796 3236 850 in
3278 798 3442 852 corde
3471 813 3593 853 cre-

2015 881 2193 937 dentis
2215 881 2505 950 cujuslibet
2524 886 2802 953 sperandae
2839 901 2927 941 res
2951 887 3275 953 subsistunt,
3331 888 3415 942 vel
3462 889 3592 943 sub-

2014 980 2182 1035 stant,
2209 972 2362 1042 cujus
2383 972 2776 1042 cogitationum
2809 975 3179 1045 intelligentiae
3213 978 3278 1032 de
3304 977 3591 1032 invisibili-

2014 1063 2113 1118 bus
2155 1063 2222 1117 ad
2271 1063 2507 1118 visibilia
2535 1066 2811 1120 remeant?
2845 1065 2999 1131 Quod
3035 1069 3179 1122 enim
3215 1088 3233 1120 ι
3270 1070 3416 1124 videt
3445 1070 3591 1139 quis,

2013 1154 2140 1222 quid
2164 1156 2382 1224 sperat?
2407 1155 2586 1228 (Rom.
2614 1174 2733 1223 vm,
2764 1157 2857 1229 24)
2896 1177 2916 1210 ι
2952 1159 3013 1213 Si
3038 1159 3173 1216 ﬁdes
3223 1176 3288 1216 ac
3333 1177 3456 1231 spes
3502 1177 3593 1217 so-

2012 1245 2285 1303 lummodo
2315 1265 2383 1304 ex
2427 1249 2894 1305 intellectualitate
2924 1252 3223 1321 appetenda
3264 1254 3588 1316 consistunt,

2012 1338 2151 1394 sicut
2174 1354 2243 1395 ex
2272 1339 2388 1395 acie
2414 1340 2658 1395 interiori
2688 1340 2940 1395 foveatur
2963 1348 3129 1410 atque
3154 1340 3467 1409 proﬁciunt,
3514 1343 3591 1397 ita

2010 1441 2078 1481 ex
2102 1430 2493 1485 consuetudine
2511 1444 2774 1500 corporea
2794 1438 2850 1485 et
2867 1430 3236 1486 sensualitatis
3252 1430 3594 1488 aﬁ‘ectatione

2010 1515 2359 1574 lentescendo
2380 1518 2661 1574 deﬁciunt.

2083 1607 2146 1663 Si
2163 1607 2409 1664 Salvator
2433 1608 2675 1663 nonnihil
2698 1611 2935 1681 corporis
2964 1611 3278 1681 reliquisset,
3303 1611 3429 1679 ﬁdei
3448 1627 3590 1666 exer-

2011 1697 2310 1753 citationem
2334 1699 2629 1769 impediret.
2653 1730 2723 1740 —
2751 1700 2911 1756 Fides
2946 1700 3131 1771 itaque
3192 1700 3591 1757 substantivum

2010 1789 2231 1859 quidam
2276 1790 2437 1844 debet
2486 1805 2607 1845 esse
2635 1790 2690 1845 in
2736 1790 2921 1846 animo
2945 1790 3264 1861 cuiuspiam,
3298 1799 3356 1845 ut
3383 1804 3502 1859 quae
3533 1789 3590 1843 in

2009 1880 2203 1951 spiritu
2223 1881 2640 1952 contemplatur,
2684 1882 2839 1951 quasi
2895 1882 3101 1951 aliquid
3160 1881 3392 1937 solidum
3442 1879 3588 1933 intra

2008 1984 2246 2030 mentem
2274 1983 2539 2029 teneatur.
2563 1974 2681 2041 Quo
2704 1987 2833 2044 ergo
2864 1973 2987 2028 ﬁdei
3016 1988 3243 2029 acumen
3269 1971 3588 2047 intenditur,

2008 2067 2119 2123 imo
2145 2068 2276 2138 quid
2305 2077 2580 2137 speratur,
2608 2067 2739 2137 quid
2762 2067 3025 2132 creditur,
3055 2065 3215 2137 355
3229 2066 3319 2120 ubi
3346 2080 3434 2119 res
3456 2079 3590 2133 spc-

2011 2166 2150 2222 rata,
2179 2172 2268 2213 res
2298 2158 2504 2212 credita
2530 2158 2584 2212 in
2612 2165 2912 2226 conspectu
2940 2155 3301 2211 materialiter
3321 2154 3589 2225 aspicien-

2014 2249 2081 2305 tis
2106 2248 2472 2319 appenditur?
2510 2247 2640 2315 Quae
2671 2247 2995 2303 exercitatio
3019 2246 3185 2300 animi
3221 2245 3331 2300 illic
3351 2246 3464 2310 ﬁet,
3495 2241 3588 2298 ubi

2010 2340 2068 2395 in
2113 2340 2181 2395 iis
2235 2354 2355 2409 quae
2398 2339 2619 2393 intuitui
2644 2338 2924 2409 subjacent
2949 2335 3314 2392 consideratio
3339 2348 3400 2389 se
3424 2348 3587 2389 exer-

2010 2431 2133 2488 cet?
2159 2430 2229 2487 Ut
2254 2430 2403 2500 quid,
2446 2429 2552 2485 nisi
2583 2444 2643 2484 se
2668 2429 2846 2499 primo
2893 2428 3190 2493 subducat,
3242 2425 3589 2481 Paracletum

2010 2537 2119 2578 non
2146 2529 2440 2577 venturum
2468 2521 2775 2588 denuntiat,
2803 2520 2850 2574 si
2876 2519 3080 2574 idcirco
3109 2518 3355 2588 corporis
3383 2518 3468 2574 sui
3500 2504 3603 2573 re-'

2010 2612 2209 2683 liquias
2242 2613 2297 2668 in
2332 2622 2475 2667 terra
2506 2611 2750 2676 dimittit,
2787 2619 2848 2665 ut
2872 2608 3262 2665 incarnationis
3300 2624 3412 2665 suae
3462 2622 3588 2663 cre-

2013 2704 2293 2761 dulitatem
2321 2704 2573 2760 humanis
2599 2704 3098 2776 magispectoribus
3125 2704 3368 2759 inserere
3393 2702 3591 2774 possit?

2012 2796 2114 2864 Qui
2142 2797 2322 2853 carnis
2346 2798 2689 2866 praesentiam
2719 2797 2841 2851 ideo
2870 2796 3153 2867 discipulis
3176 2797 3589 2851 absentaturum

2014 2903 2075 2944 se
2099 2888 2367 2959 perhibet,
2419 2884 2688 2958 quatenus
2719 2888 3023 2944 intellectui
3044 2888 3295 2958 copiosor
3340 2902 3400 2943 se
3430 2885 3591 2956 spiri-

2015 2980 2236 3036 tualitas
2264 2988 2620 3051 repraesentet
2648 2979 2831 3051 (Joan.
2858 2996 2970 3045 xvi,
3006 2980 3083 3050 7),
3110 2979 3440 3035 credendum
3468 2976 3592 3032 nul-

2013 3069 2226 3125 latenus
2263 3072 2407 3139 quod
2427 3071 2590 3125 verba
2630 3086 2727 3126 sua
2758 3069 2867 3125 ullo
2912 3077 3075 3139 pacto
3105 3069 3385 3124 inﬁrmare
3433 3067 3589 3123 volu-

2009 3166 2138 3231 erit,
2165 3164 2219 3218 in
2252 3178 2316 3219 eo
2335 3164 2587 3219 videlicet
2606 3164 2750 3234 quod
2775 3163 3074 3219 secundum
3099 3176 3193 3219 vos
3226 3163 3281 3217 in
3314 3169 3461 3219 terra
3493 3174 3584 3217 re-

2008 3253 2223 3308 siduum
2250 3252 2431 3308 facere
2453 3253 2518 3307 de
2555 3268 2613 3308 se
2637 3252 2890 3308 voluerit.

2077 3343 2243 3398 Plane
2269 3342 2489 3398 indubie
2516 3342 2627 3397 suis
2657 3343 2997 3399 sermonibus
3025 3343 3369 3409 contraisset,
3400 3350 3461 3397 ut
3496 3344 3587 3413 qui

2008 3433 2345 3490 Paracletum
2388 3449 2498 3489 non
2538 3443 2825 3490 venturum
2869 3435 3114 3502 dixerat,
3152 3435 3256 3491 nisi
3292 3436 3409 3505 ipse
3439 3435 3589 3491 abis-

2008 3536 2091 3583 set
2120 3527 2336 3598 (lbid.),
2367 3537 2576 3597 partem
2618 3528 2759 3583 inter
2787 3542 2887 3582 nos
2916 3529 3156 3598 ejusdem
3194 3528 3467 3597 corporis,
3499 3526 3591 3580 cui

2008 3634 2163 3673 mens
2200 3620 2437 3673 humana
2474 3634 2661 3675 rursus
2702 3620 3040 3687 intenderet,
3069 3619 3398 3689 reliquisset.
3434 3618 3592 3672 Esset

2009 3711 2206 3781 quippe
2233 3710 2435 3777 facere,
2466 3727 2567 3767 nec
2589 3713 2793 3777 minus,
2818 3720 2877 3766 ut
2904 3712 2977 3766 ita
3008 3712 3206 3777 dicam,
3231 3711 3419 3767 eadem
3446 3709 3590 3764 facta

2008 3801 2263 3868 deﬁcere,
2295 3803 2340 3858 si
2382 3817 2577 3874 corpus
2614 3804 2924 3875 proprium,
2961 3813 3019 3859 ut
3054 3818 3152 3859 nos
3189 3803 3257 3857 ad
3289 3800 3591 3871 spiritualia

2009 3897 2333 3967 castigaret,
2375 3898 2777 3963 substraheret,
2824 3908 3142 3969 partemque
3172 3898 3276 3952 alia
3313 3895 3591 3951 subtracta

2008 3997 2164 4058 parte
2187 3988 2507 4044 dimitteret.
2546 3989 2603 4043 ln
2624 3989 2807 4046 verbis
2830 3991 3125 4046 Dominicis
3151 3989 3227 4043 nil
3258 4003 3585 4058 repugnans,

2010 4078 2083 4132 nil
2115 4080 2374 4133 absonum
2404 4080 2692 4149 reperitur,
2718 4090 2829 4135 tota
2853 4081 3290 4150 cvangelicorum
3318 4078 3587 4133 dictorum

2010 4170 2293 4239 congeries
2335 4171 2659 4225 immutabili
2701 4186 2915 4241 semper
2949 4171 3306 4225 unanimitate
3340 4170 3583 4224 vestitur.

2082 4260 2109 4333 ξ
2150 4262 2215 4316 ll.
2272 4261 2573 4333 Respondet
2622 4264 2901 4332 objectiom'
2951 4263 3005 4316 2.
3060 4262 3282 4332 Capilli,
3336 4262 3584 4331 sanguis,

2011 4367 2168 4422 aqua,
2194 4362 2315 4418 etc.,
2347 4370 2463 4422 qua?
2492 4370 2517 4406 e
2545 4370 2758 4423 corpore
2784 4353 3074 4408 Saluatoris
3097 4353 3418 4415 deciderunt,
3444 4351 3587 4404 haud

350 4443 394 4498 in
416 4447 565 4502 nobis
594 4448 815 4503 refricat
836 4449 1038 4504 Christi
1071 4450 1339 4514 cruciﬁxi,
1372 4460 1426 4507 et
1466 4452 1633 4509 libros
1670 4466 1903 4524 veteres,

2012 4445 2227 4514 periere.
2258 4475 2328 4483 —
2359 4444 2525 4512 igitur
2558 4445 2601 4498 si
2648 4446 2715 4499 de
2750 4446 3009 4513 sanguine
3037 4453 3092 4498 ct
3133 4458 3271 4512 aqua
3301 4441 3585 4511 quaeritur,

348 4536 428 4606 qui
460 4538 526 4592 de
557 4539 686 4609 ipsis
712 4541 900 4612 scripti
932 4550 1146 4607 sunt,et
1172 4543 1240 4597 ad
1262 4543 1406 4612 ipsos
1427 4546 1616 4601 exsuis
1642 4547 1901 4617 ipsorum,

347 4640 452 4695 qua:
472 4628 541 4684 ibi
568 4632 925 4698 prrcnuntiata
949 4640 1098 4701 sunt,
1129 4632 1458 4701 infortuniis,
1491 4644 1906 4709 nostrarumque

347 4722 686 4788 proventibus
713 4722 1053 4778 fortunarum
1081 4726 1252 4795 magis
1279 4726 1511 4781 reddunt
1538 4730 1900 4798 authenticos,

348 4813 456 4881 quis
493 4829 656 4884 super
701 4815 858 4871 dente
890 4816 1004 4883 illo,
1033 4819 1155 4888 quis
1200 4819 1385 4874 itidem
1433 4837 1597 4892 super
1648 4824 1904 4879 umbilico

346 4916 572 4963 nostram
604 4910 804 4979 poterit
829 4911 1124 4967 obscurare
1168 4914 1533 4970 sententiam?
1585 4915 1722 4983 Quin
1767 4916 1906 4972 sicut

349 4994 616 5064 mysticum
647 4996 775 5051 illud
828 5014 1023 5070 corpus
1068 5001 1135 5054 ad
1191 5002 1272 5056 sui
1321 5004 1600 5074 nostrique
1649 5005 1904 5060 unionem

348 5084 669 5171 dignoscitur
700 5090 1030 5158 institutum,
1059 5092 1133 5147 ita
1190 5094 1448 5164 quidquid
1486 5097 1550 5151 dc
1592 5096 1708 5159 illo,
1761 5096 1905 5165 quod

348 5177 627 5248 principale
655 5196 929 5248 vocamus,
959 5200 1063 5240 non
1098 5186 1240 5255 quod
1271 5188 1541 5256 praecedat
1594 5188 1901 5258 majestate,

346 5271 431 5323 sed
459 5276 717 5341 tempore,
747 5275 946 5329 residui
979 5276 1032 5329 in
1062 5285 1210 5332 terra
1234 5277 1420 5332 haberi
1445 5278 1751 5344 dicitur,ad
1781 5295 1904 5348 pro-

346 5358 601 5419 bationem
648 5364 763 5434 ejus
783 5382 945 5437 quam
973 5371 1209 5440 suscepit
1239 5369 1689 5440 dispensationis,
1737 5377 1791 5423 et
1836 5370 1904 5424 ad

348 5455 701 5513 solidationem
727 5459 849 5515 ﬁdei
879 5462 1215 5518 inﬁtmorum
1240 5463 1425 5518 valere
1447 5461 1832 5534 cognoscitur?

942 5554 1173 5611 CAPUT
1210 5556 1299 5611 III.

406 5642 428 5715 ᾗ
456 5642 497 5699 Ι.
527 5642 818 5716 Respondet
847 5647 1121 5717 objectioni
1155 5649 1206 5703 1.
1238 5680 1309 5690 -μ
1359 5647 1499 5716 Quid
1546 5647 1698 5718 ﬁdes.
1723 5677 1796 5688 —
1824 5646 1904 5701 Ad

347 5735 441 5807 lucc
470 5739 669 5796 inferre
691 5741 987 5814 poterimus
1015 5761 1026 5797 :
1054 5742 1109 5800 Si
1142 5744 1207 5799 de
1228 5744 1511 5817 principali
1546 5760 1641 5802 suo
1671 5754 1901 5814 corpore

1926 5846 1975 5861 κ

2008 4545 2061 4591 et
2082 4538 2223 4606 quod
2251 4538 2303 4591 in
2336 4545 2481 4591 terra
2519 4538 2627 4591 sint
2655 4536 2960 4591 oblitterata
2990 4533 3265 4605 objicitur,
3294 4548 3401 4589 non
3430 4533 3588 4587 aliter

2004 4628 2167 4699 plane
2196 4644 2261 4683 ex
2304 4630 2406 4684 hoc
2450 4629 2864 4699 respondebitur
2898 4644 3059 4698 quam
3103 4628 3169 4682 de
3203 4625 3468 4697 capillulis
3506 4626 3589 4679 in-

2007 4719 2213 4785 fantim,
2264 4720 2583 4792 corpusculo
2625 4722 2810 4790 utique
2855 4719 3263 4789 grandescente,
3313 4717 3586 4780 deciduis,

2006 4828 2144 4881 quae,
2180 4828 2286 4881 quo
2332 4812 2677 4879 deﬁuxerinl,
2702 4812 2755 4866 in
2783 4812 2978 4882 quidve
2998 4811 3144 4866 versi
3180 4809 3401 4875 fuerint,
3425 4807 3587 4862 sicuti

2007 4902 2073 4957 de
2108 4918 2261 4973 aqua:
2294 4912 2348 4960 et
2376 4904 2655 4974 sanguinis
2677 4918 2796 4973 quae
2824 4902 3223 4972 praelibavimus
3257 4899 3346 4954 illo
3380 4896 3585 4968 proﬁu-

2005 4995 2117 5061 vio,
2147 5012 2252 5052 non
2287 4997 2488 5052 nemini
2525 4998 2629 5051 lixa
2672 4997 2939 5052 sententia
2970 5004 3072 5050 est.
3106 4992 3270 5047 Putas
3301 5005 3427 5060 ergo
3462 5002 3587 5057 per-

2007 5088 2175 5143 ditum
2212 5090 2420 5144 ierint?
2465 5090 2520 5145 Si
2562 5090 2695 5145 deus
2728 5100 2870 5155 tuus,
2908 5104 3067 5158 quem
3110 5093 3166 5139 tu
3207 5083 3299 5138 tibi
3337 5096 3582 5150 arrogas,

2008 5181 2182 5235 adhuc
2210 5198 2377 5253 usque
2407 5183 2458 5236 in
2487 5182 2721 5239 miseriis
2745 5198 2850 5237 non
2874 5178 3135 5242 subsistit,
3160 5174 3339 5231 cmteri
3371 5175 3580 5240 dentes,

2007 5289 2141 5343 quos
2164 5275 2261 5329 sub
2284 5275 2469 5330 eadem
2494 5285 2684 5329 natura
2708 5290 2828 5330 eum
2859 5272 3103 5328 emisisse
3128 5268 3453 5333 constiterit,
3478 5281 3583 5335 qua

2004 5375 2165 5440 putas
2195 5368 2420 5433 incuria,
2455 5368 2556 5421 hac
2586 5367 2813 5436 illacque
2852 5363 3061 5433 disjecti
3098 5358 3435 5417 credentur?
3466 5355 3581 5412 Tuo

2006 5478 2163 5532 quem
2186 5461 2353 5516 habes
2374 5462 2517 5517 denti
2537 5459 2861 5515 fortunatior
2883 5474 3013 5513 aura
3040 5455 3282 5521 subrisit,
3309 5454 3435 5510 dum
3459 5449 3581 5509 aliis

2008 5551 2194 5605 tabido
2238 5552 2532 5606 secundum
2572 5550 2860 5605 verborum
2904 5558 3119 5605 tuorum
3160 5542 3582 5615 consequentias

2006 5642 2246 5713 squalori
2285 5642 2545 5708 addictis,
2574 5658 2706 5698 auro
2748 5652 2802 5699 et
2844 5641 3015 5699 niveis
3054 5640 3252 5710 lapillis
3287 5642 3581 5694 coornatus

2006 5735 2281 5793 obrutilat.
2316 5737 2377 5801 Et
2414 5737 2606 5794 mirum
2658 5736 2802 5812 quia,
2837 5752 2957 5795 cum
3018 5736 3201 5811 plures
3238 5728 3498 5799 emiserit,
3524 5734 3582 5785 et
