  <div class='ocr_page' id='page_1' title='image "/cluster/home/n/w/nwhite01/storage/ocr_20150623/156/hvd.32044010683712/335.png"; bbox 0 0 4012 6346; ppageno 0'>
   <div class='ocr_carea' id='block_1_1' title="bbox 512 344 627 402">
    <p class='ocr_par' dir='ltr' id='par_1_1' title="bbox 512 344 627 402">
     <span class='ocr_line' id='line_1_1' title="bbox 512 344 627 402; baseline -0.035 0"><span class='ocrx_word' id='word_1_1' title='bbox 512 344 627 402; x_wconf 73' lang='grc'><strong>659,</strong></span> 
     </span>
    </p>
   </div>
   <div class='ocr_carea' id='block_1_2' title="bbox 1334 334 3724 409">
    <p class='ocr_par' dir='ltr' id='par_1_2' title="bbox 1334 334 3724 409">
     <span class='ocr_line' id='line_1_2' title="bbox 1334 334 3724 409; baseline 0.002 -15"><span class='ocrx_word' id='word_1_2' title='bbox 1334 339 1396 394; x_wconf 85' lang='lat' dir='ltr'><strong>V.</strong></span> <span class='ocrx_word' id='word_1_3' title='bbox 1424 338 1749 396; x_wconf 82' lang='lat' dir='ltr'><strong>GUIBERTI</strong></span> <span class='ocrx_word' id='word_1_4' title='bbox 1788 335 2079 393; x_wconf 74' lang='lat' dir='ltr'><strong>ABBATIS</strong></span> <span class='ocrx_word' id='word_1_5' title='bbox 2107 336 2167 393; x_wconf 85' lang='lat' dir='ltr'><strong>S.</strong></span> <span class='ocrx_word' id='word_1_6' title='bbox 2211 336 2457 393; x_wconf 66' lang='lat' dir='ltr'><strong>MARIE</strong></span> <span class='ocrx_word' id='word_1_7' title='bbox 2497 336 2586 393; x_wconf 82' lang='lat' dir='ltr'><strong>DE</strong></span> <span class='ocrx_word' id='word_1_8' title='bbox 2612 334 3009 397; x_wconf 69' lang='lat' dir='ltr'><strong>NOVIGENTO</strong></span> <span class='ocrx_word' id='word_1_9' title='bbox 3648 351 3724 409; x_wconf 64' lang='grc' dir='ltr'><strong>βω</strong></span> 
     </span>
    </p>
   </div>
   <div class='ocr_carea' id='block_1_3' title="bbox 516 452 3725 531">
    <p class='ocr_par' dir='ltr' id='par_1_3' title="bbox 516 452 3725 531">
     <span class='ocr_line' id='line_1_3' title="bbox 516 452 3725 531; baseline -0.002 -17"><span class='ocrx_word' id='word_1_10' title='bbox 516 475 617 531; x_wconf 87' lang='lat' dir='ltr'><strong>par</strong></span> <span class='ocrx_word' id='word_1_11' title='bbox 637 457 905 513; x_wconf 80' lang='lat' dir='ltr'><strong>universis</strong></span> <span class='ocrx_word' id='word_1_12' title='bbox 937 454 1241 510; x_wconf 87' lang='lat' dir='ltr'><strong>reverentia</strong></span> <span class='ocrx_word' id='word_1_13' title='bbox 1272 455 1534 508; x_wconf 74' lang='lat' dir='ltr'><strong>debeatur</strong></span> <span class='ocrx_word' id='word_1_14' title='bbox 1554 494 1568 516; x_wconf 93' lang='lat'><strong>,</strong></span> <span class='ocrx_word' id='word_1_15' title='bbox 1597 452 1811 507; x_wconf 80' lang='lat' dir='ltr'><strong>obrutis</strong></span> <span class='ocrx_word' id='word_1_16' title='bbox 1846 452 2099 522; x_wconf 82' lang='lat' dir='ltr'><strong>reliquis,</strong></span> <span class='ocrx_word' id='word_1_17' title='bbox 2130 454 2182 516; x_wconf 78' lang='grc' dir='ltr'>Α</span> <span class='ocrx_word' id='word_1_18' title='bbox 2209 452 2350 507; x_wconf 90' lang='lat' dir='ltr'><strong>intra</strong></span> <span class='ocrx_word' id='word_1_19' title='bbox 2385 454 2569 508; x_wconf 77' lang='lat' dir='ltr'><strong>natale</strong></span> <span class='ocrx_word' id='word_1_20' title='bbox 2610 454 2781 510; x_wconf 86' lang='lat' dir='ltr'><strong>latere</strong></span> <span class='ocrx_word' id='word_1_21' title='bbox 2831 455 3003 509; x_wconf 90' lang='lat' dir='ltr'><strong>solum</strong></span> <span class='ocrx_word' id='word_1_22' title='bbox 3023 495 3036 519; x_wconf 91' lang='lat'><strong>,</strong></span> <span class='ocrx_word' id='word_1_23' title='bbox 3068 455 3159 509; x_wconf 97' lang='lat' dir='ltr'><strong>vix</strong></span> <span class='ocrx_word' id='word_1_24' title='bbox 3202 456 3382 512; x_wconf 78' lang='lat' dir='ltr'><strong>vivere</strong></span> <span class='ocrx_word' id='word_1_25' title='bbox 3413 466 3526 514; x_wconf 86' lang='lat' dir='ltr'><strong>tunc</strong></span> <span class='ocrx_word' id='word_1_26' title='bbox 3564 460 3725 519; x_wconf 44' lang='lat' dir='ltr'><strong>licem.</strong></span> 
     </span>
    </p>
   </div>
   <div class='ocr_carea' id='block_1_4' title="bbox 519 541 1790 609">
    <p class='ocr_par' dir='ltr' id='par_1_4' title="bbox 519 541 1790 609">
     <span class='ocr_line' id='line_1_4' title="bbox 519 541 1790 609; baseline -0.008 -5"><span class='ocrx_word' id='word_1_27' title='bbox 519 559 578 604; x_wconf 86' lang='lat' dir='ltr'><strong>tu</strong></span> <span class='ocrx_word' id='word_1_28' title='bbox 605 549 797 603; x_wconf 89' lang='lat' dir='ltr'><strong>unicus</strong></span> <span class='ocrx_word' id='word_1_29' title='bbox 828 547 1043 601; x_wconf 88' lang='lat' dir='ltr'><strong>unicum</strong></span> <span class='ocrx_word' id='word_1_30' title='bbox 1074 545 1218 597; x_wconf 90' lang='lat' dir='ltr'><strong>hunc</strong></span> <span class='ocrx_word' id='word_1_31' title='bbox 1248 543 1446 597; x_wconf 88' lang='lat' dir='ltr'><strong>habere</strong></span> <span class='ocrx_word' id='word_1_32' title='bbox 1472 551 1525 597; x_wconf 86' lang='lat' dir='ltr'><strong>te</strong></span> <span class='ocrx_word' id='word_1_33' title='bbox 1549 541 1790 609; x_wconf 78' lang='lat' dir='ltr'><strong>jactitas.</strong></span> 
     </span>
    </p>
   </div>
   <div class='ocr_carea' id='block_1_5' title="bbox 593 632 2112 708">
    <p class='ocr_par' dir='ltr' id='par_1_5' title="bbox 593 632 2112 708">
     <span class='ocr_line' id='line_1_5' title="bbox 593 632 2112 708; baseline -0.005 -14"><span class='ocrx_word' id='word_1_34' title='bbox 593 640 650 694; x_wconf 87' lang='lat' dir='ltr'><strong>Si</strong></span> <span class='ocrx_word' id='word_1_35' title='bbox 683 640 846 708; x_wconf 84' lang='lat' dir='ltr'><strong>igitur</strong></span> <span class='ocrx_word' id='word_1_36' title='bbox 870 635 1071 705; x_wconf 81' lang='lat' dir='ltr'><strong>capilli,</strong></span> <span class='ocrx_word' id='word_1_37' title='bbox 1106 634 1315 697; x_wconf 89' lang='lat' dir='ltr'><strong>dentes,</strong></span> <span class='ocrx_word' id='word_1_38' title='bbox 1343 648 1498 701; x_wconf 67' lang='lat' dir='ltr'><strong>aqua:</strong></span> <span class='ocrx_word' id='word_1_39' title='bbox 1521 632 1725 697; x_wconf 79' lang='lat' dir='ltr'><strong>ﬂuxus,</strong></span> <span class='ocrx_word' id='word_1_40' title='bbox 1751 640 1806 687; x_wconf 90' lang='lat' dir='ltr'><strong>et</strong></span> <span class='ocrx_word' id='word_1_41' title='bbox 1832 632 2112 703; x_wconf 76' lang='lat' dir='ltr'><strong>sanguinis</strong></span> 
     </span>
    </p>
   </div>
   <div class='ocr_carea' id='block_1_6' title="bbox 521 725 2095 801">
    <p class='ocr_par' dir='ltr' id='par_1_6' title="bbox 521 725 2095 801">
     <span class='ocr_line' id='line_1_6' title="bbox 521 725 2095 801; baseline -0.005 -16"><span class='ocrx_word' id='word_1_42' title='bbox 521 729 805 801; x_wconf 79' lang='lat' dir='ltr'><strong>quadriﬁdi</strong></span> <span class='ocrx_word' id='word_1_43' title='bbox 852 727 1093 780; x_wconf 79' lang='lat' dir='ltr'><strong>vulneris</strong></span> <span class='ocrx_word' id='word_1_44' title='bbox 1135 741 1331 788; x_wconf 88' lang='lat' dir='ltr'><strong>cruor,</strong></span> <span class='ocrx_word' id='word_1_45' title='bbox 1373 726 1465 793; x_wconf 87' lang='lat' dir='ltr'><strong>qui</strong></span> <span class='ocrx_word' id='word_1_46' title='bbox 1512 725 1731 779; x_wconf 89' lang='lat' dir='ltr'><strong>indubie</strong></span> <span class='ocrx_word' id='word_1_47' title='bbox 1781 727 1847 779; x_wconf 88' lang='lat' dir='ltr'><strong>ad</strong></span> <span class='ocrx_word' id='word_1_48' title='bbox 1895 734 2095 779; x_wconf 90' lang='lat' dir='ltr'><strong>terram</strong></span> 
     </span>
    </p>
   </div>
   <div class='ocr_carea' id='block_1_7' title="bbox 522 815 2113 890">
    <p class='ocr_par' dir='ltr' id='par_1_7' title="bbox 522 815 2113 890">
     <span class='ocr_line' id='line_1_7' title="bbox 522 815 2113 890; baseline -0.006 -12"><span class='ocrx_word' id='word_1_49' title='bbox 522 836 695 890; x_wconf 90' lang='lat' dir='ltr'><strong>usque</strong></span> <span class='ocrx_word' id='word_1_50' title='bbox 738 817 999 873; x_wconf 86' lang='lat' dir='ltr'><strong>distillare</strong></span> <span class='ocrx_word' id='word_1_51' title='bbox 1038 816 1297 886; x_wconf 91' lang='lat' dir='ltr'><strong>potuerit,</strong></span> <span class='ocrx_word' id='word_1_52' title='bbox 1348 816 1401 868; x_wconf 92' lang='lat' dir='ltr'><strong>in</strong></span> <span class='ocrx_word' id='word_1_53' title='bbox 1443 817 1673 871; x_wconf 88' lang='lat' dir='ltr'><strong>terrenis</strong></span> <span class='ocrx_word' id='word_1_54' title='bbox 1716 816 2005 870; x_wconf 81' lang='lat' dir='ltr'><strong>ruderibus</strong></span> <span class='ocrx_word' id='word_1_55' title='bbox 2050 815 2113 869; x_wconf 93' lang='lat' dir='ltr'><strong>in</strong></span> 
     </span>
    </p>
   </div>
   <div class='ocr_carea' id='block_1_8' title="bbox 522 907 2115 979">
    <p class='ocr_par' dir='ltr' id='par_1_8' title="bbox 522 907 2115 979">
     <span class='ocr_line' id='line_1_8' title="bbox 522 907 2115 979; baseline -0.004 -12"><span class='ocrx_word' id='word_1_56' title='bbox 522 913 682 966; x_wconf 84' lang='lat' dir='ltr'><strong>ﬁnem</strong></span> <span class='ocrx_word' id='word_1_57' title='bbox 721 909 1115 979; x_wconf 86' lang='lat' dir='ltr'><strong>corrumpenda</strong></span> <span class='ocrx_word' id='word_1_58' title='bbox 1149 907 1486 973; x_wconf 86' lang='lat' dir='ltr'><strong>desederint,</strong></span> <span class='ocrx_word' id='word_1_59' title='bbox 1540 908 1955 962; x_wconf 85' lang='lat' dir='ltr'><strong>resurrectionis</strong></span> <span class='ocrx_word' id='word_1_60' title='bbox 2009 907 2115 960; x_wconf 87' lang='lat' dir='ltr'><strong>hu-</strong></span> 
     </span>
    </p>
   </div>
   <div class='ocr_carea' id='block_1_9' title="bbox 523 995 2117 1067">
    <p class='ocr_par' dir='ltr' id='par_1_9' title="bbox 523 995 2117 1067">
     <span class='ocr_line' id='line_1_9' title="bbox 523 995 2117 1067; baseline -0.004 -12"><span class='ocrx_word' id='word_1_61' title='bbox 523 1015 695 1055; x_wconf 77' lang='lat' dir='ltr'><strong>manae</strong></span> <span class='ocrx_word' id='word_1_62' title='bbox 723 1008 931 1063; x_wconf 87' lang='lat' dir='ltr'><strong>status,</strong></span> <span class='ocrx_word' id='word_1_63' title='bbox 963 1014 1029 1053; x_wconf 89' lang='lat' dir='ltr'><strong>ac</strong></span> <span class='ocrx_word' id='word_1_64' title='bbox 1058 1007 1260 1052; x_wconf 60' lang='lat' dir='ltr'><strong>nostra:</strong></span> <span class='ocrx_word' id='word_1_65' title='bbox 1291 996 1581 1067; x_wconf 82' lang='lat' dir='ltr'><strong>promissio</strong></span> <span class='ocrx_word' id='word_1_66' title='bbox 1611 1012 1675 1051; x_wconf 86' lang='lat' dir='ltr'><strong>ex</strong></span> <span class='ocrx_word' id='word_1_67' title='bbox 1710 1011 1804 1051; x_wconf 92' lang='lat' dir='ltr'><strong>ore</strong></span> <span class='ocrx_word' id='word_1_68' title='bbox 1836 995 2117 1051; x_wconf 83' lang='lat' dir='ltr'><strong>Dormnico</strong></span> 
     </span>
    </p>
   </div>
   <div class='ocr_carea' id='block_1_10' title="bbox 524 1089 2120 1158">
    <p class='ocr_par' dir='ltr' id='par_1_10' title="bbox 524 1089 2120 1158">
     <span class='ocr_line' id='line_1_10' title="bbox 524 1089 2120 1158; baseline -0.003 -11"><span class='ocrx_word' id='word_1_69' title='bbox 524 1094 592 1147; x_wconf 89' lang='lat' dir='ltr'><strong>ad</strong></span> <span class='ocrx_word' id='word_1_70' title='bbox 628 1092 715 1147; x_wconf 90' lang='lat' dir='ltr'><strong>sui</strong></span> <span class='ocrx_word' id='word_1_71' title='bbox 748 1091 1163 1147; x_wconf 83' lang='lat' dir='ltr'><strong>similitudinem</strong></span> <span class='ocrx_word' id='word_1_72' title='bbox 1208 1090 1638 1154; x_wconf 84' lang='lat' dir='ltr'><strong>conformitatis,</strong></span> <span class='ocrx_word' id='word_1_73' title='bbox 1671 1105 1777 1144; x_wconf 89' lang='lat' dir='ltr'><strong>non</strong></span> <span class='ocrx_word' id='word_1_74' title='bbox 1808 1089 1965 1143; x_wconf 86' lang='lat' dir='ltr'><strong>video</strong></span> <span class='ocrx_word' id='word_1_75' title='bbox 1993 1103 2120 1158; x_wconf 92' lang='lat' dir='ltr'><strong>quo-</strong></span> 
     </span>
    </p>
   </div>
   <div class='ocr_carea' id='block_1_11' title="bbox 522 1180 2119 1248">
    <p class='ocr_par' dir='ltr' id='par_1_11' title="bbox 522 1180 2119 1248">
     <span class='ocr_line' id='line_1_11' title="bbox 522 1180 2119 1248; baseline 0 -12"><span class='ocrx_word' id='word_1_76' title='bbox 522 1183 685 1238; x_wconf 91' lang='lat' dir='ltr'><strong>modo</strong></span> <span class='ocrx_word' id='word_1_77' title='bbox 715 1192 969 1238; x_wconf 90' lang='lat' dir='ltr'><strong>constare</strong></span> <span class='ocrx_word' id='word_1_78' title='bbox 1000 1182 1117 1235; x_wconf 88' lang='lat' dir='ltr'><strong>sine</strong></span> <span class='ocrx_word' id='word_1_79' title='bbox 1139 1182 1347 1235; x_wconf 89' lang='lat' dir='ltr'><strong>enormi</strong></span> <span class='ocrx_word' id='word_1_80' title='bbox 1385 1180 1595 1235; x_wconf 85' lang='lat' dir='ltr'><strong>fallacia</strong></span> <span class='ocrx_word' id='word_1_81' title='bbox 1626 1182 1847 1248; x_wconf 83' lang='lat' dir='ltr'><strong>possint.</strong></span> <span class='ocrx_word' id='word_1_82' title='bbox 1880 1181 1946 1235; x_wconf 89' lang='lat' dir='ltr'><strong>Et</strong></span> <span class='ocrx_word' id='word_1_83' title='bbox 1974 1191 2119 1236; x_wconf 90' lang='lat' dir='ltr'><strong>certe</strong></span> 
     </span>
    </p>
   </div>
   <div class='ocr_carea' id='block_1_12' title="bbox 525 1272 2121 1343">
    <p class='ocr_par' dir='ltr' id='par_1_12' title="bbox 525 1272 2121 1343">
     <span class='ocr_line' id='line_1_12' title="bbox 525 1272 2121 1343; baseline -0.001 -17"><span class='ocrx_word' id='word_1_84' title='bbox 525 1275 699 1327; x_wconf 89' lang='lat' dir='ltr'><strong>multo</strong></span> <span class='ocrx_word' id='word_1_85' title='bbox 732 1273 900 1326; x_wconf 87' lang='lat' dir='ltr'><strong>tutior</strong></span> <span class='ocrx_word' id='word_1_86' title='bbox 931 1288 1093 1342; x_wconf 88' lang='lat' dir='ltr'><strong>quam</strong></span> <span class='ocrx_word' id='word_1_87' title='bbox 1135 1272 1351 1327; x_wconf 86' lang='lat' dir='ltr'><strong>stultior</strong></span> <span class='ocrx_word' id='word_1_88' title='bbox 1390 1273 1539 1339; x_wconf 90' lang='lat' dir='ltr'><strong>dico,</strong></span> <span class='ocrx_word' id='word_1_89' title='bbox 1571 1273 1733 1343; x_wconf 88' lang='lat' dir='ltr'><strong>quia,</strong></span> <span class='ocrx_word' id='word_1_90' title='bbox 1764 1274 1808 1327; x_wconf 89' lang='lat' dir='ltr'><strong>si</strong></span> <span class='ocrx_word' id='word_1_91' title='bbox 1844 1273 1899 1327; x_wconf 91' lang='lat' dir='ltr'><strong>in</strong></span> <span class='ocrx_word' id='word_1_92' title='bbox 1940 1272 2121 1342; x_wconf 90' lang='lat' dir='ltr'><strong>aliqua</strong></span> 
     </span>
    </p>
   </div>
   <div class='ocr_carea' id='block_1_13' title="bbox 524 1361 2121 1431">
    <p class='ocr_par' dir='ltr' id='par_1_13' title="bbox 524 1361 2121 1431">
     <span class='ocr_line' id='line_1_13' title="bbox 524 1361 2121 1431; baseline 0.001 -17"><span class='ocrx_word' id='word_1_93' title='bbox 524 1361 923 1431; x_wconf 89' lang='lat' dir='ltr'><strong>promissorum</strong></span> <span class='ocrx_word' id='word_1_94' title='bbox 955 1361 1077 1429; x_wconf 92' lang='lat' dir='ltr'><strong>quis</strong></span> <span class='ocrx_word' id='word_1_95' title='bbox 1111 1376 1332 1416; x_wconf 90' lang='lat' dir='ltr'><strong>suorum</strong></span> <span class='ocrx_word' id='word_1_96' title='bbox 1366 1363 1616 1430; x_wconf 89' lang='lat' dir='ltr'><strong>portione</strong></span> <span class='ocrx_word' id='word_1_97' title='bbox 1647 1363 1905 1427; x_wconf 90' lang='lat' dir='ltr'><strong>declinat,</strong></span> <span class='ocrx_word' id='word_1_98' title='bbox 1945 1364 2121 1417; x_wconf 87' lang='lat' dir='ltr'><strong>ambi—</strong></span> 
     </span>
    </p>
   </div>
   <div class='ocr_carea' id='block_1_14' title="bbox 528 1453 2122 1523">
    <p class='ocr_par' dir='ltr' id='par_1_14' title="bbox 528 1453 2122 1523">
     <span class='ocr_line' id='line_1_14' title="bbox 528 1453 2122 1523; baseline 0.003 -19"><span class='ocrx_word' id='word_1_99' title='bbox 528 1468 693 1523; x_wconf 91' lang='lat' dir='ltr'><strong>guum</strong></span> <span class='ocrx_word' id='word_1_100' title='bbox 718 1454 938 1509; x_wconf 88' lang='lat' dir='ltr'><strong>omnino</strong></span> <span class='ocrx_word' id='word_1_101' title='bbox 970 1453 1197 1508; x_wconf 78' lang='lat' dir='ltr'><strong>edicitur</strong></span> <span class='ocrx_word' id='word_1_102' title='bbox 1227 1454 1372 1522; x_wconf 91' lang='lat' dir='ltr'><strong>quod</strong></span> <span class='ocrx_word' id='word_1_103' title='bbox 1397 1455 1464 1509; x_wconf 88' lang='lat' dir='ltr'><strong>de</strong></span> <span class='ocrx_word' id='word_1_104' title='bbox 1489 1463 1688 1510; x_wconf 83' lang='lat' dir='ltr'><strong>caetero</strong></span> <span class='ocrx_word' id='word_1_105' title='bbox 1743 1454 2122 1510; x_wconf 89' lang='lat' dir='ltr'><strong>rectitudinem</strong></span> 
     </span>
    </p>
   </div>
   <div class='ocr_carea' id='block_1_15' title="bbox 529 1544 2126 1614">
    <p class='ocr_par' dir='ltr' id='par_1_15' title="bbox 529 1544 2126 1614">
     <span class='ocr_line' id='line_1_15' title="bbox 529 1544 2126 1614; baseline 0.002 -17"><span class='ocrx_word' id='word_1_106' title='bbox 529 1544 935 1613; x_wconf 80' lang='lat' dir='ltr'><strong>pollicitationis</strong></span> <span class='ocrx_word' id='word_1_107' title='bbox 964 1545 1277 1614; x_wconf 89' lang='lat' dir='ltr'><strong>adimpleat.</strong></span> <span class='ocrx_word' id='word_1_108' title='bbox 1318 1545 1386 1600; x_wconf 89' lang='lat' dir='ltr'><strong>Et</strong></span> <span class='ocrx_word' id='word_1_109' title='bbox 1425 1547 1470 1599; x_wconf 86' lang='lat' dir='ltr'><strong>si</strong></span> <span class='ocrx_word' id='word_1_110' title='bbox 1513 1554 1722 1600; x_wconf 91' lang='lat' dir='ltr'><strong>tantum</strong></span> <span class='ocrx_word' id='word_1_111' title='bbox 1754 1546 1819 1601; x_wconf 90' lang='lat' dir='ltr'><strong>de</strong></span> <span class='ocrx_word' id='word_1_112' title='bbox 1854 1544 1971 1613; x_wconf 82' lang='lat' dir='ltr'><strong>ejus</strong></span> <span class='ocrx_word' id='word_1_113' title='bbox 2005 1561 2126 1600; x_wconf 85' lang='lat' dir='ltr'><strong>cor-</strong></span> 
     </span>
    </p>
   </div>
   <div class='ocr_carea' id='block_1_16' title="bbox 529 1636 2126 1707">
    <p class='ocr_par' dir='ltr' id='par_1_16' title="bbox 529 1636 2126 1707">
     <span class='ocr_line' id='line_1_16' title="bbox 529 1636 2126 1707; baseline -0.001 -16"><span class='ocrx_word' id='word_1_114' title='bbox 529 1652 691 1705; x_wconf 84' lang='lat' dir='ltr'><strong>pore,</strong></span> <span class='ocrx_word' id='word_1_115' title='bbox 736 1638 828 1706; x_wconf 88' lang='lat' dir='ltr'><strong>qui</strong></span> <span class='ocrx_word' id='word_1_116' title='bbox 875 1646 1067 1692; x_wconf 90' lang='lat' dir='ltr'><strong>auctor</strong></span> <span class='ocrx_word' id='word_1_117' title='bbox 1112 1646 1197 1692; x_wconf 87' lang='lat' dir='ltr'><strong>est</strong></span> <span class='ocrx_word' id='word_1_118' title='bbox 1228 1638 1641 1705; x_wconf 85' lang='lat' dir='ltr'><strong>promissionis,</strong></span> <span class='ocrx_word' id='word_1_119' title='bbox 1691 1646 2006 1707; x_wconf 89' lang='lat' dir='ltr'><strong>corruptum</strong></span> <span class='ocrx_word' id='word_1_120' title='bbox 2059 1636 2126 1690; x_wconf 91' lang='lat' dir='ltr'><strong>iri</strong></span> 
     </span>
    </p>
   </div>
   <div class='ocr_carea' id='block_1_17' title="bbox 530 1730 2127 1800">
    <p class='ocr_par' dir='ltr' id='par_1_17' title="bbox 530 1730 2127 1800">
     <span class='ocr_line' id='line_1_17' title="bbox 530 1730 2127 1800; baseline -0.001 -15"><span class='ocrx_word' id='word_1_121' title='bbox 530 1731 881 1796; x_wconf 87' lang='lat' dir='ltr'><strong>conceditur,</strong></span> <span class='ocrx_word' id='word_1_122' title='bbox 913 1730 1061 1785; x_wconf 79' lang='lat' dir='ltr'><strong>facili</strong></span> <span class='ocrx_word' id='word_1_123' title='bbox 1098 1730 1564 1798; x_wconf 87' lang='lat' dir='ltr'><strong>disputatiuncula</strong></span> <span class='ocrx_word' id='word_1_124' title='bbox 1596 1730 1866 1785; x_wconf 85' lang='lat' dir='ltr'><strong>anmtllari</strong></span> <span class='ocrx_word' id='word_1_125' title='bbox 1907 1730 2127 1800; x_wconf 90' lang='lat' dir='ltr'><strong>poterit,</strong></span> 
     </span>
    </p>
   </div>
   <div class='ocr_carea' id='block_1_18' title="bbox 531 1802 2208 1895">
    <p class='ocr_par' dir='ltr' id='par_1_18' title="bbox 531 1802 2208 1895">
     <span class='ocr_line' id='line_1_18' title="bbox 531 1802 2208 1895; baseline 0 -19"><span class='ocrx_word' id='word_1_126' title='bbox 531 1823 793 1891; x_wconf 88' lang='lat' dir='ltr'><strong>quidquid</strong></span> <span class='ocrx_word' id='word_1_127' title='bbox 826 1824 879 1877; x_wconf 93' lang='lat' dir='ltr'><strong>in</strong></span> <span class='ocrx_word' id='word_1_128' title='bbox 910 1840 976 1879; x_wconf 91' lang='lat' dir='ltr'><strong>eo</strong></span> <span class='ocrx_word' id='word_1_129' title='bbox 1014 1824 1217 1879; x_wconf 82' lang='lat' dir='ltr'><strong>factum</strong></span> <span class='ocrx_word' id='word_1_130' title='bbox 1256 1824 1338 1877; x_wconf 93' lang='lat' dir='ltr'><strong>vel</strong></span> <span class='ocrx_word' id='word_1_131' title='bbox 1375 1826 1442 1878; x_wconf 88' lang='lat' dir='ltr'><strong>de</strong></span> <span class='ocrx_word' id='word_1_132' title='bbox 1476 1825 1633 1879; x_wconf 85' lang='lat' dir='ltr'><strong>nobis</strong></span> <span class='ocrx_word' id='word_1_133' title='bbox 1667 1824 1902 1879; x_wconf 85' lang='lat' dir='ltr'><strong>ﬁendum</strong></span> <span class='ocrx_word' id='word_1_134' title='bbox 1936 1825 2130 1895; x_wconf 69' lang='lat' dir='ltr'><strong>prtedi-</strong></span> <span class='ocrx_word' id='word_1_135' title='bbox 2162 1802 2208 1858; x_wconf 78' lang='grc' dir='ltr'><strong>Β</strong></span> 
     </span>
    </p>
   </div>
   <div class='ocr_carea' id='block_1_19' title="bbox 535 1914 2126 1986">
    <p class='ocr_par' dir='ltr' id='par_1_19' title="bbox 535 1914 2126 1986">
     <span class='ocr_line' id='line_1_19' title="bbox 535 1914 2126 1986; baseline 0.003 -19"><span class='ocrx_word' id='word_1_136' title='bbox 535 1923 713 1969; x_wconf 90' lang='lat' dir='ltr'><strong>catur.</strong></span> <span class='ocrx_word' id='word_1_137' title='bbox 741 1914 797 1970; x_wconf 90' lang='lat' dir='ltr'><strong>Si</strong></span> <span class='ocrx_word' id='word_1_138' title='bbox 822 1916 969 1970; x_wconf 88' lang='lat' dir='ltr'><strong>enim</strong></span> <span class='ocrx_word' id='word_1_139' title='bbox 998 1932 1062 1970; x_wconf 80' lang='lat' dir='ltr'><strong>ex</strong></span> <span class='ocrx_word' id='word_1_140' title='bbox 1085 1918 1436 1986; x_wconf 88' lang='lat' dir='ltr'><strong>perceptione</strong></span> <span class='ocrx_word' id='word_1_141' title='bbox 1463 1918 1815 1986; x_wconf 74' lang='lat' dir='ltr'><strong>pnesentinm</strong></span> <span class='ocrx_word' id='word_1_142' title='bbox 1839 1933 2126 1972; x_wconf 90' lang='lat' dir='ltr'><strong>munerum</strong></span> 
     </span>
    </p>
   </div>
   <div class='ocr_carea' id='block_1_20' title="bbox 534 2006 2130 2080">
    <p class='ocr_par' dir='ltr' id='par_1_20' title="bbox 534 2006 2130 2080">
     <span class='ocr_line' id='line_1_20' title="bbox 534 2006 2130 2080; baseline 0.003 -21"><span class='ocrx_word' id='word_1_143' title='bbox 534 2006 692 2060; x_wconf 74' lang='lat' dir='ltr'><strong>firma</strong></span> <span class='ocrx_word' id='word_1_144' title='bbox 717 2017 800 2062; x_wconf 90' lang='lat' dir='ltr'><strong>est</strong></span> <span class='ocrx_word' id='word_1_145' title='bbox 825 2009 1162 2078; x_wconf 82' lang='lat' dir='ltr'><strong>exspectatio</strong></span> <span class='ocrx_word' id='word_1_146' title='bbox 1185 2008 1514 2076; x_wconf 80' lang='lat' dir='ltr'><strong>futurorum,</strong></span> <span class='ocrx_word' id='word_1_147' title='bbox 1541 2019 1597 2064; x_wconf 91' lang='lat' dir='ltr'><strong>et</strong></span> <span class='ocrx_word' id='word_1_148' title='bbox 1624 2011 1714 2079; x_wconf 91' lang='lat' dir='ltr'><strong>qui</strong></span> <span class='ocrx_word' id='word_1_149' title='bbox 1743 2010 1796 2063; x_wconf 91' lang='lat' dir='ltr'><strong>in</strong></span> <span class='ocrx_word' id='word_1_150' title='bbox 1824 2025 1935 2065; x_wconf 66' lang='lat' dir='ltr'><strong>sum</strong></span> <span class='ocrx_word' id='word_1_151' title='bbox 1955 2023 2130 2080; x_wconf 73' lang='lat' dir='ltr'><strong>proce-</strong></span> 
     </span>
    </p>
   </div>
   <div class='ocr_carea' id='block_1_21' title="bbox 536 2086 2131 2171">
    <p class='ocr_par' dir='ltr' id='par_1_21' title="bbox 536 2086 2131 2171">
     <span class='ocr_line' id='line_1_21' title="bbox 536 2086 2131 2171; baseline 0.004 -22"><span class='ocrx_word' id='word_1_152' title='bbox 536 2096 650 2151; x_wconf 91' lang='lat' dir='ltr'><strong>mio</strong></span> <span class='ocrx_word' id='word_1_153' title='bbox 686 2086 973 2154; x_wconf 89' lang='lat' dir='ltr'><strong>locutionis</strong></span> <span class='ocrx_word' id='word_1_154' title='bbox 1010 2099 1244 2164; x_wconf 82' lang='lat' dir='ltr'><strong>fallitur,</strong></span> <span class='ocrx_word' id='word_1_155' title='bbox 1293 2108 1442 2155; x_wconf 73' lang='lat' dir='ltr'><strong>textu</strong></span> <span class='ocrx_word' id='word_1_156' title='bbox 1488 2101 1750 2155; x_wconf 89' lang='lat' dir='ltr'><strong>orationis</strong></span> <span class='ocrx_word' id='word_1_157' title='bbox 1802 2103 2131 2171; x_wconf 87' lang='lat' dir='ltr'><strong>procedente</strong></span> 
     </span>
    </p>
   </div>
   <div class='ocr_carea' id='block_1_22' title="bbox 536 2188 2134 2265">
    <p class='ocr_par' dir='ltr' id='par_1_22' title="bbox 536 2188 2134 2265">
     <span class='ocr_line' id='line_1_22' title="bbox 536 2188 2134 2265; baseline 0.005 -25"><span class='ocrx_word' id='word_1_158' title='bbox 536 2188 818 2258; x_wconf 63' lang='lat' dir='ltr'><strong>neglaztui</strong></span> <span class='ocrx_word' id='word_1_159' title='bbox 846 2191 1097 2255; x_wconf 84' lang='lat' dir='ltr'><strong>ducitur,</strong></span> <span class='ocrx_word' id='word_1_160' title='bbox 1128 2193 1569 2265; x_wconf 89' lang='lat' dir='ltr'><strong>perpendendum</strong></span> <span class='ocrx_word' id='word_1_161' title='bbox 1600 2194 1789 2264; x_wconf 84' lang='lat' dir='ltr'><strong>procul</strong></span> <span class='ocrx_word' id='word_1_162' title='bbox 1821 2194 1982 2249; x_wconf 91' lang='lat' dir='ltr'><strong>dubio</strong></span> <span class='ocrx_word' id='word_1_163' title='bbox 2004 2208 2134 2248; x_wconf 84' lang='lat' dir='ltr'><strong>cnn-</strong></span> 
     </span>
    </p>
   </div>
   <div class='ocr_carea' id='block_1_23' title="bbox 535 2282 2134 2355">
    <p class='ocr_par' dir='ltr' id='par_1_23' title="bbox 535 2282 2134 2355">
     <span class='ocr_line' id='line_1_23' title="bbox 535 2282 2134 2355; baseline 0.004 -22"><span class='ocrx_word' id='word_1_164' title='bbox 535 2287 664 2345; x_wconf 88' lang='lat' dir='ltr'><strong>stat,</strong></span> <span class='ocrx_word' id='word_1_165' title='bbox 717 2282 842 2349; x_wconf 91' lang='lat' dir='ltr'><strong>quia</strong></span> <span class='ocrx_word' id='word_1_166' title='bbox 882 2283 925 2337; x_wconf 90' lang='lat' dir='ltr'><strong>si</strong></span> <span class='ocrx_word' id='word_1_167' title='bbox 977 2292 1292 2346; x_wconf 77' lang='lat' dir='ltr'><strong>constanter</strong></span> <span class='ocrx_word' id='word_1_168' title='bbox 1338 2285 1392 2339; x_wconf 94' lang='lat' dir='ltr'><strong>in</strong></span> <span class='ocrx_word' id='word_1_169' title='bbox 1438 2287 1519 2339; x_wconf 90' lang='lat' dir='ltr'><strong>sui</strong></span> <span class='ocrx_word' id='word_1_170' title='bbox 1573 2285 1741 2355; x_wconf 86' lang='lat' dir='ltr'><strong>ipsius</strong></span> <span class='ocrx_word' id='word_1_171' title='bbox 1788 2286 2134 2341; x_wconf 90' lang='lat' dir='ltr'><strong>restitutione</strong></span> 
     </span>
    </p>
   </div>
   <div class='ocr_carea' id='block_1_24' title="bbox 540 2374 2134 2447">
    <p class='ocr_par' dir='ltr' id='par_1_24' title="bbox 540 2374 2134 2447">
     <span class='ocr_line' id='line_1_24' title="bbox 540 2374 2134 2447; baseline 0.004 -23"><span class='ocrx_word' id='word_1_172' title='bbox 540 2374 683 2436; x_wconf 77' lang='lat' dir='ltr'><strong>quod</strong></span> <span class='ocrx_word' id='word_1_173' title='bbox 729 2376 1019 2444; x_wconf 86' lang='lat' dir='ltr'><strong>spopondit</strong></span> <span class='ocrx_word' id='word_1_174' title='bbox 1058 2376 1337 2442; x_wconf 73' lang='lat' dir='ltr'><strong>exhibuit,</strong></span> <span class='ocrx_word' id='word_1_175' title='bbox 1381 2391 1572 2431; x_wconf 89' lang='lat' dir='ltr'><strong>omnes</strong></span> <span class='ocrx_word' id='word_1_176' title='bbox 1602 2392 1697 2431; x_wconf 91' lang='lat' dir='ltr'><strong>cos</strong></span> <span class='ocrx_word' id='word_1_177' title='bbox 1733 2378 1932 2447; x_wconf 83' lang='lat' dir='ltr'><strong>quibus</strong></span> <span class='ocrx_word' id='word_1_178' title='bbox 1967 2390 2134 2445; x_wconf 83' lang='lat' dir='ltr'><strong>spon-</strong></span> 
     </span>
    </p>
   </div>
   <div class='ocr_carea' id='block_1_25' title="bbox 540 2466 2136 2535">
    <p class='ocr_par' dir='ltr' id='par_1_25' title="bbox 540 2466 2136 2535">
     <span class='ocr_line' id='line_1_25' title="bbox 540 2466 2136 2535; baseline -0.001 -15"><span class='ocrx_word' id='word_1_179' title='bbox 540 2480 717 2520; x_wconf 89' lang='lat' dir='ltr'><strong>sorem</strong></span> <span class='ocrx_word' id='word_1_180' title='bbox 755 2482 814 2521; x_wconf 88' lang='lat' dir='ltr'><strong>se</strong></span> <span class='ocrx_word' id='word_1_181' title='bbox 856 2468 1108 2535; x_wconf 75' lang='lat' dir='ltr'><strong>przebuit,</strong></span> <span class='ocrx_word' id='word_1_182' title='bbox 1156 2468 1280 2521; x_wconf 81' lang='lat' dir='ltr'><strong>ﬁdei</strong></span> <span class='ocrx_word' id='word_1_183' title='bbox 1334 2467 1602 2522; x_wconf 91' lang='lat' dir='ltr'><strong>dictorum</strong></span> <span class='ocrx_word' id='word_1_184' title='bbox 1658 2482 1879 2522; x_wconf 85' lang='lat' dir='ltr'><strong>suorum</strong></span> <span class='ocrx_word' id='word_1_185' title='bbox 1922 2466 2136 2520; x_wconf 85' lang='lat' dir='ltr'><strong>indubi-</strong></span> 
     </span>
    </p>
   </div>
   <div class='ocr_carea' id='block_1_26' title="bbox 544 2557 2138 2626">
    <p class='ocr_par' dir='ltr' id='par_1_26' title="bbox 544 2557 2138 2626">
     <span class='ocr_line' id='line_1_26' title="bbox 544 2557 2138 2626; baseline 0.002 -17"><span class='ocrx_word' id='word_1_186' title='bbox 544 2566 728 2611; x_wconf 90' lang='lat' dir='ltr'><strong>tanter</strong></span> <span class='ocrx_word' id='word_1_187' title='bbox 767 2557 1047 2610; x_wconf 86' lang='lat' dir='ltr'><strong>adnexuit.</strong></span> <span class='ocrx_word' id='word_1_188' title='bbox 1095 2558 1247 2625; x_wconf 84' lang='lat' dir='ltr'><strong>Quod</strong></span> <span class='ocrx_word' id='word_1_189' title='bbox 1289 2558 1334 2612; x_wconf 91' lang='lat' dir='ltr'><strong>si</strong></span> <span class='ocrx_word' id='word_1_190' title='bbox 1376 2558 1429 2612; x_wconf 92' lang='lat' dir='ltr'><strong>in</strong></span> <span class='ocrx_word' id='word_1_191' title='bbox 1480 2558 1868 2626; x_wconf 82' lang='lat' dir='ltr'><strong>promissorum</strong></span> <span class='ocrx_word' id='word_1_192' title='bbox 1907 2557 2138 2612; x_wconf 81' lang='lat' dir='ltr'><strong>veritate</strong></span> 
     </span>
    </p>
   </div>
   <div class='ocr_carea' id='block_1_27' title="bbox 541 2648 2137 2719">
    <p class='ocr_par' dir='ltr' id='par_1_27' title="bbox 541 2648 2137 2719">
     <span class='ocr_line' id='line_1_27' title="bbox 541 2648 2137 2719; baseline 0.002 -19"><span class='ocrx_word' id='word_1_193' title='bbox 541 2648 772 2702; x_wconf 78' lang='lat' dir='ltr'><strong>titubare</strong></span> <span class='ocrx_word' id='word_1_194' title='bbox 784 2650 1138 2718; x_wconf 81' lang='lat' dir='ltr'><strong>dignoscitur,</strong></span> <span class='ocrx_word' id='word_1_195' title='bbox 1155 2648 1416 2718; x_wconf 91' lang='lat' dir='ltr'><strong>quidquid</strong></span> <span class='ocrx_word' id='word_1_196' title='bbox 1435 2648 1487 2702; x_wconf 92' lang='lat' dir='ltr'><strong>in</strong></span> <span class='ocrx_word' id='word_1_197' title='bbox 1500 2649 1787 2703; x_wconf 89' lang='lat' dir='ltr'><strong>verborum</strong></span> <span class='ocrx_word' id='word_1_198' title='bbox 1798 2650 1916 2719; x_wconf 89' lang='lat' dir='ltr'><strong>ejus</strong></span> <span class='ocrx_word' id='word_1_199' title='bbox 1926 2657 2137 2704; x_wconf 84' lang='lat' dir='ltr'><strong>statura</strong></span> 
     </span>
    </p>
   </div>
   <div class='ocr_carea' id='block_1_28' title="bbox 539 2738 2132 2811">
    <p class='ocr_par' dir='ltr' id='par_1_28' title="bbox 539 2738 2132 2811">
     <span class='ocr_line' id='line_1_28' title="bbox 539 2738 2132 2811; baseline 0.002 -21"><span class='ocrx_word' id='word_1_200' title='bbox 539 2739 887 2805; x_wconf 74' lang='lat' dir='ltr'><strong>praeeminet,</strong></span> <span class='ocrx_word' id='word_1_201' title='bbox 922 2747 1091 2793; x_wconf 89' lang='lat' dir='ltr'><strong>totum</strong></span> <span class='ocrx_word' id='word_1_202' title='bbox 1130 2739 1520 2793; x_wconf 87' lang='lat' dir='ltr'><strong>incontinentia</strong></span> <span class='ocrx_word' id='word_1_203' title='bbox 1565 2738 1808 2793; x_wconf 83' lang='lat' dir='ltr'><strong>ﬂuitante</strong></span> <span class='ocrx_word' id='word_1_204' title='bbox 1848 2739 2132 2811; x_wconf 80' lang='lat' dir='ltr'><strong>subigitur.</strong></span> 
     </span>
    </p>
   </div>
   <div class='ocr_carea' id='block_1_29' title="bbox 613 2850 2140 2925">
    <p class='ocr_par' dir='ltr' id='par_1_29' title="bbox 613 2850 2140 2925">
     <span class='ocr_line' id='line_1_29' title="bbox 613 2850 2140 2925; baseline 0.003 -18"><span class='ocrx_word' id='word_1_205' title='bbox 613 2852 643 2925; x_wconf 85' lang='lat'><strong>§</strong></span> <span class='ocrx_word' id='word_1_206' title='bbox 680 2850 765 2909; x_wconf 85' lang='grc'><strong>111.</strong></span> <span class='ocrx_word' id='word_1_207' title='bbox 802 2853 1096 2923; x_wconf 79' lang='lat' dir='ltr'><strong>Respondet</strong></span> <span class='ocrx_word' id='word_1_208' title='bbox 1136 2855 1412 2924; x_wconf 85' lang='lat' dir='ltr'><strong>objectioni</strong></span> <span class='ocrx_word' id='word_1_209' title='bbox 1462 2854 1516 2908; x_wconf 73' lang='lat'><strong>5.</strong></span> <span class='ocrx_word' id='word_1_210' title='bbox 1554 2854 1784 2924; x_wconf 80' lang='lat' dir='ltr'><strong>Infantis</strong></span> <span class='ocrx_word' id='word_1_211' title='bbox 1820 2856 2013 2910; x_wconf 77' lang='lat' dir='ltr'><strong>Christi</strong></span> <span class='ocrx_word' id='word_1_212' title='bbox 2050 2858 2140 2911; x_wconf 87' lang='lat' dir='ltr'><strong>de-</strong></span> 
     </span>
    </p>
   </div>
   <div class='ocr_carea' id='block_1_30' title="bbox 544 2945 2140 3017">
    <p class='ocr_par' dir='ltr' id='par_1_30' title="bbox 544 2945 2140 3017">
     <span class='ocr_line' id='line_1_30' title="bbox 544 2945 2140 3017; baseline 0.003 -19"><span class='ocrx_word' id='word_1_213' title='bbox 544 2945 763 3014; x_wconf 70' lang='lat' dir='ltr'><strong>ﬂuentia</strong></span> <span class='ocrx_word' id='word_1_214' title='bbox 806 2948 1036 3017; x_wconf 80' lang='lat' dir='ltr'><strong>corporis</strong></span> <span class='ocrx_word' id='word_1_215' title='bbox 1072 2947 1162 3016; x_wconf 86' lang='lat' dir='ltr'><strong>qui</strong></span> <span class='ocrx_word' id='word_1_216' title='bbox 1195 2947 1456 3017; x_wconf 83' lang='lat' dir='ltr'><strong>colligeret</strong></span> <span class='ocrx_word' id='word_1_217' title='bbox 1498 2964 1666 3001; x_wconf 86' lang='lat' dir='ltr'><strong>nemo.</strong></span> <span class='ocrx_word' id='word_1_218' title='bbox 1708 2947 1904 3013; x_wconf 83' lang='lat' dir='ltr'><strong>Quare.</strong></span> <span class='ocrx_word' id='word_1_219' title='bbox 1933 2978 2004 2989; x_wconf 91' lang='lat'><strong>—-—</strong></span> <span class='ocrx_word' id='word_1_220' title='bbox 2033 2947 2140 3003; x_wconf 86' lang='lat' dir='ltr'><strong>Sed</strong></span> 
     </span>
    </p>
   </div>
   <div class='ocr_carea' id='block_1_31' title="bbox 545 3034 2138 3106">
    <p class='ocr_par' dir='ltr' id='par_1_31' title="bbox 545 3034 2138 3106">
     <span class='ocr_line' id='line_1_31' title="bbox 545 3034 2138 3106; baseline 0.002 -17"><span class='ocrx_word' id='word_1_221' title='bbox 545 3034 677 3090; x_wconf 92' lang='lat' dir='ltr'><strong>illud</strong></span> <span class='ocrx_word' id='word_1_222' title='bbox 729 3038 1069 3106; x_wconf 87' lang='lat' dir='ltr'><strong>potissimmn</strong></span> <span class='ocrx_word' id='word_1_223' title='bbox 1125 3037 1347 3093; x_wconf 86' lang='lat' dir='ltr'><strong>obtendi</strong></span> <span class='ocrx_word' id='word_1_224' title='bbox 1405 3035 1695 3105; x_wconf 72' lang='lat' dir='ltr'><strong>sufﬁceret,</strong></span> <span class='ocrx_word' id='word_1_225' title='bbox 1744 3037 1905 3092; x_wconf 90' lang='lat' dir='ltr'><strong>etiam</strong></span> <span class='ocrx_word' id='word_1_226' title='bbox 1962 3040 2007 3093; x_wconf 90' lang='lat' dir='ltr'><strong>si</strong></span> <span class='ocrx_word' id='word_1_227' title='bbox 2064 3039 2138 3094; x_wconf 93' lang='lat' dir='ltr'><strong>nil</strong></span> 
     </span>
    </p>
   </div>
   <div class='ocr_carea' id='block_1_32' title="bbox 545 3127 2137 3201">
    <p class='ocr_par' dir='ltr' id='par_1_32' title="bbox 545 3127 2137 3201">
     <span class='ocr_line' id='line_1_32' title="bbox 545 3127 2137 3201; baseline 0.002 -19"><span class='ocrx_word' id='word_1_228' title='bbox 545 3127 688 3197; x_wconf 85' lang='lat' dir='ltr'><strong>quod</strong></span> <span class='ocrx_word' id='word_1_229' title='bbox 737 3128 803 3183; x_wconf 89' lang='lat' dir='ltr'><strong>ad</strong></span> <span class='ocrx_word' id='word_1_230' title='bbox 853 3129 968 3184; x_wconf 62' lang='lat' dir='ltr'><strong>haec</strong></span> <span class='ocrx_word' id='word_1_231' title='bbox 1018 3138 1205 3199; x_wconf 86' lang='lat' dir='ltr'><strong>posset</strong></span> <span class='ocrx_word' id='word_1_232' title='bbox 1256 3128 1571 3198; x_wconf 84' lang='lat' dir='ltr'><strong>responderi</strong></span> <span class='ocrx_word' id='word_1_233' title='bbox 1615 3138 1946 3200; x_wconf 84' lang='lat' dir='ltr'><strong>suppeteret,</strong></span> <span class='ocrx_word' id='word_1_234' title='bbox 1992 3132 2137 3201; x_wconf 91' lang='lat' dir='ltr'><strong>quod</strong></span> 
     </span>
    </p>
   </div>
   <div class='ocr_carea' id='block_1_33' title="bbox 545 3221 2140 3293">
    <p class='ocr_par' dir='ltr' id='par_1_33' title="bbox 545 3221 2140 3293">
     <span class='ocr_line' id='line_1_33' title="bbox 545 3221 2140 3293; baseline 0.003 -18"><span class='ocrx_word' id='word_1_235' title='bbox 545 3221 759 3278; x_wconf 87' lang='lat' dir='ltr'><strong>Domini</strong></span> <span class='ocrx_word' id='word_1_236' title='bbox 786 3221 912 3278; x_wconf 84' lang='lat' dir='ltr'><strong>Jesu</strong></span> <span class='ocrx_word' id='word_1_237' title='bbox 947 3223 1192 3293; x_wconf 71' lang='lat' dir='ltr'><strong>pueritiae</strong></span> <span class='ocrx_word' id='word_1_238' title='bbox 1223 3232 1465 3293; x_wconf 88' lang='lat' dir='ltr'><strong>tempore</strong></span> <span class='ocrx_word' id='word_1_239' title='bbox 1494 3222 1737 3293; x_wconf 78' lang='lat' dir='ltr'><strong>profecto</strong></span> <span class='ocrx_word' id='word_1_240' title='bbox 1772 3222 1949 3278; x_wconf 91' lang='lat' dir='ltr'><strong>nullus</strong></span> <span class='ocrx_word' id='word_1_241' title='bbox 1995 3233 2140 3280; x_wconf 90' lang='lat' dir='ltr'><strong>esset</strong></span> 
     </span>
    </p>
   </div>
   <div class='ocr_carea' id='block_1_34' title="bbox 530 3316 2140 3387">
    <p class='ocr_par' dir='ltr' id='par_1_34' title="bbox 530 3316 2140 3387">
     <span class='ocr_line' id='line_1_34' title="bbox 530 3316 2140 3387; baseline 0.002 -17"><span class='ocrx_word' id='word_1_242' title='bbox 530 3317 637 3387; x_wconf 86' lang='lat' dir='ltr'><strong>qui</strong></span> <span class='ocrx_word' id='word_1_243' title='bbox 668 3316 931 3386; x_wconf 89' lang='lat' dir='ltr'><strong>ejusmodi</strong></span> <span class='ocrx_word' id='word_1_244' title='bbox 962 3317 1252 3373; x_wconf 82' lang='lat' dir='ltr'><strong>defluentia</strong></span> <span class='ocrx_word' id='word_1_245' title='bbox 1286 3333 1348 3374; x_wconf 82' lang='lat' dir='ltr'><strong>ex</strong></span> <span class='ocrx_word' id='word_1_246' title='bbox 1374 3317 1491 3385; x_wconf 88' lang='lat' dir='ltr'><strong>ejus</strong></span> <span class='ocrx_word' id='word_1_247' title='bbox 1518 3317 1756 3387; x_wconf 91' lang='lat' dir='ltr'><strong>capitulo</strong></span> <span class='ocrx_word' id='word_1_248' title='bbox 1793 3328 2140 3375; x_wconf 88' lang='lat' dir='ltr'><strong>sacrosancto</strong></span> 
     </span>
    </p>
   </div>
   <div class='ocr_carea' id='block_1_35' title="bbox 547 3408 2142 3483">
    <p class='ocr_par' dir='ltr' id='par_1_35' title="bbox 547 3408 2142 3483">
     <span class='ocr_line' id='line_1_35' title="bbox 547 3408 2142 3483; baseline 0.003 -20"><span class='ocrx_word' id='word_1_249' title='bbox 547 3408 801 3480; x_wconf 88' lang='lat' dir='ltr'><strong>colligere</strong></span> <span class='ocrx_word' id='word_1_250' title='bbox 849 3409 1169 3477; x_wconf 76' lang='lat' dir='ltr'><strong>aﬁ&#39;cctaret,</strong></span> <span class='ocrx_word' id='word_1_251' title='bbox 1218 3411 1519 3483; x_wconf 70' lang='lat' dir='ltr'><strong>prtesertim</strong></span> <span class='ocrx_word' id='word_1_252' title='bbox 1579 3426 1700 3465; x_wconf 92' lang='lat' dir='ltr'><strong>cum</strong></span> <span class='ocrx_word' id='word_1_253' title='bbox 1751 3411 1816 3466; x_wconf 88' lang='lat' dir='ltr'><strong>de</strong></span> <span class='ocrx_word' id='word_1_254' title='bbox 1868 3427 1931 3466; x_wconf 91' lang='lat' dir='ltr'><strong>eo</strong></span> <span class='ocrx_word' id='word_1_255' title='bbox 1981 3428 2142 3468; x_wconf 88' lang='lat' dir='ltr'><strong>nemo</strong></span> 
     </span>
    </p>
   </div>
   <div class='ocr_carea' id='block_1_36' title="bbox 546 3501 2143 3573">
    <p class='ocr_par' dir='ltr' id='par_1_36' title="bbox 546 3501 2143 3573">
     <span class='ocr_line' id='line_1_36' title="bbox 546 3501 2143 3573; baseline 0.004 -20"><span class='ocrx_word' id='word_1_256' title='bbox 546 3501 722 3571; x_wconf 82' lang='lat' dir='ltr'><strong>majus</strong></span> <span class='ocrx_word' id='word_1_257' title='bbox 755 3502 1029 3572; x_wconf 79' lang='lat' dir='ltr'><strong>quidpiam</strong></span> <span class='ocrx_word' id='word_1_258' title='bbox 1062 3512 1191 3559; x_wconf 90' lang='lat' dir='ltr'><strong>tunc</strong></span> <span class='ocrx_word' id='word_1_259' title='bbox 1226 3502 1493 3573; x_wconf 88' lang='lat' dir='ltr'><strong>temporis</strong></span> <span class='ocrx_word' id='word_1_260' title='bbox 1526 3504 1852 3571; x_wconf 75' lang='lat' dir='ltr'><strong>:estimaret,</strong></span> <span class='ocrx_word' id='word_1_261' title='bbox 1882 3519 2043 3573; x_wconf 90' lang='lat' dir='ltr'><strong>quam</strong></span> <span class='ocrx_word' id='word_1_262' title='bbox 2076 3505 2143 3559; x_wconf 90' lang='lat' dir='ltr'><strong>de</strong></span> 
     </span>
    </p>
   </div>
   <div class='ocr_carea' id='block_1_37' title="bbox 547 3593 2143 3669">
    <p class='ocr_par' dir='ltr' id='par_1_37' title="bbox 547 3593 2143 3669">
     <span class='ocr_line' id='line_1_37' title="bbox 547 3593 2143 3669; baseline 0.003 -22"><span class='ocrx_word' id='word_1_263' title='bbox 547 3608 784 3662; x_wconf 65' lang='lat' dir='ltr'><strong>aequaevo</strong></span> <span class='ocrx_word' id='word_1_264' title='bbox 821 3593 1001 3669; x_wconf 77' lang='lat' dir='ltr'><strong>aliquo</strong></span> <span class='ocrx_word' id='word_1_265' title='bbox 1048 3595 1140 3665; x_wconf 90' lang='lat' dir='ltr'><strong>qui</strong></span> <span class='ocrx_word' id='word_1_266' title='bbox 1186 3605 1313 3651; x_wconf 90' lang='lat' dir='ltr'><strong>tunc</strong></span> <span class='ocrx_word' id='word_1_267' title='bbox 1357 3605 1521 3651; x_wconf 88' lang='lat' dir='ltr'><strong>esset.</strong></span> <span class='ocrx_word' id='word_1_268' title='bbox 1553 3597 1619 3650; x_wconf 87' lang='lat' dir='ltr'><strong>Et</strong></span> <span class='ocrx_word' id='word_1_269' title='bbox 1658 3597 1779 3665; x_wconf 86' lang='lat' dir='ltr'><strong>quis</strong></span> <span class='ocrx_word' id='word_1_270' title='bbox 1819 3596 1885 3653; x_wconf 91' lang='lat' dir='ltr'><strong>de</strong></span> <span class='ocrx_word' id='word_1_271' title='bbox 1920 3597 2143 3653; x_wconf 88' lang='lat' dir='ltr'><strong>humani</strong></span> 
     </span>
    </p>
   </div>
   <div class='ocr_carea' id='block_1_38' title="bbox 548 3688 2143 3762">
    <p class='ocr_par' dir='ltr' id='par_1_38' title="bbox 548 3688 2143 3762">
     <span class='ocr_line' id='line_1_38' title="bbox 548 3688 2143 3762; baseline 0.003 -21"><span class='ocrx_word' id='word_1_272' title='bbox 548 3689 761 3757; x_wconf 76' lang='lat' dir='ltr'><strong>generis</strong></span> <span class='ocrx_word' id='word_1_273' title='bbox 799 3688 889 3760; x_wconf 63' lang='grc' dir='ltr'><strong>[ιη</strong></span> <span class='ocrx_word' id='word_1_274' title='bbox 926 3688 1192 3762; x_wconf 86' lang='lat' dir='ltr'><strong>corporis]</strong></span> <span class='ocrx_word' id='word_1_275' title='bbox 1240 3690 1485 3760; x_wconf 86' lang='lat' dir='ltr'><strong>reliquiis</strong></span> <span class='ocrx_word' id='word_1_276' title='bbox 1521 3698 1647 3745; x_wconf 86' lang='lat' dir='ltr'><strong>tunc</strong></span> <span class='ocrx_word' id='word_1_277' title='bbox 1697 3701 1977 3756; x_wconf 84' lang='lat' dir='ltr'><strong>tractaret,</strong></span> <span class='ocrx_word' id='word_1_278' title='bbox 2020 3708 2143 3747; x_wconf 91' lang='lat' dir='ltr'><strong>cum</strong></span> 
     </span>
    </p>
   </div>
   <div class='ocr_carea' id='block_1_39' title="bbox 548 3781 2144 3853">
    <p class='ocr_par' dir='ltr' id='par_1_39' title="bbox 548 3781 2144 3853">
     <span class='ocr_line' id='line_1_39' title="bbox 548 3781 2144 3853; baseline 0.003 -19"><span class='ocrx_word' id='word_1_279' title='bbox 548 3790 672 3849; x_wconf 88' lang='lat' dir='ltr'><strong>post</strong></span> <span class='ocrx_word' id='word_1_280' title='bbox 702 3792 931 3835; x_wconf 88' lang='lat' dir='ltr'><strong>mortem</strong></span> <span class='ocrx_word' id='word_1_281' title='bbox 960 3782 1190 3852; x_wconf 83' lang='lat' dir='ltr'><strong>alicujus</strong></span> <span class='ocrx_word' id='word_1_282' title='bbox 1226 3783 1426 3852; x_wconf 88' lang='lat' dir='ltr'><strong>aliquid</strong></span> <span class='ocrx_word' id='word_1_283' title='bbox 1468 3781 1533 3837; x_wconf 89' lang='lat' dir='ltr'><strong>de</strong></span> <span class='ocrx_word' id='word_1_284' title='bbox 1561 3783 1676 3851; x_wconf 89' lang='lat' dir='ltr'><strong>ejus</strong></span> <span class='ocrx_word' id='word_1_285' title='bbox 1713 3798 1937 3853; x_wconf 90' lang='lat' dir='ltr'><strong>corpore</strong></span> <span class='ocrx_word' id='word_1_286' title='bbox 1967 3799 2144 3839; x_wconf 86' lang='lat' dir='ltr'><strong>reser-</strong></span> 
     </span>
    </p>
   </div>
   <div class='ocr_carea' id='block_1_40' title="bbox 550 3874 2145 3946">
    <p class='ocr_par' dir='ltr' id='par_1_40' title="bbox 550 3874 2145 3946">
     <span class='ocr_line' id='line_1_40' title="bbox 550 3874 2145 3946; baseline 0.003 -18"><span class='ocrx_word' id='word_1_287' title='bbox 550 3888 709 3928; x_wconf 88' lang='lat' dir='ltr'><strong>vasse</strong></span> <span class='ocrx_word' id='word_1_288' title='bbox 762 3875 901 3943; x_wconf 88' lang='lat' dir='ltr'><strong>apud</strong></span> <span class='ocrx_word' id='word_1_289' title='bbox 943 3874 1158 3930; x_wconf 66' lang='lat' dir='ltr'><strong>Judreos</strong></span> <span class='ocrx_word' id='word_1_290' title='bbox 1199 3875 1642 3946; x_wconf 84' lang='lat' dir='ltr'><strong>profanissimum</strong></span> <span class='ocrx_word' id='word_1_291' title='bbox 1690 3877 1876 3930; x_wconf 88' lang='lat' dir='ltr'><strong>esset?</strong></span> <span class='ocrx_word' id='word_1_292' title='bbox 1915 3876 1981 3931; x_wconf 91' lang='lat' dir='ltr'><strong>Et</strong></span> <span class='ocrx_word' id='word_1_293' title='bbox 2017 3878 2145 3946; x_wconf 91' lang='lat' dir='ltr'><strong>quid</strong></span> 
     </span>
    </p>
   </div>
   <div class='ocr_carea' id='block_1_41' title="bbox 550 3966 2139 4039">
    <p class='ocr_par' dir='ltr' id='par_1_41' title="bbox 550 3966 2139 4039">
     <span class='ocr_line' id='line_1_41' title="bbox 550 3966 2139 4039; baseline 0.003 -18"><span class='ocrx_word' id='word_1_294' title='bbox 550 3966 698 4034; x_wconf 71' lang='lat' dir='ltr'><strong>apud</strong></span> <span class='ocrx_word' id='word_1_295' title='bbox 729 3982 823 4022; x_wconf 89' lang='lat' dir='ltr'><strong>eos</strong></span> <span class='ocrx_word' id='word_1_296' title='bbox 862 3968 1121 4037; x_wconf 88' lang='lat' dir='ltr'><strong>pollutius</strong></span> <span class='ocrx_word' id='word_1_297' title='bbox 1162 3984 1320 4039; x_wconf 88' lang='lat' dir='ltr'><strong>quam</strong></span> <span class='ocrx_word' id='word_1_298' title='bbox 1364 3970 1560 4023; x_wconf 88' lang='lat' dir='ltr'><strong>mortui</strong></span> <span class='ocrx_word' id='word_1_299' title='bbox 1602 3969 1835 4024; x_wconf 88' lang='lat' dir='ltr'><strong>hominis</strong></span> <span class='ocrx_word' id='word_1_300' title='bbox 1861 3986 1981 4025; x_wconf 89' lang='lat' dir='ltr'><strong>ossa</strong></span> <span class='ocrx_word' id='word_1_301' title='bbox 2011 3987 2139 4026; x_wconf 86' lang='lat' dir='ltr'><strong>con-</strong></span> 
     </span>
    </p>
   </div>
   <div class='ocr_carea' id='block_1_42' title="bbox 555 4058 2147 4134">
    <p class='ocr_par' dir='ltr' id='par_1_42' title="bbox 555 4058 2147 4134">
     <span class='ocr_line' id='line_1_42' title="bbox 555 4058 2147 4134; baseline 0.007 -24"><span class='ocrx_word' id='word_1_302' title='bbox 555 4058 781 4128; x_wconf 87' lang='lat' dir='ltr'><strong>tingere,</strong></span> <span class='ocrx_word' id='word_1_303' title='bbox 808 4077 929 4115; x_wconf 91' lang='lat' dir='ltr'><strong>cum</strong></span> <span class='ocrx_word' id='word_1_304' title='bbox 956 4063 1022 4116; x_wconf 91' lang='lat' dir='ltr'><strong>ad</strong></span> <span class='ocrx_word' id='word_1_305' title='bbox 1043 4063 1286 4134; x_wconf 88' lang='lat' dir='ltr'><strong>singulos</strong></span> <span class='ocrx_word' id='word_1_306' title='bbox 1309 4079 1553 4133; x_wconf 90' lang='lat' dir='ltr'><strong>quosque</strong></span> <span class='ocrx_word' id='word_1_307' title='bbox 1576 4071 1860 4118; x_wconf 87' lang='lat' dir='ltr'><strong>contactus</strong></span> <span class='ocrx_word' id='word_1_308' title='bbox 1876 4066 2147 4121; x_wconf 80' lang='lat' dir='ltr'><strong>excubare</strong></span> 
     </span>
    </p>
   </div>
   <div class='ocr_carea' id='block_1_43' title="bbox 554 4149 2147 4227">
    <p class='ocr_par' dir='ltr' id='par_1_43' title="bbox 554 4149 2147 4227">
     <span class='ocr_line' id='line_1_43' title="bbox 554 4149 2147 4227; baseline 0.008 -25"><span class='ocrx_word' id='word_1_309' title='bbox 554 4149 868 4220; x_wconf 89' lang='lat' dir='ltr'><strong>aliquandiu</strong></span> <span class='ocrx_word' id='word_1_310' title='bbox 886 4169 986 4224; x_wconf 91' lang='lat' dir='ltr'><strong>pro</strong></span> <span class='ocrx_word' id='word_1_311' title='bbox 1008 4156 1221 4219; x_wconf 88' lang='lat' dir='ltr'><strong>castris,</strong></span> <span class='ocrx_word' id='word_1_312' title='bbox 1248 4167 1303 4210; x_wconf 91' lang='lat' dir='ltr'><strong>et</strong></span> <span class='ocrx_word' id='word_1_313' title='bbox 1326 4157 1803 4225; x_wconf 90' lang='lat' dir='ltr'><strong>aquasjubeantur</strong></span> <span class='ocrx_word' id='word_1_314' title='bbox 1823 4157 2147 4227; x_wconf 77' lang='lat' dir='ltr'><strong>expiationis</strong></span> 
     </span>
    </p>
   </div>
   <div class='ocr_carea' id='block_1_44' title="bbox 556 4244 2143 4317">
    <p class='ocr_par' dir='ltr' id='par_1_44' title="bbox 556 4244 2143 4317">
     <span class='ocr_line' id='line_1_44' title="bbox 556 4244 2143 4317; baseline 0.005 -20"><span class='ocrx_word' id='word_1_315' title='bbox 556 4244 833 4300; x_wconf 88' lang='lat' dir='ltr'><strong>adhibere.</strong></span> <span class='ocrx_word' id='word_1_316' title='bbox 859 4245 1063 4302; x_wconf 70' lang='lat' dir='ltr'><strong>Praeter</strong></span> <span class='ocrx_word' id='word_1_317' title='bbox 1082 4248 1292 4304; x_wconf 85' lang='lat' dir='ltr'><strong>tabulas</strong></span> <span class='ocrx_word' id='word_1_318' title='bbox 1315 4248 1673 4315; x_wconf 89' lang='lat' dir='ltr'><strong>Testamenti,</strong></span> <span class='ocrx_word' id='word_1_319' title='bbox 1689 4265 1909 4305; x_wconf 88' lang='lat' dir='ltr'><strong>auream</strong></span> <span class='ocrx_word' id='word_1_320' title='bbox 1930 4267 2143 4317; x_wconf 90' lang='lat' dir='ltr'><strong>urnam,</strong></span> 
     </span>
    </p>
   </div>
   <div class='ocr_carea' id='block_1_45' title="bbox 552 4336 2147 4411">
    <p class='ocr_par' dir='ltr' id='par_1_45' title="bbox 552 4336 2147 4411">
     <span class='ocr_line' id='line_1_45' title="bbox 552 4336 2147 4411; baseline 0.004 -21"><span class='ocrx_word' id='word_1_321' title='bbox 552 4336 843 4408; x_wconf 87' lang='lat' dir='ltr'><strong>Aaronque</strong></span> <span class='ocrx_word' id='word_1_322' title='bbox 870 4339 1097 4411; x_wconf 85' lang='lat' dir='ltr'><strong>virgam,</strong></span> <span class='ocrx_word' id='word_1_323' title='bbox 1135 4340 1208 4397; x_wconf 91' lang='lat' dir='ltr'><strong>nil</strong></span> <span class='ocrx_word' id='word_1_324' title='bbox 1236 4341 1379 4411; x_wconf 91' lang='lat' dir='ltr'><strong>quod</strong></span> <span class='ocrx_word' id='word_1_325' title='bbox 1418 4356 1447 4395; x_wconf 89' lang='lat' dir='ltr'><strong>a</strong></span> <span class='ocrx_word' id='word_1_326' title='bbox 1488 4339 1764 4395; x_wconf 85' lang='lat' dir='ltr'><strong>veteribus</strong></span> <span class='ocrx_word' id='word_1_327' title='bbox 1809 4341 2147 4411; x_wconf 88' lang='lat' dir='ltr'><strong>accepissent</strong></span> 
     </span>
    </p>
   </div>
   <div class='ocr_carea' id='block_1_46' title="bbox 554 4433 2146 4506">
    <p class='ocr_par' dir='ltr' id='par_1_46' title="bbox 554 4433 2146 4506">
     <span class='ocr_line' id='line_1_46' title="bbox 554 4433 2146 4506; baseline 0.004 -22"><span class='ocrx_word' id='word_1_328' title='bbox 554 4433 871 4488; x_wconf 83' lang='lat' dir='ltr'><strong>munimenti</strong></span> <span class='ocrx_word' id='word_1_329' title='bbox 922 4450 1150 4505; x_wconf 88' lang='lat' dir='ltr'><strong>usquam</strong></span> <span class='ocrx_word' id='word_1_330' title='bbox 1193 4436 1471 4491; x_wconf 89' lang='lat' dir='ltr'><strong>exstitisse</strong></span> <span class='ocrx_word' id='word_1_331' title='bbox 1513 4435 1869 4506; x_wconf 83' lang='lat' dir='ltr'><strong>dignoscitur.</strong></span> <span class='ocrx_word' id='word_1_332' title='bbox 1922 4436 1986 4489; x_wconf 85' lang='lat' dir='ltr'><strong>Et</strong></span> <span class='ocrx_word' id='word_1_333' title='bbox 2022 4436 2146 4506; x_wconf 90' lang='lat' dir='ltr'><strong>quis</strong></span> 
     </span>
    </p>
   </div>
   <div class='ocr_carea' id='block_1_47' title="bbox 2218 548 3728 622">
    <p class='ocr_par' dir='ltr' id='par_1_47' title="bbox 2218 548 3728 622">
     <span class='ocr_line' id='line_1_47' title="bbox 2218 548 3728 622; baseline 0.007 -21"><span class='ocrx_word' id='word_1_334' title='bbox 2218 548 2283 601; x_wconf 82' lang='lat' dir='ltr'><strong>Et</strong></span> <span class='ocrx_word' id='word_1_335' title='bbox 2314 548 2437 614; x_wconf 86' lang='lat' dir='ltr'><strong>quis</strong></span> <span class='ocrx_word' id='word_1_336' title='bbox 2468 556 2633 602; x_wconf 69' lang='lat' dir='ltr'><strong>tanta:</strong></span> <span class='ocrx_word' id='word_1_337' title='bbox 2665 549 2992 619; x_wconf 70' lang='lat' dir='ltr'><strong>arrogantiae</strong></span> <span class='ocrx_word' id='word_1_338' title='bbox 3021 549 3105 603; x_wconf 87' lang='lat' dir='ltr'><strong>vel</strong></span> <span class='ocrx_word' id='word_1_339' title='bbox 3139 549 3350 619; x_wconf 87' lang='lat' dir='ltr'><strong>signum</strong></span> <span class='ocrx_word' id='word_1_340' title='bbox 3396 552 3444 605; x_wconf 94' lang='lat' dir='ltr'><strong>in</strong></span> <span class='ocrx_word' id='word_1_341' title='bbox 3480 551 3583 622; x_wconf 87' lang='lat' dir='ltr'><strong>ejus</strong></span> <span class='ocrx_word' id='word_1_342' title='bbox 3606 556 3728 613; x_wconf 86' lang='lat' dir='ltr'><strong>benc-</strong></span> 
     </span>
    </p>
   </div>
   <div class='ocr_carea' id='block_1_48' title="bbox 2217 642 3732 720">
    <p class='ocr_par' dir='ltr' id='par_1_48' title="bbox 2217 642 3732 720">
     <span class='ocr_line' id='line_1_48' title="bbox 2217 642 3732 720; baseline 0.001 -24"><span class='ocrx_word' id='word_1_343' title='bbox 2217 643 2381 697; x_wconf 90' lang='lat' dir='ltr'><strong>dictis</strong></span> <span class='ocrx_word' id='word_1_344' title='bbox 2411 643 2655 698; x_wconf 88' lang='lat' dir='ltr'><strong>moribus</strong></span> <span class='ocrx_word' id='word_1_345' title='bbox 2674 684 2687 706; x_wconf 92' lang='lat'><strong>,</strong></span> <span class='ocrx_word' id='word_1_346' title='bbox 2725 644 2777 697; x_wconf 93' lang='lat' dir='ltr'><strong>in</strong></span> <span class='ocrx_word' id='word_1_347' title='bbox 2810 643 2980 713; x_wconf 89' lang='lat' dir='ltr'><strong>ipsius</strong></span> <span class='ocrx_word' id='word_1_348' title='bbox 3014 642 3295 697; x_wconf 79' lang='lat' dir='ltr'><strong>adoranda</strong></span> <span class='ocrx_word' id='word_1_349' title='bbox 3320 645 3495 699; x_wconf 88' lang='lat' dir='ltr'><strong>habitu</strong></span> <span class='ocrx_word' id='word_1_350' title='bbox 3516 647 3652 720; x_wconf 72' lang='lat'><strong>356</strong></span> <span class='ocrx_word' id='word_1_351' title='bbox 3673 667 3732 705; x_wconf 68' lang='lat' dir='ltr'><strong>re.</strong></span> 
     </span>
    </p>
   </div>
   <div class='ocr_carea' id='block_1_49' title="bbox 2216 734 3735 803">
    <p class='ocr_par' dir='ltr' id='par_1_49' title="bbox 2216 734 3735 803">
     <span class='ocr_line' id='line_1_49' title="bbox 2216 734 3735 803; baseline 0.005 -14"><span class='ocrx_word' id='word_1_352' title='bbox 2216 735 2396 803; x_wconf 85' lang='lat' dir='ltr'><strong>perire</strong></span> <span class='ocrx_word' id='word_1_353' title='bbox 2429 736 2687 802; x_wconf 90' lang='lat' dir='ltr'><strong>potuerit,</strong></span> <span class='ocrx_word' id='word_1_354' title='bbox 2719 735 2771 788; x_wconf 91' lang='lat' dir='ltr'><strong>in</strong></span> <span class='ocrx_word' id='word_1_355' title='bbox 2807 734 2962 802; x_wconf 88' lang='lat' dir='ltr'><strong>cujus</strong></span> <span class='ocrx_word' id='word_1_356' title='bbox 2987 750 3084 789; x_wconf 89' lang='lat' dir='ltr'><strong>ore</strong></span> <span class='ocrx_word' id='word_1_357' title='bbox 3106 735 3181 788; x_wconf 91' lang='lat' dir='ltr'><strong>nil</strong></span> <span class='ocrx_word' id='word_1_358' title='bbox 3207 735 3309 788; x_wconf 87' lang='lat' dir='ltr'><strong>nisi</strong></span> <span class='ocrx_word' id='word_1_359' title='bbox 3337 737 3587 793; x_wconf 89' lang='lat' dir='ltr'><strong>ancillaris</strong></span> <span class='ocrx_word' id='word_1_360' title='bbox 3606 739 3735 796; x_wconf 56' lang='lat' dir='ltr'><strong>humi.</strong></span> 
     </span>
    </p>
   </div>
   <div class='ocr_carea' id='block_1_50' title="bbox 2220 825 3736 895">
    <p class='ocr_par' dir='ltr' id='par_1_50' title="bbox 2220 825 3736 895">
     <span class='ocr_line' id='line_1_50' title="bbox 2220 825 3736 895; baseline 0.004 -17"><span class='ocrx_word' id='word_1_361' title='bbox 2220 825 2343 880; x_wconf 89' lang='lat' dir='ltr'><strong>litas</strong></span> <span class='ocrx_word' id='word_1_362' title='bbox 2382 840 2619 895; x_wconf 87' lang='lat' dir='ltr'><strong>unquam</strong></span> <span class='ocrx_word' id='word_1_363' title='bbox 2661 827 2845 881; x_wconf 86' lang='lat' dir='ltr'><strong>sonuit</strong></span> <span class='ocrx_word' id='word_1_364' title='bbox 2873 825 2896 878; x_wconf 86' lang='lat'><strong>?</strong></span> <span class='ocrx_word' id='word_1_365' title='bbox 2924 825 3055 892; x_wconf 81' lang='lat' dir='ltr'><strong>Quae</strong></span> <span class='ocrx_word' id='word_1_366' title='bbox 3088 840 3179 880; x_wconf 91' lang='lat' dir='ltr'><strong>res</strong></span> <span class='ocrx_word' id='word_1_367' title='bbox 3203 841 3417 895; x_wconf 88' lang='lat' dir='ltr'><strong>quoque</strong></span> <span class='ocrx_word' id='word_1_368' title='bbox 3445 835 3580 883; x_wconf 88' lang='lat' dir='ltr'><strong>tanto</strong></span> <span class='ocrx_word' id='word_1_369' title='bbox 3605 830 3736 884; x_wconf 82' lang='lat' dir='ltr'><strong>minus</strong></span> 
     </span>
    </p>
   </div>
   <div class='ocr_carea' id='block_1_51' title="bbox 2220 915 3738 985">
    <p class='ocr_par' dir='ltr' id='par_1_51' title="bbox 2220 915 3738 985">
     <span class='ocr_line' id='line_1_51' title="bbox 2220 915 3738 985; baseline 0.004 -16"><span class='ocrx_word' id='word_1_370' title='bbox 2220 924 2455 985; x_wconf 90' lang='lat' dir='ltr'><strong>poterat,</strong></span> <span class='ocrx_word' id='word_1_371' title='bbox 2492 929 2600 968; x_wconf 93' lang='lat' dir='ltr'><strong>non</strong></span> <span class='ocrx_word' id='word_1_372' title='bbox 2639 915 2760 969; x_wconf 91' lang='lat' dir='ltr'><strong>dico</strong></span> <span class='ocrx_word' id='word_1_373' title='bbox 2806 915 2859 968; x_wconf 92' lang='lat' dir='ltr'><strong>in</strong></span> <span class='ocrx_word' id='word_1_374' title='bbox 2906 915 3169 984; x_wconf 89' lang='lat' dir='ltr'><strong>plurimas</strong></span> <span class='ocrx_word' id='word_1_375' title='bbox 3208 924 3420 979; x_wconf 58' lang='lat' dir='ltr'><strong>aetates,</strong></span> <span class='ocrx_word' id='word_1_376' title='bbox 3468 917 3551 971; x_wconf 92' lang='lat' dir='ltr'><strong>sed</strong></span> <span class='ocrx_word' id='word_1_377' title='bbox 3591 932 3671 974; x_wconf 88' lang='lat' dir='ltr'><strong>nec</strong></span> <span class='ocrx_word' id='word_1_378' title='bbox 3701 920 3738 976; x_wconf 90' lang='lat' dir='ltr'><strong>in</strong></span> 
     </span>
    </p>
   </div>
   <div class='ocr_carea' id='block_1_52' title="bbox 2222 1009 3741 1081">
    <p class='ocr_par' dir='ltr' id='par_1_52' title="bbox 2222 1009 3741 1081">
     <span class='ocr_line' id='line_1_52' title="bbox 2222 1009 3741 1081; baseline 0.001 -16"><span class='ocrx_word' id='word_1_379' title='bbox 2222 1012 2429 1079; x_wconf 88' lang='lat' dir='ltr'><strong>aliquot</strong></span> <span class='ocrx_word' id='word_1_380' title='bbox 2470 1026 2641 1065; x_wconf 91' lang='lat' dir='ltr'><strong>annos</strong></span> <span class='ocrx_word' id='word_1_381' title='bbox 2686 1011 2785 1066; x_wconf 91' lang='lat' dir='ltr'><strong>sub</strong></span> <span class='ocrx_word' id='word_1_382' title='bbox 2828 1009 2937 1064; x_wconf 90' lang='lat' dir='ltr'><strong>ulla</strong></span> <span class='ocrx_word' id='word_1_383' title='bbox 2992 1020 3249 1065; x_wconf 86' lang='lat' dir='ltr'><strong>constare</strong></span> <span class='ocrx_word' id='word_1_384' title='bbox 3297 1010 3545 1076; x_wconf 89' lang='lat' dir='ltr'><strong>custodia,</strong></span> <span class='ocrx_word' id='word_1_385' title='bbox 3589 1022 3741 1081; x_wconf 86' lang='lat' dir='ltr'><strong>quanto</strong></span> 
     </span>
    </p>
   </div>
   <div class='ocr_carea' id='block_1_53' title="bbox 2225 1102 3741 1173">
    <p class='ocr_par' dir='ltr' id='par_1_53' title="bbox 2225 1102 3741 1173">
     <span class='ocr_line' id='line_1_53' title="bbox 2225 1102 3741 1173; baseline 0.002 -17"><span class='ocrx_word' id='word_1_386' title='bbox 2225 1103 2396 1173; x_wconf 87' lang='lat' dir='ltr'><strong>magis</strong></span> <span class='ocrx_word' id='word_1_387' title='bbox 2438 1102 2578 1157; x_wconf 91' lang='lat' dir='ltr'><strong>idem</strong></span> <span class='ocrx_word' id='word_1_388' title='bbox 2623 1102 2905 1173; x_wconf 81' lang='lat' dir='ltr'><strong>coagulum</strong></span> <span class='ocrx_word' id='word_1_389' title='bbox 2958 1118 3179 1172; x_wconf 91' lang='lat' dir='ltr'><strong>semper</strong></span> <span class='ocrx_word' id='word_1_390' title='bbox 3215 1102 3524 1172; x_wconf 87' lang='lat' dir='ltr'><strong>decoquitur</strong></span> <span class='ocrx_word' id='word_1_391' title='bbox 3564 1102 3741 1159; x_wconf 84' lang='lat' dir='ltr'><strong>naturali</strong></span> 
     </span>
    </p>
   </div>
   <div class='ocr_carea' id='block_1_54' title="bbox 2228 1196 2607 1251">
    <p class='ocr_par' dir='ltr' id='par_1_54' title="bbox 2228 1196 2607 1251">
     <span class='ocr_line' id='line_1_54' title="bbox 2228 1196 2607 1251; baseline -0.008 0"><span class='ocrx_word' id='word_1_392' title='bbox 2228 1196 2607 1251; x_wconf 86' lang='lat' dir='ltr'><strong>inconstantia.</strong></span> 
     </span>
    </p>
   </div>
   <div class='ocr_carea' id='block_1_55' title="bbox 2299 1284 3746 1354">
    <p class='ocr_par' dir='ltr' id='par_1_55' title="bbox 2299 1284 3746 1354">
     <span class='ocr_line' id='line_1_55' title="bbox 2299 1284 3746 1354; baseline -0.001 -13"><span class='ocrx_word' id='word_1_393' title='bbox 2299 1288 2429 1342; x_wconf 86' lang='lat' dir='ltr'><strong>Esto</strong></span> <span class='ocrx_word' id='word_1_394' title='bbox 2453 1297 2654 1341; x_wconf 90' lang='lat' dir='ltr'><strong>autem.</strong></span> <span class='ocrx_word' id='word_1_395' title='bbox 2689 1286 2753 1340; x_wconf 84' lang='lat' dir='ltr'><strong>Et</strong></span> <span class='ocrx_word' id='word_1_396' title='bbox 2787 1300 2908 1354; x_wconf 60' lang='lat' dir='ltr'><strong>quae</strong></span> <span class='ocrx_word' id='word_1_397' title='bbox 2932 1285 3229 1340; x_wconf 88' lang='lat' dir='ltr'><strong>vetustatis</strong></span> <span class='ocrx_word' id='word_1_398' title='bbox 3263 1284 3501 1354; x_wconf 79' lang='lat' dir='ltr'><strong>exempla</strong></span> <span class='ocrx_word' id='word_1_399' title='bbox 3530 1284 3593 1339; x_wconf 92' lang='lat' dir='ltr'><strong>illi</strong></span> <span class='ocrx_word' id='word_1_400' title='bbox 3620 1293 3746 1340; x_wconf 85' lang='lat' dir='ltr'><strong>matu-</strong></span> 
     </span>
    </p>
   </div>
   <div class='ocr_carea' id='block_1_56' title="bbox 2229 1376 3747 1446">
    <p class='ocr_par' dir='ltr' id='par_1_56' title="bbox 2229 1376 3747 1446">
     <span class='ocr_line' id='line_1_56' title="bbox 2229 1376 3747 1446; baseline -0.003 -11"><span class='ocrx_word' id='word_1_401' title='bbox 2229 1381 2481 1443; x_wconf 72' lang='lat' dir='ltr'><strong>rissimze,</strong></span> <span class='ocrx_word' id='word_1_402' title='bbox 2514 1394 2577 1432; x_wconf 89' lang='lat' dir='ltr'><strong>ac</strong></span> <span class='ocrx_word' id='word_1_403' title='bbox 2609 1377 2809 1433; x_wconf 89' lang='lat' dir='ltr'><strong>nullius</strong></span> <span class='ocrx_word' id='word_1_404' title='bbox 2846 1376 3021 1432; x_wconf 90' lang='lat' dir='ltr'><strong>laudis</strong></span> <span class='ocrx_word' id='word_1_405' title='bbox 3044 1391 3227 1431; x_wconf 83' lang='lat' dir='ltr'><strong>avarae</strong></span> <span class='ocrx_word' id='word_1_406' title='bbox 3258 1377 3424 1431; x_wconf 92' lang='lat' dir='ltr'><strong>menti</strong></span> <span class='ocrx_word' id='word_1_407' title='bbox 3461 1377 3747 1446; x_wconf 77' lang='lat' dir='ltr'><strong>suppetebant</strong></span> 
     </span>
    </p>
   </div>
   <div class='ocr_carea' id='block_1_57' title="bbox 2230 1467 3749 1540">
    <p class='ocr_par' dir='ltr' id='par_1_57' title="bbox 2230 1467 3749 1540">
     <span class='ocr_line' id='line_1_57' title="bbox 2230 1467 3749 1540; baseline -0.005 -14"><span class='ocrx_word' id='word_1_408' title='bbox 2230 1472 2284 1526; x_wconf 89' lang='lat' dir='ltr'><strong>in</strong></span> <span class='ocrx_word' id='word_1_409' title='bbox 2321 1472 2507 1526; x_wconf 90' lang='lat' dir='ltr'><strong>talium</strong></span> <span class='ocrx_word' id='word_1_410' title='bbox 2536 1470 2882 1526; x_wconf 87' lang='lat' dir='ltr'><strong>observantia</strong></span> <span class='ocrx_word' id='word_1_411' title='bbox 2910 1470 3203 1540; x_wconf 84' lang='lat' dir='ltr'><strong>pignorum</strong></span> <span class='ocrx_word' id='word_1_412' title='bbox 3226 1509 3240 1533; x_wconf 92' lang='lat'><strong>,</strong></span> <span class='ocrx_word' id='word_1_413' title='bbox 3271 1476 3331 1521; x_wconf 89' lang='lat' dir='ltr'><strong>ut</strong></span> <span class='ocrx_word' id='word_1_414' title='bbox 3374 1467 3509 1536; x_wconf 87' lang='lat' dir='ltr'><strong>quod</strong></span> <span class='ocrx_word' id='word_1_415' title='bbox 3536 1481 3749 1536; x_wconf 85' lang='lat' dir='ltr'><strong>nunquam</strong></span> 
     </span>
    </p>
   </div>
   <div class='ocr_carea' id='block_1_58' title="bbox 2232 1559 3749 1631">
    <p class='ocr_par' dir='ltr' id='par_1_58' title="bbox 2232 1559 3749 1631">
     <span class='ocr_line' id='line_1_58' title="bbox 2232 1559 3749 1631; baseline -0.008 -10"><span class='ocrx_word' id='word_1_416' title='bbox 2232 1566 2351 1621; x_wconf 84' lang='lat' dir='ltr'><strong>ﬁeri</strong></span> <span class='ocrx_word' id='word_1_417' title='bbox 2381 1567 2611 1631; x_wconf 83' lang='lat' dir='ltr'><strong>viderat,</strong></span> <span class='ocrx_word' id='word_1_418' title='bbox 2654 1580 2753 1619; x_wconf 91' lang='lat' dir='ltr'><strong>nec</strong></span> <span class='ocrx_word' id='word_1_419' title='bbox 2799 1572 3026 1617; x_wconf 85' lang='lat' dir='ltr'><strong>eatenus</strong></span> <span class='ocrx_word' id='word_1_420' title='bbox 3065 1561 3277 1616; x_wconf 81' lang='lat' dir='ltr'><strong>factum</strong></span> <span class='ocrx_word' id='word_1_421' title='bbox 3330 1560 3582 1623; x_wconf 81' lang='lat' dir='ltr'><strong>audierat,</strong></span> <span class='ocrx_word' id='word_1_422' title='bbox 3618 1559 3749 1627; x_wconf 74' lang='lat' dir='ltr'><strong>prima</strong></span> 
     </span>
    </p>
   </div>
   <div class='ocr_carea' id='block_1_59' title="bbox 2234 1648 3753 1727">
    <p class='ocr_par' dir='ltr' id='par_1_59' title="bbox 2234 1648 3753 1727">
     <span class='ocr_line' id='line_1_59' title="bbox 2234 1648 3753 1727; baseline -0.006 -17"><span class='ocrx_word' id='word_1_423' title='bbox 2234 1658 2387 1727; x_wconf 90' lang='lat' dir='ltr'><strong>quasi</strong></span> <span class='ocrx_word' id='word_1_424' title='bbox 2424 1657 2713 1725; x_wconf 81' lang='lat' dir='ltr'><strong>imaginem</strong></span> <span class='ocrx_word' id='word_1_425' title='bbox 2744 1652 3020 1725; x_wconf 88' lang='lat' dir='ltr'><strong>cujusdam</strong></span> <span class='ocrx_word' id='word_1_426' title='bbox 3048 1650 3399 1707; x_wconf 88' lang='lat' dir='ltr'><strong>ventositatis</strong></span> <span class='ocrx_word' id='word_1_427' title='bbox 3429 1648 3753 1718; x_wconf 80' lang='lat' dir='ltr'><strong>inciperet?Et</strong></span> 
     </span>
    </p>
   </div>
   <div class='ocr_carea' id='block_1_60' title="bbox 2235 1748 3753 1820">
    <p class='ocr_par' dir='ltr' id='par_1_60' title="bbox 2235 1748 3753 1820">
     <span class='ocr_line' id='line_1_60' title="bbox 2235 1748 3753 1820; baseline -0.007 -15"><span class='ocrx_word' id='word_1_428' title='bbox 2235 1751 2279 1805; x_wconf 93' lang='lat' dir='ltr'><strong>si</strong></span> <span class='ocrx_word' id='word_1_429' title='bbox 2328 1765 2426 1820; x_wconf 92' lang='lat' dir='ltr'><strong>per</strong></span> <span class='ocrx_word' id='word_1_430' title='bbox 2460 1749 2710 1804; x_wconf 89' lang='lat' dir='ltr'><strong>eumdem</strong></span> <span class='ocrx_word' id='word_1_431' title='bbox 2761 1748 3048 1818; x_wconf 90' lang='lat' dir='ltr'><strong>Spiritum,</strong></span> <span class='ocrx_word' id='word_1_432' title='bbox 3079 1760 3147 1801; x_wconf 82' lang='lat' dir='ltr'><strong>ex</strong></span> <span class='ocrx_word' id='word_1_433' title='bbox 3188 1759 3297 1815; x_wconf 90' lang='lat' dir='ltr'><strong>quo</strong></span> <span class='ocrx_word' id='word_1_434' title='bbox 3335 1752 3642 1813; x_wconf 83' lang='lat' dir='ltr'><strong>conceperat,</strong></span> <span class='ocrx_word' id='word_1_435' title='bbox 3672 1757 3753 1795; x_wconf 89' lang='lat' dir='ltr'><strong>non</strong></span> 
     </span>
    </p>
   </div>
   <div class='ocr_carea' id='block_1_61' title="bbox 2234 1832 3753 1912">
    <p class='ocr_par' dir='ltr' id='par_1_61' title="bbox 2234 1832 3753 1912">
     <span class='ocr_line' id='line_1_61' title="bbox 2234 1832 3753 1912; baseline -0.008 -15"><span class='ocrx_word' id='word_1_436' title='bbox 2234 1856 2396 1897; x_wconf 90' lang='lat' dir='ltr'><strong>nosse</strong></span> <span class='ocrx_word' id='word_1_437' title='bbox 2421 1858 2527 1895; x_wconf 89' lang='lat' dir='ltr'><strong>non</strong></span> <span class='ocrx_word' id='word_1_438' title='bbox 2552 1848 2783 1912; x_wconf 86' lang='lat' dir='ltr'><strong>poterat,</strong></span> <span class='ocrx_word' id='word_1_439' title='bbox 2808 1841 2952 1910; x_wconf 90' lang='lat' dir='ltr'><strong>quod</strong></span> <span class='ocrx_word' id='word_1_440' title='bbox 2974 1840 3040 1903; x_wconf 89' lang='lat' dir='ltr'><strong>is,</strong></span> <span class='ocrx_word' id='word_1_441' title='bbox 3067 1852 3232 1908; x_wconf 90' lang='lat' dir='ltr'><strong>quem</strong></span> <span class='ocrx_word' id='word_1_442' title='bbox 3255 1844 3507 1908; x_wconf 83' lang='lat' dir='ltr'><strong>genuerat</strong></span> <span class='ocrx_word' id='word_1_443' title='bbox 3524 1850 3605 1903; x_wconf 87' lang='lat' dir='ltr'><strong>per</strong></span> <span class='ocrx_word' id='word_1_444' title='bbox 3618 1832 3753 1895; x_wconf 80' lang='lat' dir='ltr'><strong>ﬁdem,</strong></span> 
     </span>
    </p>
   </div>
   <div class='ocr_carea' id='block_1_62' title="bbox 2236 1924 3753 2002">
    <p class='ocr_par' dir='ltr' id='par_1_62' title="bbox 2236 1924 3753 2002">
     <span class='ocr_line' id='line_1_62' title="bbox 2236 1924 3753 2002; baseline -0.008 -15"><span class='ocrx_word' id='word_1_445' title='bbox 2236 1948 2347 1988; x_wconf 69' lang='lat' dir='ltr'><strong>sua:</strong></span> <span class='ocrx_word' id='word_1_446' title='bbox 2370 1931 2791 2002; x_wconf 89' lang='lat' dir='ltr'><strong>dispensationis</strong></span> <span class='ocrx_word' id='word_1_447' title='bbox 2817 1929 3078 1984; x_wconf 91' lang='lat' dir='ltr'><strong>mundum</strong></span> <span class='ocrx_word' id='word_1_448' title='bbox 3098 1941 3319 1982; x_wconf 90' lang='lat' dir='ltr'><strong>omnem</strong></span> <span class='ocrx_word' id='word_1_449' title='bbox 3345 1924 3636 1996; x_wconf 87' lang='lat' dir='ltr'><strong>impleturus</strong></span> <span class='ocrx_word' id='word_1_450' title='bbox 3654 1930 3753 1984; x_wconf 81' lang='lat' dir='ltr'><strong>erat,</strong></span> 
     </span>
    </p>
   </div>
   <div class='ocr_carea' id='block_1_63' title="bbox 2236 2017 3757 2096">
    <p class='ocr_par' dir='ltr' id='par_1_63' title="bbox 2236 2017 3757 2096">
     <span class='ocr_line' id='line_1_63' title="bbox 2236 2017 3757 2096; baseline -0.009 -15"><span class='ocrx_word' id='word_1_451' title='bbox 2236 2027 2364 2096; x_wconf 91' lang='lat' dir='ltr'><strong>quid</strong></span> <span class='ocrx_word' id='word_1_452' title='bbox 2408 2026 2692 2088; x_wconf 90' lang='lat' dir='ltr'><strong>dentulus,</strong></span> <span class='ocrx_word' id='word_1_453' title='bbox 2744 2022 2872 2093; x_wconf 88' lang='lat' dir='ltr'><strong>quid</strong></span> <span class='ocrx_word' id='word_1_454' title='bbox 2920 2021 3215 2076; x_wconf 89' lang='lat' dir='ltr'><strong>umbilicus</strong></span> <span class='ocrx_word' id='word_1_455' title='bbox 3267 2018 3375 2083; x_wconf 91' lang='lat' dir='ltr'><strong>ille,</strong></span> <span class='ocrx_word' id='word_1_456' title='bbox 3420 2017 3540 2089; x_wconf 87' lang='lat' dir='ltr'><strong>quid</strong></span> <span class='ocrx_word' id='word_1_457' title='bbox 3583 2017 3757 2086; x_wconf 78' lang='lat' dir='ltr'><strong>denique</strong></span> 
     </span>
    </p>
   </div>
   <div class='ocr_carea' id='block_1_64' title="bbox 2236 2108 3757 2185">
    <p class='ocr_par' dir='ltr' id='par_1_64' title="bbox 2236 2108 3757 2185">
     <span class='ocr_line' id='line_1_64' title="bbox 2236 2108 3757 2185; baseline -0.009 -9"><span class='ocrx_word' id='word_1_458' title='bbox 2236 2131 2433 2176; x_wconf 57' lang='lat' dir='ltr'><strong>caetera</strong></span> <span class='ocrx_word' id='word_1_459' title='bbox 2482 2116 2740 2173; x_wconf 90' lang='lat' dir='ltr'><strong>custodiri</strong></span> <span class='ocrx_word' id='word_1_460' title='bbox 2778 2117 3117 2181; x_wconf 89' lang='lat' dir='ltr'><strong>debuerant,</strong></span> <span class='ocrx_word' id='word_1_461' title='bbox 3149 2129 3272 2185; x_wconf 68' lang='lat' dir='ltr'><strong>quae</strong></span> <span class='ocrx_word' id='word_1_462' title='bbox 3306 2114 3358 2168; x_wconf 91' lang='lat' dir='ltr'><strong>in</strong></span> <span class='ocrx_word' id='word_1_463' title='bbox 3401 2120 3541 2166; x_wconf 88' lang='lat' dir='ltr'><strong>tanta</strong></span> <span class='ocrx_word' id='word_1_464' title='bbox 3575 2108 3673 2165; x_wconf 88' lang='lat' dir='ltr'><strong>Filii</strong></span> <span class='ocrx_word' id='word_1_465' title='bbox 3700 2109 3757 2164; x_wconf 87' lang='lat' dir='ltr'><strong>sui</strong></span> 
     </span>
    </p>
   </div>
   <div class='ocr_carea' id='block_1_65' title="bbox 2239 2203 3758 2280">
    <p class='ocr_par' dir='ltr' id='par_1_65' title="bbox 2239 2203 3758 2280">
     <span class='ocr_line' id='line_1_65' title="bbox 2239 2203 3758 2280; baseline -0.012 -10"><span class='ocrx_word' id='word_1_466' title='bbox 2239 2214 2489 2270; x_wconf 89' lang='lat' dir='ltr'><strong>claritate</strong></span> <span class='ocrx_word' id='word_1_467' title='bbox 2515 2225 2624 2266; x_wconf 92' lang='lat' dir='ltr'><strong>non</strong></span> <span class='ocrx_word' id='word_1_468' title='bbox 2654 2208 2886 2280; x_wconf 90' lang='lat' dir='ltr'><strong>amplius</strong></span> <span class='ocrx_word' id='word_1_469' title='bbox 2905 2249 2919 2274; x_wconf 92' lang='lat'><strong>,</strong></span> <span class='ocrx_word' id='word_1_470' title='bbox 2953 2207 2998 2263; x_wconf 92' lang='lat' dir='ltr'><strong>si</strong></span> <span class='ocrx_word' id='word_1_471' title='bbox 3033 2221 3099 2261; x_wconf 82' lang='lat' dir='ltr'><strong>ex</strong></span> <span class='ocrx_word' id='word_1_472' title='bbox 3130 2206 3318 2276; x_wconf 88' lang='lat' dir='ltr'><strong>aliqua</strong></span> <span class='ocrx_word' id='word_1_473' title='bbox 3348 2203 3508 2259; x_wconf 90' lang='lat' dir='ltr'><strong>veteri</strong></span> <span class='ocrx_word' id='word_1_474' title='bbox 3529 2208 3758 2257; x_wconf 85' lang='lat' dir='ltr'><strong>consuetu-</strong></span> 
     </span>
    </p>
   </div>
   <div class='ocr_carea' id='block_1_66' title="bbox 2238 2288 3759 2375">
    <p class='ocr_par' dir='ltr' id='par_1_66' title="bbox 2238 2288 3759 2375">
     <span class='ocr_line' id='line_1_66' title="bbox 2238 2288 3759 2375; baseline -0.009 -14"><span class='ocrx_word' id='word_1_475' title='bbox 2238 2306 2366 2361; x_wconf 89' lang='lat' dir='ltr'><strong>dine</strong></span> <span class='ocrx_word' id='word_1_476' title='bbox 2405 2303 2614 2359; x_wconf 91' lang='lat' dir='ltr'><strong>servari</strong></span> <span class='ocrx_word' id='word_1_477' title='bbox 2646 2308 2885 2375; x_wconf 91' lang='lat' dir='ltr'><strong>possent,</strong></span> <span class='ocrx_word' id='word_1_478' title='bbox 2917 2300 3155 2353; x_wconf 89' lang='lat' dir='ltr'><strong>valitura</strong></span> <span class='ocrx_word' id='word_1_479' title='bbox 3194 2296 3441 2369; x_wconf 91' lang='lat' dir='ltr'><strong>putabat,</strong></span> <span class='ocrx_word' id='word_1_480' title='bbox 3468 2310 3611 2365; x_wconf 88' lang='lat' dir='ltr'><strong>quam</strong></span> <span class='ocrx_word' id='word_1_481' title='bbox 3638 2288 3759 2347; x_wconf 85' lang='lat' dir='ltr'><strong>meri-</strong></span> 
     </span>
    </p>
   </div>
   <div class='ocr_carea' id='block_1_67' title="bbox 2239 2391 3142 2454">
    <p class='ocr_par' dir='ltr' id='par_1_67' title="bbox 2239 2391 3142 2454">
     <span class='ocr_line' id='line_1_67' title="bbox 2239 2391 3142 2454; baseline -0.008 -2"><span class='ocrx_word' id='word_1_482' title='bbox 2239 2398 2402 2454; x_wconf 89' lang='lat' dir='ltr'><strong>diano</strong></span> <span class='ocrx_word' id='word_1_483' title='bbox 2430 2396 2575 2452; x_wconf 88' lang='lat' dir='ltr'><strong>valet</strong></span> <span class='ocrx_word' id='word_1_484' title='bbox 2605 2395 2825 2450; x_wconf 90' lang='lat' dir='ltr'><strong>lucerna</strong></span> <span class='ocrx_word' id='word_1_485' title='bbox 2856 2391 2957 2449; x_wconf 89' lang='lat' dir='ltr'><strong>sub</strong></span> <span class='ocrx_word' id='word_1_486' title='bbox 2981 2391 3095 2448; x_wconf 92' lang='lat' dir='ltr'><strong>sole</strong></span> <span class='ocrx_word' id='word_1_487' title='bbox 3116 2393 3142 2445; x_wconf 65' lang='grc' dir='ltr'><strong>ἲ</strong></span> 
     </span>
    </p>
   </div>
   <div class='ocr_carea' id='block_1_68' title="bbox 2313 2482 3759 2562">
    <p class='ocr_par' dir='ltr' id='par_1_68' title="bbox 2313 2482 3759 2562">
     <span class='ocr_line' id='line_1_68' title="bbox 2313 2482 3759 2562; baseline -0.011 -14"><span class='ocrx_word' id='word_1_488' title='bbox 2313 2492 2475 2548; x_wconf 90' lang='lat' dir='ltr'><strong>Certo</strong></span> <span class='ocrx_word' id='word_1_489' title='bbox 2516 2491 2703 2562; x_wconf 87' lang='lat' dir='ltr'><strong>itaque</strong></span> <span class='ocrx_word' id='word_1_490' title='bbox 2746 2489 2948 2545; x_wconf 90' lang='lat' dir='ltr'><strong>certius</strong></span> <span class='ocrx_word' id='word_1_491' title='bbox 2977 2488 3303 2546; x_wconf 62' lang='lat' dir='ltr'><strong>saeculorum</strong></span> <span class='ocrx_word' id='word_1_492' title='bbox 3340 2482 3603 2540; x_wconf 89' lang='lat' dir='ltr'><strong>Dominam</strong></span> <span class='ocrx_word' id='word_1_493' title='bbox 3640 2492 3759 2534; x_wconf 77' lang='lat' dir='ltr'><strong>nore-</strong></span> 
     </span>
    </p>
   </div>
   <div class='ocr_carea' id='block_1_69' title="bbox 2242 2569 3762 2653">
    <p class='ocr_par' dir='ltr' id='par_1_69' title="bbox 2242 2569 3762 2653">
     <span class='ocr_line' id='line_1_69' title="bbox 2242 2569 3762 2653; baseline -0.013 -12"><span class='ocrx_word' id='word_1_494' title='bbox 2242 2585 2413 2642; x_wconf 88' lang='lat' dir='ltr'><strong>rimus</strong></span> <span class='ocrx_word' id='word_1_495' title='bbox 2444 2599 2720 2653; x_wconf 88' lang='lat' dir='ltr'><strong>nunquam</strong></span> <span class='ocrx_word' id='word_1_496' title='bbox 2754 2585 2945 2639; x_wconf 75' lang='lat' dir='ltr'><strong>nzeniis</strong></span> <span class='ocrx_word' id='word_1_497' title='bbox 2976 2583 3179 2638; x_wconf 89' lang='lat' dir='ltr'><strong>talibus</strong></span> <span class='ocrx_word' id='word_1_498' title='bbox 3212 2577 3446 2635; x_wconf 90' lang='lat' dir='ltr'><strong>studium</strong></span> <span class='ocrx_word' id='word_1_499' title='bbox 3476 2569 3762 2644; x_wconf 85' lang='lat' dir='ltr'><strong>impendisse.</strong></span> 
     </span>
    </p>
   </div>
   <div class='ocr_carea' id='block_1_70' title="bbox 2241 2663 3762 2745">
    <p class='ocr_par' dir='ltr' id='par_1_70' title="bbox 2241 2663 3762 2745">
     <span class='ocr_line' id='line_1_70' title="bbox 2241 2663 3762 2745; baseline -0.011 -14"><span class='ocrx_word' id='word_1_500' title='bbox 2241 2676 2441 2731; x_wconf 66' lang='lat' dir='ltr'><strong>Naeuite</strong></span> <span class='ocrx_word' id='word_1_501' title='bbox 2468 2675 2627 2744; x_wconf 88' lang='lat' dir='ltr'><strong>plane</strong></span> <span class='ocrx_word' id='word_1_502' title='bbox 2654 2685 2857 2740; x_wconf 90' lang='lat' dir='ltr'><strong>essent,</strong></span> <span class='ocrx_word' id='word_1_503' title='bbox 2890 2676 2935 2730; x_wconf 91' lang='lat' dir='ltr'><strong>si</strong></span> <span class='ocrx_word' id='word_1_504' title='bbox 2967 2675 3036 2740; x_wconf 88' lang='lat' dir='ltr'><strong>is,</strong></span> <span class='ocrx_word' id='word_1_505' title='bbox 3064 2674 3158 2745; x_wconf 89' lang='lat' dir='ltr'><strong>qui</strong></span> <span class='ocrx_word' id='word_1_506' title='bbox 3192 2688 3251 2728; x_wconf 88' lang='lat' dir='ltr'><strong>se</strong></span> <span class='ocrx_word' id='word_1_507' title='bbox 3276 2671 3441 2725; x_wconf 90' lang='lat' dir='ltr'><strong>Deum</strong></span> <span class='ocrx_word' id='word_1_508' title='bbox 3476 2674 3526 2721; x_wconf 90' lang='lat' dir='ltr'><strong>et</strong></span> <span class='ocrx_word' id='word_1_509' title='bbox 3550 2663 3762 2720; x_wconf 90' lang='lat' dir='ltr'><strong>hominem</strong></span> 
     </span>
    </p>
   </div>
   <div class='ocr_carea' id='block_1_71' title="bbox 2243 2751 3766 2836">
    <p class='ocr_par' dir='ltr' id='par_1_71' title="bbox 2243 2751 3766 2836">
     <span class='ocr_line' id='line_1_71' title="bbox 2243 2751 3766 2836; baseline -0.016 -11"><span class='ocrx_word' id='word_1_510' title='bbox 2243 2768 2441 2825; x_wconf 64' lang='lat' dir='ltr'><strong>saeculo</strong></span> <span class='ocrx_word' id='word_1_511' title='bbox 2483 2766 2652 2836; x_wconf 88' lang='lat' dir='ltr'><strong>plenis</strong></span> <span class='ocrx_word' id='word_1_512' title='bbox 2704 2762 2807 2818; x_wconf 87' lang='lat' dir='ltr'><strong>ﬁde</strong></span> <span class='ocrx_word' id='word_1_513' title='bbox 2849 2764 3111 2836; x_wconf 85' lang='lat' dir='ltr'><strong>prodigiis</strong></span> <span class='ocrx_word' id='word_1_514' title='bbox 3152 2760 3487 2833; x_wconf 88' lang='lat' dir='ltr'><strong>publicaret,</strong></span> <span class='ocrx_word' id='word_1_515' title='bbox 3535 2751 3766 2824; x_wconf 85' lang='lat' dir='ltr'><strong>segmentis</strong></span> 
     </span>
    </p>
   </div>
   <div class='ocr_carea' id='block_1_72' title="bbox 2244 2841 3766 2930">
    <p class='ocr_par' dir='ltr' id='par_1_72' title="bbox 2244 2841 3766 2930">
     <span class='ocr_line' id='line_1_72' title="bbox 2244 2841 3766 2930; baseline -0.014 -15"><span class='ocrx_word' id='word_1_516' title='bbox 2244 2868 2409 2930; x_wconf 89' lang='lat' dir='ltr'><strong>atque</strong></span> <span class='ocrx_word' id='word_1_517' title='bbox 2442 2860 2688 2914; x_wconf 90' lang='lat' dir='ltr'><strong>minutiis</strong></span> <span class='ocrx_word' id='word_1_518' title='bbox 2724 2855 3033 2928; x_wconf 88' lang='lat' dir='ltr'><strong>lmjusmodi</strong></span> <span class='ocrx_word' id='word_1_519' title='bbox 3076 2854 3143 2909; x_wconf 90' lang='lat' dir='ltr'><strong>ad</strong></span> <span class='ocrx_word' id='word_1_520' title='bbox 3178 2853 3311 2909; x_wconf 87' lang='lat' dir='ltr'><strong>nihil</strong></span> <span class='ocrx_word' id='word_1_521' title='bbox 3355 2846 3563 2907; x_wconf 89' lang='lat' dir='ltr'><strong>omnino</strong></span> <span class='ocrx_word' id='word_1_522' title='bbox 3601 2841 3766 2898; x_wconf 87' lang='lat' dir='ltr'><strong>utilibus</strong></span> 
     </span>
    </p>
   </div>
   <div class='ocr_carea' id='block_1_73' title="bbox 2246 2932 3768 3022">
    <p class='ocr_par' dir='ltr' id='par_1_73' title="bbox 2246 2932 3768 3022">
     <span class='ocr_line' id='line_1_73' title="bbox 2246 2932 3768 3022; baseline -0.012 -14"><span class='ocrx_word' id='word_1_523' title='bbox 2246 2952 2509 3008; x_wconf 85' lang='lat' dir='ltr'><strong>celebrari</strong></span> <span class='ocrx_word' id='word_1_524' title='bbox 2561 2958 2860 3022; x_wconf 91' lang='lat' dir='ltr'><strong>appeteret.</strong></span> <span class='ocrx_word' id='word_1_525' title='bbox 2913 2946 3066 3015; x_wconf 87' lang='lat' dir='ltr'><strong>Quod</strong></span> <span class='ocrx_word' id='word_1_526' title='bbox 3098 2948 3145 3002; x_wconf 87' lang='lat' dir='ltr'><strong>si</strong></span> <span class='ocrx_word' id='word_1_527' title='bbox 3194 2947 3310 3016; x_wconf 89' lang='lat' dir='ltr'><strong>ipsa</strong></span> <span class='ocrx_word' id='word_1_528' title='bbox 3359 2958 3461 2997; x_wconf 92' lang='lat' dir='ltr'><strong>non</strong></span> <span class='ocrx_word' id='word_1_529' title='bbox 3507 2938 3643 2999; x_wconf 84' lang='lat' dir='ltr'><strong>fecit,</strong></span> <span class='ocrx_word' id='word_1_530' title='bbox 3680 2932 3768 3003; x_wconf 85' lang='lat' dir='ltr'><strong>quis</strong></span> 
     </span>
    </p>
   </div>
   <div class='ocr_carea' id='block_1_74' title="bbox 2251 3022 3769 3117">
    <p class='ocr_par' dir='ltr' id='par_1_74' title="bbox 2251 3022 3769 3117">
     <span class='ocr_line' id='line_1_74' title="bbox 2251 3022 3769 3117; baseline -0.012 -18"><span class='ocrx_word' id='word_1_531' title='bbox 2251 3060 2381 3117; x_wconf 88' lang='lat' dir='ltr'><strong>ergo</strong></span> <span class='ocrx_word' id='word_1_532' title='bbox 2421 3043 2614 3098; x_wconf 75' lang='lat' dir='ltr'><strong>fecisse</strong></span> <span class='ocrx_word' id='word_1_533' title='bbox 2658 3042 2918 3114; x_wconf 90' lang='lat' dir='ltr'><strong>potuerit,</strong></span> <span class='ocrx_word' id='word_1_534' title='bbox 2961 3056 3085 3096; x_wconf 92' lang='lat' dir='ltr'><strong>cum</strong></span> <span class='ocrx_word' id='word_1_535' title='bbox 3126 3039 3181 3094; x_wconf 90' lang='lat' dir='ltr'><strong>id</strong></span> <span class='ocrx_word' id='word_1_536' title='bbox 3228 3034 3480 3107; x_wconf 90' lang='lat' dir='ltr'><strong>temporis</strong></span> <span class='ocrx_word' id='word_1_537' title='bbox 3507 3028 3677 3092; x_wconf 89' lang='lat' dir='ltr'><strong>nullus,</strong></span> <span class='ocrx_word' id='word_1_538' title='bbox 3704 3022 3769 3092; x_wconf 82' lang='lat' dir='ltr'><strong>qui</strong></span> 
     </span>
    </p>
   </div>
   <div class='ocr_carea' id='block_1_75' title="bbox 2243 3124 3770 3208">
    <p class='ocr_par' dir='ltr' id='par_1_75' title="bbox 2243 3124 3770 3208">
     <span class='ocr_line' id='line_1_75' title="bbox 2243 3124 3770 3208; baseline -0.018 -14"><span class='ocrx_word' id='word_1_539' title='bbox 2243 3138 2349 3194; x_wconf 81' lang='lat' dir='ltr'><strong>hoc</strong></span> <span class='ocrx_word' id='word_1_540' title='bbox 2368 3136 2788 3208; x_wconf 87' lang='lat' dir='ltr'><strong>appretiaretur,</strong></span> <span class='ocrx_word' id='word_1_541' title='bbox 2807 3132 3003 3190; x_wconf 91' lang='lat' dir='ltr'><strong>nedum</strong></span> <span class='ocrx_word' id='word_1_542' title='bbox 3022 3131 3206 3203; x_wconf 90' lang='lat' dir='ltr'><strong>aliqua</strong></span> <span class='ocrx_word' id='word_1_543' title='bbox 3230 3125 3559 3187; x_wconf 90' lang='lat' dir='ltr'><strong>charitudinc</strong></span> <span class='ocrx_word' id='word_1_544' title='bbox 3574 3124 3770 3191; x_wconf 83' lang='lat' dir='ltr'><strong>appeclo-</strong></span> 
     </span>
    </p>
   </div>
   <div class='ocr_carea' id='block_1_76' title="bbox 2247 3228 2781 3299">
    <p class='ocr_par' dir='ltr' id='par_1_76' title="bbox 2247 3228 2781 3299">
     <span class='ocr_line' id='line_1_76' title="bbox 2247 3228 2781 3299; baseline -0.007 -11"><span class='ocrx_word' id='word_1_545' title='bbox 2247 3240 2395 3288; x_wconf 89' lang='lat' dir='ltr'><strong>raret</strong></span> <span class='ocrx_word' id='word_1_546' title='bbox 2412 3273 2426 3299; x_wconf 90' lang='lat'><strong>,</strong></span> <span class='ocrx_word' id='word_1_547' title='bbox 2460 3229 2731 3286; x_wconf 85' lang='lat' dir='ltr'><strong>exstiterit</strong></span> <span class='ocrx_word' id='word_1_548' title='bbox 2758 3228 2781 3283; x_wconf 90' lang='lat'><strong>?</strong></span> 
     </span>
    </p>
   </div>
   <div class='ocr_carea' id='block_1_77' title="bbox 2868 3318 3223 3377">
    <p class='ocr_par' dir='ltr' id='par_1_77' title="bbox 2868 3318 3223 3377">
     <span class='ocr_line' id='line_1_77' title="bbox 2868 3318 3223 3377; baseline -0.011 0"><span class='ocrx_word' id='word_1_549' title='bbox 2868 3318 3095 3377; x_wconf 85' lang='lat' dir='ltr'><strong>CAPUT</strong></span> <span class='ocrx_word' id='word_1_550' title='bbox 3135 3319 3223 3374; x_wconf 79' lang='lat' dir='ltr'><strong>IV.</strong></span> 
     </span>
    </p>
   </div>
   <div class='ocr_carea' id='block_1_78' title="bbox 2322 3396 3773 3495">
    <p class='ocr_par' dir='ltr' id='par_1_78' title="bbox 2322 3396 3773 3495">
     <span class='ocr_line' id='line_1_78' title="bbox 2322 3396 3773 3495; baseline -0.022 -21"><span class='ocrx_word' id='word_1_551' title='bbox 2322 3418 2349 3491; x_wconf 81' lang='lat'>§</span> <span class='ocrx_word' id='word_1_552' title='bbox 2389 3416 2431 3472; x_wconf 90' lang='grc'><strong>1.</strong></span> <span class='ocrx_word' id='word_1_553' title='bbox 2471 3414 2767 3487; x_wconf 81' lang='lat' dir='ltr'><strong>Respondet</strong></span> <span class='ocrx_word' id='word_1_554' title='bbox 2791 3412 3071 3485; x_wconf 84' lang='lat' dir='ltr'><strong>objectioni</strong></span> <span class='ocrx_word' id='word_1_555' title='bbox 3102 3410 3158 3465; x_wconf 67' lang='grc' dir='ltr'><strong>Δ.</strong></span> <span class='ocrx_word' id='word_1_556' title='bbox 3185 3408 3396 3479; x_wconf 86' lang='lat' dir='ltr'><strong>Integre</strong></span> <span class='ocrx_word' id='word_1_557' title='bbox 3428 3396 3604 3457; x_wconf 72' lang='lat' dir='ltr'><strong>Christi</strong></span> <span class='ocrx_word' id='word_1_558' title='bbox 3630 3405 3773 3495; x_wconf 72' lang='lat' dir='ltr'><strong>corpus</strong></span> 
     </span>
    </p>
   </div>
   <div class='ocr_carea' id='block_1_79' title="bbox 2248 3484 3775 3586">
    <p class='ocr_par' dir='ltr' id='par_1_79' title="bbox 2248 3484 3775 3586">
     <span class='ocr_line' id='line_1_79' title="bbox 2248 3484 3775 3586; baseline -0.018 -21"><span class='ocrx_word' id='word_1_559' title='bbox 2248 3514 2303 3565; x_wconf 83' lang='lat' dir='ltr'><strong>in</strong></span> <span class='ocrx_word' id='word_1_560' title='bbox 2358 3511 2736 3565; x_wconf 83' lang='lat' dir='ltr'><strong>resurrectione</strong></span> <span class='ocrx_word' id='word_1_561' title='bbox 2778 3506 2876 3577; x_wconf 82' lang='lat' dir='ltr'><strong>fuit</strong></span> <span class='ocrx_word' id='word_1_562' title='bbox 2928 3504 3325 3577; x_wconf 81' lang='lat' dir='ltr'><strong>gloriﬁcatum,</strong></span> <span class='ocrx_word' id='word_1_563' title='bbox 3370 3499 3480 3553; x_wconf 85' lang='lat' dir='ltr'><strong>licet</strong></span> <span class='ocrx_word' id='word_1_564' title='bbox 3526 3508 3615 3548; x_wconf 86' lang='lat' dir='ltr'><strong>non</strong></span> <span class='ocrx_word' id='word_1_565' title='bbox 3659 3484 3775 3586; x_wconf 73' lang='lat' dir='ltr'><strong>aliter</strong></span> 
     </span>
    </p>
   </div>
   <div class='ocr_carea' id='block_1_80' title="bbox 2250 3586 3771 3677">
    <p class='ocr_par' dir='ltr' id='par_1_80' title="bbox 2250 3586 3771 3677">
     <span class='ocr_line' id='line_1_80' title="bbox 2250 3586 3771 3677; baseline -0.016 -21"><span class='ocrx_word' id='word_1_566' title='bbox 2250 3619 2408 3673; x_wconf 84' lang='lat' dir='ltr'><strong>quam</strong></span> <span class='ocrx_word' id='word_1_567' title='bbox 2451 3612 2605 3655; x_wconf 86' lang='lat' dir='ltr'><strong>antea</strong></span> <span class='ocrx_word' id='word_1_568' title='bbox 2636 3610 2930 3669; x_wconf 77' lang='lat' dir='ltr'><strong>appareret.</strong></span> <span class='ocrx_word' id='word_1_569' title='bbox 2961 3628 3029 3637; x_wconf 91' lang='lat'><strong><em>—</em></strong></span> <span class='ocrx_word' id='word_1_570' title='bbox 3059 3594 3165 3650; x_wconf 88' lang='lat' dir='ltr'><strong>Sed</strong></span> <span class='ocrx_word' id='word_1_571' title='bbox 3204 3595 3272 3650; x_wconf 91' lang='lat' dir='ltr'><strong>iis</strong></span> <span class='ocrx_word' id='word_1_572' title='bbox 3315 3586 3771 3677; x_wconf 48' lang='lat' dir='ltr'><strong>paulisperamons.</strong></span> 
     </span>
    </p>
   </div>
   <div class='ocr_carea' id='block_1_81' title="bbox 2252 3672 3773 3767">
    <p class='ocr_par' dir='ltr' id='par_1_81' title="bbox 2252 3672 3773 3767">
     <span class='ocr_line' id='line_1_81' title="bbox 2252 3672 3773 3767; baseline -0.016 -19"><span class='ocrx_word' id='word_1_573' title='bbox 2252 3672 2319 3747; x_wconf 81' lang='lat' dir='ltr'><strong>ad</strong></span> <span class='ocrx_word' id='word_1_574' title='bbox 2357 3690 2697 3763; x_wconf 90' lang='lat' dir='ltr'><strong>propositum</strong></span> <span class='ocrx_word' id='word_1_575' title='bbox 2745 3690 3052 3743; x_wconf 86' lang='lat' dir='ltr'><strong>redeamus.</strong></span> <span class='ocrx_word' id='word_1_576' title='bbox 3097 3686 3154 3741; x_wconf 91' lang='lat' dir='ltr'><strong>Si</strong></span> <span class='ocrx_word' id='word_1_577' title='bbox 3196 3700 3328 3755; x_wconf 87' lang='lat' dir='ltr'><strong>ergo</strong></span> <span class='ocrx_word' id='word_1_578' title='bbox 3363 3693 3546 3749; x_wconf 91' lang='lat' dir='ltr'><strong>corpus</strong></span> <span class='ocrx_word' id='word_1_579' title='bbox 3582 3672 3773 3767; x_wconf 60' lang='lat' dir='ltr'><strong>Domini—</strong></span> 
     </span>
    </p>
   </div>
   <div class='ocr_carea' id='block_1_82' title="bbox 2252 3767 3775 3852">
    <p class='ocr_par' dir='ltr' id='par_1_82' title="bbox 2252 3767 3775 3852">
     <span class='ocr_line' id='line_1_82' title="bbox 2252 3767 3775 3852; baseline -0.022 -13"><span class='ocrx_word' id='word_1_580' title='bbox 2252 3800 2375 3839; x_wconf 91' lang='lat' dir='ltr'><strong>cum</strong></span> <span class='ocrx_word' id='word_1_581' title='bbox 2405 3790 2528 3852; x_wconf 90' lang='lat' dir='ltr'><strong>post</strong></span> <span class='ocrx_word' id='word_1_582' title='bbox 2555 3779 3011 3836; x_wconf 87' lang='lat' dir='ltr'><strong>resurrectionem</strong></span> <span class='ocrx_word' id='word_1_583' title='bbox 3046 3776 3230 3831; x_wconf 90' lang='lat' dir='ltr'><strong>dicitis</strong></span> <span class='ocrx_word' id='word_1_584' title='bbox 3258 3771 3479 3829; x_wconf 90' lang='lat' dir='ltr'><strong>necdum</strong></span> <span class='ocrx_word' id='word_1_585' title='bbox 3507 3767 3686 3830; x_wconf 86' lang='lat' dir='ltr'><strong>integre</strong></span> <span class='ocrx_word' id='word_1_586' title='bbox 3707 3770 3775 3809; x_wconf 90' lang='lat' dir='ltr'><strong>nn-</strong></span> 
     </span>
    </p>
   </div>
   <div class='ocr_carea' id='block_1_83' title="bbox 2254 3853 3774 3939">
    <p class='ocr_par' dir='ltr' id='par_1_83' title="bbox 2254 3853 3774 3939">
     <span class='ocr_line' id='line_1_83' title="bbox 2254 3853 3774 3939; baseline -0.016 -11"><span class='ocrx_word' id='word_1_587' title='bbox 2254 3881 2522 3928; x_wconf 89' lang='lat' dir='ltr'><strong>mutatum</strong></span> <span class='ocrx_word' id='word_1_588' title='bbox 2550 3913 2565 3938; x_wconf 97' lang='lat'><strong>,</strong></span> <span class='ocrx_word' id='word_1_589' title='bbox 2617 3871 2845 3925; x_wconf 89' lang='lat' dir='ltr'><strong>necdum</strong></span> <span class='ocrx_word' id='word_1_590' title='bbox 2896 3867 3051 3939; x_wconf 85' lang='lat' dir='ltr'><strong>plene</strong></span> <span class='ocrx_word' id='word_1_591' title='bbox 3100 3864 3494 3923; x_wconf 84' lang='lat' dir='ltr'><strong>clariﬁcatum,</strong></span> <span class='ocrx_word' id='word_1_592' title='bbox 3541 3853 3650 3925; x_wconf 87' lang='lat' dir='ltr'><strong>quia</strong></span> <span class='ocrx_word' id='word_1_593' title='bbox 3694 3857 3774 3899; x_wconf 78' lang='lat' dir='ltr'><strong>non</strong></span> 
     </span>
    </p>
   </div>
   <div class='ocr_carea' id='block_1_84' title="bbox 2252 3942 3772 4025">
    <p class='ocr_par' dir='ltr' id='par_1_84' title="bbox 2252 3942 3772 4025">
     <span class='ocr_line' id='line_1_84' title="bbox 2252 3942 3772 4025; baseline -0.02 -2"><span class='ocrx_word' id='word_1_594' title='bbox 2252 3966 2543 4023; x_wconf 79' lang='lat' dir='ltr'><strong>obduxerit</strong></span> <span class='ocrx_word' id='word_1_595' title='bbox 2578 3964 2847 4019; x_wconf 80' lang='lat' dir='ltr'><strong>foramina</strong></span> <span class='ocrx_word' id='word_1_596' title='bbox 2891 3960 3241 4025; x_wconf 90' lang='lat' dir='ltr'><strong>cicatricum,</strong></span> <span class='ocrx_word' id='word_1_597' title='bbox 3279 3950 3576 4013; x_wconf 89' lang='lat' dir='ltr'><strong>ostenditis,</strong></span> <span class='ocrx_word' id='word_1_598' title='bbox 3611 3942 3772 3997; x_wconf 77' lang='lat' dir='ltr'><strong>fateor.</strong></span> 
     </span>
    </p>
   </div>
   <div class='ocr_carea' id='block_1_85' title="bbox 2254 4039 3775 4127">
    <p class='ocr_par' dir='ltr' id='par_1_85' title="bbox 2254 4039 3775 4127">
     <span class='ocr_line' id='line_1_85' title="bbox 2254 4039 3775 4127; baseline -0.022 -13"><span class='ocrx_word' id='word_1_599' title='bbox 2254 4058 2308 4113; x_wconf 91' lang='lat' dir='ltr'><strong>in</strong></span> <span class='ocrx_word' id='word_1_600' title='bbox 2346 4059 2449 4113; x_wconf 92' lang='lat' dir='ltr'><strong>hoc</strong></span> <span class='ocrx_word' id='word_1_601' title='bbox 2494 4057 2612 4127; x_wconf 91' lang='lat' dir='ltr'><strong>ipso</strong></span> <span class='ocrx_word' id='word_1_602' title='bbox 2656 4054 3038 4110; x_wconf 89' lang='lat' dir='ltr'><strong>hebetudinem</strong></span> <span class='ocrx_word' id='word_1_603' title='bbox 3079 4051 3302 4107; x_wconf 89' lang='lat' dir='ltr'><strong>indubie</strong></span> <span class='ocrx_word' id='word_1_604' title='bbox 3339 4055 3579 4103; x_wconf 89' lang='lat' dir='ltr'><strong>sensuum</strong></span> <span class='ocrx_word' id='word_1_605' title='bbox 3611 4039 3775 4089; x_wconf 83' lang='lat' dir='ltr'><strong>vestro-</strong></span> 
     </span>
    </p>
   </div>
   <div class='ocr_carea' id='block_1_86' title="bbox 2254 4128 3774 4222">
    <p class='ocr_par' dir='ltr' id='par_1_86' title="bbox 2254 4128 3774 4222">
     <span class='ocr_line' id='line_1_86' title="bbox 2254 4128 3774 4222; baseline -0.022 -15"><span class='ocrx_word' id='word_1_606' title='bbox 2254 4168 2398 4207; x_wconf 91' lang='lat' dir='ltr'><strong>rum.</strong></span> <span class='ocrx_word' id='word_1_607' title='bbox 2431 4151 2487 4207; x_wconf 92' lang='lat' dir='ltr'><strong>Si</strong></span> <span class='ocrx_word' id='word_1_608' title='bbox 2518 4151 2681 4222; x_wconf 84' lang='lat' dir='ltr'><strong>igitur</strong></span> <span class='ocrx_word' id='word_1_609' title='bbox 2720 4148 3054 4205; x_wconf 86' lang='lat' dir='ltr'><strong>clarilicatus</strong></span> <span class='ocrx_word' id='word_1_610' title='bbox 3086 4146 3298 4218; x_wconf 81' lang='lat' dir='ltr'><strong>integre</strong></span> <span class='ocrx_word' id='word_1_611' title='bbox 3321 4157 3424 4198; x_wconf 87' lang='lat' dir='ltr'><strong>non</strong></span> <span class='ocrx_word' id='word_1_612' title='bbox 3452 4145 3549 4198; x_wconf 87' lang='lat' dir='ltr'><strong>est,</strong></span> <span class='ocrx_word' id='word_1_613' title='bbox 3586 4128 3689 4201; x_wconf 87' lang='lat' dir='ltr'><strong>quia</strong></span> <span class='ocrx_word' id='word_1_614' title='bbox 3707 4132 3774 4222; x_wconf 63' lang='lat' dir='ltr'><strong>eas</strong></span> 
     </span>
    </p>
   </div>
   <div class='ocr_carea' id='block_1_87' title="bbox 2256 4209 3772 4314">
    <p class='ocr_par' dir='ltr' id='par_1_87' title="bbox 2256 4209 3772 4314">
     <span class='ocr_line' id='line_1_87' title="bbox 2256 4209 3772 4314; baseline -0.018 -13"><span class='ocrx_word' id='word_1_615' title='bbox 2256 4262 2364 4302; x_wconf 90' lang='lat' dir='ltr'><strong>non</strong></span> <span class='ocrx_word' id='word_1_616' title='bbox 2416 4244 2662 4309; x_wconf 80' lang='lat' dir='ltr'><strong>obduxit,</strong></span> <span class='ocrx_word' id='word_1_617' title='bbox 2708 4258 2838 4314; x_wconf 89' lang='lat' dir='ltr'><strong>ergo</strong></span> <span class='ocrx_word' id='word_1_618' title='bbox 2891 4256 2999 4296; x_wconf 94' lang='lat' dir='ltr'><strong>non</strong></span> <span class='ocrx_word' id='word_1_619' title='bbox 3048 4239 3225 4294; x_wconf 88' lang='lat' dir='ltr'><strong>dicam</strong></span> <span class='ocrx_word' id='word_1_620' title='bbox 3276 4238 3500 4305; x_wconf 88' lang='lat' dir='ltr'><strong>integre,</strong></span> <span class='ocrx_word' id='word_1_621' title='bbox 3534 4222 3699 4314; x_wconf 82' lang='lat' dir='ltr'><strong>sedne</strong></span> <span class='ocrx_word' id='word_1_622' title='bbox 3724 4209 3772 4264; x_wconf 70' lang='lat' dir='ltr'><strong>ad</strong></span> 
     </span>
    </p>
   </div>
   <div class='ocr_carea' id='block_1_88' title="bbox 2255 4310 3775 4414">
    <p class='ocr_par' dir='ltr' id='par_1_88' title="bbox 2255 4310 3775 4414">
     <span class='ocr_line' id='line_1_88' title="bbox 2255 4310 3775 4414; baseline -0.018 -21"><span class='ocrx_word' id='word_1_623' title='bbox 2255 4338 2524 4393; x_wconf 89' lang='lat' dir='ltr'><strong>modicum</strong></span> <span class='ocrx_word' id='word_1_624' title='bbox 2586 4337 2802 4405; x_wconf 89' lang='lat' dir='ltr'><strong>quidem</strong></span> <span class='ocrx_word' id='word_1_625' title='bbox 2860 4334 2945 4389; x_wconf 87' lang='lat' dir='ltr'><strong>vel</strong></span> <span class='ocrx_word' id='word_1_626' title='bbox 3003 4333 3323 4387; x_wconf 91' lang='lat' dir='ltr'><strong>immutatus</strong></span> <span class='ocrx_word' id='word_1_627' title='bbox 3375 4324 3455 4380; x_wconf 83' lang='lat' dir='ltr'><strong>vel</strong></span> <span class='ocrx_word' id='word_1_628' title='bbox 3506 4310 3775 4414; x_wconf 62' lang='lat' dir='ltr'><strong>gloriﬁcallts</strong></span> 
     </span>
    </p>
   </div>
   <div class='ocr_carea' id='block_1_89' title="bbox 2254 4409 3774 4500">
    <p class='ocr_par' dir='ltr' id='par_1_89' title="bbox 2254 4409 3774 4500">
     <span class='ocr_line' id='line_1_89' title="bbox 2254 4409 3774 4500; baseline -0.02 -14"><span class='ocrx_word' id='word_1_629' title='bbox 2254 4440 2370 4497; x_wconf 88' lang='lat' dir='ltr'><strong>est,</strong></span> <span class='ocrx_word' id='word_1_630' title='bbox 2413 4431 2501 4500; x_wconf 90' lang='lat' dir='ltr'><strong>qui</strong></span> <span class='ocrx_word' id='word_1_631' title='bbox 2553 4429 2699 4483; x_wconf 90' lang='lat' dir='ltr'><strong>nulla</strong></span> <span class='ocrx_word' id='word_1_632' title='bbox 2755 4427 2838 4481; x_wconf 88' lang='lat' dir='ltr'><strong>vel</strong></span> <span class='ocrx_word' id='word_1_633' title='bbox 2891 4425 3287 4481; x_wconf 90' lang='lat' dir='ltr'><strong>immutationis</strong></span> <span class='ocrx_word' id='word_1_634' title='bbox 3319 4419 3403 4475; x_wconf 84' lang='lat' dir='ltr'><strong>vel</strong></span> <span class='ocrx_word' id='word_1_635' title='bbox 3431 4409 3774 4500; x_wconf 70' lang='lat' dir='ltr'><strong>gloriﬁcatiottts</strong></span> 
     </span>
    </p>
   </div>
   <div class='ocr_carea' id='block_1_90' title="bbox 552 4493 3771 4596">
    <p class='ocr_par' dir='ltr' id='par_1_90' title="bbox 552 4493 3771 4596">
     <span class='ocr_line' id='line_1_90' title="bbox 552 4493 3771 4596; baseline -0.009 -22"><span class='ocrx_word' id='word_1_636' title='bbox 552 4538 633 4585; x_wconf 90' lang='lat' dir='ltr'><strong>ea,</strong></span> <span class='ocrx_word' id='word_1_637' title='bbox 666 4541 785 4592; x_wconf 68' lang='lat' dir='ltr'><strong>qum</strong></span> <span class='ocrx_word' id='word_1_638' title='bbox 828 4525 903 4579; x_wconf 90' lang='lat' dir='ltr'><strong>illi</strong></span> <span class='ocrx_word' id='word_1_639' title='bbox 940 4542 1107 4596; x_wconf 91' lang='lat' dir='ltr'><strong>puero</strong></span> <span class='ocrx_word' id='word_1_640' title='bbox 1136 4526 1470 4591; x_wconf 85' lang='lat' dir='ltr'><strong>attinebant,</strong></span> <span class='ocrx_word' id='word_1_641' title='bbox 1508 4527 1772 4581; x_wconf 86' lang='lat' dir='ltr'><strong>servanda</strong></span> <span class='ocrx_word' id='word_1_642' title='bbox 1806 4528 2048 4592; x_wconf 84' lang='lat' dir='ltr'><strong>duceret,</strong></span> <span class='ocrx_word' id='word_1_643' title='bbox 2090 4530 2144 4582; x_wconf 92' lang='lat' dir='ltr'><strong>in</strong></span> <span class='ocrx_word' id='word_1_644' title='bbox 2173 4531 2227 4591; x_wconf 88' lang='lat' dir='ltr'><strong>D</strong></span> <span class='ocrx_word' id='word_1_645' title='bbox 2255 4543 2365 4581; x_wconf 65' lang='lat' dir='ltr'><strong>suae</strong></span> <span class='ocrx_word' id='word_1_646' title='bbox 2414 4526 2566 4595; x_wconf 81' lang='lat' dir='ltr'><strong>signa</strong></span> <span class='ocrx_word' id='word_1_647' title='bbox 2604 4535 2725 4594; x_wconf 91' lang='lat' dir='ltr'><strong>post</strong></span> <span class='ocrx_word' id='word_1_648' title='bbox 2760 4520 3217 4577; x_wconf 90' lang='lat' dir='ltr'><strong>resurrectionem</strong></span> <span class='ocrx_word' id='word_1_649' title='bbox 3261 4510 3527 4583; x_wconf 89' lang='lat' dir='ltr'><strong>discipulis</strong></span> <span class='ocrx_word' id='word_1_650' title='bbox 3566 4493 3771 4596; x_wconf 71' lang='lat' dir='ltr'><strong>ostendit.</strong></span> 
     </span>
    </p>
   </div>
   <div class='ocr_carea' id='block_1_91' title="bbox 553 4612 2016 4687">
    <p class='ocr_par' dir='ltr' id='par_1_91' title="bbox 553 4612 2016 4687">
     <span class='ocr_line' id='line_1_91' title="bbox 553 4612 2016 4687; baseline 0.007 -26"><span class='ocrx_word' id='word_1_651' title='bbox 553 4625 659 4679; x_wconf 88' lang='lat' dir='ltr'><strong>quo</strong></span> <span class='ocrx_word' id='word_1_652' title='bbox 691 4612 764 4665; x_wconf 90' lang='lat' dir='ltr'><strong>nil</strong></span> <span class='ocrx_word' id='word_1_653' title='bbox 787 4630 814 4664; x_wconf 86' lang='lat' dir='ltr'><strong>a</strong></span> <span class='ocrx_word' id='word_1_654' title='bbox 844 4617 1114 4669; x_wconf 90' lang='lat' dir='ltr'><strong>communi</strong></span> <span class='ocrx_word' id='word_1_655' title='bbox 1142 4627 1392 4687; x_wconf 90' lang='lat' dir='ltr'><strong>respectu</strong></span> <span class='ocrx_word' id='word_1_656' title='bbox 1423 4617 1638 4687; x_wconf 86' lang='lat' dir='ltr'><strong>dignius</strong></span> <span class='ocrx_word' id='word_1_657' title='bbox 1665 4619 2016 4673; x_wconf 88' lang='lat' dir='ltr'><strong>autumaret?</strong></span> 
     </span>
    </p>
   </div>
   <div class='ocr_carea' id='block_1_92' title="bbox 623 4700 2137 4778">
    <p class='ocr_par' dir='ltr' id='par_1_92' title="bbox 623 4700 2137 4778">
     <span class='ocr_line' id='line_1_92' title="bbox 623 4700 2137 4778; baseline 0.006 -24"><span class='ocrx_word' id='word_1_658' title='bbox 623 4700 651 4773; x_wconf 58' lang='grc' dir='ltr'>ᾗ</span> <span class='ocrx_word' id='word_1_659' title='bbox 676 4701 762 4755; x_wconf 87' lang='lat' dir='ltr'><strong>IV.</strong></span> <span class='ocrx_word' id='word_1_660' title='bbox 780 4702 844 4755; x_wconf 83' lang='grc' dir='ltr'><strong>Β.</strong></span> <span class='ocrx_word' id='word_1_661' title='bbox 873 4702 1033 4774; x_wconf 85' lang='lat' dir='ltr'><strong>Virgo</strong></span> <span class='ocrx_word' id='word_1_662' title='bbox 1056 4707 1265 4760; x_wconf 85' lang='lat' dir='ltr'><strong>minime</strong></span> <span class='ocrx_word' id='word_1_663' title='bbox 1292 4709 1347 4760; x_wconf 90' lang='lat' dir='ltr'><strong>id</strong></span> <span class='ocrx_word' id='word_1_664' title='bbox 1367 4709 1627 4777; x_wconf 77' lang='lat' dir='ltr'><strong>prwstitit.</strong></span> <span class='ocrx_word' id='word_1_665' title='bbox 1655 4707 1830 4778; x_wconf 82' lang='lat' dir='ltr'><strong>Ipsius</strong></span> <span class='ocrx_word' id='word_1_666' title='bbox 1855 4710 1936 4762; x_wconf 84' lang='lat' dir='ltr'><strong>lac</strong></span> <span class='ocrx_word' id='word_1_667' title='bbox 1963 4725 2137 4765; x_wconf 81' lang='lat' dir='ltr'><strong>asser-</strong></span> 
     </span>
    </p>
   </div>
   <div class='ocr_carea' id='block_1_93' title="bbox 554 4793 2139 4868">
    <p class='ocr_par' dir='ltr' id='par_1_93' title="bbox 554 4793 2139 4868">
     <span class='ocr_line' id='line_1_93' title="bbox 554 4793 2139 4868; baseline 0.004 -23"><span class='ocrx_word' id='word_1_668' title='bbox 554 4793 665 4845; x_wconf 86' lang='lat' dir='ltr'><strong>rari</strong></span> <span class='ocrx_word' id='word_1_669' title='bbox 707 4793 901 4846; x_wconf 83' lang='lat' dir='ltr'><strong>dicitur</strong></span> <span class='ocrx_word' id='word_1_670' title='bbox 942 4795 995 4847; x_wconf 84' lang='lat' dir='ltr'><strong>in</strong></span> <span class='ocrx_word' id='word_1_671' title='bbox 1030 4795 1245 4849; x_wconf 82' lang='lat' dir='ltr'><strong>ecclesia</strong></span> <span class='ocrx_word' id='word_1_672' title='bbox 1288 4796 1649 4851; x_wconf 80' lang='lat' dir='ltr'><strong>Laudunensi.</strong></span> <span class='ocrx_word' id='word_1_673' title='bbox 1688 4796 1840 4861; x_wconf 80' lang='lat' dir='ltr'><strong>Quod</strong></span> <span class='ocrx_word' id='word_1_674' title='bbox 1882 4799 2139 4868; x_wconf 83' lang='lat' dir='ltr'><strong>improbat</strong></span> 
     </span>
    </p>
   </div>
   <div class='ocr_carea' id='block_1_94' title="bbox 556 4882 2141 4960">
    <p class='ocr_par' dir='ltr' id='par_1_94' title="bbox 556 4882 2141 4960">
     <span class='ocr_line' id='line_1_94' title="bbox 556 4882 2141 4960; baseline 0.006 -24"><span class='ocrx_word' id='word_1_675' title='bbox 556 4882 858 4939; x_wconf 79' lang='lat' dir='ltr'><strong>Guibertus.</strong></span> <span class='ocrx_word' id='word_1_676' title='bbox 899 4916 969 4924; x_wconf 98' lang='lat'><strong>—</strong></span> <span class='ocrx_word' id='word_1_677' title='bbox 1016 4884 1168 4951; x_wconf 87' lang='lat' dir='ltr'><strong>Quod</strong></span> <span class='ocrx_word' id='word_1_678' title='bbox 1210 4888 1253 4941; x_wconf 90' lang='lat' dir='ltr'><strong>si</strong></span> <span class='ocrx_word' id='word_1_679' title='bbox 1291 4888 1549 4954; x_wconf 88' lang='lat' dir='ltr'><strong>objicitur</strong></span> <span class='ocrx_word' id='word_1_680' title='bbox 1591 4889 1805 4941; x_wconf 80' lang='lat' dir='ltr'><strong>beatam</strong></span> <span class='ocrx_word' id='word_1_681' title='bbox 1868 4887 2141 4960; x_wconf 74' lang='lat' dir='ltr'><strong>Virginem</strong></span> 
     </span>
    </p>
   </div>
   <div class='ocr_carea' id='block_1_95' title="bbox 555 4973 2139 5048">
    <p class='ocr_par' dir='ltr' id='par_1_95' title="bbox 555 4973 2139 5048">
     <span class='ocr_line' id='line_1_95' title="bbox 555 4973 2139 5048; baseline 0.004 -20"><span class='ocrx_word' id='word_1_682' title='bbox 555 4973 785 5029; x_wconf 83' lang='lat' dir='ltr'><strong>Matrem</strong></span> <span class='ocrx_word' id='word_1_683' title='bbox 842 4976 894 5029; x_wconf 93' lang='lat' dir='ltr'><strong>id</strong></span> <span class='ocrx_word' id='word_1_684' title='bbox 943 4976 1184 5046; x_wconf 88' lang='lat' dir='ltr'><strong>potuisse</strong></span> <span class='ocrx_word' id='word_1_685' title='bbox 1220 4992 1470 5041; x_wconf 88' lang='lat' dir='ltr'><strong>servare,</strong></span> <span class='ocrx_word' id='word_1_686' title='bbox 1503 4989 1556 5032; x_wconf 92' lang='lat' dir='ltr'><strong>et</strong></span> <span class='ocrx_word' id='word_1_687' title='bbox 1580 4980 1733 5047; x_wconf 87' lang='lat' dir='ltr'><strong>quasi</strong></span> <span class='ocrx_word' id='word_1_688' title='bbox 1765 4981 2139 5048; x_wconf 86' lang='lat' dir='ltr'><strong>superstitiosa</strong></span> 
     </span>
    </p>
   </div>
   <div class='ocr_carea' id='block_1_96' title="bbox 556 5068 2140 5138">
    <p class='ocr_par' dir='ltr' id='par_1_96' title="bbox 556 5068 2140 5138">
     <span class='ocr_line' id='line_1_96' title="bbox 556 5068 2140 5138; baseline 0.004 -18"><span class='ocrx_word' id='word_1_689' title='bbox 556 5069 724 5137; x_wconf 86' lang='lat' dir='ltr'><strong>ipsius</strong></span> <span class='ocrx_word' id='word_1_690' title='bbox 770 5077 1115 5138; x_wconf 89' lang='lat' dir='ltr'><strong>posterorum</strong></span> <span class='ocrx_word' id='word_1_691' title='bbox 1171 5069 1338 5122; x_wconf 89' lang='lat' dir='ltr'><strong>cultui</strong></span> <span class='ocrx_word' id='word_1_692' title='bbox 1398 5068 1630 5123; x_wconf 87' lang='lat' dir='ltr'><strong>voluisse</strong></span> <span class='ocrx_word' id='word_1_693' title='bbox 1696 5069 2140 5135; x_wconf 64' lang='lat' dir='ltr'><strong>lraducere,.ita</strong></span> 
     </span>
    </p>
   </div>
   <div class='ocr_carea' id='block_1_97' title="bbox 554 5162 2139 5236">
    <p class='ocr_par' dir='ltr' id='par_1_97' title="bbox 554 5162 2139 5236">
     <span class='ocr_line' id='line_1_97' title="bbox 554 5162 2139 5236; baseline 0.003 -20"><span class='ocrx_word' id='word_1_694' title='bbox 554 5164 911 5233; x_wconf 87' lang='lat' dir='ltr'><strong>suscipictur,</strong></span> <span class='ocrx_word' id='word_1_695' title='bbox 949 5164 1040 5236; x_wconf 83' lang='grc'><strong>(¹³)</strong></span> <span class='ocrx_word' id='word_1_696' title='bbox 1074 5164 1215 5219; x_wconf 89' lang='lat' dir='ltr'><strong>sicut</strong></span> <span class='ocrx_word' id='word_1_697' title='bbox 1257 5162 1504 5218; x_wconf 88' lang='lat' dir='ltr'><strong>Lauduni</strong></span> <span class='ocrx_word' id='word_1_698' title='bbox 1539 5164 1680 5233; x_wconf 89' lang='lat' dir='ltr'><strong>apud</strong></span> <span class='ocrx_word' id='word_1_699' title='bbox 1712 5178 1809 5218; x_wconf 92' lang='lat' dir='ltr'><strong>nos</strong></span> <span class='ocrx_word' id='word_1_700' title='bbox 1851 5163 1935 5219; x_wconf 91' lang='lat' dir='ltr'><strong>lac</strong></span> <span class='ocrx_word' id='word_1_701' title='bbox 1973 5166 2139 5235; x_wconf 91' lang='lat' dir='ltr'><strong>ipsius</strong></span> 
     </span>
    </p>
   </div>
   <div class='ocr_carea' id='block_1_98' title="bbox 554 5256 2141 5328">
    <p class='ocr_par' dir='ltr' id='par_1_98' title="bbox 554 5256 2141 5328">
     <span class='ocr_line' id='line_1_98' title="bbox 554 5256 2141 5328; baseline 0.004 -19"><span class='ocrx_word' id='word_1_702' title='bbox 554 5257 852 5314; x_wconf 71' lang='lat' dir='ltr'><strong>benedictae</strong></span> <span class='ocrx_word' id='word_1_703' title='bbox 889 5260 942 5314; x_wconf 88' lang='lat' dir='ltr'><strong>in</strong></span> <span class='ocrx_word' id='word_1_704' title='bbox 980 5258 1231 5315; x_wconf 89' lang='lat' dir='ltr'><strong>columba</strong></span> <span class='ocrx_word' id='word_1_705' title='bbox 1270 5256 1567 5314; x_wconf 85' lang='lat' dir='ltr'><strong>cristallina</strong></span> <span class='ocrx_word' id='word_1_706' title='bbox 1602 5257 1881 5328; x_wconf 88' lang='lat' dir='ltr'><strong>hucusque</strong></span> <span class='ocrx_word' id='word_1_707' title='bbox 1919 5260 2141 5316; x_wconf 88' lang='lat' dir='ltr'><strong>retineri</strong></span> 
     </span>
    </p>
   </div>
   <div class='ocr_carea' id='block_1_99' title="bbox 554 5350 2141 5426">
    <p class='ocr_par' dir='ltr' id='par_1_99' title="bbox 554 5350 2141 5426">
     <span class='ocr_line' id='line_1_99' title="bbox 554 5350 2141 5426; baseline 0.004 -24"><span class='ocrx_word' id='word_1_708' title='bbox 554 5350 772 5406; x_wconf 87' lang='lat' dir='ltr'><strong>dicitur.</strong></span> <span class='ocrx_word' id='word_1_709' title='bbox 796 5352 947 5420; x_wconf 87' lang='lat' dir='ltr'><strong>Quod</strong></span> <span class='ocrx_word' id='word_1_710' title='bbox 975 5365 1237 5426; x_wconf 89' lang='lat' dir='ltr'><strong>quantum</strong></span> <span class='ocrx_word' id='word_1_711' title='bbox 1266 5370 1296 5409; x_wconf 90' lang='lat' dir='ltr'><strong>a</strong></span> <span class='ocrx_word' id='word_1_712' title='bbox 1321 5369 1469 5418; x_wconf 91' lang='lat' dir='ltr'><strong>vero,</strong></span> <span class='ocrx_word' id='word_1_713' title='bbox 1502 5362 1557 5409; x_wconf 91' lang='lat' dir='ltr'><strong>et</strong></span> <span class='ocrx_word' id='word_1_714' title='bbox 1582 5353 1745 5408; x_wconf 90' lang='lat' dir='ltr'><strong>etiam</strong></span> <span class='ocrx_word' id='word_1_715' title='bbox 1774 5370 1803 5407; x_wconf 89' lang='lat' dir='ltr'><strong>a</strong></span> <span class='ocrx_word' id='word_1_716' title='bbox 1855 5354 2141 5410; x_wconf 90' lang='lat' dir='ltr'><strong>verisimili</strong></span> 
     </span>
    </p>
   </div>
   <div class='ocr_carea' id='block_1_100' title="bbox 555 5444 2142 5521">
    <p class='ocr_par' dir='ltr' id='par_1_100' title="bbox 555 5444 2142 5521">
     <span class='ocr_line' id='line_1_100' title="bbox 555 5444 2142 5521; baseline 0.004 -26"><span class='ocrx_word' id='word_1_717' title='bbox 555 5444 847 5510; x_wconf 86' lang='lat' dir='ltr'><strong>cxorbitet,</strong></span> <span class='ocrx_word' id='word_1_718' title='bbox 883 5445 1026 5501; x_wconf 85' lang='lat' dir='ltr'><strong>lacili</strong></span> <span class='ocrx_word' id='word_1_719' title='bbox 1068 5458 1390 5521; x_wconf 90' lang='lat' dir='ltr'><strong>argumento</strong></span> <span class='ocrx_word' id='word_1_720' title='bbox 1425 5447 1617 5518; x_wconf 88' lang='lat' dir='ltr'><strong>liquet,</strong></span> <span class='ocrx_word' id='word_1_721' title='bbox 1662 5447 1787 5517; x_wconf 88' lang='lat' dir='ltr'><strong>quia</strong></span> <span class='ocrx_word' id='word_1_722' title='bbox 1820 5462 1994 5518; x_wconf 89' lang='lat' dir='ltr'><strong>neque</strong></span> <span class='ocrx_word' id='word_1_723' title='bbox 2026 5449 2142 5517; x_wconf 89' lang='lat' dir='ltr'><strong>ipsa</strong></span> 
     </span>
    </p>
   </div>
   <div class='ocr_carea' id='block_1_101' title="bbox 556 5539 2141 5612">
    <p class='ocr_par' dir='ltr' id='par_1_101' title="bbox 556 5539 2141 5612">
     <span class='ocr_line' id='line_1_101' title="bbox 556 5539 2141 5612; baseline 0.003 -21"><span class='ocrx_word' id='word_1_724' title='bbox 556 5540 873 5607; x_wconf 83' lang='lat' dir='ltr'><strong>asservarit,</strong></span> <span class='ocrx_word' id='word_1_725' title='bbox 904 5545 1203 5612; x_wconf 74' lang='lat' dir='ltr'><strong>prmsertim</strong></span> <span class='ocrx_word' id='word_1_726' title='bbox 1232 5543 1319 5599; x_wconf 90' lang='lat' dir='ltr'><strong>cui</strong></span> <span class='ocrx_word' id='word_1_727' title='bbox 1358 5559 1631 5611; x_wconf 84' lang='lat' dir='ltr'><strong>nunquam</strong></span> <span class='ocrx_word' id='word_1_728' title='bbox 1667 5542 1717 5595; x_wconf 90' lang='lat' dir='ltr'><strong>in</strong></span> <span class='ocrx_word' id='word_1_729' title='bbox 1746 5539 1873 5596; x_wconf 81' lang='lat' dir='ltr'><strong>.lesu</strong></span> <span class='ocrx_word' id='word_1_730' title='bbox 1911 5541 2141 5595; x_wconf 75' lang='lat' dir='ltr'><strong>infantia</strong></span> 
     </span>
    </p>
   </div>
   <div class='ocr_carea' id='block_1_102' title="bbox 560 5635 2141 5708">
    <p class='ocr_par' dir='ltr' id='par_1_102' title="bbox 560 5635 2141 5708">
     <span class='ocr_line' id='line_1_102' title="bbox 560 5635 2141 5708; baseline 0.003 -23"><span class='ocrx_word' id='word_1_731' title='bbox 560 5644 769 5687; x_wconf 82' lang='lat' dir='ltr'><strong>tantum</strong></span> <span class='ocrx_word' id='word_1_732' title='bbox 810 5635 940 5704; x_wconf 89' lang='lat' dir='ltr'><strong>otii,</strong></span> <span class='ocrx_word' id='word_1_733' title='bbox 977 5645 1296 5708; x_wconf 88' lang='lat' dir='ltr'><strong>tantumque</strong></span> <span class='ocrx_word' id='word_1_734' title='bbox 1338 5638 1651 5692; x_wconf 83' lang='lat' dir='ltr'><strong>securitatis</strong></span> <span class='ocrx_word' id='word_1_735' title='bbox 1688 5636 1927 5701; x_wconf 80' lang='lat' dir='ltr'><strong>exstitit,</strong></span> <span class='ocrx_word' id='word_1_736' title='bbox 1972 5646 2030 5689; x_wconf 92' lang='lat' dir='ltr'><strong>ut</strong></span> <span class='ocrx_word' id='word_1_737' title='bbox 2059 5637 2141 5689; x_wconf 90' lang='lat' dir='ltr'><strong>sui</strong></span> 
     </span>
    </p>
   </div>
   <div class='ocr_carea' id='block_1_103' title="bbox 558 5728 2139 5798">
    <p class='ocr_par' dir='ltr' id='par_1_103' title="bbox 558 5728 2139 5798">
     <span class='ocr_line' id='line_1_103' title="bbox 558 5728 2139 5798; baseline 0.001 -20"><span class='ocrx_word' id='word_1_738' title='bbox 558 5728 871 5781; x_wconf 86' lang='lat' dir='ltr'><strong>memoriam</strong></span> <span class='ocrx_word' id='word_1_739' title='bbox 932 5729 1062 5783; x_wconf 84' lang='lat' dir='ltr'><strong>tanti</strong></span> <span class='ocrx_word' id='word_1_740' title='bbox 1129 5730 1432 5798; x_wconf 84' lang='lat' dir='ltr'><strong>penderet,</strong></span> <span class='ocrx_word' id='word_1_741' title='bbox 1489 5738 1756 5797; x_wconf 88' lang='lat' dir='ltr'><strong>quatenus</strong></span> <span class='ocrx_word' id='word_1_742' title='bbox 1823 5728 1887 5781; x_wconf 88' lang='lat' dir='ltr'><strong>de</strong></span> <span class='ocrx_word' id='word_1_743' title='bbox 1938 5728 2020 5781; x_wconf 89' lang='lat' dir='ltr'><strong>sui</strong></span> <span class='ocrx_word' id='word_1_744' title='bbox 2089 5730 2139 5780; x_wconf 87' lang='lat' dir='ltr'><strong>in</strong></span> 
     </span>
    </p>
   </div>
   <div class='ocr_carea' id='block_1_104' title="bbox 559 5818 2137 5885">
    <p class='ocr_par' dir='ltr' id='par_1_104' title="bbox 559 5818 2137 5885">
     <span class='ocr_line' id='line_1_104' title="bbox 559 5818 2137 5885; baseline -0.001 -10"><span class='ocrx_word' id='word_1_745' title='bbox 559 5818 735 5875; x_wconf 78' lang='lat' dir='ltr'><strong>futura</strong></span> <span class='ocrx_word' id='word_1_746' title='bbox 783 5824 976 5880; x_wconf 72' lang='lat' dir='ltr'><strong>sazcula</strong></span> <span class='ocrx_word' id='word_1_747' title='bbox 1022 5823 1175 5879; x_wconf 78' lang='lat' dir='ltr'><strong>lactis</strong></span> <span class='ocrx_word' id='word_1_748' title='bbox 1220 5818 1576 5876; x_wconf 75' lang='lat' dir='ltr'><strong>productione</strong></span> <span class='ocrx_word' id='word_1_749' title='bbox 1619 5826 1856 5885; x_wconf 89' lang='lat' dir='ltr'><strong>curaret,</strong></span> <span class='ocrx_word' id='word_1_750' title='bbox 1914 5820 1998 5874; x_wconf 92' lang='lat' dir='ltr'><strong>cui</strong></span> <span class='ocrx_word' id='word_1_751' title='bbox 2046 5821 2137 5875; x_wconf 71' lang='lat' dir='ltr'><strong>vix</strong></span> 
     </span>
    </p>
   </div>
   <div class='ocr_carea' id='block_1_105' title="bbox 2249 4584 3770 4683">
    <p class='ocr_par' dir='ltr' id='par_1_105' title="bbox 2249 4584 3770 4683">
     <span class='ocr_line' id='line_1_105' title="bbox 2249 4584 3770 4683; baseline -0.024 -11"><span class='ocrx_word' id='word_1_752' title='bbox 2249 4618 2306 4672; x_wconf 87' lang='lat' dir='ltr'><strong>in</strong></span> <span class='ocrx_word' id='word_1_753' title='bbox 2352 4616 2499 4671; x_wconf 90' lang='lat' dir='ltr'><strong>nullo</strong></span> <span class='ocrx_word' id='word_1_754' title='bbox 2547 4617 2692 4671; x_wconf 89' lang='lat' dir='ltr'><strong>enim</strong></span> <span class='ocrx_word' id='word_1_755' title='bbox 2741 4615 2807 4669; x_wconf 87' lang='lat' dir='ltr'><strong>ab</strong></span> <span class='ocrx_word' id='word_1_756' title='bbox 2858 4630 2918 4668; x_wconf 88' lang='lat' dir='ltr'><strong>ea</strong></span> <span class='ocrx_word' id='word_1_757' title='bbox 2970 4611 3151 4683; x_wconf 83' lang='lat' dir='ltr'><strong>specie</strong></span> <span class='ocrx_word' id='word_1_758' title='bbox 3196 4624 3357 4681; x_wconf 88' lang='lat' dir='ltr'><strong>quam</strong></span> <span class='ocrx_word' id='word_1_759' title='bbox 3401 4602 3569 4657; x_wconf 90' lang='lat' dir='ltr'><strong>videre</strong></span> <span class='ocrx_word' id='word_1_760' title='bbox 3608 4584 3770 4680; x_wconf 72' lang='lat' dir='ltr'><strong>pridem</strong></span> 
     </span>
    </p>
   </div>
   <div class='ocr_carea' id='block_1_106' title="bbox 2252 4682 3771 4773">
    <p class='ocr_par' dir='ltr' id='par_1_106' title="bbox 2252 4682 3771 4773">
     <span class='ocr_line' id='line_1_106' title="bbox 2252 4682 3771 4773; baseline -0.005 -11"><span class='ocrx_word' id='word_1_761' title='bbox 2252 4709 2469 4762; x_wconf 78' lang='lat' dir='ltr'><strong>fuerant</strong></span> <span class='ocrx_word' id='word_1_762' title='bbox 2519 4706 2685 4771; x_wconf 91' lang='lat' dir='ltr'><strong>soliti,</strong></span> <span class='ocrx_word' id='word_1_763' title='bbox 2734 4682 3011 4758; x_wconf 83' lang='lat' dir='ltr'><strong>alteratus</strong></span> <span class='ocrx_word' id='word_1_764' title='bbox 3040 4701 3171 4772; x_wconf 90' lang='lat' dir='ltr'><strong>ipsis</strong></span> <span class='ocrx_word' id='word_1_765' title='bbox 3214 4694 3475 4769; x_wconf 87' lang='lat' dir='ltr'><strong>apparuit.</strong></span> <span class='ocrx_word' id='word_1_766' title='bbox 3514 4686 3637 4753; x_wconf 74' lang='grc' dir='ltr'><strong>ΕΓ8⁰</strong></span> <span class='ocrx_word' id='word_1_767' title='bbox 3675 4682 3771 4773; x_wconf 45' lang='grc' dir='ltr'><strong>(ΙΨ</strong></span> 
     </span>
    </p>
   </div>
   <div class='ocr_carea' id='block_1_107' title="bbox 2249 4763 3769 4853">
    <p class='ocr_par' dir='ltr' id='par_1_107' title="bbox 2249 4763 3769 4853">
     <span class='ocr_line' id='line_1_107' title="bbox 2249 4763 3769 4853; baseline -0.013 0"><span class='ocrx_word' id='word_1_768' title='bbox 2249 4797 2386 4853; x_wconf 91' lang='lat' dir='ltr'><strong>nihil</strong></span> <span class='ocrx_word' id='word_1_769' title='bbox 2422 4798 2501 4852; x_wconf 88' lang='lat' dir='ltr'><strong>eis</strong></span> <span class='ocrx_word' id='word_1_770' title='bbox 2533 4813 2684 4851; x_wconf 69' lang='lat' dir='ltr'><strong>norm</strong></span> <span class='ocrx_word' id='word_1_771' title='bbox 2719 4794 2983 4851; x_wconf 89' lang='lat' dir='ltr'><strong>claritatis</strong></span> <span class='ocrx_word' id='word_1_772' title='bbox 3027 4792 3383 4848; x_wconf 88' lang='lat' dir='ltr'><strong>resuscitatus</strong></span> <span class='ocrx_word' id='word_1_773' title='bbox 3419 4773 3664 4838; x_wconf 68' lang='lat' dir='ltr'><strong>obtendit.</strong></span> <span class='ocrx_word' id='word_1_774' title='bbox 3689 4763 3769 4818; x_wconf 68' lang='lat' dir='ltr'><strong>d&#39;c&#39;</strong></span> 
     </span>
    </p>
   </div>
   <div class='ocr_carea' id='block_1_108' title="bbox 2251 4866 3769 4959">
    <p class='ocr_par' dir='ltr' id='par_1_108' title="bbox 2251 4866 3769 4959">
     <span class='ocr_line' id='line_1_108' title="bbox 2251 4866 3769 4959; baseline -0.022 -15"><span class='ocrx_word' id='word_1_775' title='bbox 2251 4889 2321 4944; x_wconf 91' lang='lat' dir='ltr'><strong>ab</strong></span> <span class='ocrx_word' id='word_1_776' title='bbox 2357 4888 2537 4959; x_wconf 87' lang='lat' dir='ltr'><strong>aliquo</strong></span> <span class='ocrx_word' id='word_1_777' title='bbox 2563 4896 2742 4958; x_wconf 91' lang='lat' dir='ltr'><strong>potest</strong></span> <span class='ocrx_word' id='word_1_778' title='bbox 2782 4885 2905 4955; x_wconf 85' lang='lat' dir='ltr'><strong>quia</strong></span> <span class='ocrx_word' id='word_1_779' title='bbox 2932 4884 3068 4938; x_wconf 90' lang='lat' dir='ltr'><strong>nihil</strong></span> <span class='ocrx_word' id='word_1_780' title='bbox 3091 4881 3263 4950; x_wconf 90' lang='lat' dir='ltr'><strong>majus</strong></span> <span class='ocrx_word' id='word_1_781' title='bbox 3288 4898 3313 4934; x_wconf 87' lang='lat' dir='ltr'><strong>a</strong></span> <span class='ocrx_word' id='word_1_782' title='bbox 3344 4878 3496 4931; x_wconf 85' lang='lat' dir='ltr'><strong>Patre</strong></span> <span class='ocrx_word' id='word_1_783' title='bbox 3517 4866 3769 4929; x_wconf 77' lang='lat' dir='ltr'><strong>resurgens.</strong></span> 
     </span>
    </p>
   </div>
   <div class='ocr_carea' id='block_1_109' title="bbox 2252 4973 3602 5057">
    <p class='ocr_par' dir='ltr' id='par_1_109' title="bbox 2252 4973 3602 5057">
     <span class='ocr_line' id='line_1_109' title="bbox 2252 4973 3602 5057; baseline -0.013 -20"><span class='ocrx_word' id='word_1_784' title='bbox 2252 4996 2417 5053; x_wconf 87' lang='lat' dir='ltr'><strong>quam</strong></span> <span class='ocrx_word' id='word_1_785' title='bbox 2444 4990 2739 5049; x_wconf 88' lang='lat' dir='ltr'><strong>antequam</strong></span> <span class='ocrx_word' id='word_1_786' title='bbox 2765 4985 3066 5049; x_wconf 87' lang='lat' dir='ltr'><strong>pateretur,</strong></span> <span class='ocrx_word' id='word_1_787' title='bbox 3089 4973 3337 5029; x_wconf 86' lang='lat' dir='ltr'><strong>emeruit.</strong></span> <span class='ocrx_word' id='word_1_788' title='bbox 3573 5046 3602 5057; x_wconf 43' lang='lat' dir='ltr'>ﬂ</span> 
     </span>
    </p>
   </div>
   <div class='ocr_carea' id='block_1_110' title="bbox 2322 5039 3767 5141">
    <p class='ocr_par' dir='ltr' id='par_1_110' title="bbox 2322 5039 3767 5141">
     <span class='ocr_line' id='line_1_110' title="bbox 2322 5039 3767 5141; baseline -0.024 -10"><span class='ocrx_word' id='word_1_789' title='bbox 2322 5075 2484 5131; x_wconf 87' lang='lat' dir='ltr'><strong>Certe</strong></span> <span class='ocrx_word' id='word_1_790' title='bbox 2538 5039 2637 5128; x_wconf 70' lang='lat' dir='ltr'><strong>nec</strong></span> <span class='ocrx_word' id='word_1_791' title='bbox 2682 5039 2798 5141; x_wconf 72' lang='lat' dir='ltr'><strong>ipsa</strong></span> <span class='ocrx_word' id='word_1_792' title='bbox 2842 5085 2949 5140; x_wconf 89' lang='lat' dir='ltr'><strong>qua</strong></span> <span class='ocrx_word' id='word_1_793' title='bbox 2999 5069 3051 5122; x_wconf 91' lang='lat' dir='ltr'><strong>in</strong></span> <span class='ocrx_word' id='word_1_794' title='bbox 3103 5066 3299 5122; x_wconf 74' lang='lat' dir='ltr'><strong>cmlum</strong></span> <span class='ocrx_word' id='word_1_795' title='bbox 3339 5039 3767 5141; x_wconf 39' lang='lat' dir='ltr'><strong>conscendit-litim</strong></span> 
     </span>
    </p>
   </div>
   <div class='ocr_carea' id='block_1_111' title="bbox 2250 5126 3765 5241">
    <p class='ocr_par' dir='ltr' id='par_1_111' title="bbox 2250 5126 3765 5241">
     <span class='ocr_line' id='line_1_111' title="bbox 2250 5126 3765 5241; baseline -0.003 -19"><span class='ocrx_word' id='word_1_796' title='bbox 2250 5169 2527 5241; x_wconf 89' lang='lat' dir='ltr'><strong>quidpiam</strong></span> <span class='ocrx_word' id='word_1_797' title='bbox 2560 5126 2802 5221; x_wconf 74' lang='lat' dir='ltr'><strong>novioris</strong></span> <span class='ocrx_word' id='word_1_798' title='bbox 2824 5171 3078 5235; x_wconf 90' lang='lat' dir='ltr'><strong>aspectus</strong></span> <span class='ocrx_word' id='word_1_799' title='bbox 3109 5159 3324 5229; x_wconf 69' lang='lat' dir='ltr'><strong>obiecit,</strong></span> <span class='ocrx_word' id='word_1_800' title='bbox 3354 5162 3408 5209; x_wconf 90' lang='lat' dir='ltr'><strong>ut</strong></span> <span class='ocrx_word' id='word_1_801' title='bbox 3434 5151 3483 5205; x_wconf 92' lang='lat' dir='ltr'><strong>iu</strong></span> <span class='ocrx_word' id='word_1_802' title='bbox 3515 5146 3613 5214; x_wconf 64' lang='lat' dir='ltr'><strong>ipsa</strong></span> 
     </span>
    </p>
   </div>
   <div class='ocr_carea' id='block_1_112' title="bbox 2250 5222 3765 5319">
    <p class='ocr_par' dir='ltr' id='par_1_112' title="bbox 2250 5222 3765 5319">
     <span class='ocr_line' id='line_1_112' title="bbox 2250 5222 3765 5319; baseline -0.026 -2"><span class='ocrx_word' id='word_1_803' title='bbox 2250 5222 2463 5317; x_wconf 56' lang='lat' dir='ltr'><strong>ratione</strong></span> <span class='ocrx_word' id='word_1_804' title='bbox 2492 5257 2913 5315; x_wconf 90' lang='lat' dir='ltr'><strong>resurrectionis</strong></span> <span class='ocrx_word' id='word_1_805' title='bbox 2938 5271 3044 5310; x_wconf 91' lang='lat' dir='ltr'><strong>non</strong></span> <span class='ocrx_word' id='word_1_806' title='bbox 3075 5252 3240 5307; x_wconf 89' lang='lat' dir='ltr'><strong>alium</strong></span> <span class='ocrx_word' id='word_1_807' title='bbox 3269 5248 3492 5319; x_wconf 87' lang='lat' dir='ltr'><strong>seipsmn</strong></span> <span class='ocrx_word' id='word_1_808' title='bbox 3514 5222 3765 5318; x_wconf 65' lang='lat' dir='ltr'><strong>ostenderel</strong></span> 
     </span>
    </p>
   </div>
   <div class='ocr_carea' id='block_1_113' title="bbox 2250 5335 3532 5426">
    <p class='ocr_par' dir='ltr' id='par_1_113' title="bbox 2250 5335 3532 5426">
     <span class='ocr_line' id='line_1_113' title="bbox 2250 5335 3532 5426; baseline -0.022 -16"><span class='ocrx_word' id='word_1_809' title='bbox 2250 5370 2412 5426; x_wconf 90' lang='lat' dir='ltr'><strong>quam</strong></span> <span class='ocrx_word' id='word_1_810' title='bbox 2463 5352 2603 5408; x_wconf 88' lang='lat' dir='ltr'><strong>idem</strong></span> <span class='ocrx_word' id='word_1_811' title='bbox 2655 5351 2769 5419; x_wconf 89' lang='lat' dir='ltr'><strong>ipse</strong></span> <span class='ocrx_word' id='word_1_812' title='bbox 2806 5347 2986 5404; x_wconf 83' lang='lat' dir='ltr'><strong>fuerat</strong></span> <span class='ocrx_word' id='word_1_813' title='bbox 3026 5354 3314 5414; x_wconf 88' lang='lat' dir='ltr'><strong>antequam</strong></span> <span class='ocrx_word' id='word_1_814' title='bbox 3356 5335 3532 5391; x_wconf 90' lang='lat' dir='ltr'><strong>obiret.</strong></span> 
     </span>
    </p>
   </div>
   <div class='ocr_carea' id='block_1_114' title="bbox 2252 5416 3758 5511">
    <p class='ocr_par' dir='ltr' id='par_1_114' title="bbox 2252 5416 3758 5511">
     <span class='ocr_line' id='line_1_114' title="bbox 2252 5416 3758 5511; baseline -0.026 -10"><span class='ocrx_word' id='word_1_815' title='bbox 2252 5416 2528 5501; x_wconf 50' lang='lat' dir='ltr'><strong>insolitum</strong></span> <span class='ocrx_word' id='word_1_816' title='bbox 2580 5416 2780 5511; x_wconf 75' lang='lat' dir='ltr'><strong>aliquid</strong></span> <span class='ocrx_word' id='word_1_817' title='bbox 2824 5436 3249 5511; x_wconf 81' lang='lat' dir='ltr'><strong>Splendescendo</strong></span> <span class='ocrx_word' id='word_1_818' title='bbox 3298 5423 3611 5503; x_wconf 79' lang='lat' dir='ltr'><strong>proponeret,</strong></span> <span class='ocrx_word' id='word_1_819' title='bbox 3653 5416 3758 5511; x_wconf 65' lang='lat' dir='ltr'><strong>tillIl‘</strong></span> 
     </span>
    </p>
   </div>
   <div class='ocr_carea' id='block_1_115' title="bbox 2251 5499 3758 5609">
    <p class='ocr_par' dir='ltr' id='par_1_115' title="bbox 2251 5499 3758 5609">
     <span class='ocr_line' id='line_1_115' title="bbox 2251 5499 3758 5609; baseline -0.011 -17"><span class='ocrx_word' id='word_1_820' title='bbox 2251 5554 2412 5609; x_wconf 90' lang='lat' dir='ltr'><strong>quam</strong></span> <span class='ocrx_word' id='word_1_821' title='bbox 2442 5535 2583 5607; x_wconf 90' lang='lat' dir='ltr'><strong>quod</strong></span> <span class='ocrx_word' id='word_1_822' title='bbox 2612 5550 2739 5591; x_wconf 86' lang='lat' dir='ltr'><strong>caro</strong></span> <span class='ocrx_word' id='word_1_823' title='bbox 2770 5533 3008 5588; x_wconf 87' lang='lat' dir='ltr'><strong>rediviva</strong></span> <span class='ocrx_word' id='word_1_824' title='bbox 3042 5530 3215 5595; x_wconf 86' lang='lat' dir='ltr'><strong>foret,</strong></span> <span class='ocrx_word' id='word_1_825' title='bbox 3247 5523 3562 5609; x_wconf 49' lang='lat' dir='ltr'><strong>crederetur:</strong></span> <span class='ocrx_word' id='word_1_826' title='bbox 3590 5499 3758 5609; x_wconf 34' lang='lat' dir='ltr'><strong>59f</strong></span> 
     </span>
    </p>
   </div>
   <div class='ocr_carea' id='block_1_116' title="bbox 2253 5591 3754 5697">
    <p class='ocr_par' dir='ltr' id='par_1_116' title="bbox 2253 5591 3754 5697">
     <span class='ocr_line' id='line_1_116' title="bbox 2253 5591 3754 5697; baseline -0.028 -12"><span class='ocrx_word' id='word_1_827' title='bbox 2253 5591 2360 5684; x_wconf 57' lang='lat' dir='ltr'><strong>tius</strong></span> <span class='ocrx_word' id='word_1_828' title='bbox 2392 5591 2729 5697; x_wconf 45' lang='lat' dir='ltr'><strong>ut‘suspicati</strong></span> <span class='ocrx_word' id='word_1_829' title='bbox 2758 5636 2905 5692; x_wconf 91' lang='lat' dir='ltr'><strong>sunt,</strong></span> <span class='ocrx_word' id='word_1_830' title='bbox 2936 5623 3078 5695; x_wconf 91' lang='lat' dir='ltr'><strong>quod</strong></span> <span class='ocrx_word' id='word_1_831' title='bbox 3120 5621 3274 5685; x_wconf 86' lang='lat' dir='ltr'><strong>alter,</strong></span> <span class='ocrx_word' id='word_1_832' title='bbox 3305 5604 3604 5678; x_wconf 89' lang='lat' dir='ltr'><strong>autspiritus</strong></span> 
     </span>
    </p>
   </div>
   <div class='ocr_carea' id='block_1_117' title="bbox 2252 5679 3750 5794">
    <p class='ocr_par' dir='ltr' id='par_1_117' title="bbox 2252 5679 3750 5794">
     <span class='ocr_line' id='line_1_117' title="bbox 2252 5679 3750 5794; baseline -0.015 -17"><span class='ocrx_word' id='word_1_833' title='bbox 2252 5721 2503 5777; x_wconf 89' lang='lat' dir='ltr'><strong>Undeest</strong></span> <span class='ocrx_word' id='word_1_834' title='bbox 2614 5722 2727 5791; x_wconf 83' lang='lat' dir='ltr'><strong>Ego</strong></span> <span class='ocrx_word' id='word_1_835' title='bbox 2755 5736 2894 5781; x_wconf 84' lang='lat' dir='ltr'><strong>sum,</strong></span> <span class='ocrx_word' id='word_1_836' title='bbox 2929 5679 3105 5771; x_wconf 59' lang='lat' dir='ltr'><strong>i‘iolite</strong></span> <span class='ocrx_word' id='word_1_837' title='bbox 3138 5716 3323 5769; x_wconf 88' lang='lat' dir='ltr'><strong>timere</strong></span> <span class='ocrx_word' id='word_1_838' title='bbox 3350 5706 3507 5779; x_wconf 78' lang='lat' dir='ltr'><strong>(Joan.</strong></span> <span class='ocrx_word' id='word_1_839' title='bbox 3538 5679 3750 5794; x_wconf 62' lang='lat' dir='ltr'><strong>tt.</strong></span> 
     </span>
    </p>
   </div>
   <div class='ocr_carea' id='block_1_118' title="bbox 2252 5777 3757 5885">
    <p class='ocr_par' dir='ltr' id='par_1_118' title="bbox 2252 5777 3757 5885">
     <span class='ocr_line' id='line_1_118' title="bbox 2252 5777 3757 5885; baseline -0.032 -9"><span class='ocrx_word' id='word_1_840' title='bbox 2252 5817 2357 5873; x_wconf 87' lang='lat' dir='ltr'><strong>Et:</strong></span> <span class='ocrx_word' id='word_1_841' title='bbox 2400 5836 2417 5867; x_wconf 81' lang='grc' dir='ltr'>ι</span> <span class='ocrx_word' id='word_1_842' title='bbox 2454 5777 2689 5885; x_wconf 62' lang='lat' dir='ltr'><strong>Spiritu;</strong></span> <span class='ocrx_word' id='word_1_843' title='bbox 2729 5828 2950 5869; x_wconf 88' lang='lat' dir='ltr'><strong>carnem</strong></span> <span class='ocrx_word' id='word_1_844' title='bbox 2978 5820 3028 5868; x_wconf 90' lang='lat' dir='ltr'><strong>et</strong></span> <span class='ocrx_word' id='word_1_845' title='bbox 3056 5825 3177 5866; x_wconf 87' lang='lat' dir='ltr'><strong>ossa</strong></span> <span class='ocrx_word' id='word_1_846' title='bbox 3215 5822 3317 5863; x_wconf 90' lang='lat' dir='ltr'><strong>non</strong></span> <span class='ocrx_word' id='word_1_847' title='bbox 3352 5797 3515 5859; x_wconf 81' lang='lat' dir='ltr'><strong>habet,</strong></span> <span class='ocrx_word' id='word_1_848' title='bbox 3547 5784 3660 5841; x_wconf 89' lang='lat' dir='ltr'><strong>sicut</strong></span> <span class='ocrx_word' id='word_1_849' title='bbox 3688 5777 3757 5825; x_wconf 70' lang='lat'>1118</span> 
     </span>
    </p>
   </div>
   <div class='ocr_carea' id='block_1_119' title="bbox 3850 153 3875 1151">
    <p class='ocr_par' dir='ltr' id='par_1_119' title="bbox 3850 153 3855 359">
     <span class='ocr_line' id='line_1_119' title="bbox 3850 153 3853 277; baseline 0 0"><span class='ocrx_word' id='word_1_850' title='bbox 3850 153 3853 277; x_wconf 57' lang='grc' dir='ltr'>Ν</span> 
     </span>
     <span class='ocr_line' id='line_1_120' title="bbox 3854 294 3855 359; baseline 0 0"><span class='ocrx_word' id='word_1_851' title='bbox 3854 294 3855 359; x_wconf 63' lang='grc' dir='ltr'>ι</span> 
     </span>
    </p>
   </div>
  </div>
