4012 6346
231 303 370 361 661

1261 277 1366 358 λῦε
1404 293 1821 358 maneamus
1860 297 2305 361 mucronum.
2333 335 2400 348 —
2423 305 2554 367 me.
2579 284 2686 364 ut?

3433 307 3556 364 i662

238 417 480 473 videtis
509 416 711 472 habere
731 413 886 488 (Luc.
911 429 1063 479 xxxv,
1093 413 1206 484 '59).
1240 433 1259 467 ι
1295 414 1526 486 Dignum
1557 414 1743 484 itaque
1766 415 1871 470 fuit
1895 417 1950 478 Δ
1974 418 2278 484 ostendam,
2311 435 2418 474 non
2447 421 2590 476 enim
2622 419 2952 492 competenti
2989 416 3262 478 intellectu
3291 422 3556 496 caperetis

239 519 322 563 ut
379 510 708 581 simpliciter
752 510 807 564 in
848 524 909 563 ea
958 523 1120 578 quam
1161 507 1360 564 assueti
1405 507 1622 564 fuerant
1663 511 1863 579 specie,

250 604 462 658 adhuc
513 603 713 659 eisdem
767 601 991 657 rudibus
1030 612 1332 672 appareret,
1379 615 1446 657 ne
1487 602 1556 656 de
1607 601 1865 657 inusitata

243 693 532 749 claritate
561 695 628 749 ad
657 701 898 750 externa:
932 693 1203 764 opinionis
1233 707 1476 750 errorem
1515 695 1728 751 animos
1760 694 1868 750 mi-

239 799 372 839 nus
415 786 693 854 capacium
731 772 1019 840 derivaret.

338 876 530 942 Quare
581 876 834 932 Dominus
885 878 1159 932 vulnerum
1207 879 1476 933 cicatrices
1526 878 1868 934 resuscitatus

249 968 531 1038 apostolis
554 969 796 1022 ostendit.
820 999 891 1010 —
913 969 1014 1036 Qui
1038 970 1220 1040 itaque
1253 970 1307 1024 in
1355 970 1688 1026 subobscura
1717 969 1868 1025 habi-

246 1056 466 1111 tudine
497 1057 651 1127 quasi
684 1059 931 1127 spontive
959 1066 1206 1128 suscepta
1227 1099 1242 1125 ,
1264 1059 1373 1127 jam
1403 1059 1575 1129 gloria
1611 1059 1868 1114 imminu-

250 1159 390 1212 tus,
429 1148 714 1218 apparuit,
757 1149 884 1218 quid
927 1149 1124 1204 mirum
1168 1151 1215 1205 si
1265 1150 1553 1207 inobducta
1585 1151 1864 1207 clavorum

245 1236 394 1292 loca
436 1239 516 1292 eis
547 1238 844 1294 exhibuit?
883 1239 1091 1306 Quibus
1133 1242 1360 1296 tamen?
1394 1241 1668 1312 Apostolis
1703 1242 1867 1312 plane

249 1327 538 1396 primum,
586 1335 642 1381 et
683 1329 1029 1396 postmodum
1077 1327 1328 1397 Thomte,
1370 1340 1426 1385 et
1472 1331 1576 1386 hoc
1618 1331 1865 1401 utrisque

253 1416 678 1484 haesitantibus,
704 1418 810 1474 hoc
837 1427 892 1475 et
917 1421 1105 1475 semel.
1148 1419 1280 1476 Vide
1305 1422 1350 1476 si
1379 1421 1588 1477 duobus
1609 1422 1866 1480 Emmaus

247 1508 649 1579 pergentibus,
681 1509 806 1564 vide
831 1511 878 1566 si
906 1510 960 1566 in
987 1511 1340 1567 creberrimis
1368 1527 1466 1582 per
1491 1513 1606 1568 dies
1631 1517 1865 1583 quadra-

251 1602 426 1673 ginta
468 1616 567 1671 pro
595 1615 918 1672 argumento
955 1604 1220 1660 conviviis
1249 1605 1452 1675 aliquid
1489 1604 1864 1660 abducendum

254 1692 550 1763 prodidit;
594 1694 716 1749 vide
745 1695 792 1750 si
831 1695 1149 1751 mulieribus
1189 1696 1354 1766 pedes
1388 1697 1503 1768 ejus
1535 1697 1862 1766 tenentibus,

257 1785 312 1841 si
337 1786 576 1856 cuipiam
599 1786 736 1843 alias
757 1803 880 1843 cum
905 1797 1122 1844 ostento
1145 1764 1700 1860 passionisvapparuit.
1724 1764 1864 1857 Quid
1891 1764 1942 1826 Β

263 1889 410 1947 ergo
439 1877 542 1931 fuit
579 1876 758 1933 dubiis
786 1879 1103 1934 cicatricum
1135 1888 1289 1934 antra
1323 1882 1707 1936 contrectanda
1739 1895 1864 1950 por-

257 1967 475 2038 rigere,
521 1969 625 2024 nisi
667 1969 1008 2026 identitatem
1039 1971 1272 2042 propriae
1309 1985 1556 2042 persona:
1593 1986 1698 2027 non
1734 1987 1864 2029 con-

263 2061 569 2118 suetudine
593 2061 776 2128 faciei,
802 2064 895 2118 sed
928 2063 1324 2118 recentioribus
1351 2064 1543 2119 mortis
1565 2078 1674 2118 suae
1697 2063 1864 2133 signis

258 2152 607 2207 ostendere?
647 2151 738 2223 (ιδ)
780 2153 919 2220 Quid
969 2163 1090 2224 post
1139 2154 1594 2210 resurrectionem
1640 2155 1865 2210 vulnera

261 2248 364 2304 illa
403 2259 698 2320 rcservata_
721 2249 1143 2319 portenderent,
1176 2249 1220 2304 si
1251 2249 1414 2304 etiam
1447 2249 1726 2318 hucusque
1747 2263 1862 2304 ma,-

261 2349 468 2396 ner-ent
493 2340 517 2393 ?
547 2341 626 2394 An
665 2349 723 2394 ut
765 2341 980 2395 Patrem
1021 2355 1086 2394 ac
1113 2341 1158 2396 si
1195 2341 1373 2395 virum
1415 2338 1737 2395 obliviosum
1767 2353 1864 2409 per

259 2432 459 2487 eadem
486 2433 908 2504 dispensationis
945 2449 1043 2503 pro
1077 2434 1386 2489 hominibus
1414 2441 1678 2504 suscepta:
1713 2448 1864 2488 com-

265 2527 586 2582 memoret?
623 2527 773 2583 Esto.
813 2527 973 2582 Certe
1018 2526 1123 2582 alia
1163 2528 1377 2582 curanti
1409 2527 1556 2583 Patri
1601 2526 1715 2582 sola
1745 2526 1864 2582 sine

263 2613 588 2670 vulneribus
613 2630 744 2671 caro
784 2631 896 2670 sua:
944 2615 1180 2670 dextera:
1227 2615 1473 2671 assidens
1514 2629 1862 2670 commonere
1912 2656 1920 2684 ε

1879 2703 1916 2763 5"?
1965 2704 2034 2759 de
2063 2702 2237 2758 forma
2267 2702 2434 2768 servi,
2461 2717 2581 2772 qua:
2597 2700 2760 2772 justis
2789 2708 2845 2754 et
2872 2698 3091 2770 injustis
3117 2697 3432 2753 communis
3455 2705 3563 2766 est,

263 2707 560 2763 salices-et.

345 2801 374 2874 ς
399 2799 463 2857 ll.
501 2799 794 2872 Respondet
826 2802 1104 2873 objectioni
1140 2801 1195 2856 5.
1226 2802 1294 2856 In
1323 2803 1408 2858 die
1429 2802 1621 2872 judicii
1649 2817 1857 2859 eorum—

268 2893 388 2947 dem
419 2893 688 2947 vulnerum
730 2905 867 2948 nota:
895 2896 952 2949 in
983 2893 1192 2950 Christo
1225 2911 1394 2950 nonne
1429 2895 1815 2964 conspiciemur
1835 2894 1862 2947 ?

269 2985 470 3040 ——Scd
501 2985 694 3054 objicis
719 2988 863 3057 quod
894 2988 980 3043 vel
1015 2989 1068 3042 in
1103 2989 1192 3044 die
1214 2987 1401 3058 judicii
1431 2987 1604 3042 visuri
1632 2987 1742 3042 sint
1771 3001 1857 3042 re-

273 3077 423 3147 probi
456 3092 520 3132 ac
557 3078 708 3147 impii
741 3095 865 3135 eum
903 3081 1156 3136 videlicet
1191 3097 1352 3151 quem
1399 3089 1764 3151 pupugerunt.
1799 3081 1857 3134 Si

275 3183 395 3223 eum
417 3209 430 3231 ,
465 3168 550 3222 cui
579 3177 631 3222 te
661 3167 912 3237 injuriam
943 3171 1210 3242 irrogasse
1239 3168 1574 3235 memineris,
1609 3169 1726 3224 sine
1750 3168 1858 3223 ullo

271 3261 418 3316 illius
446 3275 607 3330 quam
635 3261 887 3318 intuleris
916 3262 1126 3331 injurice
1163 3263 1497 3317 monimento
1527 3261 1856 3332 conspicias,

277 3367 448 3407 nonne
477 3353 762 3409 confestim
799 3355 1096 3426 perpetrati
1137 3355 1191 3409 in
1234 3370 1358 3410 eum
1391 3353 1654 3410 facinoris
1693 3363 1862 3412 temet

275 3443 499 3498 videndo
529 3451 968 3502 commemoras?
1007 3447 1072 3502 Et
1116 3447 1245 3518 quid
1285 3446 1380 3501 tibi
1414 3447 1651 3502 lacerum
1697 3447 1862 3504 faciet

277 3536 434 3602 latus,
463 3535 591 3606 quid
630 3536 685 3592 in
718 3539 970 3594 manibus
990 3539 1324 3609 pedibusque
1347 3537 1534 3592 ﬁxura:
1556 3537 1856 3603 clavorum,

277 3633 362 3684 ubi
403 3632 527 3690 Filii
570 3635 807 3692 hominis
846 3634 1063 3704 parebit
1101 3632 1312 3704 signum
1341 3633 1365 3686 ?
1394 3632 1452 3687 ln
1494 3631 1636 3687 illius
1675 3631 1860 3702 glorise

285 3724 475 3779 throno
515 3725 786 3796 quomodo
837 3723 1125 3779 conveniet
1163 3723 1578 3794 quinquipertiti
1619 3721 1860 3778 vulneris

279 3815 504 3872 horror?
528 3817 594 3871 Et
623 3825 772 3874 certe
801 3833 922 3872 cttm
949 3817 1232 3887 discipulis
1262 3817 1552 3873 comedens
1579 3833 1643 3873 ac
1665 3816 1858 3872 bibens

280 3905 524 3961 manibus
551 3906 856 3962 mandenda
896 3907 1184 3972 tractabat,
1212 3907 1452 3978 nunquid
1478 3909 1656 3964 sanies
1683 3907 1858 3963 hianti

279 3996 456 4054 ulcere
486 4007 614 4055 tunc
645 3994 888 4054 ﬂuebat?
914 3999 1234 4055 Absurditas
1263 3999 1497 4056 infinita.

349 4089 468 4156 Qui,
494 4105 592 4160 pro
627 4105 763 4148 verae
789 4091 1099 4147 testimonio
1139 4106 1302 4160 quam
1332 4101 1701 4162 resumpserat
1736 4106 1856 4147 car-

277 4177 380 4244 nis,
408 4180 753 4235 manducavit
789 4195 1160 4251 saepenumero
1193 4195 1314 4236 cum
1347 4181 1482 4247 suis,
1525 4196 1628 4236 non
1669 4195 1858 4237 neces-

281 4267 438 4334 sario,
470 4269 566 4325 sed
609 4271 973 4341 dispensative
1016 4271 1171 4342 (Luc.
1200 4288 1348 4339 xxiv,
1378 4271 1503 4338 4'5);
1548 4273 1636 4342 qui
1674 4273 1857 4344 jauuis

279 4360 468 4417 clausis
511 4363 734 4417 intravit
771 4364 837 4417 ad
877 4365 1022 4434 ipsos
1061 4364 1172 4418 sola
1216 4365 1477 4433 potentia,
1517 4381 1620 4420 non
1661 4375 1856 4420 natura

1967 521 2123 573 eam,
2161 509 2300 564 hanc
2346 512 2508 567 modo
2553 513 2709 568 vobis
2745 521 3025 583 superstes
3055 526 3285 583 expono,
3326 521 3387 568 ut
3434 527 3556 568 eam

1966 600 2302 668 perpendere
2332 616 2398 660 ac
2441 602 2682 660 recolere
2707 603 3022 671 addiscatis,
3055 619 3176 659 cum
3204 613 3415 660 natura:
3443 603 3558 676 glo-

1969 688 2198 744 rificatae
2221 691 2600 746 excellentiam
2630 692 2820 748 habitu
2852 692 3163 760 humiliore,
3197 693 3324 764 quia
3357 683 3556 750 obscu-
3615 736 3628 764 ,

1966 782 2133 849 rior‘e,
2155 793 2465 840 contexere.
3611 773 3628 838 ’.

2043 876 2073 947 §
2119 874 2181 929 11.
2238 875 2530 943 Respondet
2577 876 2854 946 objectioni
2906 877 2960 932 6.
3008 877 3254 948 Explicat
3300 877 3557 948 quomodo
3627 939 3632 944 ι

1969 967 2214 1023 Christus
2240 969 2294 1021 in
2313 967 2524 1038 judicio
2557 977 2788 1022 extremo
2821 968 3045 1038 [orntum
3077 970 3210 1023 servi
3238 969 3561 1024 immutabit.
3625 965 3636 1015 ’-

1967 1091 2040 1102 -
2075 1059 2247 1115 Porro
2279 1060 2346 1114 de
2387 1058 2742 1114 translatione
2774 1058 2918 1116 servi
2956 1057 3143 1114 formae
3173 1059 3228 1114 in
3260 1060 3560 1118 divinitatis
3633 1071 3640 1076 '

1969 1151 2228 1217 formam,
2259 1150 2305 1206 si
2337 1151 2416 1206 sic
2446 1149 2715 1220 intelligas
2765 1157 2824 1203 ut
2854 1149 2907 1202 in
2939 1147 3164 1203 alteram
3194 1149 3430 1219 speciem
3461 1150 3558 1205 de-

1969 1251 2234 1306 mutetur,
2276 1250 2331 1297 et
2367 1251 2496 1296 tunc
2551 1255 2675 1295 cum
2713 1240 3039 1296 obductione
3075 1240 3389 1295 cicatricum
3429 1246 3562 1296 deus

1968 1343 2026 1388 et
2053 1332 2341 1388 umbilicus
2377 1331 2498 1397 ille,
2533 1340 2588 1386 et
2615 1331 2661 1386 si
2687 1331 2817 1402 quid
2849 1340 2931 1386 est
2957 1329 3101 1385 aliud
3145 1329 3374 1394 residui,
3405 1331 3560 1400 quasi

1969 1425 2142 1482 veteri
2176 1435 2368 1480 trunco
2398 1424 2649 1480 insitivus
2678 1422 2931 1478 surculus
2962 1430 3288 1494 apponatur,
3323 1421 3556 1476 dicimus

1967 1517 2130 1588 plane
2166 1517 2316 1587 quia,
2347 1516 2396 1572 si
2428 1516 2508 1572 sic
2539 1529 2598 1570 se
2629 1530 2717 1570 res
2744 1514 2943 1580 habet,
2976 1513 3096 1568 dum
3131 1511 3564 1567 resurrectiones

1967 1608 2173 1666 Christi
2209 1616 2391 1674 erunt,
2433 1617 2489 1664 et
2523 1606 2608 1662 bis
2641 1604 3039 1660 immutabitur.
3089 1602 3146 1658 Si
3191 1611 3374 1658 tantus
3409 1617 3565 1656 error

1969 1699 2232 1755 coalescit
2259 1699 2312 1753 in
2342 1697 2546 1768 capite,
2587 1696 2715 1765 quid
2745 1696 2945 1765 poterit
2985 1695 3051 1748 de
3081 1693 3450 1748 membrorum
3481 1706 3565 1746 re-

1969 1793 2314 1851 surrectione
2336 1792 2459 1862 quis
2485 1789 2755 1847 credere?
2781 1787 3096 1843 Transitum
3125 1785 3276 1840 illum
3301 1785 3366 1840 de
3391 1783 3563 1840 forma

1967 1887 2024 1946 in
2079 1887 2315 1942 formam
2375 1883 2582 1940 Christi
2646 1880 2724 1936 nil
2791 1880 2937 1936 aliud
2998 1877 3349 1948 intelligimus
3401 1890 3564 1945 quam

1969 1976 2225 2046 absorpta
2253 1981 2427 2029 morte
2456 1973 2509 2026 in
2539 1961 2767 2026 victoria
2792 1969 2840 2039 (Ι
2875 1968 2999 2023 Cor.
3030 1983 3120 2034 xv,
3150 1966 3264 2038 54),
3296 1973 3351 2022 et
3371 1973 3565 2020 exacto

1968 2067 2139 2137 impio
2163 2075 2219 2120 et
2243 2063 2521 2134 impietate
2549 2061 2688 2132 ejus,
2719 2060 2892 2115 diviso
2924 2058 3181 2115 videlicet
3219 2058 3286 2113 ab
3325 2057 3406 2112 ira
3447 2055 3560 2110 vul-

1969 2168 2058 2214 tus
2096 2157 2252 2229 ejus,
2298 2155 2698 2226 apprOpinquat
2745 2167 2838 2206 cor
2884 2149 3028 2206 illius
3074 2147 3246 2221 (Psal.
3287 2165 3406 2214 LIV,
3445 2148 3564 2218 '22),

1967 2251 2137 2318 stulto
2170 2249 2382 2306 scilicet
2413 2247 2583 2318 impio
2609 2261 2678 2301 ne
2713 2245 2892 2300 videat
2916 2243 3143 2314 gloriam
3177 2241 3326 2312 ejus,
3362 2239 3562 2294 admit-

1969 2355 2161 2400 tuntur
2187 2342 2345 2400 electi
2389 2340 2491 2397 soli
2533 2339 2600 2394 ad
2650 2338 2937 2393 videndam
2981 2335 3210 2406 gloriam
3257 2332 3453 2388 divinae
3484 2331 3562 2386 vi-

1965 2435 2138 2491 sionis
2186 2433 2374 2504 ipsius.
2414 2430 2554 2486 Hinc
2592 2437 2676 2486 est
2719 2428 2864 2499 quod
2911 2426 3050 2483 Juda
3101 2435 3338 2482 exeunte
3380 2425 3560 2480 dicit':

1974 2542 1995 2576 ς
2018 2521 2522 2578 Nuncclariﬁcatus
2537 2515 3251 2588 cstFiliushominis(.loan.
3267 2513 3516 2587 xnt,52),
3537 2535 3556 2572 ι

1967 2615 2122 2671 Tunc
2174 2613 2335 2683 plane
2387 2612 2583 2667 transit
2630 2611 2697 2666 ad
2738 2610 2882 2665 hanc
2921 2605 3393 2674 clariﬁcationem,
3439 2621 3561 2662 cum

1964 2795 2202 2851 transire
2237 2808 2338 2850 nos
2364 2793 2530 2858 facit,
2563 2793 2769 2848 scilicet
2808 2790 2952 2848 solos
2979 2789 3183 2846 electos
3211 2790 3278 2845 ad
3303 2798 3561 2845 aeternam

1961 2889 2050 2945 sui
2092 2889 2382 2944 visionem.
2426 2887 2482 2941 lu
2523 2885 2626 2941 hoc
2672 2885 2906 2940 transitu
2956 2883 3036 2940 eis
3088 2881 3366 2937 ministrat
3408 2879 3561 2953 (Luc.

1962 2997 2064 3048 xu,
2117 2981 2233 3052 37),
2278 2995 2403 3036 cum
2454 2977 2704 3048 reprobis
2751 2975 3020 3032 abdicatis
3070 2975 3218 3045 ipsos
3269 2989 3370 3028 suo
3413 2971 3561 3027 vultu

1965 3077 2224 3132 exsatiat.
2265 3075 2519 3132 Christus
2565 3072 2749 3141 itaque
2791 3070 3007 3135 transit,
3050 3084 3173 3124 cum
3213 3077 3338 3136 post
3370 3066 3560 3138 judicii

1965 3171 2113 3225 diem
2163 3170 2329 3224 etiam
2367 3167 2512 3225 servi
2562 3165 2792 3221 formam
2831 3180 2861 3218 a
2913 3163 3267 3230 reproborum
3319 3170 3545 3217 contem-

1964 3260 2208 3330 platione
2230 3259 2480 3324 secludit,
2509 3266 2564 3313 et
2589 3258 2884 3314 electorum
2915 3257 3200 3311 obtutibus
3227 3268 3348 3312 sese
3373 3253 3534 3310 viden

1965 3357 2099 3412 dum
2121 3354 2318 3426 aperit,
2349 3353 2459 3410 imo
2479 3367 2572 3408 eos
2601 3351 2703 3408 sibi
2732 3349 2963 3406 videndo
2994 3347 3278 3421 transigitJ

2595 3443 2824 3502 CAPUT
2867 3443 2930 3499 V.

2041 3543 2068 3615 §
2101 3543 2142 3598 Ι.
2167 3542 2478 3596 Producunt
2503 3537 3017 3596 San-Medardeuses
3038 3535 3302 3606 quoddam
3331 3534 3556 3589 miracu-

1941 3636 2076 3690 -lum
2104 3644 2334 3706 tempore
2375 3633 2628 3688 Ludovici
2667 3629 2757 3685 Pii
2791 3640 3080 3704 patratum.
3127 3627 3197 3682 Id
3234 3643 3337 3682 non
3373 3627 3556 3698 probat

1963 3729 2171 3783 dentem
2221 3723 2519 3781 Saluatoris
2559 3734 2768 3779 exstare
2797 3723 2946 3778 inibi.
2976 3753 3047 3762 —-—
3071 3720 3242 3794 Igitur
3277 3720 3344 3776 iis
3370 3725 3556 3776 contra

1964 3817 2127 3887 hujus
2147 3817 2432 3874 sententiae
2445 3825 2797 3872 exsecutores
2813 3815 3050 3880 emissis,
3071 3813 3199 3870 illud
3211 3812 3556 3869 advertamus

1963 3913 2108 3984 quod
2139 3912 2193 3966 in
2231 3909 2804 3967 Sancti-Medardensi
2833 3909 3059 3966 ecclesia
3093 3907 3351 3963 miracula
3389 3905 3556 3977 pluris

1961 4004 2126 4076 pretii
2167 4020 2332 4074 super
2377 4003 2468 4059 illo
2518 4004 2680 4059 dente
2725 4002 3100 4058 declamitant.
3151 4001 3419 4066 Primum,
3453 3999 3554 4056 nisi

1962 4095 2148 4161 fallor,
2175 4104 2230 4150 et
2276 4095 2421 4165 quod
2468 4093 2810 4164 potissimum
2853 4092 3131 4147 memoriae
3171 4091 3464 4160 succurrit,
3503 4091 3555 4145 id

1963 4197 2078 4252 est,
2105 4187 2246 4241 inter
2269 4185 2576 4257 capellanos
2598 4185 2857 4252 Ludovici
2886 4182 2970 4238 Pii
2995 4183 3336 4254 imperatoris
3363 4183 3416 4237 in
3439 4183 3555 4254 ejus

1963 4279 2136 4348 ipsius
2185 4279 2475 4348 praesentia
2525 4263 2702 4349 super
2745 4278 2850 4332 isto
2901 4275 3253 4330 tractabatur.
3313 4273 3554 4342 Cumque

1962 4370 2121 4424 valde
2156 4386 2184 4424 a
2219 4369 2612 4425 monachorum
2659 4367 2929 4423 sententia
2979 4364 3281 4431 resilit-ent,
3324 4364 3454 4419 nihil
3489 4365 3554 4419 de

279 4448 455 4522 (Joan.
484 4467 578 4519 xx,
606 4453 722 4522 26),
752 4455 1038 4510 interstilia
1072 4471 1304 4526 namque
1339 4457 1606 4526 parietum
1635 4474 1740 4513 non
1768 4473 1860 4528 pe—
1891 4497 1938 4550 Β
1963 4477 2218 4532 corpore,
2257 4462 2400 4531 quod
2436 4459 2676 4531 Virginis
2715 4467 2904 4512 uterus
2936 4456 3074 4511 fudit
3102 4456 3154 4510 in
3191 4456 3372 4521 terris,
3404 4471 3550 4510 rese-

282 4552 492 4598 nctrant
515 4547 724 4616 pondus
751 4549 934 4602 carnis
963 4563 1028 4602 ac
1059 4564 1205 4613 ossa,
1237 4564 1338 4603 nec
1365 4550 1660 4606 aelhcream
1691 4551 1853 4606 habi-

287 4637 532 4693 tationem
573 4639 696 4695 talis
721 4641 1042 4697 naturaliter
1073 4643 1276 4712 patitur
1316 4643 1672 4713 corpulentia,
1708 4648 1853 4717 quod

286 4738 444 4786 totum
476 4732 663 4788 virtuti
704 4736 1122 4791 resurrectionis
1162 4737 1487 4805 ascribitur;
1517 4739 1610 4808 qui
1641 4755 1700 4795 se
1738 4741 1852 4795 lon—

281 4825 386 4894 gius
430 4826 632 4882 iturum
679 4825 834 4898 ﬁngit
871 4827 1034 4899 357
1085 4830 1213 4884 dum
1272 4845 1301 4884 a
1352 4830 1561 4886 duobus
1609 4832 1854 4901 praefatis

281 4931 548 4974 remanere
571 4919 912 4990 compellitur
941 4921 1090 4991 (Lur.
1120 4938 1270 4987 xxw,
1304 4924 1419 4992 28),
1453 4939 1558 4979 non
1587 4926 1759 4996 powit
1784 4927 1852 4980 ad

282 5008 455 5063 horam
485 5011 636 5082 signa
668 5013 938 5081 passionis
959 5028 1148 5068 recens
1172 5023 1307 5070 actae
1338 5016 1561 5072 cuilibet
1584 5018 1853 5074 dubitanti

283 5115 588 5171 proponere,
621 5121 688 5159 ex
717 5121 824 5175 quo
855 5107 935 5161 sui
971 5107 1138 5176 ipsius
1176 5118 1286 5163 tum
1321 5119 1540 5177 natura,
1582 5121 1693 5167 tum
1723 5128 1851 5184 per-

279 5206 399 5248 sona
437 5196 739 5266 probetur?
769 5198 958 5255 Nonne
999 5200 1085 5254 illa
1121 5215 1304 5256 coram
1346 5202 1539 5272 Petro,
1568 5204 1770 5262 Jacobo
1799 5217 1854 5262 et

281 5283 476 5343 Joanne
498 5287 552 5342 in
583 5298 767 5345 monte
792 5292 1196 5361 transfiguratio
1215 5295 1588 5364 perfunctoria
1619 5300 1848 5366 exstitit,

283 5378 485 5451 (Matth.
517 5398 652 5450 xvu,
686 5383 764 5456 2),
795 5394 852 5439 ut
877 5386 1133 5456 probaret
1156 5403 1318 5458 quem
1349 5401 1470 5460 post
1499 5394 1853 5450 resurrectio-

281 5488 390 5529 nem
439 5484 640 5531 statum
694 5478 963 5545 habuerit,
1015 5496 1175 5551 quem
1220 5492 1397 5539 tamen
1448 5493 1507 5539 ut
1557 5495 1848 5552 crat,cum

279 5567 676 5636 resurrexisset,
727 5586 823 5641 pro
874 5571 1192 5629 infirmitate
1218 5575 1514 5632 videntium
1563 5581 1850 5636 ostendere

279 5646 611 5727 supersedit?
644 5660 722 5716 Ac
757 5663 801 5718 si
834 5664 1037 5720 diceret
1066 5684 1078 5720 :
1119 5667 1256 5734 Quia
1297 5670 1450 5725 vobis
1489 5686 1595 5725 non
1633 5672 1850 5741 expedit

279 5759 328 5804 ut
377 5751 647 5808 immutati
705 5758 948 5829 corporis
1001 5759 1304 5817 claritatem
1365 5763 1516 5820 vobis
1571 5765 1844 5822 redivivus

1963 4557 2108 4612 disse
2141 4554 2400 4619 ferentes,
2441 4552 2506 4606 ad
2550 4552 2841 4606 missarum
2880 4549 3141 4606 solemnia
3172 4557 3385 4605 constat
3420 4566 3551 4604 vcn-

1961 4659 2099 4704 tum.
2145 4647 2260 4702 Illic
2287 4647 2340 4701 in
2392 4645 2567 4716 sacris
2609 4642 2804 4700 mediis
2837 4642 3227 4716 pbylaclcrium
3274 4644 3343 4699 ab
3394 4642 3551 4697 altari

1961 4743 2162 4799 dicitur
2199 4740 2504 4797 substitisse
2550 4753 2910 4810 suspensum;
2945 4737 3087 4808 quod
3125 4737 3244 4802 sibi,
3278 4745 3332 4793 et
3359 4735 3535 4808 aliqui-

1959 4837 2092 4902 bus,
2127 4836 2218 4906 qui
2256 4834 2537 4901 viderunt,
2569 4832 2844 4888 exstitisse
2874 4831 3025 4887 aiunt
3069 4841 3408 4901 argumento.
3445 4829 3551 4885 Sed

1962 4930 2127 5000 quod,
2173 4942 2376 4998 quaeso,
2414 4924 2842 4998 argumentum?
2879 4924 3007 4992 Quae
3042 4939 3297 4996 superna,
3342 4936 3550 4993 quaeso,

1961 5037 2085 5087 vox,
2119 5022 2264 5092 quis,
2295 5033 2523 5090 precor,
2556 5015 2779 5089 angelus
2809 5017 3074 5082 detonuit,
3109 5017 3321 5070 dentem
3361 5012 3550 5068 Salva-

1961 5115 2096 5171 toris
2129 5123 2262 5168 tunc
2289 5127 2410 5168 csse
2440 5126 2602 5181 quem
2639 5109 2872 5165 tenellus
2894 5107 3165 5164 ediderit?
3189 5106 3295 5162 Sed
3327 5106 3454 5177 quid
3481 5107 3548 5161 ad

1961 5222 2048 5262 me
2077 5207 2334 5278 angelus,
2371 5205 2501 5275 quid
2543 5219 2645 5258 vos
2675 5203 2698 5256 ?
2737 5202 2794 5255 Si
2841 5200 3019 5255 throni
3059 5208 3114 5253 et
3150 5197 3548 5254 dominationes

1961 5299 2109 5356 istud
2139 5308 2474 5364 asscrcrent,
2498 5295 2631 5350 nulli
2664 5308 2788 5348 vere
2812 5290 3075 5356 ﬁdelium,
3102 5290 3194 5345 sed
3223 5288 3344 5345 fidei
3373 5289 3549 5346 scien-

1960 5390 2091 5444 tiam
2123 5388 2438 5443 habentium
2471 5386 2635 5441 animi
2660 5382 2911 5440 assentiri
2940 5380 3048 5436 ullo
3082 5381 3238 5436 modo
3263 5381 3542 5437 deberent.

1957 5481 2083 5550 Qui,
2114 5490 2172 5535 ut
2203 5479 2456 5551 superius
2481 5477 2736 5542 diximus,
2768 5487 2820 5531 et
2848 5473 3040 5529 millies
3073 5472 3423 5546 repetendum
3447 5473 3546 5529 du-

1957 5575 2154 5638 cimus,
2180 5573 2222 5626 si
2247 5569 2500 5641 capillum
2524 5568 2590 5622 de
2611 5567 2765 5621 nobis
2789 5583 2892 5622 non
2917 5566 3220 5636 periturum
3243 5574 3542 5632 asseverat,

1959 5670 2004 5726 si
2039 5666 2315 5738 quidpiam
2358 5665 2410 5719 in
2448 5672 2588 5719 terra
2621 5660 2784 5717 habet
2809 5661 3040 5732 residui,
3079 5664 3131 5717 in
3165 5679 3222 5718 se
3262 5663 3545 5719 credentes

1956 5762 2142 5835 potius
2176 5759 2426 5830 exemplo
2465 5773 2562 5814 suo
2599 5757 2888 5828 desperare
2927 5772 3089 5828 quam
3123 5757 3388 5813 doctrinis
3425 5769 3543 5811 cre-
