4014 6324
980 330 1014 371 ζ.

251 360 345 437 te
980 341 1014 371 τ’
1170 356 1259 414 oe
1296 353 1716 415 maneamus
1757 348 2204 411 saucronuu.
2232 382 2300 396 -
2327 351 2454 411 ue.
2497 349 2588 409 ιγ.
2958 436 2965 437 ί
3368 341 3474 400 eos

256 492 453 557 experta
480 486 802 548 conlegerat.
823 457 827 460 ’
852 455 1011 531 Οιιιιι
1042 472 1390 545 θιῖςθξιιθηιιθ
1448 473 1565 542 ipsa
1623 468 1788 525 futuri
1818 471 1868 532 Α
1898 478 1997 523 est.
2027 497 2097 507 —
2122 465 2294 521 Porro
2317 467 2386 521 de
2413 463 2625 521 caeteris
2659 460 2969 526 definimus,
3008 455 3134 529 Quia
3160 455 3207 513 si
3233 456 3285 511 in
3309 471 3475 510 cano-

254 554 407 638 s'atiis
432 574 540 643 ejus
569 588 670 625 uou
700 572 908 640 ignara,
934 582 1108 638 neque
1136 566 1276 623 ullus
1313 566 1405 639 qui
1437 581 1561 622 eum
1592 581 1622 619 a
1644 578 1792 637 com-
1901 560 2063 615 nibus
2094 567 2314 614 cautum
2344 568 2427 614 est
2475 574 2543 613 ne
2580 557 2795 626 quando
2826 554 3157 624 martyribus
3183 564 3477 606 connume-

253 667 385 727 muui
414 662 678 720 hominum
705 675 883 715 massa
915 666 1245 723 secerneret,
1287 658 1405 712 haec
1446 655 1683 727 posteris
1704 668 1795 710 re-
1902 660 2054 707 retur
2081 651 2128 705 si
2152 650 2274 720 quis
2305 652 2448 704 inter
2490 647 2940 718 confringendum
2975 644 3117 699 idola
3156 642 3479 712 perimatur,

252 758 477 818 servarit,
514 766 906 821 supervacanea
938 752 1159 806 omnino
1200 750 1508 805 habeantur
1542 763 1796 819 qumcun-
1901 745 2009 800 alio
2030 747 2173 801 enim
2204 743 2433 799 forsitan
2465 756 2651 797 errore
2673 740 2967 804 diducitur,
2998 745 3057 792 ut
3084 734 3260 790 nullus
3286 748 3478 803 quam-

253 862 345 917 que
373 845 485 913 quis
527 842 591 895 de
624 856 851 911 corpore
894 850 1042 895 tanto
1090 840 1517 911 prazsumpserit.
1570 838 1798 893 Constat
1900 841 1986 894 vis
2014 843 2213 895 bonum
2246 837 2312 890 ad
2355 836 2592 905 speciem
2645 833 2834 889 habitu
2869 828 3118 896 efferens,
3166 843 3263 900 pro
3289 834 3482 883 saneto

255 949 463 1006 namque
509 934 646 1004 apud
697 948 795 988 nos
820 932 1062 1002 Apostoli
1085 940 1347 1002 quantum
1378 931 1557 987 brevis
1582 939 1790 984 tantum

255 1039 355 1085 rata
378 1025 654 1090 sententia,
681 1025 808 1096 quia
821 1039 1019 1095 corpus
1040 1025 1180 1080 idem
1212 1024 1595 1079 annuntiatum
1620 1032 1701 1078 est
1728 1022 1797 1075 ab

248 1121 451 1189 angelis,
484 1118 829 1187 praedicatum
858 1124 943 1174 est
965 1117 1037 1185 [in
1078 1115 1298 1181 mundo,
1333 1123 1669 1185 assumptum
1716 1120 1800 1169 est

247 1213 293 1265 iu
323 1210 480 1279 gloria
513 1206 563 1276 (l
597 1207 731 1262 Tim.
756 1224 842 1274 tu,
875 1208 985 1279 16).

308 1300 386 1354 EI
398 1298 623 1369 reliquiis
644 1309 943 1355 sanctorum
960 1310 1217 1371 quastum
1237 1301 1494 1374 persequi,
1518 1300 1802 1371 profanum

1906 930 2068 985 facile
2108 929 2391 993 habeatur,
2421 927 2525 982 nisi
2573 940 2790 995 quoque
2821 933 2982 996 pacto
3010 939 3077 979 ex
3111 922 3287 977 divina
3336 935 3484 976 reve.

1904 1022 2105 1077 latione
2145 1022 2424 1091 probetur.
2492 1019 2768 1086 Quaestum
2824 1026 3005 1071 autem
3055 1030 3123 1070 ex
3172 1024 3483 1069 sanctorum

1906 1114 1992 1167 vel
2050 1112 2489 1177 circumlatione,
2548 1109 2635 1164 vel
2685 1108 2890 1165 ossium
2939 1121 3127 1162 eorum
3179 1105 3486 1160 ostensione

1906 1218 2153 1274 qumrcre
2186 1245 2200 1267 ,
2239 1218 2400 1272 quam
2448 1201 2735 1272 profanum
2794 1200 2866 1255 sit
2920 1198 3152 1261 discite,
3220 1198 3267 1251 si
3311 1195 3488 1250 velitis

1909 1311 2063 1365 aeque
2087 1305 2307 1351 sanctos
2336 1292 2737 1363 avaritiamque
2764 1299 2976 1347 taxare.

251 1388 3495 1468 _____________________________________',

1346 1587 1708 1677 LIBER
1779 1581 2367 1693 QUARTUS.
2631 1680 2641 1689 _
2864 1664 2921 1672 ..

3246 1544 3359 1569 .Aq.

1469 1764 1562 1852 De
1595 1761 1893 1824 interiori
1938 1758 2238 1827 mundo.)
2274 1736 2281 1763 ἶ
2383 1734 2386 1759 ’
2558 1744 2571 1835 ί

737 2065 965 2131 CAPUT
1004 2062 1295 2122 PRIMUM.

298 2164 453 2235 359
478 2162 505 2237 §
541 2158 584 2219 ι.
619 2158 724 2218 Res
755 2173 988 2218 terrenas
1015 2162 1263 2216 abdicare
1289 2159 1435 2213 debet
1465 2158 1556 2222 qui
1582 2167 1807 2211 contem-

234 2254 440 2331 plationi
496 2273 551 2311 se
608 2256 834 2311 addicit.
879 2256 1256 2311 —-Intcrioris
1313 2248 1498 2305 mundi
1562 2259 1802 2316 statum,

237 2364 383 2420 quem
414 2348 550 2404 visio
578 2358 805 2405 externa
840 2363 946 2405 non
976 2350 1141 2418 capit,
1192 2349 1510 2419 imaginatio
1556 2347 1664 2401 ulla
1699 2362 1808 2403 non

238 2440 481 2510 concipit,
512 2441 629 2496 sola
661 2440 917 2496 nimirum
944 2442 1117 2497 virtus
1143 2441 1616 2512 contemplationis
1646 2439 1810 2493 attin-

238 2532 326 2603 git.
355 2532 456 2588 Ubi
488 2533 637 2588 enim
671 2534 804 2588 nihil
833 2534 1135 2600 materiale,
1171 2549 1271 2589 nec
1296 2535 1439 2605 quod
1469 2531 1808 2589 sensualitali

237 2624 505 2693 subiaceat
530 2626 833 2691 invenitur,
857 2641 967 2681 uno
988 2627 1147 2698 plane
1179 2625 1661 2682 intellectualitatis
1681 2639 1811 2679 acu-

232 2719 368 2773 mine
396 2728 727 2789 penetratur
758 2738 771 2775 :
806 2720 897 2775 illo
931 2720 1308 2791 proculdubio
1347 2735 1454 2775 uno
1489 2718 1668 2784 oculo,
1717 2716 1811 2773 illo

228 2824 324 2864 uno
344 2810 464 2865 colli
496 2811 589 2865 sui
620 2811 796 2878 crine,
821 2811 872 2866 id
894 2821 976 2867 est
1004 2813 1161 2867 unica
1190 2822 1243 2867 et
1267 2812 1576 2868 indivisibili
1603 2811 1809 2883 cogita-

226 2900 419 2956 tionum
475 2903 790 2959 intentione
835 2912 889 2959 et
945 2904 1314 2972 cohibitione,
1365 2921 1468 2976 qua
1517 2920 1713 2976 sponsa
1755 2904 1809 2958 in

224 2993 449 3050 Canticis
516 3011 727 3066 sponso
791 2997 1132 3067 potissimum
1204 2996 1419 3068 placere
1471 2997 1812 3069 dignoscitur

225 3086 389 3159 (Cant.
412 3105 490 3156 tv,
516 3090 603 3160 9).
638 3089 804 3160 Cujus
847 3090 1100 3146 intuitum
1134 3090 1278 3147 sicut
1300 3092 1381 3153 ,in
1412 3091 1477 3147 iis
1507 3090 1809 3146 tractabili-

226 3177 320 3234 bus
348 3181 560 3238 habere
588 3196 696 3237 non
726 3197 1035 3251 possumus,
1081 3183 1157 3238 ita
1184 3182 1426 3238 locorum
1462 3196 1715 3253 corpora,
1760 3186 1815 3235 et

227 3271 338 3328 loca
361 3290 659 3345 corporum
693 3276 746 3329 in
791 3275 936 3331 illius
979 3277 1415 3334 consideratione
1452 3275 1655 3331 sentire
1684 3288 1814 3328 neu-

1839 2042 1888 2100 Β
1914 2038 2313 2129 ροξιωιιῖωιιι
2346 2035 2592 2107 enimid
2608 2043 2716 2107 Déi
2745 2032 3335 2113 vieioné'Eze'c'bielfét'
3364 2030 3498 2100 vsa:

1912 2159 2029 2204 tum
2052 2147 2285 2203 turbinis
2306 2156 2360 2202 et
2388 2146 2724 2217 aquilonem,
2746 2144 2942 2199 nubem
2967 2157 3217 2213 magnam
3245 2148 3297 2194 et
3320 2140 3498 2210 ignem

1914 2239 2298 2303 involventem,
2332 2236 2676 2307 splendorem
2730 2236 2781 2290 in
2814 2235 3070 2299 circuitu,
3122 2241 3355 2301 quatuor
3382 2228 3500 2283 ani-

1913 2332 2077 2390 malia
2102 2330 2464 2401 quadrifidam
2506 2328 2762 2385 habentia
2784 2327 3019 2399 speciem
3049 2323 3271 2397 (Exerit.
3297 2320 3497 2391 1,4,5),

1912 2441 2034 2482 cum
2086 2425 2253 2480 etiam
2292 2422 2576 2478 aedificium
2623 2422 2679 2477 in
2723 2429 2904 2476 monte
2936 2419 3117 2474 metiri
3162 2416 3501 2485 conspiceret

1914 2522 2131 2587 (Ezeclt.
2158 2537 2249 2585 XL,
2273 2518 2353 2587 5),
2386 2519 2515 2588 quid
2548 2517 2691 2573 aliud
2717 2532 2878 2587 quam
2906 2514 3109 2586 eﬂigies
3149 2508 3505 2581 corporalita-

1916 2626 2028 2670 tum
2060 2615 2405 2685 praescriptas
2437 2610 2685 2684 aspexit?
2725 2609 2801 2664 lbi
2820 2608 3027 2671 limina,
3063 2605 3135 2661 ibi
3181 2611 3375 2675 portat,
3428 2600 3502 2655 ibi

1914 2708 2181 2765 vestibula
2212 2718 2268 2763 et
2309 2707 2587 2773 fenestrze,
2630 2704 2700 2759 ibi
2741 2703 2827 2758 vir
2870 2702 2968 2756 sub
3024 2699 3203 2771 specie
3234 2696 3381 2761 atris,
3432 2694 3503 2749 ibi

1919 2800 2163 2858 calamus
2190 2800 2574 2868 funiculusque
2608 2794 2897 2851 mensoris.
2928 2791 3067 2859 Quid
3097 2786 3390 2859 plura?lbi
3413 2792 3508 2839 aut

1918 2910 2148 2966 corpora
2208 2902 2301 2947 aut
2355 2890 2744 2946 similitudines
2798 2898 3090 2956 corporum
3142 2887 3503 2942 contuentur,

1919 3004 2018 3044 nec
2063 2987 2209 3042 aliud
2253 2985 2531 3056 quidpiam
2581 2981 2918 3052 pervidetur,
2948 2974 3093 3048 quod
3143 2989 3248 3029 non
3300 2971 3507 3027 formas

1917 3081 2270 3153 praesentium
2305 3079 2667 3145 undecunque
2692 3071 2982 3142 resculpat.
3005 3065 3328 3139 lloc‘lsaias,
3358 3062 3509 3118 Jere-

1920 3175 2079 3240 mias,
2116 3171 2326 3235 Daniel,
2358 3180 2411 3226 et
2442 3169 2487 3225 si
2518 3168 2610 3240 qui
2640 3167 2751 3231 alii,
2788 3164 2983 3235 quibus
3009 3177 3068 3217 se
3089 3153 3507 3229 conspicabilem

1920 3267 2214 3338 praebuerit
2246 3265 2410 3325 Deus,
2451 3278 2557 3318 nou
2604 3260 2857 3323 veritate,
2888 3255 2983 3312 sed
3026 3252 3194 3324 signis
3225 3265 3292 3305 ac
3321 3244 3510 3318 ﬁguris

227 3362 424 3434 liquam
458 3344 847 3435 pervalemus.
899 3364 1055 3421 Sicut
1104 3369 1158 3422 iu
1215 3368 1456 3438 qualibet
1503 3365 1719 3438 pagina,
1768 3363 1813 3419 si
1844 3400 1889 3461 C
1923 3360 2233 3424 enuntiant,
2266 3359 2391 3414 dum
2438 3356 2634 3412 solium
2668 3352 2761 3407 Dei
2791 3367 2849 3406 se
2886 3348 3087 3404 vidisse
3130 3344 3509 3408 declamitant,

223 3456 560 3513 sententiam
605 3457 1081 3528 Contemplativatn
1133 3458 1449 3523 attenderis,
1495 3457 1616 3513 aliis
1642 3456 1813 3513 oculis
1846 3440 1889 3462 υ

229 3547 453 3616 litteras,
484 3552 692 3623 quibus
734 3552 1004 3608 sententia
1038 3553 1371 3616 continetur,
1405 3551 1648 3623 inspicis,
1694 3549 1815 3606 aliis

226 3643 323 3701 hoc
352 3646 562 3718 ipsum,
587 3651 734 3721 quod
759 3650 877 3708 sola
914 3650 1128 3708 ratione
1154 3648 1446 3720 colligitur,
1483 3646 1816 3718 contempla-

226 3753 316 3795 HS.

289 3834 370 3890 Ad
395 3836 514 3892 hare
543 3846 727 3894 autem
753 3839 837 3895 vis
860 3839 1305 3911 imaginationum
1335 3836 1479 3892 nulla
1499 3851 1556 3892 se
1580 3833 1815 3900 confert,

224 3924 345 3995 quia
374 3928 467 3983 ubi
499 3945 605 3986 nec
630 3931 1023 4001 temporalitas,
1052 3947 1153 3987 nec
1183 3930 1561 4001 temporalitati
1584 3928 1817 3984 obnoxia

225 4020 391 4078 moles
449 4023 643 4094 aliqua
703 4026 872 4081 menti
927 4042 987 4082 se
1034 4026 1254 4097 ingerit,
1307 4025 1443 4080 nihil
1501 4024 1699 4090 visum,
1726 4030 1819 4077 aut

223 4115 366 4183 quod
390 4117 572 4173 videri
596 4118 792 4188 possit,
809 4120 1053 4175 exterius
1076 4119 1128 4174 in
1155 4135 1213 4175 se
1239 4119 1492 4174 admittit.
1521 4120 1651 4186 Qua;
1672 4118 1819 4172 enim

222 4208 437 4265 nonnisi
505 4208 717 4265 formas
770 4219 825 4267 et
878 4212 1311 4282 corruptibilium
1371 4210 1819 4267 consuetudinem

224 4301 440 4374 recipit,
474 4318 702 4374 semper
749 4304 1028 4360 tenuitatis
1064 4304 1349 4375 impatiens
1378 4304 1701 4359 usitatarum
1730 4317 1820 4357 re-

225 4407 342 4449 rum
376 4397 769 4454 recordatione
798 4398 1115 4470 grossescit.
1156 4398 1310 4465 Quod
1340 4398 1388 4453 si
1426 4380 1492 4451 ad
1525 4395 1823 4466 quamlibet

222 4491 464 4558 speciem
522 4492 848 4549 subtilitatis
895 4493 1026 4547 velit
1076 4491 1231 4555 eniti,
1282 4506 1391 4546 non
1441 4489 1547 4544 nisi
1587 4497 1824 4543 externa:

220 4578 449 4635 visionis
482 4591 713 4638 extrusa
761 4581 1067 4654 frequentia
1105 4583 1171 4638 ad
1215 4580 1598 4637 intellectualia
1626 4580 1825 4636 discer-

220 4675 397 4730 nenda
443 4676 599 4732 valet
629 4676 854 4733 intendi.
886 4677 1015 4733 lude
1066 4688 1121 4735 et
1165 4678 1349 4734 clauso
1386 4677 1527 4732 ostio
1575 4674 1828 4743 iubemur

1922 3464 1977 3511 et
1999 3454 2119 3511 solii
2144 3452 2382 3524 speciem
2408 3449 2653 3520 sapbiro,
2680 3462 2745 3501 ac
2774 3441 3109 3516 cbrysolitho
3132 3444 3474 3508 comparant.

1994 3551 2128 3605 Cum
2157 3561 2286 3617 ergo
2313 3545 2552 3599 divinam
2603 3541 2836 3597 formam
2882 3546 2975 3592 aut
3002 3535 3110 3607 igni
3145 3538 3508 3603 comportcnt,

1923 3653 2018 3700 aut
2043 3643 2097 3697 in
2120 3641 2388 3696 humanas
2415 3635 2766 3692 habitudines
2796 3646 2894 3703 per
2923 3626 3293 3685 membrorum
3326 3623 3513 3692 singu-

1923 3735 2101 3792 lorum
2127 3732 2351 3787 schema
2385 3726 2740 3789 distribuant,
2767 3740 2872 3779 non
2904 3730 2988 3778 est
3019 3720 3091 3776 ibi
3123 3718 3268 3790 quod
3298 3716 3363 3771 de
3385 3729 3513 3769 vera

1923 3823 2310 3897 omnipotentis
2335 3821 2429 3876 Dei
2452 3818 2802 3888 simplicitate
2833 3817 3067 3882 dicatur,
3102 3828 3223 3868 cum
3252 3804 3515 3881 quidquid

1923 3923 1990 3977 de
2038 3918 2129 3974 illo
2166 3915 2616 3983 iucirconscripto
2670 3912 2873 3983 agitur,
2924 3905 3302 3978 corporalibus
3346 3914 3517 3971 augu-

1924 4014 2046 4071 stiis
2074 4006 2468 4081 comprehendi
2516 4020 2677 4075 posse
2724 3986 2965 4077 putetur.
3014 4000 3101 4057 Nil
3132 3998 3277 4054 enim
3310 3995 3382 4050 ibi
3433 3998 3518 4047 est

1924 4107 2070 4179 quod
2097 4107 2394 4163 secundum
2440 4103 2733 4174 puritatem
2777 4094 3122 4165 sempiterna:
3154 4086 3405 4145 essentia:
3438 4081 3520 4137 di-

1928 4204 2185 4269 ctitetur;
2239 4210 2325 4257 est
2371 4211 2553 4254 autem
2611 4192 2755 4266 quod
2802 4190 2992 4261 figuris
3038 4194 3093 4242 et
3142 4180 3518 4254 :enigmatibus

1929 4296 2069 4352 adeo
2083 4293 2520 4365 przestriugatur,
2555 4297 2617 4343 ut
2646 4286 2713 4341 de
2740 4284 2857 4355 ejus
2887 4291 3083 4336 natura
3112 4276 3188 4330 nil
3215 4272 3515 4365 proprium,

1929 4389 2027 4445 sed
2060 4359 2202 4457 quod
2230 4359 2492 4440 membris
2526 4380 2696 4452 ipsius
2720 4373 3011 4445 allegorice
3045 4368 3297 4430 attineat,
3326 4359 3521 4457 pracdi-

1931 4448 2109 4536 cetur.
2152 4475 2336 4547 Signis
2368 4448 2637 4543 igitur—ac
2668 4464 2863 4537 ﬁguris
2903 4475 3023 4516 cum
3055 4456 3305 4513 universa
3346 4448 3522 4505 consi—

1934 4580 2105 4639 stant,
2129 4579 2184 4634 et
2207 4543 2260 4624 in
2288 4566 2503 4622 Veteris
2530 4558 2865 4618 Testameuti
2886 4553 3198 4611 auctoribus
3222 4545 3354 4602 nihil
3380 4543 3524 4614 quod

1939 4667 2006 4722 de
2030 4664 2141 4720 Deo
2164 4658 2455 4718 essentiale
2480 4655 2775 4727 ;credatur,
2817 4646 3048 4705 inveniri
3091 4650 3280 4713 queat,
3324 4646 3524 4709 praeter

219 4780 382 4825 orare
410 4769 643 4826 Patrem
676 4772 896 4845 (Matth.
922 4790 1003 4840 ιιι,
1029 4774 1106 4843 ϐ).
1136 4774 1249 4829 lloe
1281 4781 1337 4829 et
1365 4731 1625 4844 primum,
1657 4780 1713 4825 et
1742 4783 1829 4825 se-
1863 4762 1916 4822 D
1940 4754 2114 4815 ἱιιύάὲ
2148 4774 2167 4808 ί
2202 4755 2316 4823 Εεο
2345 4766 2465 4806 sum
2495 4747 2588 4817 (Ιυί
2616 4760 2757 4801 sumo
2788 4761 2807 4795 ³
2842 4741 2945 4796 Et:
2981 4758 2999 4790 ί
3035 4735 3137 4803 Ουί
3164 4742 3247 4789 οδε
3274 4731 3525 4845 [ηίδίίίηο

222 4862 492 4929 cundum,
531 4875 591 4918 et
634 4864 855 4921 tertium
883 4865 1104 4931 caelum,
1150 4865 1217 4920 de
1265 4880 1373 4934 quo
1401 4862 1690 4934 Apostolus
1720 4858 1825 4930 (ll

221 4950 346 5009 Cor.
373 4972 485 5022 xu,
518 4956 605 5026 2).
633 4956 748 5015 Hoc
770 4944 931 5029 igitur
952 4957 1111 5013 modo
1135 4974 1256 5013 cum
1288 4956 1642 5027 spiritualitas
1670 4952 1829 5024 quasi

218 5049 286 5103 ad
318 5051 611 5121 quoddam
652 5053 947 5109 actbereum
981 5051 1180 5107 coelum
1216 5060 1271 5106 et
1305 5052 1439 5115 sola,
1483 5060 1539 5105 et
1584 5064 1617 5103 a
1661 5059 1831 5103 terre-

218 5142 306 5199 nis
333 5144 609 5200 omnibus
641 5145 955 5201 incomitata
984 5144 1347 5215 progreditur,
1384 5143 1693 5214 specialiter
1722 5138 1831 5208 spi-

220 5236 533 5293 ritualibus
590 5236 895 5307 spiritualia
943 5246 1253 5308 comparat,
1302 5236 1429 5291 dum
1478 5228 1832 5289 intellectuali

220 5329 547 5386 subtilitate
576 5330 926 5401 incorporeas
954 5330 1073 5386 illas
1105 5330 1312 5399 species
1338 5327 1524 5383 mundi
1558 5321 1834 5381 interioris

218 5425 551 5479 examinat.

296 5517 326 5591 §
354 5517 422 5573 Il.
468 5516 715 5574 Visiones
742 5521 797 5575 in
825 5522 990 5576 sacris
1019 5519 1305 5589 Scripturis
1333 5517 1489 5573 menti
1519 5514 1688 5571 solum
1719 5528 1836 5566 cor-

221 5628 424 5681 porea:
461 5614 715 5681 ingerunt
742 5615 1015 5683 imagines.
1043 5643 1116 5654 ——
1145 5613 1250 5669 Sed
1283 5612 1425 5684 quod
1457 5611 1687 5665 dicimus
1707 5622 1839 5678 prte-

222 5707 429 5778 pedire
458 5706 622 5761 valde
648 5723 926 5763 sacrarum
948 5710 1001 5763 in
1028 5708 1208 5765 Veteri
1233 5724 1297 5763 ac
1320 5706 1467 5761 Novo
1488 5704 1839 5759 Testamento

225 5798 524 5854 visionum
570 5799 820 5854 videntur
872 5800 1133 5865 historiae,
1180 5815 1299 5870 quae
1334 5798 1400 5853 ad
1436 5797 1582 5851 illum
1637 5802 1841 5850 erecta:

224 5901 444 5951 statum
505 5891 724 5949 uertitisi
769 5908 995 5967 corpore
1024 5907 1210 5951 earum
1266 5892 1559 5965 imaginum
1593 5890 1707 5947 visa
1753 5903 1839 5944 re-

1941 4853 2009 4909 ad
2034 4866 2133 4906 vos
2162 4846 2362 4921 (Exod.
2395 4860 2475 4910 ιιι,
2504 4840 2618 4911 la),
2652 4858 2671 4891 ι
2708 4845 2902 4893 ςιυιριξι
2930 4847 3051 4905 qua:
3082 4831 3148 4885 de
3184 4843 3251 4884 eo
3276 4827 3528 4881 feruntur

1945 4920 2227 5014 tantopere
2258 4941 2507 4995 humanae
2535 4927 2945 4989 consuetudinis
2982 4926 3125 4981 dicta
3158 4920 3405 4988 factaque
3439 4932 3527 4971 re—

1944 5038 2155 5103 dolent,
2184 5047 2241 5089 ttt
2263 5035 2316 5087 in
2347 5031 2493 5088 omni
2519 5042 2715 5100 prmter
2741 5036 3024 5101 peccatum
3051 5020 3303 5095 passione
3330 5009 3531 5066 nostris

1946 5129 2192 5187 moribus
2220 5127 2304 5182 vel
2336 5124 2573 5180 motibus
2611 5138 2815 5178 morem
2842 5127 3050 5191 gerant.

2021 5225 2146 5281 Haec
2175 5224 2391 5294 quidem
2422 5221 2562 5295 apud
2590 5218 2842 5287 antiquos
2865 5228 3001 5285 pene
3026 5208 3209 5265 omnia
3236 5199 3533 5275 figuraliter

1951 5319 2247 5389 contigisse
2274 5314 2678 5385 cognoscimus,
2710 5317 3014 5376 testemque
3059 5297 3377 5371 Apostolum
3408 5294 3534 5347 hinc

1954 5413 2217 5469 habemus
2246 5410 2295 5481 (I
2325 5410 2448 5463 (ἔον.
2475 5423 2529 5474 x,
2556 5402 2665 5475 Η).
2700 5400 2806 5455 Sed
2845 5406 2899 5454 et
2931 5397 2983 5450 in
3013 5393 3162 5450 Novo
3191 5391 3535 5445 Testamento

1956 5524 2067 5562 non
2114 5506 2271 5574 longe
2306 5518 2465 5558 secus
2520 5515 2583 5554 ac
2636 5495 2771 5550 alias
2808 5507 2866 5548 se
2898 5505 2986 5546 res
3021 5488 3204 5553 habet,
3236 5487 3360 5542 dum
3390 5493 3538 5550 qua:-

1956 5614 2172 5669 eunque
2202 5570 2365 5668 i360
2394 5596 2444 5650 in
2492 5587 2817 5664 Apocalypsi
2846 5585 3119 5647 dicuntur,
3168 5596 3197 5633 a
3247 5572 3435 5630 formis
3482 5570 3535 5624 in

1955 5694 2113 5750 nullo
2170 5690 2493 5747 cxtrinsccis
2556 5683 2845 5742 dissentire
2897 5680 3168 5735 videntur.
3224 5670 3355 5727 Vide
3406 5681 3538 5737 ergo

1956 5806 2121 5861 quam
2153 5787 2239 5843 die
2268 5783 2551 5840 Dotuiuica
2580 5788 2634 5836 et
2657 5775 2809 5847 cujus
2838 5791 2903 5832 ac
2939 5774 2985 5831 si
3016 5761 3539 5832 circumscriptionis

1960 5854 2192 5942 formam
2222 5878 2438 5935 viderit.
2472 5876 2535 5932 Et
2569 5885 2913 5942 summopere
2942 5879 3119 5927 tamen
3147 5854 3533 5921 attendendum
