4014 6324
491 285 602 364 667.

1325 295 1390 351 ν.
1440 293 1769 352 GUIBERTI
1794 290 2086 349 ABBATIS
2111 289 2169 346 S.
2210 289 2573 365 MARlezDE
2603 290 2999 352 NOVIGENTO

3665 307 3764 364 668

491 420 636 493 quod
659 416 856 474 dicitur
886 431 899 468 :
937 429 955 464 ι
993 408 1100 463 Fui
1135 409 1190 462 in
1218 407 1410 476 spiritu
1452 407 1638 478 (Apoc.
1669 424 1710 474 i,
1740 406 1852 478 10).
1889 425 1908 458 ›
1939 403 2079 471 Quid
2107 407 2156 465 Α
2185 405 2501 473 quotidiano
2525 406 2775 462 animalis
2797 408 2980 464 nescio
3002 407 3154 481 cujus
3179 411 3364 468 morsu
3393 429 3644 480 corrosa,
3671 434 3761 488 pe-

487 524 571 570 est
609 511 685 566 fni
717 511 770 564 in
799 503 1033 577 spiritu?
1074 500 1292 555 Scilicet
1323 501 1377 553 in
1426 500 1791 570 spiritualium
1827 507 2070 554 contem-

486 603 745 676 platione.
772 600 830 653 In
858 595 1049 666 spiritu
1077 593 1220 648 enim
1263 607 1372 646 non
1416 590 1632 662 fuisset,
1664 592 1767 647 nisi
1797 593 1938 663 quod
1969 590 2078 662 spi-

489 695 686 751 rituale
716 699 819 753 est,
852 688 1202 757 conspicuum
1235 685 1538 740 habuisset.
1573 684 1631 740 Si
1659 700 1788 755 ergo
1816 683 1947 738 nihil
1971 681 2076 737 nisi

489 783 769 856 spirituale
801 781 1152 852 conSpicuum
1185 778 1288 832 sibi
1325 778 1449 845 fuit,
1493 778 1622 847 quid
1670 786 1753 831 est
1792 776 1933 844 quod
1971 774 2075 828 nisi

485 879 690 934 formas
713 888 1005 944 corporeus
1033 873 1218 928 dicere
1259 885 1364 925 non
1405 871 1600 940 potuit,
1643 883 1780 939 quas
1813 868 2078 922 duntaxat

487 983 600 1038 pra:
620 966 796 1022 oculis
821 963 1048 1019 habuit?

550 1056 789 1111 Attende
827 1055 1011 1125 itaque
1054 1053 1252 1108 divinae
1295 1050 1678 1122 descriptionis
1705 1047 1922 1104 nonnisi
1974 1047 2077 1102 hu-

485 1163 706 1202 manmn
755 1144 1003 1211 modum;
1039 1143 1257 1198 attende
1285 1142 1517 1211 gladium
1549 1141 1632 1195 bis
1671 1148 1912 1204 acutum,
1947 1152 2078 1192 can-

487 1239 734 1305 delabra,
784 1245 840 1292 et
891 1237 1104 1304 stellas;
1143 1245 1217 1300 et,
1250 1245 1309 1290 ut
1339 1236 1406 1291 ad
1441 1234 1687 1290 habitum
1717 1232 1968 1297 redeam,
2001 1229 2077 1283 la-

485 1346 570 1384 na:
619 1329 754 1384 alba:
797 1328 1044 1397 capillos,
1078 1327 1241 1396 pedes
1271 1326 1582 1381 aurichalco
1619 1323 1968 1388 compositos.
1999 1322 2074 1375 lta

487 1421 802 1476 universum
825 1419 1071 1473 volumen
1101 1417 1290 1472 evolve
1315 1433 1328 1481 ;
1358 1415 1744 1484 nusquam’uisi
1763 1413 2076 1467 humanitus

490 1513 631 1568 dicta
664 1511 900 1580 reperies
929 1527 942 1573 ;
979 1523 1242 1576 nusquam
1271 1523 1374 1560 non
1407 1507 1528 1560 dico
1554 1505 1936 1566 substantiale,
1982 1503 2076 1558 sed

487 1603 774 1660 essentiale
795 1602 1083 1672 aliquidde
1100 1600 1212 1654 Deo
1242 1600 1311 1654 ibi
1336 1599 1640 1670 profertur;
1665 1601 1710 1654 si
1737 1599 1866 1670 quid
1894 1608 2074 1652 autem

491 1696 760 1766 prolatum
795 1694 992 1748 ibidem
1035 1703 1267 1755 constat,
1313 1692 1487 1746 multo
1516 1691 1897 1762 allegoriarum
1933 1691 2075 1744 vela-

487 1794 634 1847 mine
683 1791 953 1862 palliatur.
1007 1788 1278 1858 Quidquid
1350 1801 1566 1858 quoque
1645 1786 1756 1841 illic
1824 1787 1888 1840 de
1933 1793 2075 1840 statu

493 1892 695 1939 sancta:
726 1881 982 1936 Ecclesia:
1013 1888 1404 1950 praecantatur,
1430 1879 1690 1933 coloratis
1732 1878 2078 1934 sermonibus

491 1974 856 2040 imunbratur,
888 1983 945 2028 ct
990 1973 1116 2030 licet
1160 1973 1252 2041 qui
1297 1972 1528 2037 viderit,
1585 1970 1638 2025 in
1684 1970 1877 2040 spiritu
1912 1971 2079 2026 fuisse

491 2068 722 2132 dicatur,
754 2081 1090 2137 quaecunque
1123 2066 1450 2120 intrinsecus
1500 2064 1860 2134 spiritualilas
1890 2063 2080 2119 delite-

495 2170 631 2227 scat,
686 2160 819 2216 nihil
861 2160 964 2215 nisi
1016 2157 1390 2229 corruptibilis
1440 2156 1642 2228 speciei
1693 2166 1745 2212 et
1799 2155 2079 2227 corporale

489 2255 852 2325 proloquilur.

561 2348 588 2422 §
619 2347 703 2403 lll.
731 2349 862 2414 Qua:
891 2348 944 2402 in
969 2347 1186 2412 mundo,
1221 2345 1294 2400 nil
1320 2346 1419 2400 nisi
1449 2345 1746 2399 materialia
1771 2353 2076 2414 suggerunt.

491 2440 757 2512 -—lgitur
787 2440 1040 2510 quoniam
1087 2439 1179 2509 qui
1234 2439 1300 2493 de
1348 2438 1699 2509 praesentium
1755 2436 1965 2490 visione
2013 2435 2078 2489 ad

491 2533 706 2587 interna
736 2529 968 2584 videnda
1001 2530 1388 2599 commigrant,
1431 2527 1508 2581 nil
1559 2528 1704 2581 aliud
1737 2541 1900 2596 quam
1934 2525 2079 2596 quod

489 2628 544 2682 in
578 2626 778 2682 mundo
807 2633 1203 2681 consueverant
1231 2625 1415 2678 videre
1450 2630 1752 2692 reportant,
1798 2619 1977 2690 putari
2010 2618 2077 2672 ab

491 2720 671 2789 aliquo
706 2729 889 2790 posset
918 2718 1063 2788 quod
1119 2714 1323 2771 czedem
1360 2712 1545 2769 formae
1590 2711 1728 2782 apud
1779 2709 2078 2780 spiritualia

497 2813 848 2878 haberentur,
880 2826 998 2882 quae
1046 2810 1186 2880 apud
1234 2821 1481 2876 superos,
1538 2806 1647 2860 imo
1679 2804 1819 2874 apud
1851 2801 2074 2864 inferos,

491 2907 634 2978 quod
670 2920 769 2960 nos
804 2918 1012 2967 sunms,
1058 2901 1243 2955 haberi
1273 2900 1542 2954 videntur.
1577 2898 1706 2965 Qua:
1739 2895 2080 2951 uniformitas

491 3001 796 3073 specierum
830 2999 874 3053 si
901 2998 974 3051 ita
996 3005 1099 3063 est,
1125 2995 1268 3066 quod
1290 2993 1602 3048 nullatenus
1621 2989 1945 3046 credendum
1973 2997 2074 3055 est,

490 3109 621 3164 ergo
647 3093 789 3146 inter
820 3105 1018 3159 corpus
1053 3097 1107 3142 et
1135 3087 1386 3157 spiritum
1427 3101 1526 3140 nec
1552 3084 1810 3140 distantia
1839 3099 1938 3138 nec
1967 3083 2074 3138 dis-
2104 3115 2146 3172 ο

492 3183 793 3239 similitudo
843 3188 945 3246 est,
992 3180 1121 3243 imo,
1168 3188 1227 3233 ut
1261 3178 1480 3233 brevius
1525 3177 1706 3231 omnia
1737 3175 2074 3238 contraham,

485 3258 638 3332 certe
689 3290 789 3328 nec
841 3274 956 3344 ipsa
1008 3271 1368 3342 spiritualitas
1419 3269 1625 3340 aliquid
1680 3277 1784 3323 est.
1831 3267 1886 3320 Si
1933 3266 2076 3319 enim

491 3364 669 3420 nullus
690 3363 951 3419 saeculum
983 3363 1124 3418 inter
1145 3372 1438 3431 utrumque
1467 3360 1691 3432 gradus,
1727 3359 1770 3412 si
1814 3359 1879 3412 de
1909 3357 2079 3412 altero

499 3459 550 3512 in
585 3458 816 3512 alterum
868 3456 1023 3528 quasi
1065 3455 1133 3509 de
1170 3469 1400 3524 corpore
1446 3454 1713 3509 transitur
1767 3453 1819 3506 in
1858 3466 2076 3522 corpus,

497 3567 774 3622 numquam
803 3550 870 3606 de
904 3550 1156 3620 przesenti
1193 3550 1298 3603 hoc
1323 3547 1686 3618 qualicunque
1712 3545 1852 3602 bono
1875 3533 2080 3600 transi—

495 3651 579 3697 tur
625 3643 679 3698 in
709 3642 921 3697 melius.
955 3641 1103 3696 Bona
1135 3642 1280 3696 enim
1311 3649 1436 3695 sunt
1466 3655 1495 3693 a
1526 3639 1633 3694 Deo
1683 3639 1925 3703 comlita,
1977 3637 2076 3692 sed

496 3733 852 3804 imaginaria;
878 3733 963 3786 his
984 3732 1189 3786 utimur
1210 3731 1450 3795 interim,
1481 3732 1651 3785 donec
1679 3731 1782 3784 frui
1810 3729 1967 3782 detur
2015 3728 2080 3782 iis

492 3838 635 3894 quae,
665 3824 735 3878 ob
761 3821 1202 3878 transibilitatem
1230 3821 1451 3887 horum,
1483 3830 1750 3878 vocantur
1780 3828 2007 3875 aeterna.

569 3919 597 3991 §
627 3916 714 3971 IV.
752 3917 856 3983 Qui
883 3915 1102 3970 visiones
1138 3915 1423 3970 retulerunt
1452 3931 1601 3980 arms,
1633 3915 1895 3983 corporeis
1930 3913 2080 3967 rebus

495 4009 692 4064 similia
741 4009 1038 4062 exhibuere.
1085 4039 1154 4048 —
1185 4007 1428 4079 Denique
1477 4018 1532 4062 et
1581 4006 1864 4076 praelibato
1900 4006 2079 4060 sensui

497 4101 666 4156 adniti
696 4101 930 4168 videtur,
957 4099 1099 4170 quod
1122 4102 1263 4172 apud
1289 4101 1507 4156 beatum
1537 4115 1732 4170 papam
1759 4098 2079 4170 Gregorium

502 4205 693 4245 onmes
713 4189 804 4259 qui
829 4190 893 4244 de
921 4191 1179 4245 exteriori
1211 4192 1316 4245 isto
1339 4192 1406 4246 ad
1434 4191 1666 4245 interius
1695 4189 1825 4243 illud
1855 4188 2080 4243 redituri

499 4283 868 4352 rapiebantur,
894 4283 1110 4339 nonnisi
1139 4283 1208 4339 iis
1235 4284 1428 4339 similia
1457 4299 1577 4354 qua:
1601 4283 1689 4338 hic
1708 4292 2081 4348 assum-erant,

497 4374 698 4430 vidisse
733 4392 791 4430 sc
819 4378 1187 4432 recolucrunt.
1217 4375 1274 4432 Si
1309 4377 1454 4431 enim
1486 4385 1698 4448 pontes,
1731 4377 1775 4430 si
1803 4376 2015 4441 fluvios,
2038 4375 2083 4430 si

2181 495 2466 549 cuniarum
2517 512 2732 568 quoque
2767 509 2997 561 montes,
3033 500 3190 571 pallia
3218 513 3270 558 et
3294 504 3587 570 oloserica,
3635 524 3763 578 pan-

2180 602 2278 642 nos
2305 589 2527 658 opipare
2566 599 2766 657 textos,
2815 591 3134 649 multifidam
3167 597 3588 665 supellectilem,
3625 601 3764 656 iisin

2181 678 2272 733 illo
2298 681 2546 736 examine
2574 681 2640 736 ad
2670 699 2781 738 sua:
2804 685 3174 754 perversitatis
3197 699 3582 759 argumentum
3606 706 3767 762 oppo-

2180 770 2378 837 nenda,
2409 771 2500 842 qui
2552 772 2784 829 libenter
2834 775 3111 848 accipiunt
3160 794 3408 848 munera,
3467 793 3530 837 ut
3565 767 3780 840 scilicet

2177 874 2498 935 pervertant
2543 866 2772 937 judicia.
2825 869 2937 924 Nec
2971 869 3166 928 desunt
3195 875 3440 945 exempla
3483 877 3767 947 moderna,

2179 970 2310 1010 cum
2351 956 2395 1012 si
2421 971 2526 1026 qua
2551 957 2722 1012 videri
2755 958 2822 1014 de
2852 960 3156 1017 animarum
3182 973 3325 1019 statu
3358 965 3633 1037 hodieque
3653 984 3768 1025 con-

2181 1047 2374 1116 tingat,
2413 1062 2443 1101 a
2473 1048 2634 1104 modo
2671 1063 2830 1118 quem
2858 1052 3210 1120 prtediximus
3239 1055 3384 1110 nulla
3413 1057 3767 1128 disparilitate

2181 1135 2413 1193 differat.

2253 1231 2280 1302 §
2325 1231 2388 1286 γ.
2432 1230 2626 1287 Itidem
2670 1232 2924 1290 Dominus
2975 1239 3028 1291 in
3079 1236 3364 1312 Evangelia
3406 1243 3766 1301 materialibus

2178 1322 2347 1374 utitur
2370 1323 2642 1394 exemplis.
2682 1357 2750 1368 —
2782 1323 2954 1398 Super
2986 1328 3101 1384 haec
3146 1340 3326 1385 autem
3378 1335 3590 1399 omnia,
3619 1334 3766 1392 Jesus

2179 1412 2295 1482 ipse
2317 1413 2576 1471 Dominus
2601 1418 2729 1486 quid
2756 1419 2858 1474 nisi
2883 1420 3166 1476 materiale
3193 1424 3519 1495 supplicium
3550 1428 3765 1483 minita-

2179 1504 2224 1557 ri
2259 1505 2506 1560 videtur?
2538 1506 2638 1561 Ubi
2675 1509 2819 1564 enim
2853 1509 3008 1581 ligari
3043 1529 3234 1570 manus
3262 1524 3317 1569 et
3339 1517 3508 1585 pedes
3531 1519 3764 1584 mandat,

2178 1595 2232 1650 in
2270 1598 2521 1654 tenebras
2555 1616 2774 1670 quoque
2810 1604 3117 1660 exteriores
3162 1605 3354 1676 projici
3389 1609 3644 1680 imperat,
3673 1612 3764 1667 ibi-

2179 1704 2284 1758 que
2320 1688 2501 1744 lletum
2547 1690 2840 1748 affuturum
2871 1704 2926 1749 et
2962 1697 3255 1753 stridorem
3287 1703 3534 1756 dentium
3567 1705 3766 1773 pariter

2183 1779 2466 1835 denuntiat
2508 1781 2724 1851 (Matth.
2767 1801 2904 1852 xxu,
2944 1786 3030 1852 15)
3057 1828 3069 1849 ,
3110 1789 3238 1858 quid
3267 1790 3412 1845 aliud
3447 1808 3613 1864 quam
3641 1810 3767 1849 con-

2183 1874 2584 1928 suetudiuarias
2619 1875 2777 1930 nobis
2807 1877 3096 1946 passiones
3123 1883 3398 1935 ostentat?
3425 1881 3497 1937 Et
3537 1894 3690 1938 certe
3726 1887 3766 1941 si

2183 1967 2366 2020 vexari
2399 1967 2745 2034 criminosas,
2779 1968 2894 2024 sive
2933 1969 3106 2026 levius
3150 1975 3489 2042 peccatrices
3541 1978 3766 2044 animas,

2182 2056 2371 2111 eodem
2395 2059 2664 2114 materiali
2693 2061 2958 2131 supplicio
2986 2079 3094 2133 quo
3129 2079 3363 2136 corpora
3412 2069 3764 2137 aestimamus,

2181 2164 2287 2204 non
2313 2149 2469 2214 bene,
2491 2152 2644 2222 juxta
2670 2154 3013 2224 Apostolum,
3049 2159 3428 2227 spiritualibus
3467 2162 3768 2233 spiritualia

2182 2257 2560 2313 comparamus
2591 2245 2642 2317 (Ι
2661 2244 2784 2301 Cor.
2820 2265 2882 2314 ιι,
2917 2251 3027 2316 l3).
3079 2251 3235 2319 Quod
3291 2262 3475 2312 tamen
3528 2256 3768 2328 exemplo

2183 2336 2462 2403 proposito
2487 2337 2658 2392 satius
2694 2341 3113 2410 comprobamus

2255 2425 2426 2490 Quam
2479 2426 2632 2481 multi
2687 2429 2750 2483 ob
2789 2442 2994 2487 terrena
3035 2436 3362 2506 acquirenda
3407 2439 3681 2509 suppliciis
3722 2450 3765 2496 et

2182 2514 2451 2572 laboribus
2501 2520 2722 2575 diversis
2762 2539 2874 2576 sese
2907 2525 3202 2581 immolant.
3231 2559 3303 2569 —
3333 2527 3472 2584 Vide
3501 2531 3767 2586 hominem

2183 2608 2395 2664 infinita
2426 2621 2667 2680 quaastus
2694 2616 2993 2685 cupiditate
3037 2619 3342 2686 detentum,
3373 2623 3767 2678 cruentissimis

2182 2708 2243 2753 ut
2269 2701 2451 2771 cupita
2481 2705 2728 2773 acquirat
2750 2707 3056 2764 ambienter
3079 2711 3254 2776 addici
3281 2711 3589 2777 laboribus,
3613 2729 3769 2784 quan-

2185 2802 2236 2847 ta
2271 2792 2414 2849 fame
2437 2811 2558 2851 sese
2584 2797 2896 2866 discruciet,
2930 2803 3149 2871 quantis
3172 2803 3492 2868 insomniis,
3528 2807 3766 2876 quantis-

2183 2899 2289 2954 que
2333 2889 2640 2956 sudoribus,
2691 2901 2752 2946 ut
2808 2902 2959 2947 certe
3014 2894 3180 2950 celeri
3239 2896 3406 2951 vitam
3457 2899 3769 2954 terminaret

2184 2981 2376 3047 exitio,
2410 2983 2453 3037 si
2488 2983 2540 3037 id
2572 2983 2870 3040 tolerantiae
2920 2987 3079 3041 alicui
3131 2987 3546 3059 intorqueretur
3586 2992 3764 3046 invito.

2182 3073 2337 3141 Quod
2368 3077 2702 3146 perpendere
2731 3094 2798 3132 ex
2845 3080 3182 3150 captivorum
3214 3082 3498 3152 patientia,
3549 3084 3639 3154 qui
3680 3100 3766 3154 pro

2185 3165 2436 3234 pecuniis
2484 3168 2818 3233 cruciantur,
2867 3179 2950 3223 est
2996 3170 3284 3239 liquidum.
3319 3171 3455 3226 Nam
3491 3175 3765 3228 tormentis

2185 3256 2322 3310 adeo
2351 3258 2666 3312 enormibus
2693 3259 2814 3314 illos
2841 3261 3225 3316 excarnificari
3256 3263 3534 3329 videmus,
3561 3263 3763 3333 pollici-

2183 3350 2286 3406 bus
2325 3352 2760 3423 genitalibusque
2812 3357 3102 3424 suspendi,
3149 3356 3343 3412 dentes
3376 3357 3592 3428 forcipe
3635 3359 3761 3426 erui,

2181 3450 2719 3523 unguesliguo361
2741 3461 3053 3508 coarctante
3083 3453 3400 3516 comminui,
3428 3453 3612 3510 calces
3663 3452 3764 3509 sale

2181 3544 2348 3600 illitos
2383 3561 2669 3616 caprarum
2721 3545 2903 3617 lingua
2945 3543 3212 3600 sublambi
3244 3587 3257 3612 ,
3308 3555 3363 3601 et
3414 3548 3536 3603 hate
3588 3547 3759 3602 omnia

2183 3649 2332 3695 tanta
2377 3639 2801 3708 aequanimitate,
2837 3639 2945 3694 imo
2973 3639 3138 3694 animi
3161 3637 3508 3708 iucunditate
3539 3639 3758 3712 perpeti,

2185 3740 2388 3802 quanta
2419 3732 2659 3787 thesauri
2691 3748 2787 3803 spe
2814 3732 3037 3804 repositi
3062 3732 3301 3787 animum
3329 3733 3384 3788 in
3426 3734 3541 3790 suis
3564 3733 3761 3804 angulis

2183 3827 2551 3881 exsultantem
2581 3825 2851 3893 conjicere
2875 3825 3060 3881 valeas
3089 3825 3326 3880 deliniri.

2255 3919 2414 3975 Certe
2449 3921 2638 3974 turrim
2669 3921 2820 3975 mira:
2871 3919 3258 3990 magnitudinis
3299 3919 3518 3991 ignibus
3573 3919 3762 3976 cande-

2183 4020 2422 4066 sccutem
2439 4009 2811 4078 experimento
2840 4009 3143 4073 didicimus,
3171 4009 3350 4080 lingua
3365 4011 3650 4080 quemdam
3672 4025 3763 4064 sua

2185 4104 2422 4158 madenti
2467 4118 2688 4172 prorsus
2730 4103 3074 4175 exstinguere
3101 4103 3346 4162 solitum.
3393 4104 3467 4158 ob
3512 4104 3561 4158 id
3612 4103 3763 4158 studii

2185 4197 2524 4252 solummodo
2554 4198 2856 4266 exigentem
2891 4198 3094 4251 nummi
3119 4198 3370 4266 pretium.
3403 4196 3459 4252 Si
3488 4212 3613 4268 ergo
3647 4212 3763 4249 cor-

2185 4304 2316 4359 pore
2361 4290 2526 4344 tantis
2552 4289 2836 4368 proﬂigato
2882 4289 3120 4344 miseriis
3165 4289 3377 4343 animus
3403 4289 3517 4358 spei
3555 4286 3764 4342 occulta:

2189 4381 2384 4452 gaudio
2438 4381 2716 4436 debriatus
2765 4380 2834 4434 ab
2883 4380 3067 4434 eadem
3124 4379 3368 4433 molestia
3419 4375 3762 4448 conquiescit,

501 4471 703 4526 fctores
754 4471 1076 4544 sulphureos
1096 4513 1110 4538 ,
1161 4472 1205 4527 si
1253 4487 1498 4529 amoenos
1545 4479 1811 4542 praeterea
1842 4485 2082 4540 campos,
2118 4475 2163 4528 D
2189 4485 2411 4526 cernere
2440 4473 2489 4526 in
2513 4480 2766 4542 promptu
2795 4479 2880 4525 est
2905 4472 3052 4542 quia,
3083 4471 3224 4526 sicut
3248 4485 3380 4524 caro
3404 4467 3766 4524 vexationibus

498 4561 541 4615 si
576 4563 758 4618 aureis
789 4563 1068 4620 laterculis
1097 4563 1468 4620 exaediﬁcatas
1498 4565 1686 4620 domos
1710 4565 1911 4636 quique
1943 4572 2084 4617 retu-

498 4655 682 4723 lcrint,
715 4657 817 4712 hoc
854 4657 1112 4712 nimirum
1137 4659 1202 4714 de
1227 4659 1582 4714 similitudine
1609 4659 1892 4730 praesentis
1913 4666 2086 4711 status

502 4748 804 4804 intulerint.
837 4749 946 4805 Nec
976 4753 1252 4808 secundun
1293 4752 1464 4808 solam
1495 4753 1692 4824 dialogi
1739 4753 1933 4807 seriem
1974 4753 2087 4806 hac

502 4842 776 4912 aliquibus
820 4846 1139 4916 apparuisse
1186 4847 1498 4917 putaveris,
1546 4857 1602 4902 et
1639 4862 1747 4900 non
1781 4846 1962 4915 potius
1991 4859 2088 4914 per

502 4950 695 4990 omnes
722 4950 858 5006 quas
892 4951 979 4992 me
1009 4951 1115 4992 non
1150 4936 1272 4992 dico
1305 4937 1523 5009 legisse,
1559 4938 1653 4994 sed
1677 4938 1843 4992 etiam
1874 4937 2088 4992 audisse

501 5029 840 5085 meminerim
875 5031 1130 5088 visiones.

575 5125 715 5192 Quid
746 5127 891 5181 enim
932 5127 1074 5198 quod
1123 5127 1267 5185 Beda
1310 5128 1365 5183 in
1395 5127 1575 5184 Gestis
1619 5125 1916 5196 Anglorum
1963 5128 2089 5183 dmn

509 5218 634 5273 hinc
661 5220 892 5288 timoris,
917 5221 1045 5276 hinc
1069 5221 1253 5292 gloria:
1279 5221 1468 5292 plenas
1494 5237 1604 5277 suae
1632 5222 1777 5294 genti
1801 5221 2091 5291 aliquando

505 5312 884 5369 nmnifestatas
929 5312 1289 5369 revelationes
1331 5315 1547 5372 intexit.
1573 5315 1717 5369 nulla
1759 5315 1860 5370 nisi
1893 5315 2094 5371 nostris

511 5403 698 5460 usibus
744 5405 1258 5461 convenientissima
1289 5407 1510 5462 dicitur.
1538 5408 1651 5464 lllic
1684 5409 1828 5463 enim
1855 5418 1910 5464 et
1937 5425 2092 5464 mon-

511 5507 612 5566 tes,
653 5510 708 5555 et
757 5501 1010 5565 castella,
1065 5501 1446 5560 inclementias
1503 5505 1667 5571 aeris,
1724 5515 1778 5560 et
1814 5506 2096 5576 plumbeas

507 5595 891 5651 damnatorum
949 5612 1146 5666 arcas,
1201 5599 1412 5655 laceras
1457 5600 1511 5655 in
1569 5600 1748 5671 ptenis
1796 5601 2092 5670 positormn

505 5687 689 5754 tibias,
723 5687 971 5760 quaedam
1018 5688 1135 5746 loca
1161 5694 1447 5764 potoribus
1484 5694 1797 5750 exhalantia
1831 5695 2095 5766 supplicio

505 5783 824 5854 punitorum
877 5793 1178 5856 apparata,
1241 5786 1506 5860 principis
1574 5787 1855 5860 cujusdam
1912 5788 2094 5846 virilia

2189 4564 2387 4634 agitur,
2417 4563 2595 4616 anima
2617 4562 3009 4631 aliquantisper
3047 4578 3075 4616 a
3109 4561 3272 4616 tantis
3299 4570 3526 4616 vacante
3551 4556 3766 4613 turbini-

2187 4657 2307 4722 bus,
2335 4657 2408 4710 ita
2430 4671 2663 4726 corpore
2699 4657 3006 4710 nullatenus
3042 4657 3326 4710 molestato
3372 4655 3549 4709 anima
3579 4650 3764 4707 ιιιιιΙιυς

2192 4753 2294 4805 ties
2320 4751 2430 4805 sola
2465 4751 2696 4806 tristitia:
2726 4751 3076 4820 conceptione
3107 4759 3398 4805 mactatur.

2265 4844 2451 4899 Sancti
2465 4855 2721 4914 martyres
2737 4843 3038 4914 spiritantia
3063 4843 3427 4928 spiritualibus
3455 4847 3766 4912 comparatu.

2194 4939 2361 4993 Aliter
2411 4949 2584 4993 autem
2628 4940 2830 4993 desides
2881 4949 2931 4993 et
2979 4939 3281 5009 hypocrita}.
3333 4935 3516 4993 Sancti
3563 4936 3651 4990 viri
3676 4936 3769 5004 qui

2191 5033 2475 5100 ponderent
2526 5033 2861 5104 quotidianas
2924 5033 3375 5102 ruortiﬁcationes.
3417 5063 3490 5072 —
3539 5031 3769 5097 Corpora

2195 5125 2378 5196 itaque
2404 5125 2796 5196 corporalibus,
2829 5125 3052 5194 spiritus
3091 5123 3489 5194 spiritualibus,
3527 5131 3580 5175 ut
3627 5135 3768 5188 pne—

2195 5220 2464 5283 misimus,
2492 5226 2890 5287 comparantes,
2940 5217 3260 5272 alterutrum
3303 5217 3422 5271 sine
3465 5215 3622 5270 altero
3643 5226 3774 5264 cru-

2195 5331 2285 5372 ces
2315 5329 2442 5370 suas
2473 5329 2570 5384 pro
2607 5313 2724 5368 loco
2755 5323 2811 5367 et
2869 5322 3109 5383 tempore
3137 5310 3370 5366 tolerare
3395 5306 3768 5378 conspicimus.

2198 5408 2347 5476 Quod
2375 5409 2444 5481 ‘in
2487 5408 2692 5461 sanctis
2741 5406 3089 5478 martyribus,
3121 5404 3410 5460 exterioris
3438 5405 3517 5458 sui
3547 5397 3772 5455 hominis

2197 5502 2475 5558 doloribus
2502 5500 2742 5555 interiori
2775 5501 3064 5572 gaudente,
3113 5507 3328 5554 constat
3373 5498 3637 5554 evidenter
3676 5507 3774 5544 ex-

2193 5598 2450 5670 positum.
2485 5595 2818 5650 Altrinsecus
2846 5603 3026 5649 autem
3060 5608 3223 5663 super
3254 5593 3322 5647 iis
3370 5606 3507 5660 quos
3544 5584 3770 5641 acrimo-

2199 5690 2287 5745 nia
2315 5688 2580 5743 consumit
2607 5687 2825 5751 aeedite,
2848 5689 3193 5756 perspicuum
3217 5678 3772 5752 estquantislacerum

2201 5791 2392 5857 pectus
2441 5780 2746 5852 disjiciatur
2805 5778 3124 5851 angoribus,
3180 5775 3371 5850 plane,
3431 5783 3490 5829 ut
3529 5774 3774 5843 putatur,
