4012 6346
169 356 305 411 869

1170 348 1259 404 DE
1297 345 1712 405 PIGNORIBUS
1746 343 2189 402 SANCTORUM.
2233 375 2301 383 ——
2336 342 2464 399 LIB.
2501 341 2589 399 IV.

3354 400 3358 404 .
3375 348 3477 405 670

177 485 441 541 corpore
483 468 821 523 extrinsecus
863 463 1126 534 requiete.
1176 464 1342 519 Vides
1396 464 1446 517 in
1500 462 1799 536 hypocritis
1826 466 1875 525 Α
1906 461 2168 516 cnlariter
2193 473 2381 514 eorum
2434 466 2576 512 tacta
2620 463 2745 511 sunt
2793 444 2979 524 corda,
3015 464 3075 513 ut
3101 459 3245 514 nulla
3276 461 3477 517 eisdem

176 560 446 625 inedias,
499 559 761 628 frigorum
818 555 1159 622 tolerantius,
1216 555 1448 610 interdiu
1500 554 1589 609 vix
1636 562 1791 608 nocte

176 648 492 703 solvendas
520 648 804 710 stationes,
840 656 996 700 noctu
1030 646 1179 715 quasi
1209 644 1483 716 pervigilis
1530 643 1793 699 orationis

176 744 485 808 excubias,
519 752 573 797 ct
605 744 719 797 inec
741 741 1013 796 levissima
1045 740 1191 795 ducit
1215 740 1397 810 glorim
1421 739 1599 793 inanis
1622 737 1792 792 avidi—

176 844 302 888 tas.
344 834 640 889 Idemidem
665 849 878 902 quoque
902 832 954 885 in
981 840 1291 886 sanctorum
1323 831 1595 886 mentibus
1631 828 1793 884 ellicit

177 925 553 995 quotidianas
582 940 804 978 suarum
849 924 1095 977 carnium
1120 933 1321 977 mortes
1348 922 1539 975 breves
1569 936 1631 975 ac
1678 936 1791 974 rno-

160 1027 523 1108 ‘mentaneas
550 1016 974 1087 exspectationis
997 1029 1247 1083 superna:
1277 1012 1534 1067 suavitas.
1569 1012 1791 1066 Constet

175 1123 334 1178 ergo
362 1110 674 1179 probatum,
710 1109 834 1179 quia
867 1110 1007 1163 sicut
1055 1124 1214 1177 pmua
1266 1107 1535 1161 forinseca
1566 1103 1790 1158 reddere

175 1202 539 1268 dignoscitur
558 1203 884 1259 cadaverosa
903 1200 1241 1269 corpuscula,
1276 1200 1355 1254 sic
1375 1196 1667 1269 spiritualis
1686 1195 1791 1249 ala-

175 1291 393 1358 critas,
424 1302 517 1346 aut
543 1293 715 1348 latens
743 1292 940 1347 mentis
998 1290 1211 1356 vitium,
1257 1300 1437 1343 nostra
1478 1296 1570 1341 aut
1618 1286 1784 1349 fovet,

176 1393 292 1439 aut
324 1394 540 1456 torquet
563 1385 794 1440 interna.

833 1475 1059 1531 CAPUT
1100 1472 1164 1529 ll.

268 1564 299 1636 §
338 1565 377 1618 l.
414 1566 557 1632 Quas
606 1567 871 1638 praplteta:
899 1568 1168 1637 sanctique
1200 1568 1297 1620 viri
1324 1584 1355 1618 a
1404 1564 1512 1619 Deo
1549 1580 1788 1631 accepere

182 1660 440 1725 notitias,
470 1661 779 1730 swpiuscule
810 1662 1014 1731 aperire
1044 1657 1586 1729 nequiverunt—llis
1607 1657 1788 1726 itaque

180 1751 298 1804 sub
339 1752 435 1805 ista
463 1752 842 1806 distributione
874 1752 1150 1821 dispectis,
1177 1750 1446 1821 quomodo
1482 1750 1785 1803 animarum

186 1841 465 1911 supplicia
495 1859 523 1896 a
560 1844 842 1898 tormentis
888 1819 1261 1914 corporalibus
1298 1844 1500 1898 distare
1548 1841 1786 1912 putanda
1824 1819 1866 1877 Β

185 1933 330 1999 sint,
361 1944 415 1989 et
459 1950 625 2004 quare
665 1937 777 2003 ipse
818 1936 1100 2000 Dominus,
1136 1951 1199 1990 ac
1253 1936 1426 1990 sancti
1474 1935 1672 2005 quique
1720 1934 1787 1987 de

186 2033 341 2079 statu
386 2026 473 2079 illo
519 2029 653 2081 adeo
702 2026 994 2083 carnaliter
1024 2043 1127 2081 non
1178 2028 1298 2081 dico
1344 2026 1633 2089 senserint,
1692 2026 1785 2080 sed

188 2118 453 2185 dixerint,
484 2121 688 2189 pariter
717 2120 1068 2189 attingamus.
1103 2120 1159 2176 Si
1198 2123 1339 2176 enim
1373 2123 1439 2177 de
1485 2138 1646 2177 sensu
1690 2136 1784 2175 eo-

188 2224 318 2262 rum
350 2211 543 2280 agitur,
582 2227 739 2267 sensa
770 2213 1104 2283 prophetica,
1136 2222 1193 2267 ut
1248 2213 1443 2268 seriem
1496 2212 1786 2282 prmmissre

190 2296 486 2355 locutionis
534 2317 834 2372 exsequar,
889 2303 1057 2358 multo
1128 2304 1490 2373 spiritualiora
1542 2304 1782 2369 luermnt,

193 2402 362 2458 quam
396 2390 492 2461 ipsi
534 2394 644 2448 suis
696 2394 971 2449 insinuare
1028 2395 1383 2459 auditoribus,
1444 2412 1546 2450 non
1584 2396 1781 2463 dicam,

190 2487 506 2548 potuerunt,
542 2485 635 2538 sed
686 2486 1007 2541 debuerunt.
1062 2486 1245 2541 Dicam
1304 2498 1498 2548 tamen,
1544 2490 1685 2557 quod
1730 2498 1785 2542 et

195 2571 416 2628 indubie
433 2590 694 2639 asseram,
729 2579 851 2645 quia
877 2594 973 2633 nec
998 2586 1312 2648 potuerunt,
1338 2595 1435 2633 nec
1458 2581 1780 2633 debuerunt.

193 2657 253 2715 Si
289 2664 432 2716 enim
464 2674 705 2733 possent,
737 2682 854 2736 qua:
890 2684 954 2722 ex
987 2678 1141 2737 parte
1191 2669 1257 2723 de
1301 2668 1426 2723 Jesu
1483 2671 1780 2735 nascitur-0,

194 2762 248 2806 et
274 2756 547 2823 mysteriis
573 2756 825 2812 Ecclesizu
860 2770 1140 2825 noverant,
1173 2762 1237 2814 ad
1272 2760 1543 2830 publicum
1588 2777 1783 2831 propa-

193 2844 422 2911 lassent,
455 2848 497 2902 si
527 2863 589 2902 ea
625 2865 745 2919 qua:
774 2852 972 2919 partim
1002 2852 1104 2907 sibi
1155 2852 1568 2920 interluxerant,
1602 2856 1781 2925 expri-

193 2936 373 2991 mendi
408 2936 682 2993 licentiam
717 2941 1055 2997 habuissent.

270 3031 419 3086 Unde
470 3032 773 3088 Psalmistm
834 3050 934 3089 vox
987 3046 1105 3115 est:
1146 3056 1166 3089 ι
1207 3037 1439 3104 Incerta,
1491 3040 1689 3112 inquit,
1727 3054 1781 3098 et

192 3122 401 3178 occulta
442 3124 719 3192 sapientiae
773 3134 875 3180 tua:
921 3127 1280 3185 manifestasti
1329 3130 1461 3185 mihi
1512 3130 1684 3202 (Psal.
1724 3154 1777 3199 L,

194 3212 267 3284 8).
308 3233 327 3264 ι
358 3213 416 3267 Si
448 3214 653 3269 incerta
687 3217 826 3285 apud
865 3218 1059 3286 ipsum,
1091 3222 1157 3273 de
1207 3222 1359 3289 cujus
1408 3226 1612 3277 semine
1663 3235 1782 3280 erat

195 3306 521 3372 nasciturus,
546 3317 725 3374 erant,
753 3310 928 3365 dubia:
953 3313 1236 3367 sententia:
1260 3314 1303 3369 si
1329 3315 1624 3384 ferrentur,
1653 3319 1780 3388 quid

193 3400 516 3470 proderant?
558 3403 727 3458 Porro
754 3404 798 3458 si
828 3405 1041 3459 occulta
1086 3421 1183 3476 pro
1234 3408 1313 3462 sui
1375 3410 1775 3477 incertitudine,

194 3493 370 3547 minus
392 3502 517 3548 sunt
547 3496 732 3566 utique
749 3496 1163 3552 manifestanda.
1188 3498 1304 3565 Quo
1334 3500 1479 3555 enim
1503 3503 1778 3572 quidpiam

193 3586 457 3641 occultius
481 3596 584 3650 est,
610 3602 696 3651 eo,
725 3589 770 3642 si
792 3589 1118 3645 iucertitudo
1140 3605 1258 3646 sese
1274 3592 1527 3663 objiciat,
1543 3596 1779 3663 promul-

195 3680 304 3750 gari
337 3681 695 3751 periculosius
731 3693 834 3739 est.
890 3685 1015 3751 Quze
1046 3701 1175 3757 ergo
1217 3688 1319 3742 sibi
1354 3689 1572 3757 quidem
1604 3691 1777 3743 mani-

194 3772 406 3838 festata,
468 3778 561 3829 sed
612 3777 827 3831 caneris
885 3779 1091 3832 incerta
1152 3795 1216 3833 ac
1264 3780 1474 3834 occulta
1526 3791 1772 3848 noverat,

196 3866 348 3935 digna
371 3868 657 3923 admodum
676 3870 1078 3940 dispensatione
1098 3873 1257 3929 silere
1272 3875 1600 3930 decreverat.
1621 3875 1774 3931 Unde

191 3958 518 4030 Apostolus:
561 3981 581 4014 ι
630 3964 855 4029 Audivi,
903 3966 1106 4036 inquit,
1156 3983 1357 4024 arcana
1410 3972 1604 4037 verba,
1650 3988 1773 4043 qnte

194 4066 298 4108 non
324 4053 447 4108 licet
472 4055 678 4110 homini
711 4056 855 4126 loqui
887 4056 972 4123 (II
998 4056 1119 4111 Cor.
1152 4076 1252 4125 xu,
1280 4061 1353 4133 4).
1399 4082 1418 4114 ι
1456 4062 1609 4130 Quod
1636 4063 1773 4118 bifa-

196 4144 325 4197 riam
364 4144 664 4216 intelligere
700 4161 1020 4217 possumus,
1069 4159 1122 4203 et
1171 4160 1255 4206 est
1314 4168 1379 4207 ac
1429 4152 1474 4206 si
1523 4154 1767 4211 diceret:

192 4234 300 4291 Nec
320 4252 417 4305 per
444 4254 503 4293 se
550 4238 756 4293 licitum
810 4250 895 4295 est
933 4242 1139 4298 homini
1174 4243 1298 4298 talia
1330 4245 1533 4313 dicere,
1569 4249 1768 4303 nemini

191 4346 382 4401 nempe
412 4332 694 4403 loquentes
723 4334 966 4390 scribere
991 4337 1252 4403 solemus,
1287 4354 1393 4394 non
1442 4341 1648 4396 homini
1695 4342 1772 4398 lo-

190 4424 301 4490 qui,
331 4423 381 4477 id
413 4434 498 4479 est
519 4425 677 4480 alteri
693 4427 927 4495 cuipiam
955 4428 1269 4499 explanare.

261 4513 495 4570 Humani
521 4519 730 4571 arbitrii
774 4537 878 4574 non
926 4531 1001 4575 est
1039 4521 1136 4575 Dei
1184 4522 1693 4593 contemplationem,
1723 4534 1771 4578 et
1803 4544 1849 4598 ι)

191 4624 351 4663 sacra:
385 4608 676 4680 Scripturw
705 4613 948 4667 notitiam
977 4615 1185 4669 habere.
1209 4646 1278 4654 —
1306 4614 1421 4670 Non
1471 4616 1654 4685 itaque
1682 4632 1776 4686 p0-

196 4709 434 4766 tuerunt,
467 4702 591 4773 quia
620 4718 725 4758 non
752 4703 1074 4760 debuerunt.
1106 4706 1343 4777 Spiritus
1368 4707 1511 4761 enim
1542 4709 1773 4777 prophe-

197 4803 365 4847 tarum
392 4794 494 4851 nisi
547 4811 642 4872 eos
671 4796 807 4852 sicut
838 4798 962 4867 quis
988 4813 1182 4867 equum
1218 4798 1374 4855 freno
1416 4799 1769 4865 cohibuisset,

194 4885 509 4953 mysterium
561 4888 705 4956 quod
766 4897 948 4942 mente
1003 4899 1403 4958 conceperant,
1455 4891 1771 4960 mysterium

194 4993 296 5033 non
323 4978 530 5037 fuisset.
585 4981 821 5038 Prodere
870 4999 999 5040 sane
1049 4999 1156 5040 non
1198 4994 1450 5053 poterant
1486 4988 1629 5057 quod
1670 4988 1771 5042 sub

197 5072 324 5126 tanti
362 5073 643 5129 dictatoris
674 5075 853 5145 sigillo
899 5085 1208 5131 tenuerant.
1254 5076 1310 5132 Si
1355 5079 1499 5133 enim
1549 5080 1768 5134 humani

196 5164 398 5218 arbitrii
433 5173 526 5219 aut
557 5169 813 5237 potentia:
863 5169 1113 5223 humanae
1159 5184 1264 5223 non
1321 5179 1405 5225 est
1431 5172 1768 5243 contempla-
1812 5236 1815 5245 ε

194 5259 387 5314 tionem
421 5260 539 5327 Dei,
571 5270 664 5316 aut
694 5278 865 5319 sacras
897 5262 1216 5333 Seripturae,
1246 5282 1373 5320 cum
1401 5266 1549 5331 velit,
1603 5268 1770 5324 habe-

192 5365 267 5416 re,
317 5352 396 5406 sic
442 5353 523 5408 eis
578 5353 889 5411 nullatenus
917 5355 1085 5410 licere
1115 5357 1309 5425 potuit,
1337 5355 1406 5410 de
1433 5356 1631 5413 futuris
1661 5374 1770 5429 my-

193 5443 367 5499 steriis
394 5454 490 5506 aut
516 5448 719 5503 sentire
743 5457 1004 5519 quantum
1042 5448 1262 5515 vellent,
1308 5451 1415 5505 imo
1462 5466 1561 5506 nec
1592 5452 1766 5521 ipsum

194 5544 354 5591 totum
408 5548 693 5607 penetrare
739 5542 880 5610 quod
933 5542 1198 5596 dicerent.
1254 5540 1411 5596 Sicut
1468 5556 1661 5613 nempe
1714 5543 1766 5597 in

192 5629 483 5686 visionibus
532 5648 652 5701 quae
697 5648 760 5688 ex
815 5634 926 5689 Deo
980 5642 1107 5689 sunt
1156 5634 1429 5690 multoties
1460 5636 1523 5690 de
1568 5636 1766 5691 nostris

188 5722 464 5778 eventibus
477 5725 734 5781 edocemu
745 5743 785 5790 r,
802 5743 924 5796 qua:
950 5735 1125 5783 tamen
1148 5729 1419 5798 quomodo
1433 5737 1526 5783 aut
1544 5729 1767 5799 quando

192 5827 445 5877 eventura
472 5820 584 5879 sint
611 5823 742 5880 inibi
766 5824 1018 5897 colligere
1047 5841 1155 5881 non
1187 5826 1449 5894 valemus,
1488 5826 1561 5881 ita
1591 5824 1765 5897 parti-

1899 560 2213 621 suppcteret
2244 565 2364 619 quzc
2415 550 2663 604 viderant
2709 549 3014 620 explicandi
3063 552 3323 621 potentia.
3370 554 3477 609 lm-

1896 643 2136 712 potentia
2193 654 2374 696 autem
2423 657 2611 697 eorum
2661 642 2735 696 nil
2776 641 2924 698 aliud
2971 660 3132 713 quam
3180 645 3478 702 iudebitum

1896 746 1997 792 est.
2028 735 2183 791 Unde
2212 744 2294 789 est
2323 736 2466 805 quod
2498 735 2565 789 de
2592 732 2821 790 Domino
2859 736 3061 791 dicitur
3088 738 3230 807 quod
3274 739 3478 793 nullum

1896 827 2106 897 signum
2146 826 2322 895 potuit
2375 825 2553 879 facere
2590 825 2642 878 in
2675 825 3055 894 Capharnaum
3082 828 3230 896 (Luc.
3261 845 3329 893 tv,
3360 830 3476 901 25).

1893 917 2009 973 Non
2036 918 2213 989 potuit
2242 933 2389 987 ergo,
2416 917 2620 972 dictum
2651 917 2913 989 intellige,
2947 936 3052 975 non
3084 921 3297 990 debuit;
3330 923 3479 980 inde-

1893 1010 2065 1066 bitum
2096 1009 2240 1064 enim
2286 1017 2405 1063 erat
2436 1017 2493 1062 ut
2548 1009 2627 1063 eis
2660 1008 2937 1078 signorum
2968 1010 3233 1066 beneficia
3274 1013 3480 1085 impen-

1894 1104 2049 1157 deret
2084 1120 2223 1174 qnos
2252 1101 2373 1157 ﬁdei
2408 1117 2519 1156 sure
2564 1100 2839 1171 applicare
2892 1117 2995 1156 non
3048 1115 3279 1172 poterat.
3327 1105 3480 1162 Unde

1893 1205 1947 1250 et
1970 1197 2293 1265 margaritas
2322 1205 2445 1249 ante
2477 1210 2673 1265 porcos
2693 1194 2818 1265 poni
2846 1194 3019 1248 vetuit
3045 1194 3257 1265 (Matth.
3279 1214 3374 1265 vn,
3403 1199 3476 1269 6),

1894 1289 2018 1358 quia
2044 1288 2211 1342 divini
2243 1288 2445 1359 eloquii
2476 1290 2683 1343 candor
2711 1286 2925 1357 spurcis
2954 1288 3228 1342 mentibus
3258 1288 3478 1343 minime

1892 1380 2162 1450 congruit.

1965 1471 1992 1543 §
2025 1472 2089 1525 ll.
2126 1471 2327 1527 Probat
2383 1475 2572 1527 iterant
2605 1475 2668 1528 de
2695 1475 2913 1529 scientia
2952 1474 3070 1542 Dei,
3099 1492 3216 1546 qua:
3267 1477 3322 1530 in
3354 1493 3478 1531 con-

1893 1564 2225 1632 templatione
2254 1564 2521 1629 hauritur,
2556 1564 2707 1634 fandi
2737 1564 3043 1633 facultatem
3078 1567 3361 1620 humanam
3377 1584 3481 1623 non

1892 1667 2184 1727 suppetere.
2213 1688 2282 1696 —
2311 1657 2494 1728 Igitur,
2549 1666 2608 1710 ut
2656 1657 2722 1711 ad
2756 1656 2954 1712 seriem
2987 1656 3293 1721 redeamus,
3327 1660 3480 1727 quid-

1892 1750 2024 1821 quid
2056 1767 2084 1803 a
2114 1751 2394 1820 prophetis
2424 1738 2787 1820 corpdraliter
2828 1750 2894 1803 de
2938 1747 3047 1804 Deo
3080 1764 3183 1803 non
3227 1756 3333 1803 tam
3363 1764 3481 1804 seu-

1894 1857 2013 1894 snm
2042 1856 2205 1912 quam
2230 1840 2435 1895 dictum
2458 1848 2561 1907 est,
2598 1840 2849 1896 humanae
2875 1838 3480 1911 iutelligenliaeconstat

1890 1933 2346 1997 condescensum,
2378 1933 2502 2002 quia
2536 1948 2634 1987 nec
2667 1932 2767 2001 ipsi
2815 1929 3001 1997 verba,
3032 1934 3229 2002 quibus
3286 1932 3480 1986 divina:

1892 2025 2143 2081 essentiae
2165 2026 2381 2079 modum
2412 2024 2959 2094 comprehenderent,
3016 2025 3262 2078 invenire
3288 2033 3481 2093 potue-

1891 2127 2046 2184 runt;
2080 2134 2181 2173 nec
2202 2117 2292 2171 ulli
2330 2116 2565 2181 animos,
2589 2116 2702 2186 qui,
2722 2131 2841 2184 quae
2860 2116 3255 2185 dicerentur(si
3285 2116 3391 2171 dici
3411 2117 3479 2171 ab

1891 2211 2072 2280 aliquo
2097 2210 2365 2264 ullatenus
2391 2208 2636 2279 possent)
2668 2208 2913 2261 valerent
2943 2222 3159 2277 capere,
3194 2207 3355 2277 362
3390 2207 3477 2260 ha-

1889 2305 2144 2359 buerunt.
2178 2304 2278 2368 Qui
2304 2318 2433 2372 ergo
2460 2302 2665 2365 dicere,
2694 2300 2853 2369 quive
2873 2301 3062 2355 audire
3085 2316 3189 2355 non
3204 2308 3475 2370 poterant,

1890 2398 2088 2452 merito
2118 2411 2281 2465 super
2314 2394 2406 2449 Dei
2437 2404 2629 2448 natura
2664 2394 2917 2448 silebant.
2967 2392 3096 2460 Quae
3145 2403 3326 2448 autem
3371 2394 3476 2447 diri

1889 2490 2189 2545 necessitas
2237 2488 2527 2559 exegisset,
2586 2488 2687 2541 nisi
2736 2487 3130 2543 consuetudine
3188 2486 3476 2541 locutionis

1888 2585 2137 2638 humana:
2167 2583 2449 2647 dixissent,
2480 2591 2535 2636 et
2565 2582 2615 2635 iu
2640 2598 2736 2635 sua
2766 2580 2864 2651 ipsi
2900 2582 3135 2636 dictione
3170 2581 3473 2635 amentium

1888 2690 2041 2730 more
2070 2674 2387 2747 deficerent,
2424 2683 2477 2728 et
2508 2674 2552 2728 si
2585 2688 2690 2744 qua
2730 2688 2889 2743 supra
2923 2687 2982 2726 se
3020 2672 3286 2737 dicerent,
3336 2672 3476 2725 sicut

1887 2766 1989 2836 ipsi
2039 2782 2135 2821 sua
2170 2767 2313 2821 dicta
2351 2782 2455 2821 non
2482 2774 2762 2836 caperent,
2794 2766 2872 2820 sic
2903 2765 3271 2821 iutelleetores
3306 2764 3479 2820 dicto.

1888 2875 2010 2913 rum
2038 2859 2355 2929 neutiquam
2408 2859 2735 2929 reperirent.
2768 2857 2923 2912 Unde
2973 2867 3027 2912 et
3076 2858 3324 2928 indignas
3366 2857 3475 2912 Deo

1884 2950 2171 3020 aliquoties
2186 2950 2621 3020 comparationes
2637 2949 3129 3019 similitudinesque
3147 2948 3473 3014 attribuunt,

1884 3042 2011 3097 dum
2062 3042 2363 3112 plaustrum
2406 3052 2659 3096 onustum
2692 3041 2816 3096 feno
2843 3043 3025 3113 (Amos
3072 3058 3133 3105 ιι,
3178 3042 3299 3112 15),
3347 3042 3473 3095 dum

1809 3175 1854 3236 Ο
1884 3144 2160 3205 potentem
2193 3136 2529 3205 crapulatum
2581 3152 2612 3189 a
2666 3136 2790 3189 vino
2836 3135 3023 3189 dicunt
3056 3134 3229 3205 (Psal.
3270 3149 3473 3203 Lxxvn,

1886 3228 1999 3299 65).

1956 3319 2164 3387 Quibus
2196 3335 2326 3390 ergo
2371 3336 2599 3391 capaces
2638 3321 2713 3375 illi
2755 3336 2858 3374 non
2908 3319 3152 3381 fuerant,
3202 3334 3309 3373 non
3367 3318 3473 3373 nisi

1884 3410 2185 3480 corporalia
2235 3421 2290 3465 et
2342 3412 2547 3467 nostris
2618 3410 2802 3466 usibus
2852 3409 3139 3463 familiaria
3190 3410 3475 3465 enuntiare

1882 3512 2157 3577 poterant,
2182 3515 2237 3559 et
2260 3520 2380 3575 quae
2412 3504 2591 3559 minus
2618 3503 2774 3559 bonis
2807 3502 3118 3557 hominibus
3143 3502 3473 3557 convenien-

1883 3596 1957 3650 tia
2012 3595 2360 3661 videbantur,
2412 3596 2579 3650 etiam
2634 3595 2743 3649 Deo
2811 3608 3157 3663 nequaquam
3188 3592 3472 3647 ascribere

1882 3686 2233 3751 verebantur,
2279 3697 2339 3741 ut
2382 3702 2448 3741 ex
2494 3702 2560 3742 eo
2609 3686 2725 3755 ipso
2772 3685 2914 3755 quod
2941 3699 3166 3740 somnne
3198 3684 3469 3754 majestati

1880 3779 2105 3850 indigna
2139 3790 2559 3851 componerent,
2590 3779 2851 3850 quidquid
2882 3778 3022 3848 apud
3074 3794 3171 3832 nos
3202 3779 3377 3849 majus
3406 3794 3471 3834 ac

1880 3870 2097 3941 dignius
2122 3887 2243 3927 esse
2292 3882 2491 3943 potest,
2541 3872 2819 3942 indignum
2879 3868 2991 3924 Deo
3039 3885 3284 3940 prorsus,
3332 3870 3374 3925 si
3418 3870 3468 3925 ei

1878 3964 2220 4029 conferatur,
2297 3966 2665 4022 ostenderent.
2723 3964 2851 4019 Inde
2905 3973 2987 4018 est
3030 3964 3174 4034 quod
3222 3962 3471 4018 Ezechiel

1875 4066 2111 4127 quatuor
2148 4058 2461 4112 animalium
2491 4066 2858 4113 monstrorum
2904 4056 3182 4111 simillima
3210 4070 3466 4125 corpora,

1876 4157 1930 4203 et
1960 4146 2126 4203 facies
2155 4149 2624 4219 portentuosiores
2654 4161 2817 4218 quam
2850 4144 2992 4211 Jani,
3047 4162 3172 4201 nam
3232 4148 3469 4216 quadru-

1875 4238 2049 4310 plices
2095 4242 2463 4295 ostenduntur
2491 4239 2708 4311 (Ezeclt.
2744 4255 2779 4300 ι,
2827 4238 2879 4303 5,
2912 4236 2987 4306 6),
3035 4246 3094 4291 ιιι
3134 4251 3200 4291 ex
3232 4237 3465 4304 etiormi,

1875 4342 2139 4402 quantum
2171 4334 2239 4387 ad
2269 4349 2386 4398 nos,
2420 4334 2621 4404 specie,
2668 4332 2779 4387 sola
2831 4329 3272 4386 intellectualitas
3322 4346 3467 4399 quae-

1872 4427 2041 4481 renda
2080 4433 2318 4481 notetur.
2363 4425 2419 4479 Si
2448 4426 2593 4479 enim
2640 4423 2862 4495 angelos
2909 4439 3038 4479 suos
3080 4421 3213 4477 facit
3244 4423 3468 4493 spiritus

1876 4519 2051 4591 (Psal.
2084 4536 2199 4586 cur,
2231 4520 2312 4591 4),
2365 4530 2419 4575 et
2448 4536 2553 4575 non
2597 4520 2697 4574 nisi
2749 4520 3050 4590 spiritualia
3106 4528 3361 4575 constant
3414 4520 3465 4575 iu

1878 4614 2211 4679 cmlestibus,
2268 4614 2705 4682 indignissimum
2752 4613 2805 4667 in
2867 4612 3051 4684 aliquo
3107 4629 3466 4684 supernorum

1878 4707 2101 4762 credere
2128 4716 2211 4761 est
2238 4706 2373 4761 tales
2410 4706 2639 4760 inveniri
2690 4721 2978 4776 corporum
3034 4706 3274 4763 habitus.
3326 4704 3465 4760 Cum

1876 4798 2036 4870 plane
2076 4798 2250 4869 angeli
2295 4796 2481 4869 gloria:
2511 4796 2760 4851 claritate
2807 4796 3176 4868 perplaceant,
3227 4798 3343 4852 haec
3372 4814 3469 4851 an-

1876 4898 1984 4945 tem
2016 4891 2191 4945 invise
2224 4890 2449 4944 niminm
2480 4889 2673 4961 elligiei
2706 4890 2935 4945 horrore
2959 4891 3299 4960 displiceant,
3341 4906 3464 4945 cum

1876 4982 2070 5037 littera:
2126 4984 2266 5038 ratio
2312 4982 2531 5048 deﬁcit,
2591 4982 2765 5038 solum
2823 4998 3071 5055 quaerere
3120 4989 3292 5038 restat
3331 4979 3464 5051 quid

1876 5077 2123 5131 innuant.

1948 5169 2201 5225 Homines
2238 5171 2536 5241 corporalia
2574 5181 2782 5227 tantum
2811 5172 3185 5227 emtutiant.—
3205 5168 3465 5225 Homines

1873 5278 2003 5335 ergo
2032 5264 2100 5319 ad
2146 5263 2395 5321 homines
2428 5267 2495 5321 de
2542 5266 2653 5322 sola
2707 5263 3094 5335 corporalitate
3147 5264 3459 5331 loquuntur,

1873 5356 2000 5425 quia
2059 5355 2107 5411 si
2165 5355 2442 5425 quidpiam
2505 5357 2573 5412 de
2623 5354 3086 5412 intellectualitate
3146 5362 3460 5427 senserunt,

1872 5462 2033 5504 sensa
2065 5456 2241 5502 tamen
2273 5463 2369 5502 sua
2412 5463 2755 5518 nequaquam
2805 5446 3458 5516 exprimerepotuerunt-

1875 5540 2030 5598 Unde
2058 5549 2113 5596 et
2142 5542 2415 5596 aestimare
2439 5550 2521 5596 est
2552 5556 2643 5597 eos
2675 5540 2765 5609 qui
2795 5540 2862 5593 ad
2902 5539 3178 5594 internum
3204 5537 3325 5609 ejus
3353 5555 3457 5595 sa:-

1875 5635 1980 5691 culi
2004 5645 2230 5700 statum,
2257 5635 2324 5689 ad
2350 5649 2449 5690 nos
2476 5644 2652 5689 tamen
2672 5634 2901 5689 redituri
2931 5643 3154 5701 exeunt,
3180 5634 3325 5704 quod
3356 5634 3461 5689 alia

1877 5728 2063 5784 videre
2092 5744 2198 5785 non
2240 5737 2488 5799 possunt,
2538 5729 2642 5784 nisi
2683 5745 2803 5800 qua:
2835 5730 3194 5800 corporaliter
3233 5727 3461 5783 viventi-

1876 5821 1977 5877 bus
2016 5821 2217 5877 usitata
2270 5829 2420 5888 sunt,
2450 5829 2505 5876 et
2544 5821 2644 5876 sub
2674 5820 2910 5892 imagine
2943 5828 3288 5876 terrenorum
3326 5815 3457 5873 sub-
