4014 6324
609 364 719 425 επ

1387 359 1447 425 W.
1487 360 1813 422 GUIBERTI
1846 362 2136 422 ABBATIS
2163 364 2222 420 S.
2255 354 2494 421 MARle
2536 364 2624 421 DE
2651 356 3047 422 NOVIGENTO
3722 372 3806 433 072

611 481 911 539 scintillent
939 477 1095 533 nobis
1121 477 1284 548 aliqui
1323 476 1513 533 radioli
1548 488 1894 535 aeternorum.
1936 480 1993 534 Si
2038 479 2182 535 enim
2212 483 2259 539 Α
2285 479 2427 550 quod
2455 479 2709 534 omnibus
2741 480 2793 533 in
2825 488 3076 549 promptu
3106 488 3209 548 est,
3240 481 3564 541 intrinsecus
3611 489 3811 560 Sllbjacct

613 572 689 627 ita
726 585 920 641 capere
944 576 1187 639 possent,
1216 569 1294 623 uti
1323 568 1398 623 illi
1423 570 1511 638 qui
1544 571 1611 625 ad
1661 572 1764 626 hoc
1809 571 2061 626 saeculum
2101 585 2183 624 re-

613 664 779 718 dituri
808 677 912 716 non
936 671 1141 724 essent,
1173 661 1224 715 in
1256 676 1418 716 carne
1448 677 1577 716 sane
1608 663 1711 718 ista
1767 664 1945 717 adhuc
1970 663 2180 731 positis,

578 740 579 743 “
610 769 717 808 non
743 753 902 809 modo
923 753 1112 818 verba,
1145 753 1239 808 sed
1270 762 1323 807 et
1366 753 1469 823 ipsi
1500 763 1654 809 extra
1683 769 1902 810 carnem
1962 757 2186 813 subtiles

607 845 813 915 pridem
841 855 896 899 et
929 846 1071 897 acuti
1106 843 1409 899 intellectus
1458 846 1834 913 hebescercnl,
1873 860 1927 902 ct
1972 849 2024 901 in
2070 864 2186 903 sese

608 936 725 991 visa
752 937 1085 1007 deperirent,
1128 938 1322 993 nedum
1349 938 1467 992 aliis
1498 940 1595 992 sibi
1623 940 2186 1010 incomprehensibilia

610 1027 965 1097 explicarent.
997 1030 1079 1084 Ad
1108 1043 1300 1085 eorum
1350 1031 1536 1100 itaque
1585 1030 1992 1086 similitudinem
2043 1032 2188 1101 loqui

610 1129 844 1191 possunt
876 1120 1208 1185 hominibus,
1240 1120 1366 1175 dum
1409 1122 1475 1176 ab
1524 1122 1752 1176 internis
1789 1122 2036 1188 redeunt,
2070 1136 2190 1191 qua:

614 1209 751 1265 foris
777 1211 964 1266 videre
994 1221 1411 1277 consueverunt,
1445 1212 1567 1281 quia
1620 1212 1794 1268 sancti
1836 1228 2026 1267 omnes
2073 1228 2189 1281 quae

616 1301 671 1356 in
736 1302 919 1357 divina
968 1304 1421 1374 contemplatione
1477 1320 1702 1360 cernere
1752 1306 2064 1376 aliquando,
2105 1306 2189 1361 vel

616 1403 1000 1450 momentauee
1048 1405 1357 1467 potuerunt,
1386 1413 1656 1467 nunquam
1684 1413 1934 1455 sermone
1974 1400 2056 1453 vel
2106 1398 2191 1453 lit-

618 1492 730 1540 tera
760 1487 1007 1542 emittere
1045 1489 1298 1557 possibile
1336 1490 1661 1545 habuerunt.

687 1578 820 1633 Cum
868 1593 998 1650 ergo
1045 1580 1111 1634 de
1152 1579 1319 1649 gloria
1373 1581 1696 1637 Sanctorqu
1751 1584 1802 1637 in
1844 1584 2067 1649 visione,
2101 1594 2194 1638 aut

615 1669 811 1725 odores
868 1670 1242 1739 praesentiunt,
1292 1680 1384 1725 aut
1434 1675 1774 1742 hymnidicos
1804 1677 1999 1730 choros
2032 1692 2194 1730 exau-

617 1758 795 1826 diunt,
826 1769 919 1814 aut
945 1760 1220 1815 claritates
1241 1762 1520 1825 hauriunt,
1548 1772 1657 1817 tota
1689 1765 1802 1818 hmo
1850 1783 1951 1818 ιιυιι
2005 1782 2195 1820 secun-

618 1847 747 1903 dum
778 1857 986 1904 naturae
1012 1851 1310 1920 spiritualis
1340 1853 1648 1919 veritatem,
1681 1856 1774 1910 sed
1809 1854 1966 1923 juxta
2006 1856 2193 1911 \‘isibi-
2224 1830 2270 1889 Β

619 1937 769 2004 lium,
807 1955 913 2009 qua
958 1943 1155 1996 assueti
1206 1953 1354 2009 sunt,
1388 1945 1729 2013 qualitatem.
1770 1946 1898 2012 Quae
1930 1948 2071 2002 enim
2103 1959 2194 2004 aut

621 2029 977 2100 speciosiora,
1006 2046 1099 2086 seu
1129 2034 1477 2102 pretiosiora,
1514 2044 1604 2088 aut
1644 2036 2046 2092 delcctabiliora
2073 2048 2197 2093 sunt

621 2120 763 2175 inter
798 2121 1067 2188 homines,
1092 2138 1153 2178 ea
1186 2125 1341 2179 nobis
1390 2141 1483 2193 per
1529 2127 1769 2182 internas
1796 2134 2085 2184 ostendunt
2113 2131 2192 2184 vi-

622 2212 822 2277 siones,
865 2224 923 2267 ut
951 2229 1017 2267 ex
1049 2214 1129 2269 eis
1159 2231 1277 2284 qua:
1305 2218 1445 2286 apud
1476 2233 1572 2272 nos
1611 2221 1952 2289 potissimum
2003 2238 2197 2293 appre-

633 2303 752 2358 tiari
802 2304 1068 2372 solemus,
1121 2307 1334 2362 indultae
1386 2311 1587 2365 sanctis
1644 2312 1826 2382 glorite
1880 2326 2196 2384 argumenta

621 2411 918 2452 sumamus.
970 2396 1123 2453 Unde
1170 2400 1223 2453 in
1272 2402 1629 2473 Apocalypsi,
1680 2414 1732 2459 et
1787 2405 1938 2461 stolis
1986 2407 2195 2462 amiciri

623 2487 781 2555 albis,
816 2498 869 2543 ct
924 2490 1132 2560 palmas
1167 2502 1399 2562 gestare,
1443 2494 1684 2550 victoria:
1715 2497 1866 2567 signa
1921 2500 1973 2552 in
2027 2500 2198 2553 mani-

622 2580 755 2647 bus;
783 2589 837 2636 et
863 2596 1091 2639 coronas
1120 2584 1174 2638 in
1206 2586 1473 2655 capitibus
1502 2603 1693 2643 aureas
1719 2589 1919 2644 habere
1947 2592 2200 2646 dicuntur

626 2673 807 2743 (Apoc.
848 2690 943 2741 vu,
995 2677 1071 2747 9),
1119 2678 1259 2747 quod
1296 2681 1637 2750 regnantium
1676 2683 1766 2736 sit.
1799 2683 1927 2749 Qua:
1958 2684 2119 2753 igitur
2145 2685 2197 2739 in

627 2768 1051 2836 amoenitatibus,
1094 2769 1148 2824 in
1170 2770 1512 2838 ﬂorulentiis,
1543 2775 1595 2828 in
1643 2775 2017 2844 splendorihus
2047 2779 2201 2834 habi-

630 2859 872 2915 tudinum
901 2862 1243 2930 dcnotantur,
1276 2881 1382 2921 non
1435 2866 1669 2934 illorum,
1702 2870 1790 2938 qui
1816 2869 2087 2925 Cbiliastm
2106 2886 2197 2927 vo-

627 2950 734 3003 cati
764 2961 905 3018 sunt,
959 2953 1335 3012 haereticorum
1379 2958 1583 3013 nmnias
1631 2970 1903 3025 recreant,
1956 2962 2047 3033 qui
2081 2972 2201 3032 post

628 3045 1078 3102 resurrectionem
1127 3049 1270 3104 mille
1308 3064 1479 3105 annos
1527 3050 1582 3104 in
1637 3052 1945 3108 carnalibus
1992 3055 2201 3110 deliciis

627 3134 987 3205 pollicentur,
1038 3139 1131 3196 sed
1183 3142 1377 3211 quibus
1410 3144 1656 3199 homines
1700 3145 1955 3201 delectari
2004 3148 2197 3216 solent,
2232 3193 2273 3216 η

632 3229 748 3285 hzec
773 3246 870 3301 pro
918 3234 1249 3291 salvatorum
1280 3238 1698 3296 demonstranda
1729 3239 1899 3311 gloria
1935 3241 2200 3297 visionum

627 3320 844 3379 ordines
874 3325 1151 3382 exhibent.

700 3414 870 3472 Porro
902 3433 1019 3487 qua:
1044 3419 1110 3474 de
1149 3422 1479 3478 revelatione
1505 3423 1926 3494 gloriﬁcatorum
1958 3425 2203 3489 dicimus,

630 3519 693 3561 ea
733 3507 845 3577 ipsa
878 3509 943 3564 de
981 3511 1290 3581 punitorum
1352 3517 1696 3571 damnatione
1745 3519 2027 3573 sentimus.
2074 3517 2207 3572 Nam

630 3613 753 3653 cum
807 3600 1021 3670 ignibus
1062 3605 1256 3659 crebro
1305 3606 1499 3661 animae
1549 3612 1844 3665 secundum
1900 3611 2209 3680 Scripturas

632 3689 915 3744 videantur
961 3692 1143 3758 aduri,
1203 3711 1325 3749 cum
1382 3696 1605 3768 ﬂagellis
1661 3700 1866 3764 addici,
1900 3701 2209 3771 puteutibus

633 3779 795 3833 undis
827 3779 1098 3852 itnn‘tergi,
1137 3792 1191 3836 et
1221 3798 1303 3849 ea,
1338 3800 1457 3854 qua:
1485 3803 1552 3841 ex
1579 3788 1839 3858 Gregorio
1861 3798 1915 3844 et
1943 3789 2080 3843 Beda
2112 3790 2207 3843 do-

637 3871 876 3926 ctoribus
904 3872 1146 3928 exhibita
1186 3885 1330 3942 sunt,
1363 3878 1502 3944 ﬁeri,
1556 3897 1659 3935 non
1693 3882 1836 3936 aliud
1878 3891 1998 3937 sunt
2047 3897 2207 3950 quam

639 3962 781 4030 quod
810 3964 1160 4033 corporaliter
1188 3968 1294 4022 reis
1316 3969 1452 4023 solet
1480 3971 1676 4041 inlligi;
1730 3974 1833 4028 hoc
1860 3974 2213 4043 Spiritualiter

636 4055 937 4124 patiuntur,
991 4073 1091 4114 nec
1130 4076 1249 4127 nos,
1298 4064 1493 4132 quibus
1554 4066 1924 4130 denuntiatur,
1980 4066 2213 4121 cruciari

641 4144 837 4201 talibus
875 4147 1106 4205 miseriis
1154 4152 1506 4210 addetnnatos
1554 4158 1920 4223 crederemus,
1955 4158 2056 4211 nisi
2086 4157 2213 4227 quia

641 4251 847 4306 pmnas,
882 4256 1018 4311 quas
1067 4244 1280 4299 assidue
1308 4250 1689 4303 consuevimus
1728 4249 1986 4318 experiri,
2017 4265 2215 4321 cogno-

641 4330 862 4385 scimus.
912 4332 1047 4398 Quia
1090 4349 1222 4405 ergo
1261 4336 1595 4405 spiritualetn
1622 4338 1765 4391 illam
1799 4338 2057 4408 linguam,
2109 4356 2214 4409 qua

639 4424 938 4493 spiritualia
966 4426 1250 4495 spiritibus
1286 4431 1631 4499 respondent,
1665 4431 1850 4485 audire
1891 4448 1995 4487 non
2022 4426 2214 4501 possu-

2286 571 2467 626 anima
2495 570 2799 634 invisibilis,
2831 573 2904 626 ita
2930 573 3056 628 huic
3101 576 3368 632 materiali
3407 588 3681 647 creaturaz,
3720 602 3812 655 qua:

2286 662 2703 718 rationabiiibus
2734 660 3298 737 irratibnabilibusque
3326 670 3535 726 naturis
3570 678 3811 745 conspicua

2286 763 2390 819 est,
2423 752 2592 807 altera
2624 754 2807 808 subest
2832 755 3104 821 machina,
3129 772 3247 826 qua:
3277 758 3405 814 solis
3432 760 3812 835 rationabilibus,

2294 846 2475 900 ethoc
2509 847 2912 901 immortalitate
2938 848 3133 914 exutis,
3170 859 3383 905 constat
3408 850 3632 907 visibilis
3652 864 3696 909 et
3721 873 3814 926 per-

2288 936 2394 991 via.
2429 938 2593 1008 Cujus
2622 948 2823 993 slatutn
2853 938 2957 993 ulla
3007 955 3159 995 tncns
3207 941 3497 996 visibilium
3544 942 3817 1014 imaginibus

2290 1039 2550 1099 occupata
2584 1031 2760 1085 metiri
2807 1046 2912 1085 non
2965 1032 3248 1101 prmvalet;
3305 1034 3609 1089 animorum
3652 1045 3817 1096 tantum

2290 1122 2459 1176 oculis
2488 1138 2517 1175 a
2549 1122 2728 1176 szcculi
2759 1123 2949 1189 pituita
2974 1124 3158 1179 liberis
3182 1124 3412 1192 adjacet.

2361 1216 2520 1287 363
2568 1216 2720 1270 Sicut
2766 1232 2956 1287 nempe
3012 1220 3235 1274 verbum
3281 1220 3564 1291 spirituale
3619 1225 3814 1296 dicimus,

2293 1307 2433 1376 quod
2461 1307 2672 1376 spiritu,
2686 1307 2866 1378 lingua
2885 1317 2938 1364 et
2952 1310 3201 1365 dentibus
3221 1309 3819 1387 elﬁciturgundeAposto-

2294 1397 2377 1451 lus
2404 1415 2455 1451 :t
2485 1397 2739 1464 Psallam,
2759 1399 2952 1469 inquit,
2979 1400 3170 1470 spiritu
3196 1400 3253 1471 (Ι
3281 1399 3405 1455 Cor.
3440 1404 3707 1474 stv,15),t
3732 1424 3819 1465 ver-

2293 1489 2421 1545 bum
2453 1490 2635 1555 etiam,
2688 1501 2745 1545 ut
2815 1491 2893 1545 sic
2934 1492 3186 1557 dixerim,
3230 1493 3528 1557 mcntualc,
3578 1497 3706 1564 quod
3732 1499 3819 1555 sola

2295 1583 2615 1652 cogitatione
2642 1583 2798 1638 labiis
2827 1585 3130 1639 tacentibus
3172 1584 3478 1655 disponitur
3518 1586 3599 1639 vel
3641 1588 3821 1645 disseriv

2297 1682 2403 1739 tur,
2454 1674 2676 1729 verbum
2724 1676 2852 1743 quin
2901 1675 3067 1729 etiam
3116 1674 3500 1741 intellectuale,
3560 1678 3688 1744 quod
3731 1680 3822 1735 sine

2298 1765 2542 1821 interiori
2572 1767 2677 1821 ulla
2725 1768 3065 1823 ordinatione
3111 1770 3400 1823 verborum
3427 1770 3698 1839 purissima
3729 1789 3825 1829 con-

2299 1856 2647 1927 templatione
2701 1867 2983 1924 tractatur,
3034 1858 3108 1912 ita
3132 1860 3363 1913 mundus
3394 1858 3519 1923 iste,
3547 1858 3593 1912 in
3641 1874 3732 1929 quo
3756 1862 3827 1917 de-

2297 1952 2488 2021 gimus,
2520 1950 2747 2005 visibilis
2805 1958 2860 2005 et
2906 1950 3257 2021 imaginarius
3296 1950 3403 2006 dici
3434 1958 3626 2019 potest,
3658 1952 3762 2020 quia
3786 1963 3827 2008 et

2297 2044 2575 2100 obtutibus
2606 2044 2808 2099 nostris
2854 2043 3086 2110 substat,
3120 2052 3172 2097 et
3221 2043 3393 2098 oculis
3418 2043 3714 2097 vacantibus
3736 2046 3826 2114 ejus

2297 2137 2653 2209 corporalitas
2679 2137 2847 2193 menti
2881 2136 3242 2191 retractabilis
3272 2145 3376 2192 est.
3429 2135 3523 2191 lllc
3578 2144 3735 2190 autem
3761 2137 3824 2191 iu-

2298 2228 2629 2281 teriortanto
2654 2225 2924 2280 diliicilius
2948 2234 3264 2294 penetratur
3290 2234 3497 2297 quanto
3534 2226 3825 2296 corporibus,

2298 2317 2451 2383 locis,
2480 2333 2542 2372 ac
2575 2317 2905 2388 temporibus
2946 2316 3021 2370 nil
3066 2317 3264 2371 ibidem
3287 2316 3617 2380 continetur,
3641 2315 3704 2369 nil
3742 2316 3828 2384 agi-

2302 2418 2408 2464 tur.
2453 2411 2520 2464 Et
2548 2420 2751 2479 quanto
2780 2425 2811 2464 a
2866 2418 3051 2465 nostro
3075 2425 3175 2464 usu
3211 2409 3511 2480 discrepat,
3542 2408 3629 2478 qui
3649 2409 3726 2461 vix
3754 2423 3824 2461 us-

2299 2500 2445 2569 piatu
2492 2500 2747 2554 intuitum
2797 2499 2996 2554 mentis
3050 2497 3337 2569 attigimus,
3399 2497 3505 2551 nisi
3538 2497 3601 2551 ad
3624 2498 3713 2551 ista
3738 2510 3830 2565 qua!

2300 2591 2702 2655 consuevimus,
2730 2598 2880 2644 tanto
2933 2591 3001 2644 ad
3052 2589 3203 2643 illum
3246 2588 3557 2643 interiorem
3588 2587 3829 2657 perviden-

2302 2681 2700 2753 dunrobnixius
2716 2680 2940 2735 nebulas
2957 2688 3153 2735 nostrae
3166 2678 3479 2734 intentionis
3491 2677 3832 2747 abrumpimus.

2925 2770 3150 2827 CAPUT
3189 2770 3274 2823 ΙΙΙ.

2378 2865 2562 2921 Utrum
2618 2865 2814 2920 diaboli
2873 2864 3124 2918 mundum
3156 2862 3293 2915 hunc
3343 2858 3834 2915 inhabilent.—Ubi

2304 2963 2563 3032 quaeritur
2592 2970 2769 3015 utrum
2800 2957 3016 3013 diabolo
3042 2965 3097 3012 et
3146 2956 3261 3025 ejus
3303 2954 3509 3025 angelis
3556 2950 3836 3023 generaliter

2306 3055 2615 3111 habitabilis
2636 3055 2898 3109 habeatur
2934 3051 3044 3105 hic.
3075 3048 3326 3113 mundus,
3379 3045 3633 3115 quoniam
3660 3041 3835 3113 princi-

2306 3162 2426 3218 pem
2456 3147 2613 3216 bujus
2642 3145 2845 3205 mundi,
2879 3144 2931 3196 in
2965 3156 3070 3210 quo
3096 3140 3326 3211 agimus,
3358 3145 3516 3192 vocat
3551 3149 3666 3190 eum
3690 3132 3839 3186 Domi-

2307 3258 2408 3296 nus
2439 3240 2619 3311 (Joan.
2654 3255 2755 3303 xu,
2791 3238 2901 3307 3|).
2930 3234 2996 3289 Et
3050 3232 3361 3303 Apostolus,
3406 3230 3696 3301 principem
3728 3224 3839 3279 aeris

2309 3334 2467 3403 hujus
2495 3331 2709 3403 (Ep/tes.
2744 3346 2802 3394 ιι,
2835 3330 2911 3399 Ξ).
2958 3327 3257 3398 principem
3318 3325 3482 3379 etiam
3539 3321 3839 3377 tenebrarum

2310 3425 2527 3488 harum,
2568 3418 2865 3490 spiritualia
2907 3418 3161 3488 nequitia:
3218 3416 3272 3471 in
3325 3414 3637 3471 coelestibus
3662 3410 3839 3483 (Ep/iet.

2310 3514 2526 3583 Vl,1‘2).
2636 3579 2643 3584 _

2383 3605 2654 3672 Qumritur
2684 3603 2864 3673 itaque
2917 3602 2962 3657 si
3002 3600 3048 3655 is
3105 3600 3194 3670 qui
3244 3602 3319 3654 ita
3355 3597 3425 3653 ob
3453 3597 3539 3652 sui
3578 3597 3707 3651 intra
3731 3593 3844 3647 hunc

2313 3712 2490 3752 aerem
2523 3695 2937 3749 diversationem
2964 3692 3143 3746 aerius
3172 3689 3495 3761 appellatur,
3524 3704 3588 3743 ac
3623 3687 3749 3740 inter
3768 3696 3844 3736 nos

2314 3788 2657 3846 iniisibiliter
2725 3786 3030 3853 divagatur,
3087 3791 3266 3836 tttrum
3299 3790 3353 3836 et
3404 3780 3479 3834 illi
3541 3778 3635 3835 tali
3684 3773 3844 3831 Stcculo

2314 3879 2597 3949 contiguus
2630 3878 2912 3930 habeatur.
2937 3874 3034 3929 Cui
3084 3872 3366 3942 qumstioni
3410 3872 3586 3941 primo
3632 3868 3847 3938 ingeritur

2315 3970 2482 4038 quod,
2515 3966 3236 4038 quarumcunquedignitatis
3256 3981 3319 4018 ac
3348 3962 3605 4033 puritatis
3633 3958 3846 4015 sarculum

2316 4063 2447 4117 illud
2470 4062 2559 4125 sit,
2616 4062 2796 4115 dicere
2839 4077 2947 4114 non
2994 4060 3166 4114 audeo
3215 4061 3359 4129 quod
3406 4058 3568 4113 bonis
3622 4071 3681 4109 ac
3724 4048 3848 4106 malis

2315 4168 2726 4209 commuuenon
2765 4152 2945 4206 fuerit.
2997 4151 3199 4206 Natura
3249 4150 3393 4204 enim
3436 4150 3847 4204 dmmonumcum

2317 4246 2387 4301 sit
2443 4244 2696 4315 ingenitis
2754 4242 3128 4297 alacritatibus
3188 4248 3483 4311 praeacuta,
3538 4238 3615 4292 sic
3670 4234 3732 4289 ob
3786 4228 3849 4284 sui

2316 4336 2823 4407 pcrspieacitatem,
2890 4334 2999 4389 imo
3050 4331 3346 4401 spiritualis
3408 4328 3664 4399 potentia:
3719 4321 3851 4420 agili-

2320 4435 2526 4491 tatem,
2607 4434 3081 4494 quantumcunque
3153 4420 3416 4476 exteriori
3490 4419 3757 4487 divagctur
3812 4419 3852 4463 ιιι

641 4530 781 4584 uuts,
815 4532 880 4572 ex
910 4518 1271 4587 corporalium
1301 4521 1489 4575 notitia
1530 4522 1683 4591 quasi
1713 4522 1865 4577 fucos
1888 4522 2219 4577 intellectua—
2250 4540 2294 4594 ι)
2318 4520 2540 4582 mundo,
2571 4528 2719 4573 tanto
2772 4517 2984 4587 prepric
3023 4515 3300 4585 propriam
3328 4511 3779 4569 conversationem
3806 4504 3845 4556 in

642 4608 809 4664 litatis
862 4612 1232 4680 exprimimus.
1271 4622 1325 4665 et
1362 4628 1425 4668 ex
1461 4613 1525 4668 iis
1554 4615 1694 4669 unde
1724 4623 1934 4669 constat
1993 4630 2219 4685 corpora

643 4699 933 4772 proﬂigari,
958 4704 1162 4760 animas
1186 4707 1931 4763 animadvertimuscoartari.

715 4792 745 4865 ᾗ
781 4795 861 4848 Ill.
894 4794 1024 4849 Cum
1052 4799 1409 4853 malerialibus
1432 4800 1670 4865 minime,
1719 4801 1909 4870 quibus
1938 4817 2057 4869 ergo
2114 4817 2223 4871 pa:-

648 4886 728 4940 m's
759 4887 1052 4957 aﬁiciantur
1076 4890 1392 4944 animw?—
1417 4890 1583 4961 Igitur
1637 4892 1888 4959 quoniam
1930 4890 2223 4960 corporali-

642 4978 746 5033 bus
799 4978 1075 5049 suppliciis
1131 4981 1341 5035 animas
1392 4998 1552 5051 puras
1608 4981 1848 5036 coerceri
1904 4997 2061 5051 posse
2114 4999 2222 5038 non

643 5070 939 5139 credimus,
972 5073 1169 5142 quibus
1213 5074 1386 5144 pernis
1433 5074 1553 5143 angi
1596 5074 1766 5142 possit
1806 5083 1860 5127 et
1912 5075 2104 5129 debeat
2133 5074 2222 5147 [(2,

646 5173 865 5233 possent
892 5174 947 5218 et
972 5164 1224 5236 debeant]
1260 5163 1625 5219 attendamus.
1664 5164 1927 5233 Superius
1970 5181 2034 5221 ex
2079 5167 2223 5237 Apo-

647 5253 787 5309 stolo
832 5254 941 5308 dixi
993 5254 1365 5323 spiritualibus
1411 5252 1711 5323 spiritualia
1745 5255 2125 5324 comparanda,
2171 5266 2226 5312 ct

648 5344 843 5398 mirum
888 5344 1043 5399 valde
1071 5352 1155 5399 est
1182 5344 1227 5397 si
1262 5343 1545 5397 tormentis
1574 5344 1945 5399 tractabilibus
1969 5345 2226 5401 intracta-

649 5436 774 5492 bilis
805 5438 982 5493 anima
1016 5437 1214 5491 dicitur
1253 5434 1557 5507 allligenda.
1592 5438 1778 5494 Dicere
1813 5447 1991 5493 tamen
2035 5441 2226 5510 primi-

652 5538 737 5585 tus
764 5540 907 5585 esset
933 5531 998 5586 de
1024 5545 1109 5597 eo,
1157 5530 1270 5601 qui,
1316 5530 1457 5586 sicut
1498 5530 1790 5602 Apostolus
1826 5530 2074 5600 gentibus
2112 5532 2226 5586 ait:

656 5642 677 5677 ι
712 5624 813 5691 Qui
843 5622 1083 5679 dicimini
1138 5623 1462 5695 praeputium
1490 5623 1558 5679 ab
1588 5639 1649 5679 ea
1686 5638 1808 5694 quae
1847 5632 2071 5678 vocatur
2117 5626 2228 5678 eir-

601 5728 609 5737 '
652 5714 912 5770 cumcisio
951 5712 1167 5785 (Ep/tes.
1204 5731 1265 5783 tt,
1294 5716 1407 5786 ll),
1450 5734 1468 5768 ι
1502 5717 1570 5772 ab
1593 5715 1852 5772 exteriori
1890 5716 1994 5771 hoc
2030 5717 2231 5772 mundo

657 5808 962 5882 appellatur
1007 5810 1251 5869 interior.
1314 5811 1465 5869 Sicut
1510 5812 1654 5869 enim
1708 5813 1761 5867 in
1801 5825 2027 5881 corpore
2075 5826 2227 5880 meo,

2322 4610 2562 4667 interiori
2595 4609 2803 4663 obtinet
2863 4607 2970 4673 illo,
3033 4615 3236 4675 quanto
3300 4604 3401 4659 sibi
3452 4602 3624 4672 major
3672 4611 3775 4653 cum
3807 4606 3855 4647 eo

2324 4708 2770 4758 censtatnalurm
2799 4698 3126 4754 communio.
3171 4697 3225 4750 Si
3276 4696 3421 4751 enim
3470 4689 3759 4765 spiritualis
3793 4691 3856 4738 est

2324 4796 2576 4861 mundus,
2607 4810 2705 4850 nec
2746 4793 3032 4847 crassioris
3079 4790 3425 4861 corpulentia:
3467 4795 3679 4843 constat
3702 4780 3854 4872 diabo-

2323 4886 2427 4952 lus,
2454 4886 2545 4939 ubi
2574 4884 2829 4939 identitas
2865 4882 3285 4937 substantiarum
3340 4887 3567 4947 excepta
3627 4864 3857 4927 rationali-

2328 4986 2435 5031 tale
2488 4977 2773 5045 utrobique
2825 4973 3180 5045 dignoscitur,
3221 4971 3357 5026 alter
3388 4971 3456 5025 ab
3500 4968 3670 5023 altero
3705 4960 3860 5017 absen-

2328 5070 2430 5124 tari
2460 5085 2564 5124 non
2590 5069 2805 5124 sinitur.

2401 5161 2559 5216 Nunc
2595 5160 2802 5214 diabolo
2831 5160 3034 5230 pervius
3085 5167 3160 5213 est
3217 5156 3463 5211 mundus.
3496 5185 3567 5195 -
3596 5152 3725 5208 Ante
3749 5143 3858 5199 diem

2329 5250 2673 5322 crgojudicii
2735 5249 2966 5303 mundus
3016 5248 3105 5303 ille
3154 5247 3382 5302 interior
3424 5242 3637 5300 diabolo
3693 5235 3858 5292 idcirco

2327 5343 2547 5413 pervius
2570 5350 2674 5407 est,
2698 5341 2823 5411 quia
2851 5340 3136 5394 animabus
3176 5340 3231 5393 in
3261 5347 3525 5393 teternum
3579 5325 3857 5403 supplicium

2330 5435 2681 5493 detrudendis
2709 5435 2813 5488 hoc
2844 5433 3039 5502 spatio,
3079 5432 3172 5486 Dei
3203 5440 3426 5485 exactor
3453 5436 3512 5484 et
3558 5436 3735 5481 servus
3777 5422 3860 5514 est.

2332 5545 2384 5590 et
2408 5535 2568 5589 datur
2623 5530 2926 5587 crudelitati
2979 5528 3119 5583 illius
3164 5528 3290 5582 huic
3340 5523 3519 5581 oﬂicio
3575 5504 3860 5602 obsequendi

2333 5627 2577 5687 libertas,
2602 5624 2771 5677 donec
2793 5635 2962 5693 grano
3003 5620 3240 5674 discreto
3289 5631 3318 5670 a
3362 5613 3535 5677 paleis
3558 5611 3802 5683 judicctur
3827 5609 3863 5649 et

2337 5714 2631 5770 auferenda
2685 5722 2944 5783 potestas.
2986 5711 3051 5766 Et
3104 5717 3252 5765 certe
3299 5708 3471 5775 ipsum
3531 5719 3652 5760 cum
3694 5696 3865 5754 funesto

2337 5824 2437 5870 Suo
2473 5806 2712 5863 exercitu
2753 5805 3020 5864 infernum
3055 5802 3211 5876 hujus
3235 5799 3416 5856 mundi
3447 5796 3651 5855 incolas
3680 5789 3863 5849 :estinw.
