4012 6346
142 325 286 384 επ

1247 323 1330 378 DE
1355 322 1768 381 PIGNORIBUS
1795 323 2240 384 SANCTORUM.
2277 359 2346 369 —
2383 327 2510 384 LIB.
2539 329 2628 385 Ν.

3384 340 3491 397 674

153 439 415 508 Quidni
446 453 571 494 cum
621 438 912 509 ergastulis
941 439 1162 510 relegati
1196 455 1476 510 poenarum
1527 450 1731 494 tantum
1766 457 1794 494 a
1823 450 1871 503 Α
1909 443 1954 497 si
1985 444 2106 513 quis
2154 443 2596 520 secusacstimet,
2627 457 2692 500 ac
2722 443 2768 499 si
2810 443 2864 500 in
2914 445 3032 518 ipsa
3083 448 3313 510 veritate
3341 466 3491 508 meu-

154 532 466 604 praeseuti
521 531 699 586 saeculi
740 540 885 586 statu
935 532 1281 598 dirimantur,
1311 543 1371 585 ut
1421 533 1535 588 sive
1592 532 1798 588 nobiles

156 622 300 678 sint
341 623 446 675 lilii
471 634 682 687 eorum,
705 623 820 678 sive
852 623 1115 694 ignobiles
1147 639 1176 676 a
1204 623 1359 677 beato
1397 622 1497 677 Job
1551 624 1798 694 ignorare

162 714 504 768 dicantur?
527 714 648 785 (Job
671 730 782 780 xw,
815 715 896 785 2.)
931 715 1044 770 Hoc
1072 724 1251 770 tamen
1290 717 1356 768 ab
1410 716 1572 785 hujus
1615 719 1798 772 mundi

165 807 569 861 similitudine
596 807 735 864 alter
758 808 846 863 ille
873 809 1153 876 dividitur,
1201 810 1343 878 quod
1373 809 1426 862 iu
1455 809 1556 862 isto
1584 809 1706 863 boni
1738 826 1800 866 ac

168 897 327 951 mali
373 898 685 968 promiscue
742 899 1120 966 continentur;
1177 901 1284 955 illic
1332 916 1459 954 vero
1494 903 1715 957 coelith
1736 919 1800 958 ac

165 991 429 1061 perditi,
463 992 564 1046 sub
611 991 818 1046 infinita
864 993 932 1047 ab
975 993 1206 1048 invicem
1267 994 1611 1048 distinctione
1649 995 1798 1050 clau-

168 1083 435 1136 duntur.

261 1170 412 1228 Post
465 1176 602 1230 diem
645 1176 844 1246 judicii
893 1179 1349 1251 haudquaquam:
1390 1183 1618 1236 mundus
1661 1200 1798 1237 enim

168 1267 281 1335 ﬁet
339 1286 533 1337 purus.
591 1270 772 1339 Ipsum
807 1282 934 1327 tunc
977 1274 1284 1328 habitabant
1346 1277 1538 1330 sancti.
1575 1307 1645 1317 -—
1672 1277 1798 1332 Post

174 1358 352 1413 diem
385 1360 570 1430 itaque
593 1372 896 1418 extremum
925 1380 1048 1420 cum
1085 1365 1199 1420 suis
1225 1365 1583 1436 complicibus
1614 1368 1799 1424 diabo-

174 1448 281 1505 lus
310 1449 440 1520 ipse
463 1454 866 1510 communicato
908 1457 1192 1526 supplicio,
1225 1456 1428 1512 liberos
1454 1459 1519 1513 ad
1541 1474 1800 1515 exercen-

171 1543 325 1598 dam
363 1546 657 1614 pristinam
683 1559 891 1620 pestem
914 1548 1026 1618 jam
1060 1566 1166 1604 non
1194 1559 1397 1620 poterit
1430 1553 1632 1607 habere
1656 1569 1801 1607 mea-

189 1647 320 1702 tus,
361 1646 420 1693 et
472 1647 622 1695 tanto
648 1641 970 1698 uniformiur
1017 1644 1070 1698 in
1102 1644 1258 1699 solita
1306 1661 1403 1700 sua
1450 1645 1686 1714 puritate
1711 1645 1802 1700 (iet

177 1730 446 1786 mundus
483 1741 686 1802 quanto
713 1749 810 1805 per
838 1751 960 1791 eum
993 1735 1130 1791 ultra
1185 1738 1420 1792 transire
1446 1736 1646 1792 valebit
1699 1753 1798 1792 ne-

1901 535 2115 592 dacium
2149 545 2378 606 qumrat.
2408 534 2466 591 Si
2497 536 2662 606 igitur
2687 546 2857 593 totum
2896 541 3175 612 spirituale
3200 555 3306 610 est,
3330 547 3491 616 quid-

1901 627 2030 696 quid
2061 628 2113 682 in
2146 627 2240 682 Dei
2289 628 2513 698 praemio
2549 638 2652 696 est,
2701 646 3042 703 consequens
3086 636 3216 691 mihi
3248 638 3486 708 videtur,

1901 728 1961 774 ut
1992 720 2134 789 quod
2167 720 2218 774 in
2261 721 2531 790 spirituali
2580 723 2782 779 mundo
2807 741 2834 779 a
2861 727 3142 796 spiritibus
3174 728 3302 785 licet
3333 731 3489 787 mali-

1902 813 2022 883 gnis
2049 812 2484 878 administratur,
2514 815 2744 884 idipsum
2796 833 3010 888 quoque
3034 821 3177 891 quod
3199 823 3489 891 puniendis

1903 921 2194 976 pravorum
2225 907 2504 976 spiritibus
2555 907 2775 975 attinet,
2810 912 2971 966 etiam
3020 913 3299 984 spirituale
3329 925 3488 985 pute-

1903 1008 2010 1052 tur.
2040 1001 2195 1054 Sicut
2234 1002 2379 1056 enim
2409 1004 2631 1074 angelos
2660 1001 2834 1058 fetore
2876 1005 3112 1062 humano
3132 1009 3347 1078 gravari
3376 1024 3484 1064 non

1902 1093 2194 1160 credimus,
2227 1095 2306 1150 sic
2327 1097 2537 1151 animas
2568 1096 2936 1168 corporalibus
2994 1101 3272 1170 suppliciis
3297 1101 3485 1158 vexari

1903 1201 2008 1242 nou
2037 1203 2198 1257 posse
2235 1189 2486 1246 dicimus.

1975 1276 2002 1348 §
2043 1277 2103 1330 ll.
2137 1278 2278 1342 Quid
2299 1277 2454 1351 ﬂetus
2499 1283 2552 1336 iu
2580 1283 2812 1354 inferno,
2839 1292 2886 1338 et
2909 1284 3108 1338 stridor
3131 1284 3387 1340 dentium.
3415 1315 3488 1328 -—-

1905 1365 2028 1430 Sed,
2059 1368 2196 1422 sicut
2236 1370 2489 1440 superius
2525 1373 2661 1440 dixi,
2693 1391 2758 1429 ex
2805 1375 3081 1430 contraria
3111 1385 3268 1446 parte
3295 1377 3487 1433 melius

1904 1475 2017 1514 rem
2041 1459 2310 1532 attingere
2339 1477 2646 1532 possumus.
2682 1465 2740 1519 Si
2765 1465 2923 1536 juxta
2949 1466 3263 1536 Apostolum
3289 1485 3302 1522 :
3335 1487 3353 1520 ‹
3383 1468 3488 1523 Re-

1902 1569 2066 1623 gmun
2101 1554 2194 1608 Dei
2245 1570 2350 1608 non
2391 1564 2474 1612 est
2513 1572 2637 1612 esea
2685 1567 2740 1612 et
2769 1569 2948 1628 potus,
3000 1561 3092 1615 sed
3125 1576 3227 1629 pax
3255 1569 3310 1616 et
3353 1577 3487 1633 gau-

1904 1645 2050 1700 dium
2103 1643 2156 1700 iu
2200 1645 2407 1716 Spiritu
2461 1655 2650 1703 sancto
2689 1647 2866 1719 (Rom.
2919 1665 3036 1713 XIV,
3107 1650 3216 1721 7i),
3254 1670 3272 1703 ι
3305 1651 3490 1707 videa-

1903 1752 2025 1792 mus
2063 1753 2093 1791 e
2121 1737 2341 1808 regione
2367 1754 2529 1808 quam
2557 1739 2770 1795 diversa
2798 1741 2866 1796 ab
2908 1741 2993 1808 iis,
3028 1741 3356 1798 turbulentia
3384 1744 3490 1800 sci-

175 1838 286 1879 mo
340 1825 600 1895 pollutus.
653 1827 789 1885 Hine
852 1840 938 1886 est
989 1833 1131 1901 quod
1163 1832 1300 1887 ctelo
1354 1847 1492 1887 novo
1517 1831 1658 1886 facto
1688 1842 1799 1887 ter—
1831 1811 1876 1868 Β
1906 1825 2032 1880 “cel
2083 1835 2309 1893 ίηῑθνηαν
2361 1843 2426 1882 ac
2477 1837 2770 1898 Ρενβθιυυε
2817 1840 2996 1886 ιηοῑυε
3044 1840 3208 1901 ειιίιυθ
3245 1833 3485 1901 ῑΐῖειίῑίθν

183 1928 383 1986 raque
441 1934 578 1974 nova
615 1919 797 1992 (Apoc.
859 1939 972 1991 xxi,
1035 1925 1108 1995 l),
1167 1925 1392 1980 interior
1452 1925 1800 1995 exteriorque

184 2010 434 2078 pervius
475 2028 537 2067 ac
580 2013 892 2071 habitabilis
922 2017 1274 2073 eritsanctis.
1319 2019 1535 2076 Sanctis
1562 2036 1798 2092 namque

188 2107 320 2154 tam
366 2101 488 2172 igne
531 2107 778 2175 purgatis
809 2124 970 2177 quam
999 2109 1158 2164 beata
1207 2127 1494 2181 corporum
1540 2113 1796 2168 immuta-

185 2191 360 2248 tione
388 2197 671 2262 promotis,
705 2207 757 2252 et
786 2200 982 2255 seaculo
1011 2200 1120 2255 imo
1144 2203 1346 2258 mundo
1370 2205 1486 2274 ipso
1508 2220 1536 2258 a
1560 2206 1800 2262 veteruis

193 2287 471 2342 sordibus
499 2289 850 2360 conflagrato,
883 2300 938 2347 et
960 2293 1012 2347 in
1051 2293 1523 2364 ineorruptibilcm
1554 2298 1797 2353 habitum

193 2389 490 2449 reparato,
546 2382 634 2437 fiet
693 2391 866 2439 status
916 2385 1270 2442 habitationis
1318 2387 1800 2460 habitatorumque

201 2473 574 2545 undecunque
600 2478 950 2544 conveniens,
982 2479 1072 2533 fiet
1097 2482 1385 2550 utrobique
1415 2463 1521 2536 una
1548 2481 1690 2538 facto
1717 2499 1800 2538 re-

200 2565 410 2635 purgio
434 2581 654 2622 mansor
690 2583 754 2622 ac
776 2571 984 2625 mansio
1011 2571 1229 2626 florens.
1253 2573 1319 2627 Et
1345 2573 1486 2628 sicut
1512 2590 1710 2647 corpus
1738 2592 1801 2632 ac

207 2657 403 2712 anima
438 2659 492 2714 in
525 2661 730 2717 sanctis
756 2661 857 2718 sub
885 2663 1042 2719 unius
1080 2665 1430 2722 beatitudinis
1461 2668 1798 2738 gloriajubi-

207 2746 428 2814 labunt,
457 2750 538 2805 sie
585 2753 826 2807 exterior
857 2754 1195 2827 interiorque
1246 2759 1480 2814 numdus
1529 2759 1596 2814 ad
1639 2777 1800 2816 uuam

206 2841 509 2909 puritatem
538 2857 604 2898 ex
634 2845 860 2901 alterius
892 2851 1332 2906 conerematiunc
1355 2851 1579 2942 reda.cti,
1614 2855 1800 2924 splen-

210 2932 373 2989 didos
395 2935 512 2991 sine
537 2938 684 2992 omni
711 2937 1121 3008 importunitate
1148 2942 1426 3000 discursus
1453 2932 1660 3002 s'auctis
1682 2947 1803 3004 ubi-

213 3040 325 3096 que
353 3027 814 3097 triumphantibus
842 3035 1202 3104 apparebunt.

833 3125 1063 3183 CAPUT
1102 3128 1190 3183 Ν.

289 3212 317 3286 §
343 3213 384 3268 Ι.
420 3212 601 3286 Neque
622 3214 839 3270 elecliin
868 3217 994 3272 caelo
1020 3235 1325 3289 corpoream
1345 3219 1589 3292 gloriam,
1637 3239 1801 3296 neque

215 3307 278 3362 in
319 3306 522 3377 inferno
552 3308 755 3378 reprobi
800 3325 1105 3380 corpoream
1135 3327 1341 3381 prunam
1385 3313 1598 3367 habent.
1621 3344 1693 3355 —
1719 3315 1803 3370 Ad

223 3412 336 3453 rem
361 3397 543 3468 itaque
579 3413 699 3468 quae
727 3410 906 3470 coepta
956 3399 1132 3455 fuerat
1177 3402 1482 3459 redeamus.
1508 3403 1705 3460 Poenas
1736 3406 1802 3460 il-

215 3488 319 3554 las,
351 3504 468 3559 qua:
509 3490 562 3544 in
594 3489 688 3545 illo
742 3491 998 3548 abditiori
1056 3492 1258 3548 mundo
1314 3494 1564 3564 reprobis
1611 3495 1801 3551 inferri

217 3579 457 3644 dicimus,
509 3596 788 3652 corporeae
841 3583 927 3638 vel
983 3584 1315 3653 incorporeas
1364 3585 1538 3641 sintsi
1570 3585 1802 3642 difﬁnire

215 3673 484 3742 volumus,
511 3689 578 3730 ex
607 3675 882 3732 contrario
907 3676 1102 3733 melius
1122 3677 1328 3733 sentire
1352 3678 1614 3735 valemus.
1639 3681 1800 3748 Qua).

219 3766 439 3822 rendam
488 3767 649 3837 plane
685 3770 836 3841 prius
862 3780 948 3826 est
976 3779 1160 3827 utrum
1187 3771 1346 3828 electi
1383 3787 1696 3842 corporeas,
1729 3791 1797 3830 an

221 3859 557 3944 incorporeas
603 3863 658 3916 in
715 3862 922 3918 coelesti
953 3879 1122 3935 regno
1180 3864 1381 3936 glorias
1405 3877 1794 3938 assequuntur.

223 3948 279 4004 Si
305 3965 592 4022 corporeas
621 3952 821 4024 glorias
851 3955 1206 4022 aestimemus,
1238 3966 1298 4011 ut
1319 3957 1528 4013 scilicet
1556 3959 1800 4030 volupta—

223 4041 380 4108 tibus,
428 4044 605 4115 gustui
654 4060 718 4100 ac
777 4047 953 4116 epulis
999 4056 1216 4114 vacent,
1257 4049 1391 4104 nihil
1437 4051 1797 4120 explicamus,

223 4134 330 4190 imo
367 4134 654 4207 Scripturis
675 4139 1014 4195 obsistimus.
1043 4140 1180 4208 Non,
1208 4141 1304 4206 ait,
1333 4143 1614 4212 gaudeatis
1641 4159 1800 4214 super

228 4226 494 4297 spiritibus
509 4229 598 4298 qui
630 4230 783 4286 vobis
811 4229 1311 4300 subjiciuntur,sed
1342 4232 1624 4302 gaudeatis
1655 4234 1798 4304 quod

231 4319 435 4374 nomina
485 4328 666 4374 vestra
715 4321 916 4392 scripta
963 4331 1091 4377 sunt
1134 4323 1189 4376 iu
1232 4322 1374 4378 coelo
1409 4321 1564 4393 (Luc.
1591 4341 1644 4391 x,
1682 4323 1795 4396 20).

227 4408 378 4467 Certe
430 4410 531 4481 ipsi
563 4411 790 4482 apostoli
824 4413 1002 4468 adlmc
1035 4413 1196 4467 rudes
1240 4414 1470 4468 Domino
1505 4414 1747 4470 inferunt
1781 4434 1795 4470 :

233 4523 250 4557 ι
293 4504 526 4570 Domine,
562 4505 836 4575 inquiunt,
861 4506 1090 4562 ostende
1129 4507 1284 4562 nobis
1307 4508 1546 4573 Patrem,
1575 4508 1796 4564 etsuﬂi-
1831 4542 1876 4596 Β

230 4598 300 4652 cit
337 4597 484 4652 nobis
529 4597 711 4668 (Joan.
758 4614 870 4666 xiv,
911 4597 986 4669 8).
1025 4617 1042 4649 ι
1082 4598 1214 4653 Illud
1249 4615 1508 4670 quoque:
1547 4620 1565 4651 ι
1593 4600 1794 4656 lterum

231 4698 393 4746 autem
452 4689 646 4746 videbo
687 4705 805 4757 vos,
843 4700 897 4746 et
941 4691 1200 4763 gaudebit
1227 4707 1322 4748 cor
1345 4703 1586 4749 vestrum
1610 4692 1793 4766 (Joan.

232 4801 334 4853 xvi,
374 4785 483 4856 22).
520 4805 539 4839 ι
569 4784 628 4840 Si
673 4785 729 4840 in
781 4785 978 4842 talibus
1027 4786 1396 4842 caelicolarum
1434 4788 1628 4861 gloria,
1669 4789 1796 4858 quid

231 4889 483 4935 terrenum
528 4877 620 4933 hic
660 4879 956 4948 quaeritur?
984 4879 1114 4946 Quae
1155 4881 1466 4952 jucunditas
1495 4882 1796 4953 corporalis

233 4972 281 5026 in
315 4971 396 5024 Dei
437 4969 616 5025 Patris
643 4970 854 5026 visione
903 4973 1151 5040 putetur?
1183 4973 1321 5038 Quid
1354 4974 1501 5043 quod
1553 4975 1796 5045 psalmus

232 5065 340 5120 ait:
371 5083 388 5115 ι
423 5063 560 5131 Quid
596 5063 740 5118 enim
767 5064 898 5118 mihi
937 5072 1020 5120 est
1050 5064 1104 5118 in
1145 5064 1307 5131 coelo,
1337 5075 1390 5120 et
1411 5081 1442 5120 a
1469 5075 1519 5120 te
1548 5067 1676 5136 quid
1702 5082 1797 5122 vo-

235 5155 300 5210 lui
337 5170 488 5226 super
528 5155 768 5210 terram?
811 5156 974 5221 Deus,
1015 5155 1212 5225 inquit,
1239 5157 1418 5212 cordis
1442 5158 1546 5212 mei
1584 5169 1637 5213 et
1668 5175 1798 5229 pars

234 5263 338 5303 mea
388 5245 559 5318 (Psal.
606 5264 778 5314 Lxxn,
820 5247 912 5312 25,
965 5247 1082 5319 26).
1123 5267 1142 5300 ι
1192 5247 1250 5304 Si
1291 5263 1419 5318 ergo
1455 5267 1472 5300 ι
1505 5248 1606 5316 Qui
1653 5251 1799 5306 videt

234 5345 430 5411 Filium,
471 5353 526 5399 et
591 5343 769 5399 credit
819 5344 873 5399 iu
921 5359 1080 5410 eum,
1131 5343 1294 5400 habet
1341 5345 1505 5398 vitam
1537 5354 1795 5400 :eteruam

238 5440 400 5513 (Joan.
421 5456 497 5503 vi,
521 5439 633 5510 40),
673 5460 690 5491 ι
725 5449 780 5494 et
807 5439 859 5493 in
922 5438 1060 5494 coelo
1089 5453 1154 5494 ac
1187 5439 1240 5493 in
1273 5447 1414 5494 terra
1443 5438 1576 5492 nihil
1603 5439 1796 5508 quani-

239 5542 316 5586 tur
343 5532 430 5586 nisi
463 5539 523 5586 ut
566 5533 712 5586 Deus
764 5532 1052 5598 habeatur,
1088 5547 1219 5602 rogo
1255 5532 1374 5602 quis
1403 5531 1558 5588 locus
1609 5547 1799 5601 corpo-

239 5625 332 5681 reis
357 5625 714 5696 voluptatibus
753 5625 947 5682 datur?

300 5719 442 5792 365.
471 5719 604 5774 Cum
652 5735 782 5790 ergo
827 5717 960 5774 nihil
986 5717 1358 5789 exemplorum
1387 5723 1658 5788 suppetat,
1701 5731 1796 5786 per

242 5828 343 5884 qua:
361 5813 474 5884 quis
505 5811 726 5868 carnale
752 5811 804 5866 in
831 5810 968 5867 cwlo
1007 5810 1134 5881 quid
1166 5811 1450 5883 intelligat,
1487 5811 1684 5866 mirum
1716 5818 1798 5864 est

1901 1917 2081 1986 vigeat
2111 1916 2163 1969 in
2194 1916 2432 1972 inferno.
2474 1938 2491 1968 ι
2531 1917 2666 1982 Erit,
2698 1918 2774 1973 ait
2823 1921 3113 1985 Dominus,
3136 1920 3207 1976 ibi
3231 1919 3406 1989 ﬂetus,
3435 1932 3491 1979 et

1903 2008 2105 2062 stridor
2141 2008 2383 2063 dentium
2425 2007 2656 2079 (Matt/1.
2710 2025 2829 2077 VIII,
2865 2010 2989 2083 i2).
3025 2032 3042 2064 ι
3098 2011 3236 2080 Quid
3278 2015 3489 2070 anima-

1901 2115 2020 2153 rttm
2048 2098 2221 2165 ﬂetus,
2250 2101 2352 2156 nisi
2384 2101 2755 2171 prmcordialis
2778 2117 2966 2158 earum
3007 2113 3061 2158 et
3108 2105 3322 2160 interna
3355 2121 3487 2163 mua-

1900 2193 2084 2248 stitia?
2111 2192 2298 2249 Fletus
2332 2195 2475 2248 enim
2537 2195 2626 2264 qui
2662 2209 2770 2249 non
2813 2195 2915 2250 uisi
2943 2212 2972 2249 a
3001 2197 3304 2266 corporalis
3327 2198 3489 2254 rebus

1901 2288 2188 2354 emittitur,
2214 2299 2268 2343 et
2293 2289 2522 2358 stridor,
2554 2291 2646 2359 qui
2671 2289 2910 2346 dentatis
2943 2291 3044 2347 rite
3082 2292 3394 2358 ascribitur,
3422 2292 3491 2348 ad

1900 2378 2141 2434 dolorem
2167 2379 2613 2450 incorporearum
2638 2381 2898 2452 ipsarum,
2924 2382 3190 2438 insaniam
3225 2384 3492 2440 furorem-

1901 2487 2008 2542 que
2045 2471 2297 2527 refertur.
2334 2471 2579 2528 Stridere
2609 2488 2865 2544 namque,
2894 2489 3018 2529 cum
3069 2477 3138 2530 de
3168 2476 3390 2532 homine
3409 2477 3492 2532 di-

1902 2564 2062 2628 citur,
2091 2564 2388 2620 furentium
2433 2573 2536 2621 est.
2571 2566 2664 2621 Est
2686 2581 2818 2637 ergo
2847 2567 3001 2623 dolor
3037 2582 3325 2638 perpessas;
3353 2580 3409 2625 et
3435 2570 3491 2627 in

1901 2664 2168 2711 arteraum
2218 2657 2587 2726 perpetienda:
2635 2657 2889 2713 miseriae.
2929 2657 3026 2714 Est
3052 2659 3216 2714 etiam
3264 2659 3487 2728 stridor,

1903 2749 2028 2803 dum
2067 2748 2456 2805 commembris
2512 2748 2712 2804 diaboli
2742 2750 2946 2816 anima,
2985 2750 3098 2822 jam
3128 2752 3492 2822 contemptrix

1901 2840 2146 2896 omnium
2178 2841 2488 2898 divinorum
2521 2843 2789 2915 poenitere
2837 2843 3049 2914 incipit,
3079 2860 3188 2900 non
3211 2860 3270 2901 se
3303 2843 3489 2916 pejora

1901 2949 2062 3004 quam
2091 2934 2286 2990 fecerit
2306 2935 2576 2993 effecisse.

1976 3027 2130 3082 Unde
2158 3036 2283 3083 est:
2325 3047 2343 3080 ι
2397 3030 2600 3102 Impius
2649 3049 2774 3088 cum
2808 3031 3018 3089 venerit
3063 3031 3117 3086 in
3158 3029 3491 3102 profundum

1903 3121 2190 3190 malorum,
2245 3124 2550 3180 contemnit
2584 3125 2746 3198 (Prov
2777 3142 2932 3194 xvnt,
2975 3125 3052 3198 '5).
3091 3143 3112 3178 ι
3153 3123 3363 3192 Omnis,
3389 3123 3484 3190 ait,

1905 3215 2068 3269 arbor
2105 3229 2227 3284 qua:
2284 3230 2389 3269 non
2433 3215 2565 3271 facit
2608 3217 2844 3274 fructum
2875 3217 3075 3272 bonum
3107 3215 3406 3280 excidetur,
3434 3221 3490 3270 et

1911 3307 1961 3360 in
2010 3308 2190 3378 ignem
2238 3309 2486 3364 mittetur
2527 3309 2772 3380 (Matth.
2844 3326 2937 3374 lit,
2977 3307 3088 3378 10)
3152 3325 3170 3358 ι
3210 3306 3494 3362 Exciditur

1909 3397 2164 3454 videlicet
2205 3415 2235 3453 a
2294 3407 2566 3470 potestate
2613 3400 2898 3470 peccandi,
2949 3397 3093 3469 quod
3155 3397 3492 3454 tantumdem

1905 3492 2068 3558 valet,
2107 3509 2170 3548 ac
2229 3495 2274 3549 si
2311 3493 2563 3549 diceret:
2609 3493 2798 3562 Ligate
2849 3491 2924 3546 illi
2977 3506 3173 3545 manus
3221 3505 3286 3544 ac
3325 3490 3494 3560 pedes

1906 3579 2122 3646 (Matth.
2179 3597 2314 3646 xxn,
2360 3580 2448 3650 l5)
2504 3580 2561 3634 In
2614 3580 2792 3650 ignem
2833 3594 2964 3652 vero
3009 3580 3173 3645 mitti,
3226 3587 3492 3649 perpetuo

1904 3673 2044 3727 male
2068 3673 2262 3743 agendi
2302 3681 2388 3728 est
2439 3671 2682 3744 appetitu
2729 3672 2984 3726 cremari.
3033 3669 3186 3726 Unde
3225 3679 3280 3725 et
3307 3669 3440 3724 illud
3473 3687 3488 3726 :

1908 3785 1928 3819 ‹
1977 3765 2348 3837 Supereecidit
2400 3765 2560 3836 ignis,
2593 3775 2647 3819 et
2676 3780 2785 3820 non
2829 3765 3080 3820 viderunt
3109 3762 3282 3819 solem
3313 3761 3487 3834 (Psal.

1902 3877 2033 3927 Lvn,
2065 3861 2144 3932 9).
2181 3880 2199 3911 ›
2236 3858 2292 3915 Si
2319 3859 2462 3915 enim
2509 3867 2611 3925 est,
2637 3868 2696 3912 ut
2719 3873 2847 3914 vere
2875 3865 2978 3922 est,
3006 3857 3131 3928 quia
3158 3857 3210 3910 in
3243 3855 3491 3911 interiori

1903 3954 1996 4011 illo
2025 3955 2226 4010 mundo
2275 3954 2522 4024 cupiunt,
2567 3959 2836 4016 metuunt,
2873 3950 3235 4022 gaudentque,
3274 3947 3488 4005 dolent-

1902 4061 2028 4118 que,
2087 4046 2215 4102 licet
2271 4045 2452 4116 impiis
2505 4057 2868 4114 nequaquam-
2912 4042 3150 4113 gaudere
3177 4040 3486 4104 conveniat,

1905 4137 2008 4193 tria
2067 4146 2245 4192 tamen
2300 4135 2404 4190 alia
2453 4134 2532 4189 eis
2575 4149 2646 4188 ne
2704 4139 2982 4187 momento
3020 4131 3238 4202 quidem
3299 4129 3492 4185 abesse

1903 4239 2136 4300 queant;
2179 4243 2284 4282 non
2325 4226 2502 4282 dicam
2557 4225 2700 4295 quod
2727 4224 2930 4280 eisdem
2962 4222 3304 4292 passionibus
3339 4222 3492 4276 addi-

1904 4329 2120 4384 cantur,
2144 4319 2342 4388 quibus
2366 4317 2497 4374 olim
2523 4315 2924 4385 subjacuerant,
2943 4311 3040 4365 sed
3065 4319 3216 4364 tanto
3251 4309 3492 4364 rabidius

1903 4420 2108 4481 quanto
2140 4407 2577 4478 spiritualius,ut
2598 4405 2672 4459 nil
2703 4403 2849 4458 aliud
2881 4403 2937 4456 in
2963 4401 3044 4456 eis
3074 4402 3220 4471 ipsae,
3238 4415 3344 4454 non
3373 4415 3492 4455 unae

1903 4503 1999 4558 sed
2037 4501 2364 4556 omnimodae
2394 4499 2698 4570 passiones,
2737 4493 2912 4566 quam
2963 4493 3106 4566 ignis
3136 4491 3492 4550 indefectivus

1901 4601 1956 4648 et
1979 4607 2196 4662 semper
2223 4590 2448 4644 inurens
2471 4589 2625 4642 fiant.

1971 4686 1999 4759 §
2028 4683 2115 4740 ill.
2141 4682 2271 4754 Igne
2306 4679 2570 4736 materiali
2609 4681 2814 4734 animus
2858 4675 3094 4750 torqueri
3115 4675 3242 4730 dicit
3273 4673 3342 4732 Β.
3363 4671 3491 4730 Gre-

1904 4779 2106 4851 gorius.
2147 4807 2216 4817 ——
2242 4775 2394 4843 Quod
2426 4774 2471 4829 si
2501 4774 2624 4844 quis
2654 4772 2786 4828 mihi
2815 4770 3002 4842 objicit
3039 4771 3259 4826 beatum
3281 4767 3490 4839 Grego-

1902 4873 2084 4937 rium,
2145 4872 2287 4940 quod
2345 4881 2608 4938 corporeo
2672 4865 2816 4920 dicat
2867 4864 3082 4918 animas
3132 4862 3258 4933 igne
3311 4859 3489 4928 puniri

1900 4963 2138 5036 (Dialog.
2169 4961 2258 5017 lib.
2288 4977 2361 5028 tv,
2396 4975 2513 5030 cap.
2549 4958 2664 5028 29),
2693 4963 2960 5023 advertat,
2999 4956 3143 5025 quod
3169 4953 3239 5008 ibi
3269 4951 3488 5006 dicitur.

1905 5077 1924 5110 ι
1973 5056 2188 5119 Teneri,
2229 5055 2327 5120 ait,
2363 5053 2624 5124 Spiritum
2650 5066 2750 5121 per
2779 5049 2956 5120 ignem
2985 5047 3241 5108 dicimus,
3288 5061 3306 5094 ι
3347 5051 3407 5096 ut
3438 5043 3489 5096 in

1910 5157 2180 5204 tormento
2234 5145 2373 5216 ignis
2434 5146 2505 5199 sit
2542 5144 2774 5199 videndo
2837 5155 2900 5195 ac
2950 5135 3252 5193 sentiendo.
3307 5134 3490 5205 Ignrm

1902 5257 2136 5312 namque
2157 5255 2221 5296 eo
2253 5241 2367 5310 ipso
2397 5238 2622 5310 patitur,
2655 5251 2762 5305 quo
2807 5232 2970 5296 videt,
3010 5239 3064 5286 et
3088 5228 3216 5299 quia
3253 5227 3489 5282 cremari

1902 5351 1960 5392 se
1990 5334 2204 5406 aspicit,
2239 5340 2535 5388 crematur.
2565 5328 2720 5396 Quod
2778 5334 2952 5381 totum
2979 5331 3080 5390 est,
3106 5321 3232 5392 quia
3259 5321 3487 5374 damna-

1905 5435 2016 5481 tum
2047 5442 2103 5480 se
2150 5424 2362 5494 aspicit,
2393 5421 2559 5476 animi
2598 5433 2740 5473 saeva
2785 5414 3204 5473 exacerbatioue
3228 5411 3487 5479 decoqui-

1903 5527 2009 5574 tur.
2058 5518 2193 5572 Vide
2246 5515 2522 5571 hominem
2574 5520 2778 5566 esterno
2832 5507 3108 5580 ergastulo
3164 5505 3487 5576 relegatum,

1901 5611 2178 5669 mortifera
2210 5609 2570 5664 mortificatur
2617 5605 2824 5662 acedia.
2845 5603 2964 5661 Vidi
2994 5605 3098 5660 hoc
3127 5617 3271 5657 anno
3297 5615 3490 5669 quem-

1902 5708 2047 5770 dam,
2094 5703 2182 5774 qui
2226 5701 2421 5756 timore
2469 5698 2804 5770 paupertatis
2857 5698 3110 5768 laqueum
3151 5694 3276 5759 sibi,
3323 5691 3426 5747 nisi
3454 5705 3484 5744 a

1902 5803 2014 5860 suis
2045 5804 2349 5862 eruerctur,
2369 5795 2645 5868 iniecerat.
2674 5793 2749 5850 De
2777 5790 3186 5852 circumstantia
3211 5799 3343 5859 ergo
3364 5796 3485 5852 sua,
