  <div class='ocr_page' id='page_1' title='image "/cluster/home/n/w/nwhite01/storage/ocr_20150623/156/hvd.32044010683712/343.png"; bbox 0 0 4012 6346; ppageno 0'>
   <div class='ocr_carea' id='block_1_1' title="bbox 628 345 736 406">
    <p class='ocr_par' dir='ltr' id='par_1_1' title="bbox 628 345 736 406">
     <span class='ocr_line' id='line_1_1' title="bbox 628 345 736 406; baseline -0.028 0"><span class='ocrx_word' id='word_1_1' title='bbox 628 345 736 406; x_wconf 83' lang='lat'><strong>675</strong></span> 
     </span>
    </p>
   </div>
   <div class='ocr_carea' id='block_1_2' title="bbox 1413 339 2193 419">
    <p class='ocr_par' dir='ltr' id='par_1_2' title="bbox 1413 339 2193 398">
     <span class='ocr_line' id='line_1_2' title="bbox 1413 339 2193 398; baseline -0.006 0"><span class='ocrx_word' id='word_1_2' title='bbox 1413 342 1478 398; x_wconf 71' lang='grc' dir='ltr'><strong>γ.</strong></span> <span class='ocrx_word' id='word_1_3' title='bbox 1509 339 1830 397; x_wconf 77' lang='lat' dir='ltr'><strong>GUIBERTI</strong></span> <span class='ocrx_word' id='word_1_4' title='bbox 1865 340 2154 396; x_wconf 78' lang='lat' dir='ltr'><strong>ABBATIS</strong></span> <span class='ocrx_word' id='word_1_5' title='bbox 2187 344 2193 393; x_wconf 73' lang='lat'><strong>1</strong></span> 
     </span>
    </p>
   </div>
   <div class='ocr_carea' id='block_1_3' title="bbox 2291 339 3796 419">
    <p class='ocr_par' dir='ltr' id='par_1_3' title="bbox 2291 340 3796 419">
     <span class='ocr_line' id='line_1_3' title="bbox 2291 340 3796 419; baseline 0.016 -25"><span class='ocrx_word' id='word_1_6' title='bbox 2291 341 2508 396; x_wconf 75' lang='lat' dir='ltr'><strong>tiARUE</strong></span> <span class='ocrx_word' id='word_1_7' title='bbox 2533 342 2622 396; x_wconf 85' lang='lat' dir='ltr'><strong>DE</strong></span> <span class='ocrx_word' id='word_1_8' title='bbox 2660 340 3052 398; x_wconf 85' lang='lat' dir='ltr'><strong>NOVIGENTO</strong></span> <span class='ocrx_word' id='word_1_9' title='bbox 3725 361 3796 419; x_wconf 67' lang='grc' dir='ltr'><strong>ϐπ</strong></span> 
     </span>
    </p>
   </div>
   <div class='ocr_carea' id='block_1_4' title="bbox 631 457 3796 534">
    <p class='ocr_par' dir='ltr' id='par_1_4' title="bbox 631 457 3796 534">
     <span class='ocr_line' id='line_1_4' title="bbox 631 457 3796 534; baseline 0.004 -15"><span class='ocrx_word' id='word_1_10' title='bbox 631 462 929 519; x_wconf 83' lang='lat' dir='ltr'><strong>secundum</strong></span> <span class='ocrx_word' id='word_1_11' title='bbox 958 464 1173 518; x_wconf 86' lang='lat' dir='ltr'><strong>beatum</strong></span> <span class='ocrx_word' id='word_1_12' title='bbox 1211 473 1406 530; x_wconf 86' lang='lat' dir='ltr'><strong>papam</strong></span> <span class='ocrx_word' id='word_1_13' title='bbox 1437 459 1660 529; x_wconf 79' lang='lat' dir='ltr'><strong>spiritus</strong></span> <span class='ocrx_word' id='word_1_14' title='bbox 1685 458 1866 527; x_wconf 89' lang='lat' dir='ltr'><strong>habet,</strong></span> <span class='ocrx_word' id='word_1_15' title='bbox 1907 459 2049 515; x_wconf 88' lang='lat' dir='ltr'><strong>unde</strong></span> <span class='ocrx_word' id='word_1_16' title='bbox 2073 475 2202 514; x_wconf 86' lang='lat' dir='ltr'><strong>cru-</strong></span> <span class='ocrx_word' id='word_1_17' title='bbox 2230 461 2277 518; x_wconf 84' lang='grc' dir='ltr'><strong>Α</strong></span> <span class='ocrx_word' id='word_1_18' title='bbox 2304 457 2496 531; x_wconf 80' lang='lat' dir='ltr'><strong>(Ecrli,</strong></span> <span class='ocrx_word' id='word_1_19' title='bbox 2527 475 2606 523; x_wconf 81' lang='lat' dir='ltr'><strong>ix,</strong></span> <span class='ocrx_word' id='word_1_20' title='bbox 2641 459 2752 531; x_wconf 84' lang='grc'><strong>10),</strong></span> <span class='ocrx_word' id='word_1_21' title='bbox 2791 476 2953 530; x_wconf 84' lang='lat' dir='ltr'><strong>quem</strong></span> <span class='ocrx_word' id='word_1_22' title='bbox 2997 459 3209 514; x_wconf 74' lang='lat' dir='ltr'><strong>scilicet</strong></span> <span class='ocrx_word' id='word_1_23' title='bbox 3251 461 3517 518; x_wconf 83' lang='lat' dir='ltr'><strong>diabolicae</strong></span> <span class='ocrx_word' id='word_1_24' title='bbox 3560 467 3796 534; x_wconf 82' lang='lat' dir='ltr'><strong>intentionis</strong></span> 
     </span>
    </p>
   </div>
   <div class='ocr_carea' id='block_1_5' title="bbox 629 555 825 610">
    <p class='ocr_par' dir='ltr' id='par_1_5' title="bbox 629 555 825 610">
     <span class='ocr_line' id='line_1_5' title="bbox 629 555 825 610; baseline -0.005 -1"><span class='ocrx_word' id='word_1_25' title='bbox 629 555 825 610; x_wconf 89' lang='lat' dir='ltr'><strong>cietur.</strong></span> 
     </span>
    </p>
   </div>
   <div class='ocr_carea' id='block_1_6' title="bbox 702 643 2198 715">
    <p class='ocr_par' dir='ltr' id='par_1_6' title="bbox 702 643 2198 715">
     <span class='ocr_line' id='line_1_6' title="bbox 702 643 2198 715; baseline 0 -16"><span class='ocrx_word' id='word_1_26' title='bbox 702 647 851 714; x_wconf 89' lang='lat' dir='ltr'><strong>Quod</strong></span> <span class='ocrx_word' id='word_1_27' title='bbox 898 645 942 701; x_wconf 90' lang='lat' dir='ltr'><strong>si</strong></span> <span class='ocrx_word' id='word_1_28' title='bbox 973 645 1152 701; x_wconf 92' lang='lat' dir='ltr'><strong>divitis</strong></span> <span class='ocrx_word' id='word_1_29' title='bbox 1185 658 1346 715; x_wconf 59' lang='lat' dir='ltr'><strong>paena</strong></span> <span class='ocrx_word' id='word_1_30' title='bbox 1391 643 1532 715; x_wconf 81' lang='lat' dir='ltr'><strong>ignis</strong></span> <span class='ocrx_word' id='word_1_31' title='bbox 1597 644 1896 714; x_wconf 85' lang='lat' dir='ltr'><strong>corporalis</strong></span> <span class='ocrx_word' id='word_1_32' title='bbox 1927 644 2198 714; x_wconf 77' lang='lat' dir='ltr'><strong>obiicitur,</strong></span> 
     </span>
    </p>
   </div>
   <div class='ocr_carea' id='block_1_7' title="bbox 630 737 2204 807">
    <p class='ocr_par' dir='ltr' id='par_1_7' title="bbox 630 737 2204 807">
     <span class='ocr_line' id='line_1_7' title="bbox 630 737 2204 807; baseline -0.001 -16"><span class='ocrx_word' id='word_1_33' title='bbox 630 737 976 793; x_wconf 84' lang='lat' dir='ltr'><strong>libentissime</strong></span> <span class='ocrx_word' id='word_1_34' title='bbox 1002 752 1193 807; x_wconf 87' lang='lat' dir='ltr'><strong>papam</strong></span> <span class='ocrx_word' id='word_1_35' title='bbox 1225 745 1494 802; x_wconf 88' lang='lat' dir='ltr'><strong>sanctum,</strong></span> <span class='ocrx_word' id='word_1_36' title='bbox 1542 737 1586 791; x_wconf 91' lang='lat' dir='ltr'><strong>si</strong></span> <span class='ocrx_word' id='word_1_37' title='bbox 1622 752 1863 807; x_wconf 72' lang='lat' dir='ltr'><strong>praesens</strong></span> <span class='ocrx_word' id='word_1_38' title='bbox 1907 747 2073 804; x_wconf 91' lang='lat' dir='ltr'><strong>esset,</strong></span> <span class='ocrx_word' id='word_1_39' title='bbox 2121 738 2204 794; x_wconf 66' lang='lat' dir='ltr'><strong>in:</strong></span> 
     </span>
    </p>
   </div>
   <div class='ocr_carea' id='block_1_8' title="bbox 628 830 2200 900">
    <p class='ocr_par' dir='ltr' id='par_1_8' title="bbox 628 830 2200 900">
     <span class='ocr_line' id='line_1_8' title="bbox 628 830 2200 900; baseline 0 -16"><span class='ocrx_word' id='word_1_40' title='bbox 628 830 920 900; x_wconf 88' lang='lat' dir='ltr'><strong>quirerem,</strong></span> <span class='ocrx_word' id='word_1_41' title='bbox 953 830 997 886; x_wconf 91' lang='lat' dir='ltr'><strong>si</strong></span> <span class='ocrx_word' id='word_1_42' title='bbox 1024 831 1163 900; x_wconf 88' lang='lat' dir='ltr'><strong>ignis</strong></span> <span class='ocrx_word' id='word_1_43' title='bbox 1193 830 1282 885; x_wconf 92' lang='lat' dir='ltr'><strong>ille</strong></span> <span class='ocrx_word' id='word_1_44' title='bbox 1307 844 1623 900; x_wconf 86' lang='lat' dir='ltr'><strong>corporeus,</strong></span> <span class='ocrx_word' id='word_1_45' title='bbox 1655 841 1715 884; x_wconf 89' lang='lat' dir='ltr'><strong>ut</strong></span> <span class='ocrx_word' id='word_1_46' title='bbox 1761 830 1914 895; x_wconf 82' lang='lat' dir='ltr'><strong>dicit,</strong></span> <span class='ocrx_word' id='word_1_47' title='bbox 1943 831 2200 894; x_wconf 89' lang='lat' dir='ltr'><strong>habetur,</strong></span> 
     </span>
    </p>
   </div>
   <div class='ocr_carea' id='block_1_9' title="bbox 626 922 2202 994">
    <p class='ocr_par' dir='ltr' id='par_1_9' title="bbox 626 922 2202 994">
     <span class='ocr_line' id='line_1_9' title="bbox 626 922 2202 994; baseline 0.001 -18"><span class='ocrx_word' id='word_1_48' title='bbox 626 930 680 976; x_wconf 92' lang='lat' dir='ltr'><strong>et</strong></span> <span class='ocrx_word' id='word_1_49' title='bbox 705 931 914 992; x_wconf 89' lang='lat' dir='ltr'><strong>gustus,</strong></span> <span class='ocrx_word' id='word_1_50' title='bbox 945 929 1000 978; x_wconf 88' lang='lat' dir='ltr'><strong>et</strong></span> <span class='ocrx_word' id='word_1_51' title='bbox 1029 922 1252 993; x_wconf 76' lang='lat' dir='ltr'><strong>digitus,</strong></span> <span class='ocrx_word' id='word_1_52' title='bbox 1282 932 1337 977; x_wconf 88' lang='lat' dir='ltr'><strong>et</strong></span> <span class='ocrx_word' id='word_1_53' title='bbox 1363 922 1561 993; x_wconf 79' lang='lat' dir='ltr'><strong>lingua,</strong></span> <span class='ocrx_word' id='word_1_54' title='bbox 1593 923 1711 994; x_wconf 90' lang='lat' dir='ltr'><strong>pari</strong></span> <span class='ocrx_word' id='word_1_55' title='bbox 1755 923 1914 977; x_wconf 90' lang='lat' dir='ltr'><strong>modo</strong></span> <span class='ocrx_word' id='word_1_56' title='bbox 1940 937 2202 992; x_wconf 86' lang='lat' dir='ltr'><strong>corporea</strong></span> 
     </span>
    </p>
   </div>
   <div class='ocr_carea' id='block_1_10' title="bbox 628 1012 2203 1084">
    <p class='ocr_par' dir='ltr' id='par_1_10' title="bbox 628 1012 2203 1084">
     <span class='ocr_line' id='line_1_10' title="bbox 628 1012 2203 1084; baseline 0.003 -19"><span class='ocrx_word' id='word_1_57' title='bbox 628 1013 972 1067; x_wconf 89' lang='lat' dir='ltr'><strong>tenebuntur.</strong></span> <span class='ocrx_word' id='word_1_58' title='bbox 1003 1012 1138 1080; x_wconf 84' lang='lat' dir='ltr'><strong>Quia</strong></span> <span class='ocrx_word' id='word_1_59' title='bbox 1169 1028 1300 1083; x_wconf 89' lang='lat' dir='ltr'><strong>ergo</strong></span> <span class='ocrx_word' id='word_1_60' title='bbox 1327 1027 1430 1067; x_wconf 92' lang='lat' dir='ltr'><strong>non</strong></span> <span class='ocrx_word' id='word_1_61' title='bbox 1459 1015 1726 1068; x_wconf 85' lang='lat' dir='ltr'><strong>assentire</strong></span> <span class='ocrx_word' id='word_1_62' title='bbox 1758 1021 1911 1068; x_wconf 89' lang='lat' dir='ltr'><strong>tanto</strong></span> <span class='ocrx_word' id='word_1_63' title='bbox 1937 1015 2203 1084; x_wconf 88' lang='lat' dir='ltr'><strong>magistro</strong></span> 
     </span>
    </p>
   </div>
   <div class='ocr_carea' id='block_1_11' title="bbox 627 1099 2201 1173">
    <p class='ocr_par' dir='ltr' id='par_1_11' title="bbox 627 1099 2201 1173">
     <span class='ocr_line' id='line_1_11' title="bbox 627 1099 2201 1173; baseline 0.005 -21"><span class='ocrx_word' id='word_1_64' title='bbox 627 1099 891 1156; x_wconf 87' lang='lat' dir='ltr'><strong>nefarium</strong></span> <span class='ocrx_word' id='word_1_65' title='bbox 945 1101 1216 1166; x_wconf 88' lang='lat' dir='ltr'><strong>ducimus,</strong></span> <span class='ocrx_word' id='word_1_66' title='bbox 1269 1113 1324 1157; x_wconf 90' lang='lat' dir='ltr'><strong>et</strong></span> <span class='ocrx_word' id='word_1_67' title='bbox 1377 1103 1748 1171; x_wconf 90' lang='lat' dir='ltr'><strong>spiritualibus</strong></span> <span class='ocrx_word' id='word_1_68' title='bbox 1793 1105 2096 1173; x_wconf 85' lang='lat' dir='ltr'><strong>corporalia</strong></span> <span class='ocrx_word' id='word_1_69' title='bbox 2145 1105 2201 1160; x_wconf 89' lang='lat' dir='ltr'><strong>in</strong></span> 
     </span>
    </p>
   </div>
   <div class='ocr_carea' id='block_1_12' title="bbox 625 1193 2196 1265">
    <p class='ocr_par' dir='ltr' id='par_1_12' title="bbox 625 1193 2196 1265">
     <span class='ocr_line' id='line_1_12' title="bbox 625 1193 2196 1265; baseline 0.006 -19"><span class='ocrx_word' id='word_1_70' title='bbox 625 1194 933 1248; x_wconf 89' lang='lat' dir='ltr'><strong>omnimoda</strong></span> <span class='ocrx_word' id='word_1_71' title='bbox 970 1193 1056 1248; x_wconf 88' lang='lat' dir='ltr'><strong>illa</strong></span> <span class='ocrx_word' id='word_1_72' title='bbox 1093 1195 1449 1250; x_wconf 88' lang='lat' dir='ltr'><strong>interioritate</strong></span> <span class='ocrx_word' id='word_1_73' title='bbox 1477 1197 1706 1252; x_wconf 88' lang='lat' dir='ltr'><strong>miscere</strong></span> <span class='ocrx_word' id='word_1_74' title='bbox 1737 1199 2031 1263; x_wconf 89' lang='lat' dir='ltr'><strong>nescimus,</strong></span> <span class='ocrx_word' id='word_1_75' title='bbox 2064 1202 2196 1265; x_wconf 91' lang='lat' dir='ltr'><strong>Deo,</strong></span> 
     </span>
    </p>
   </div>
   <div class='ocr_carea' id='block_1_13' title="bbox 625 1283 2196 1356">
    <p class='ocr_par' dir='ltr' id='par_1_13' title="bbox 625 1283 2196 1356">
     <span class='ocr_line' id='line_1_13' title="bbox 625 1283 2196 1356; baseline 0.004 -20"><span class='ocrx_word' id='word_1_76' title='bbox 625 1299 746 1351; x_wconf 87' lang='lat' dir='ltr'><strong>quae</strong></span> <span class='ocrx_word' id='word_1_77' title='bbox 776 1283 1006 1338; x_wconf 87' lang='lat' dir='ltr'><strong>necdum</strong></span> <span class='ocrx_word' id='word_1_78' title='bbox 1038 1285 1194 1338; x_wconf 90' lang='lat' dir='ltr'><strong>nobis</strong></span> <span class='ocrx_word' id='word_1_79' title='bbox 1237 1286 1471 1356; x_wconf 87' lang='lat' dir='ltr'><strong>experiri</strong></span> <span class='ocrx_word' id='word_1_80' title='bbox 1495 1287 1741 1356; x_wconf 86' lang='lat' dir='ltr'><strong>contigit,</strong></span> <span class='ocrx_word' id='word_1_81' title='bbox 1771 1289 2196 1346; x_wconf 86' lang='lat' dir='ltr'><strong>committamus.</strong></span> 
     </span>
    </p>
   </div>
   <div class='ocr_carea' id='block_1_14' title="bbox 627 1367 2200 1442">
    <p class='ocr_par' dir='ltr' id='par_1_14' title="bbox 627 1367 2200 1442">
     <span class='ocr_line' id='line_1_14' title="bbox 627 1367 2200 1442; baseline 0.008 -21"><span class='ocrx_word' id='word_1_82' title='bbox 627 1367 838 1422; x_wconf 78' lang='lat' dir='ltr'><strong>Nemini</strong></span> <span class='ocrx_word' id='word_1_83' title='bbox 873 1368 1018 1422; x_wconf 88' lang='lat' dir='ltr'><strong>enim</strong></span> <span class='ocrx_word' id='word_1_84' title='bbox 1051 1369 1366 1434; x_wconf 88' lang='lat' dir='ltr'><strong>obnitimur,</strong></span> <span class='ocrx_word' id='word_1_85' title='bbox 1399 1372 1492 1426; x_wconf 89' lang='lat' dir='ltr'><strong>scd</strong></span> <span class='ocrx_word' id='word_1_86' title='bbox 1515 1387 1613 1441; x_wconf 87' lang='lat' dir='ltr'><strong>pro</strong></span> <span class='ocrx_word' id='word_1_87' title='bbox 1640 1381 1798 1442; x_wconf 89' lang='lat' dir='ltr'><strong>captu</strong></span> <span class='ocrx_word' id='word_1_88' title='bbox 1836 1385 2018 1431; x_wconf 90' lang='lat' dir='ltr'><strong>nostro</strong></span> <span class='ocrx_word' id='word_1_89' title='bbox 2041 1393 2200 1432; x_wconf 82' lang='lat' dir='ltr'><strong>sensa</strong></span> 
     </span>
    </p>
   </div>
   <div class='ocr_carea' id='block_1_15' title="bbox 626 1458 1556 1541">
    <p class='ocr_par' dir='ltr' id='par_1_15' title="bbox 626 1458 1556 1541">
     <span class='ocr_line' id='line_1_15' title="bbox 626 1458 1556 1541; baseline 0.002 -27"><span class='ocrx_word' id='word_1_90' title='bbox 626 1458 857 1541; x_wconf 74' lang='lat' dir='ltr'><strong>simplici</strong></span> <span class='ocrx_word' id='word_1_91' title='bbox 887 1459 1181 1516; x_wconf 82' lang='lat' dir='ltr'><strong>intentione</strong></span> <span class='ocrx_word' id='word_1_92' title='bbox 1209 1461 1556 1530; x_wconf 80' lang='lat' dir='ltr'><strong>proferimus.</strong></span> 
     </span>
    </p>
   </div>
   <div class='ocr_carea' id='block_1_16' title="bbox 1241 1552 1584 1608">
    <p class='ocr_par' dir='ltr' id='par_1_16' title="bbox 1241 1552 1584 1608">
     <span class='ocr_line' id='line_1_16' title="bbox 1241 1552 1584 1608; baseline 0.003 -1"><span class='ocrx_word' id='word_1_93' title='bbox 1241 1552 1468 1608; x_wconf 81' lang='lat' dir='ltr'><strong>CAPUT</strong></span> <span class='ocrx_word' id='word_1_94' title='bbox 1519 1553 1584 1608; x_wconf 87' lang='lat' dir='ltr'><strong>V.</strong></span> 
     </span>
    </p>
   </div>
   <div class='ocr_carea' id='block_1_17' title="bbox 696 1639 2197 1718">
    <p class='ocr_par' dir='ltr' id='par_1_17' title="bbox 696 1639 2197 1718">
     <span class='ocr_line' id='line_1_17' title="bbox 696 1639 2197 1718; baseline 0.006 -25"><span class='ocrx_word' id='word_1_95' title='bbox 696 1639 724 1711; x_wconf 64' lang='grc' dir='ltr'>ᾗ</span> <span class='ocrx_word' id='word_1_96' title='bbox 763 1639 806 1697; x_wconf 86' lang='grc'><strong>1.</strong></span> <span class='ocrx_word' id='word_1_97' title='bbox 847 1640 986 1708; x_wconf 81' lang='lat' dir='ltr'><strong>Quid</strong></span> <span class='ocrx_word' id='word_1_98' title='bbox 1015 1653 1318 1696; x_wconf 86' lang='lat' dir='ltr'><strong>sanctorum</strong></span> <span class='ocrx_word' id='word_1_99' title='bbox 1368 1644 1606 1698; x_wconf 73' lang='lat' dir='ltr'><strong>exercitii</strong></span> <span class='ocrx_word' id='word_1_100' title='bbox 1645 1645 1697 1698; x_wconf 82' lang='lat' dir='ltr'><strong>in</strong></span> <span class='ocrx_word' id='word_1_101' title='bbox 1745 1643 1937 1700; x_wconf 73' lang='lat' dir='ltr'><strong>caelesti</strong></span> <span class='ocrx_word' id='word_1_102' title='bbox 1985 1647 2197 1718; x_wconf 81' lang='lat' dir='ltr'><strong>gloria;</strong></span> 
     </span>
    </p>
   </div>
   <div class='ocr_carea' id='block_1_18' title="bbox 621 1731 2197 1802">
    <p class='ocr_par' dir='ltr' id='par_1_18' title="bbox 621 1731 2197 1802">
     <span class='ocr_line' id='line_1_18' title="bbox 621 1731 2197 1802; baseline 0.005 -19"><span class='ocrx_word' id='word_1_103' title='bbox 621 1731 747 1802; x_wconf 78' lang='lat' dir='ltr'><strong>quid</strong></span> <span class='ocrx_word' id='word_1_104' title='bbox 798 1733 1078 1801; x_wconf 79' lang='lat' dir='ltr'><strong>impiorum</strong></span> <span class='ocrx_word' id='word_1_105' title='bbox 1127 1733 1184 1788; x_wconf 82' lang='lat' dir='ltr'><strong>in</strong></span> <span class='ocrx_word' id='word_1_106' title='bbox 1231 1733 1551 1786; x_wconf 78' lang='lat' dir='ltr'><strong>cruciatibus</strong></span> <span class='ocrx_word' id='word_1_107' title='bbox 1587 1737 1811 1790; x_wconf 69' lang='lat' dir='ltr'><strong>cateruis.</strong></span> <span class='ocrx_word' id='word_1_108' title='bbox 1863 1768 1934 1778; x_wconf 94' lang='lat'><strong>—</strong></span> <span class='ocrx_word' id='word_1_109' title='bbox 1989 1737 2197 1791; x_wconf 80' lang='lat' dir='ltr'><strong>Diaboli</strong></span> 
     </span>
    </p>
   </div>
   <div class='ocr_carea' id='block_1_19' title="bbox 2304 548 3797 631">
    <p class='ocr_par' dir='ltr' id='par_1_19' title="bbox 2304 548 3797 631">
     <span class='ocr_line' id='line_1_19' title="bbox 2304 548 3797 631; baseline 0.005 -29"><span class='ocrx_word' id='word_1_110' title='bbox 2304 549 2458 604; x_wconf 84' lang='lat' dir='ltr'><strong>furor</strong></span> <span class='ocrx_word' id='word_1_111' title='bbox 2499 550 2720 620; x_wconf 79' lang='lat' dir='ltr'><strong>agebat,</strong></span> <span class='ocrx_word' id='word_1_112' title='bbox 2763 565 2932 620; x_wconf 89' lang='lat' dir='ltr'><strong>quare</strong></span> <span class='ocrx_word' id='word_1_113' title='bbox 2973 565 3071 619; x_wconf 90' lang='lat' dir='ltr'><strong>pro</strong></span> <span class='ocrx_word' id='word_1_114' title='bbox 3103 548 3370 604; x_wconf 82' lang='lat' dir='ltr'><strong>fratribus</strong></span> <span class='ocrx_word' id='word_1_115' title='bbox 3399 567 3462 606; x_wconf 91' lang='lat' dir='ltr'><strong>ne</strong></span> <span class='ocrx_word' id='word_1_116' title='bbox 3485 561 3536 607; x_wconf 89' lang='lat' dir='ltr'><strong>et</strong></span> <span class='ocrx_word' id='word_1_117' title='bbox 3562 556 3645 626; x_wconf 90' lang='lat' dir='ltr'><strong>ipsi</strong></span> <span class='ocrx_word' id='word_1_118' title='bbox 3671 569 3797 631; x_wconf 65' lang='lat' dir='ltr'><strong>perdi.</strong></span> 
     </span>
    </p>
   </div>
   <div class='ocr_carea' id='block_1_20' title="bbox 2306 640 3798 712">
    <p class='ocr_par' dir='ltr' id='par_1_20' title="bbox 2306 640 3798 712">
     <span class='ocr_line' id='line_1_20' title="bbox 2306 640 3798 712; baseline 0.004 -18"><span class='ocrx_word' id='word_1_119' title='bbox 2306 650 2418 694; x_wconf 90' lang='lat' dir='ltr'><strong>tum</strong></span> <span class='ocrx_word' id='word_1_120' title='bbox 2451 640 2592 696; x_wconf 82' lang='lat' dir='ltr'><strong>irent</strong></span> <span class='ocrx_word' id='word_1_121' title='bbox 2629 651 2736 695; x_wconf 91' lang='lat' dir='ltr'><strong>tam</strong></span> <span class='ocrx_word' id='word_1_122' title='bbox 2779 641 3041 696; x_wconf 83' lang='lat' dir='ltr'><strong>benevole</strong></span> <span class='ocrx_word' id='word_1_123' title='bbox 3084 641 3414 711; x_wconf 83' lang='lat' dir='ltr'><strong>postulabat.</strong></span> <span class='ocrx_word' id='word_1_124' title='bbox 3466 645 3603 712; x_wconf 83' lang='lat' dir='ltr'><strong>Quod</strong></span> <span class='ocrx_word' id='word_1_125' title='bbox 3626 652 3662 704; x_wconf 90' lang='lat' dir='ltr'><strong>si</strong></span> <span class='ocrx_word' id='word_1_126' title='bbox 3685 654 3798 711; x_wconf 62' lang='lat' dir='ltr'><strong>hem.</strong></span> 
     </span>
    </p>
   </div>
   <div class='ocr_carea' id='block_1_21' title="bbox 2302 733 3793 811">
    <p class='ocr_par' dir='ltr' id='par_1_21' title="bbox 2302 733 3793 811">
     <span class='ocr_line' id='line_1_21' title="bbox 2302 733 3793 811; baseline 0.008 -24"><span class='ocrx_word' id='word_1_127' title='bbox 2302 733 2536 788; x_wconf 89' lang='lat' dir='ltr'><strong>volentia</strong></span> <span class='ocrx_word' id='word_1_128' title='bbox 2589 735 2793 790; x_wconf 90' lang='lat' dir='ltr'><strong>bonum.</strong></span> <span class='ocrx_word' id='word_1_129' title='bbox 2831 743 2937 800; x_wconf 89' lang='lat' dir='ltr'><strong>est,</strong></span> <span class='ocrx_word' id='word_1_130' title='bbox 2990 743 3044 788; x_wconf 91' lang='lat' dir='ltr'><strong>et</strong></span> <span class='ocrx_word' id='word_1_131' title='bbox 3073 734 3193 790; x_wconf 67' lang='lat' dir='ltr'><strong>haec</strong></span> <span class='ocrx_word' id='word_1_132' title='bbox 3226 734 3340 804; x_wconf 86' lang='lat' dir='ltr'><strong>ipsa</strong></span> <span class='ocrx_word' id='word_1_133' title='bbox 3377 738 3619 808; x_wconf 89' lang='lat' dir='ltr'><strong>supplicio</strong></span> <span class='ocrx_word' id='word_1_134' title='bbox 3649 745 3793 811; x_wconf 67' lang='lat' dir='ltr'><strong>subest</strong></span> 
     </span>
    </p>
   </div>
   <div class='ocr_carea' id='block_1_22' title="bbox 2305 825 3795 899">
    <p class='ocr_par' dir='ltr' id='par_1_22' title="bbox 2305 825 3795 899">
     <span class='ocr_line' id='line_1_22' title="bbox 2305 825 3795 899; baseline 0.009 -18"><span class='ocrx_word' id='word_1_135' title='bbox 2305 825 2553 896; x_wconf 89' lang='lat' dir='ltr'><strong>profecto</strong></span> <span class='ocrx_word' id='word_1_136' title='bbox 2579 835 2636 882; x_wconf 89' lang='lat' dir='ltr'><strong>et</strong></span> <span class='ocrx_word' id='word_1_137' title='bbox 2663 828 2950 898; x_wconf 85' lang='lat' dir='ltr'><strong>sapientia,</strong></span> <span class='ocrx_word' id='word_1_138' title='bbox 2989 837 3046 882; x_wconf 91' lang='lat' dir='ltr'><strong>et</strong></span> <span class='ocrx_word' id='word_1_139' title='bbox 3074 829 3328 894; x_wconf 90' lang='lat' dir='ltr'><strong>scientia,</strong></span> <span class='ocrx_word' id='word_1_140' title='bbox 3351 838 3507 899; x_wconf 85' lang='lat' dir='ltr'><strong>atque</strong></span> <span class='ocrx_word' id='word_1_141' title='bbox 3527 836 3647 890; x_wconf 86' lang='lat' dir='ltr'><strong>ratio</strong></span> <span class='ocrx_word' id='word_1_142' title='bbox 3664 851 3795 894; x_wconf 82' lang='lat' dir='ltr'><strong>contra</strong></span> 
     </span>
    </p>
   </div>
   <div class='ocr_carea' id='block_1_23' title="bbox 2305 921 3798 991">
    <p class='ocr_par' dir='ltr' id='par_1_23' title="bbox 2305 921 3798 991">
     <span class='ocr_line' id='line_1_23' title="bbox 2305 921 3798 991; baseline 0.009 -17"><span class='ocrx_word' id='word_1_143' title='bbox 2305 921 2512 991; x_wconf 57' lang='lat' dir='ltr'><strong>praefati</strong></span> <span class='ocrx_word' id='word_1_144' title='bbox 2541 921 2801 990; x_wconf 87' lang='lat' dir='ltr'><strong>sapientis</strong></span> <span class='ocrx_word' id='word_1_145' title='bbox 2829 921 3033 976; x_wconf 91' lang='lat' dir='ltr'><strong>dictum</strong></span> <span class='ocrx_word' id='word_1_146' title='bbox 3059 921 3194 977; x_wconf 86' lang='lat' dir='ltr'><strong>inibi</strong></span> <span class='ocrx_word' id='word_1_147' title='bbox 3220 933 3326 978; x_wconf 90' lang='lat' dir='ltr'><strong>est.</strong></span> <span class='ocrx_word' id='word_1_148' title='bbox 3348 922 3478 989; x_wconf 85' lang='lat' dir='ltr'><strong>Quia</strong></span> <span class='ocrx_word' id='word_1_149' title='bbox 3503 940 3618 981; x_wconf 89' lang='lat' dir='ltr'><strong>vero</strong></span> <span class='ocrx_word' id='word_1_150' title='bbox 3641 942 3798 987; x_wconf 83' lang='lat' dir='ltr'><strong>sanctus</strong></span> 
     </span>
    </p>
   </div>
   <div class='ocr_carea' id='block_1_24' title="bbox 2308 1014 3800 1088">
    <p class='ocr_par' dir='ltr' id='par_1_24' title="bbox 2308 1014 3800 1088">
     <span class='ocr_line' id='line_1_24' title="bbox 2308 1014 3800 1088; baseline 0.007 -20"><span class='ocrx_word' id='word_1_151' title='bbox 2308 1015 2364 1068; x_wconf 86' lang='lat' dir='ltr'><strong>in</strong></span> <span class='ocrx_word' id='word_1_152' title='bbox 2395 1029 2460 1070; x_wconf 89' lang='lat' dir='ltr'><strong>eo</strong></span> <span class='ocrx_word' id='word_1_153' title='bbox 2505 1014 2742 1084; x_wconf 88' lang='lat' dir='ltr'><strong>Spiritus</strong></span> <span class='ocrx_word' id='word_1_154' title='bbox 2782 1014 3006 1070; x_wconf 86' lang='lat' dir='ltr'><strong>mentiri</strong></span> <span class='ocrx_word' id='word_1_155' title='bbox 3058 1030 3169 1072; x_wconf 88' lang='lat' dir='ltr'><strong>non</strong></span> <span class='ocrx_word' id='word_1_156' title='bbox 3207 1023 3406 1085; x_wconf 85' lang='lat' dir='ltr'><strong>potest,</strong></span> <span class='ocrx_word' id='word_1_157' title='bbox 3434 1033 3584 1088; x_wconf 89' lang='lat' dir='ltr'><strong>quam</strong></span> <span class='ocrx_word' id='word_1_158' title='bbox 3601 1021 3800 1079; x_wconf 84' lang='lat' dir='ltr'><strong>sitfutilis</strong></span> 
     </span>
    </p>
   </div>
   <div class='ocr_carea' id='block_1_25' title="bbox 2305 1106 3357 1178">
    <p class='ocr_par' dir='ltr' id='par_1_25' title="bbox 2305 1106 3357 1178">
     <span class='ocr_line' id='line_1_25' title="bbox 2305 1106 3357 1178; baseline -0.001 -16"><span class='ocrx_word' id='word_1_159' title='bbox 2305 1107 2410 1166; x_wconf 83' lang='lat' dir='ltr'><strong>ista</strong></span> <span class='ocrx_word' id='word_1_160' title='bbox 2445 1107 2635 1176; x_wconf 89' lang='lat' dir='ltr'><strong>petitio</strong></span> <span class='ocrx_word' id='word_1_161' title='bbox 2659 1107 2843 1161; x_wconf 89' lang='lat' dir='ltr'><strong>videre</strong></span> <span class='ocrx_word' id='word_1_162' title='bbox 2875 1106 2928 1160; x_wconf 90' lang='lat' dir='ltr'><strong>in</strong></span> <span class='ocrx_word' id='word_1_163' title='bbox 2959 1117 3220 1178; x_wconf 88' lang='lat' dir='ltr'><strong>promptu</strong></span> <span class='ocrx_word' id='word_1_164' title='bbox 3252 1116 3357 1163; x_wconf 90' lang='lat' dir='ltr'><strong>est.</strong></span> 
     </span>
    </p>
   </div>
   <div class='ocr_carea' id='block_1_26' title="bbox 2377 1198 3800 1269">
    <p class='ocr_par' dir='ltr' id='par_1_26' title="bbox 2377 1198 3800 1269">
     <span class='ocr_line' id='line_1_26' title="bbox 2377 1198 3800 1269; baseline 0.006 -17"><span class='ocrx_word' id='word_1_165' title='bbox 2377 1198 2638 1269; x_wconf 87' lang='lat' dir='ltr'><strong>Superius</strong></span> <span class='ocrx_word' id='word_1_166' title='bbox 2667 1199 2870 1252; x_wconf 87' lang='lat' dir='ltr'><strong>dictum</strong></span> <span class='ocrx_word' id='word_1_167' title='bbox 2910 1207 2995 1253; x_wconf 86' lang='lat' dir='ltr'><strong>est</strong></span> <span class='ocrx_word' id='word_1_168' title='bbox 3034 1199 3301 1268; x_wconf 87' lang='lat' dir='ltr'><strong>reprobos</strong></span> <span class='ocrx_word' id='word_1_169' title='bbox 3331 1200 3386 1254; x_wconf 89' lang='lat' dir='ltr'><strong>in</strong></span> <span class='ocrx_word' id='word_1_170' title='bbox 3413 1200 3609 1257; x_wconf 76' lang='lat' dir='ltr'><strong>inferno</strong></span> <span class='ocrx_word' id='word_1_171' title='bbox 3635 1219 3721 1258; x_wconf 89' lang='lat' dir='ltr'><strong>non</strong></span> <span class='ocrx_word' id='word_1_172' title='bbox 3742 1221 3800 1260; x_wconf 86' lang='lat' dir='ltr'><strong>so-</strong></span> 
     </span>
    </p>
   </div>
   <div class='ocr_carea' id='block_1_27' title="bbox 2305 1289 3801 1364">
    <p class='ocr_par' dir='ltr' id='par_1_27' title="bbox 2305 1289 3801 1364">
     <span class='ocr_line' id='line_1_27' title="bbox 2305 1289 3801 1364; baseline 0.005 -21"><span class='ocrx_word' id='word_1_173' title='bbox 2305 1289 2414 1344; x_wconf 90' lang='lat' dir='ltr'><strong>lum</strong></span> <span class='ocrx_word' id='word_1_174' title='bbox 2446 1290 2758 1346; x_wconf 87' lang='lat' dir='ltr'><strong>carnalibus</strong></span> <span class='ocrx_word' id='word_1_175' title='bbox 2781 1289 3065 1346; x_wconf 79' lang='lat' dir='ltr'><strong>aﬂ‘ectibus</strong></span> <span class='ocrx_word' id='word_1_176' title='bbox 3093 1306 3200 1346; x_wconf 91' lang='lat' dir='ltr'><strong>non</strong></span> <span class='ocrx_word' id='word_1_177' title='bbox 3229 1292 3514 1358; x_wconf 87' lang='lat' dir='ltr'><strong>carituros,</strong></span> <span class='ocrx_word' id='word_1_178' title='bbox 3545 1295 3626 1348; x_wconf 87' lang='lat' dir='ltr'><strong>sed</strong></span> <span class='ocrx_word' id='word_1_179' title='bbox 3647 1310 3801 1364; x_wconf 71' lang='lat' dir='ltr'><strong>perver-</strong></span> 
     </span>
    </p>
   </div>
   <div class='ocr_carea' id='block_1_28' title="bbox 2305 1382 3796 1442">
    <p class='ocr_par' dir='ltr' id='par_1_28' title="bbox 2305 1382 3796 1442">
     <span class='ocr_line' id='line_1_28' title="bbox 2305 1382 3796 1442; baseline 0.005 -8"><span class='ocrx_word' id='word_1_180' title='bbox 2305 1383 2379 1436; x_wconf 85' lang='lat' dir='ltr'><strong>sis</strong></span> <span class='ocrx_word' id='word_1_181' title='bbox 2437 1382 2599 1436; x_wconf 89' lang='lat' dir='ltr'><strong>etiam</strong></span> <span class='ocrx_word' id='word_1_182' title='bbox 2666 1382 2942 1436; x_wconf 88' lang='lat' dir='ltr'><strong>amoribus</strong></span> <span class='ocrx_word' id='word_1_183' title='bbox 3003 1397 3320 1438; x_wconf 87' lang='lat' dir='ltr'><strong>coarsuros.</strong></span> <span class='ocrx_word' id='word_1_184' title='bbox 3390 1383 3510 1439; x_wconf 62' lang='lat' dir='ltr'><strong>Haec</strong></span> <span class='ocrx_word' id='word_1_185' title='bbox 3569 1386 3694 1440; x_wconf 79' lang='lat' dir='ltr'><strong>dives</strong></span> <span class='ocrx_word' id='word_1_186' title='bbox 3738 1389 3796 1442; x_wconf 75' lang='lat' dir='ltr'><strong>ille</strong></span> 
     </span>
    </p>
   </div>
   <div class='ocr_carea' id='block_1_29' title="bbox 2303 1471 3799 1543">
    <p class='ocr_par' dir='ltr' id='par_1_29' title="bbox 2303 1471 3799 1543">
     <span class='ocr_line' id='line_1_29' title="bbox 2303 1471 3799 1543; baseline 0.003 -17"><span class='ocrx_word' id='word_1_187' title='bbox 2303 1472 2610 1543; x_wconf 83' lang='lat' dir='ltr'><strong>perpendit,</strong></span> <span class='ocrx_word' id='word_1_188' title='bbox 2643 1471 2771 1527; x_wconf 91' lang='lat' dir='ltr'><strong>dum</strong></span> <span class='ocrx_word' id='word_1_189' title='bbox 2804 1471 3001 1528; x_wconf 88' lang='lat' dir='ltr'><strong>fratres</strong></span> <span class='ocrx_word' id='word_1_190' title='bbox 3031 1471 3336 1528; x_wconf 88' lang='lat' dir='ltr'><strong>adventare</strong></span> <span class='ocrx_word' id='word_1_191' title='bbox 3361 1475 3576 1542; x_wconf 87' lang='lat' dir='ltr'><strong>metuit;</strong></span> <span class='ocrx_word' id='word_1_192' title='bbox 3602 1477 3684 1530; x_wconf 88' lang='lat' dir='ltr'><strong>scit</strong></span> <span class='ocrx_word' id='word_1_193' title='bbox 3702 1479 3799 1530; x_wconf 83' lang='lat' dir='ltr'><strong>enim</strong></span> 
     </span>
    </p>
   </div>
   <div class='ocr_carea' id='block_1_30' title="bbox 2305 1562 3800 1635">
    <p class='ocr_par' dir='ltr' id='par_1_30' title="bbox 2305 1562 3800 1635">
     <span class='ocr_line' id='line_1_30' title="bbox 2305 1562 3800 1635; baseline 0.001 -18"><span class='ocrx_word' id='word_1_194' title='bbox 2305 1565 2358 1617; x_wconf 93' lang='lat' dir='ltr'><strong>in</strong></span> <span class='ocrx_word' id='word_1_195' title='bbox 2389 1578 2714 1633; x_wconf 88' lang='lat' dir='ltr'><strong>quocunque</strong></span> <span class='ocrx_word' id='word_1_196' title='bbox 2747 1562 2977 1618; x_wconf 86' lang='lat' dir='ltr'><strong>fratrum</strong></span> <span class='ocrx_word' id='word_1_197' title='bbox 3009 1563 3279 1634; x_wconf 86' lang='lat' dir='ltr'><strong>geminari</strong></span> <span class='ocrx_word' id='word_1_198' title='bbox 3305 1563 3404 1618; x_wconf 86' lang='lat' dir='ltr'><strong>sibi</strong></span> <span class='ocrx_word' id='word_1_199' title='bbox 3432 1565 3736 1635; x_wconf 87' lang='lat' dir='ltr'><strong>supplicium,</strong></span> <span class='ocrx_word' id='word_1_200' title='bbox 3765 1577 3800 1620; x_wconf 84' lang='lat' dir='ltr'><strong>et</strong></span> 
     </span>
    </p>
   </div>
   <div class='ocr_carea' id='block_1_31' title="bbox 2304 1653 3802 1724">
    <p class='ocr_par' dir='ltr' id='par_1_31' title="bbox 2304 1653 3802 1724">
     <span class='ocr_line' id='line_1_31' title="bbox 2304 1653 3802 1724; baseline 0 -16"><span class='ocrx_word' id='word_1_201' title='bbox 2304 1657 2358 1710; x_wconf 91' lang='lat' dir='ltr'><strong>in</strong></span> <span class='ocrx_word' id='word_1_202' title='bbox 2388 1670 2618 1724; x_wconf 90' lang='lat' dir='ltr'><strong>quorum</strong></span> <span class='ocrx_word' id='word_1_203' title='bbox 2655 1653 2801 1708; x_wconf 91' lang='lat' dir='ltr'><strong>cultu</strong></span> <span class='ocrx_word' id='word_1_204' title='bbox 2833 1670 2899 1710; x_wconf 89' lang='lat' dir='ltr'><strong>ac</strong></span> <span class='ocrx_word' id='word_1_205' title='bbox 2927 1655 3204 1710; x_wconf 90' lang='lat' dir='ltr'><strong>desiderio</strong></span> <span class='ocrx_word' id='word_1_206' title='bbox 3233 1671 3261 1708; x_wconf 92' lang='lat' dir='ltr'><strong>a</strong></span> <span class='ocrx_word' id='word_1_207' title='bbox 3290 1655 3472 1710; x_wconf 86' lang='lat' dir='ltr'><strong>divino</strong></span> <span class='ocrx_word' id='word_1_208' title='bbox 3502 1670 3660 1712; x_wconf 87' lang='lat' dir='ltr'><strong>amore</strong></span> <span class='ocrx_word' id='word_1_209' title='bbox 3682 1656 3802 1709; x_wconf 56' lang='lat' dir='ltr'><strong>uesci.</strong></span> 
     </span>
    </p>
   </div>
   <div class='ocr_carea' id='block_1_32' title="bbox 2305 1731 3800 1816">
    <p class='ocr_par' dir='ltr' id='par_1_32' title="bbox 2305 1731 3800 1816">
     <span class='ocr_line' id='line_1_32' title="bbox 2305 1731 3800 1816; baseline 0.003 -20"><span class='ocrx_word' id='word_1_210' title='bbox 2305 1731 2404 1809; x_wconf 82' lang='lat' dir='ltr'><strong>vit,</strong></span> <span class='ocrx_word' id='word_1_211' title='bbox 2449 1747 2501 1798; x_wconf 92' lang='lat' dir='ltr'><strong>in</strong></span> <span class='ocrx_word' id='word_1_212' title='bbox 2545 1760 2731 1799; x_wconf 89' lang='lat' dir='ltr'><strong>eorum</strong></span> <span class='ocrx_word' id='word_1_213' title='bbox 2766 1760 2926 1814; x_wconf 91' lang='lat' dir='ltr'><strong>quam</strong></span> <span class='ocrx_word' id='word_1_214' title='bbox 2965 1745 3306 1816; x_wconf 85' lang='lat' dir='ltr'><strong>propositam</strong></span> <span class='ocrx_word' id='word_1_215' title='bbox 3337 1745 3438 1800; x_wconf 89' lang='lat' dir='ltr'><strong>sibi</strong></span> <span class='ocrx_word' id='word_1_216' title='bbox 3469 1744 3614 1800; x_wconf 88' lang='lat' dir='ltr'><strong>habet</strong></span> <span class='ocrx_word' id='word_1_217' title='bbox 3638 1746 3800 1800; x_wconf 71' lang='grc' dir='ltr'><strong>(ιςιιιιιιει-</strong></span> 
     </span>
    </p>
   </div>
   <div class='ocr_carea' id='block_1_33' title="bbox 623 1813 3800 1906">
    <p class='ocr_par' dir='ltr' id='par_1_33' title="bbox 623 1813 3800 1906">
     <span class='ocr_line' id='line_1_33' title="bbox 623 1813 3800 1906; baseline 0.005 -33"><span class='ocrx_word' id='word_1_218' title='bbox 623 1821 769 1874; x_wconf 77' lang='lat' dir='ltr'><strong>cibus</strong></span> <span class='ocrx_word' id='word_1_219' title='bbox 802 1831 1013 1890; x_wconf 86' lang='lat' dir='ltr'><strong>peccata</strong></span> <span class='ocrx_word' id='word_1_220' title='bbox 1035 1839 1326 1893; x_wconf 77' lang='lat' dir='ltr'><strong>suggerere.</strong></span> <span class='ocrx_word' id='word_1_221' title='bbox 1356 1853 1423 1862; x_wconf 94' lang='lat'><strong>—</strong></span> <span class='ocrx_word' id='word_1_222' title='bbox 1444 1822 1668 1880; x_wconf 87' lang='lat' dir='ltr'><strong>Constat</strong></span> <span class='ocrx_word' id='word_1_223' title='bbox 1703 1827 1882 1896; x_wconf 89' lang='lat' dir='ltr'><strong>itaque</strong></span> <span class='ocrx_word' id='word_1_224' title='bbox 1909 1829 2034 1898; x_wconf 83' lang='lat' dir='ltr'><strong>quia</strong></span> <span class='ocrx_word' id='word_1_225' title='bbox 2059 1831 2199 1884; x_wconf 88' lang='lat' dir='ltr'><strong>sicut</strong></span> <span class='ocrx_word' id='word_1_226' title='bbox 2233 1813 2277 1867; x_wconf 82' lang='grc' dir='ltr'><strong>Β</strong></span> <span class='ocrx_word' id='word_1_227' title='bbox 2307 1839 2450 1891; x_wconf 85' lang='lat' dir='ltr'><strong>tione</strong></span> <span class='ocrx_word' id='word_1_228' title='bbox 2502 1813 2815 1891; x_wconf 75' lang='lat' dir='ltr'><strong>incenditur</strong></span> <span class='ocrx_word' id='word_1_229' title='bbox 2855 1813 3064 1905; x_wconf 78' lang='lat' dir='ltr'><strong>pariter</strong></span> <span class='ocrx_word' id='word_1_230' title='bbox 3089 1851 3153 1891; x_wconf 90' lang='lat' dir='ltr'><strong>ac</strong></span> <span class='ocrx_word' id='word_1_231' title='bbox 3183 1836 3407 1892; x_wconf 89' lang='lat' dir='ltr'><strong>insanit.</strong></span> <span class='ocrx_word' id='word_1_232' title='bbox 3449 1837 3572 1892; x_wconf 89' lang='lat' dir='ltr'><strong>Dum</strong></span> <span class='ocrx_word' id='word_1_233' title='bbox 3605 1852 3708 1906; x_wconf 82' lang='lat' dir='ltr'><strong>ergo</strong></span> <span class='ocrx_word' id='word_1_234' title='bbox 3733 1837 3800 1890; x_wconf 82' lang='lat' dir='ltr'><strong>sibi</strong></span> 
     </span>
    </p>
   </div>
   <div class='ocr_carea' id='block_1_34' title="bbox 624 1914 2194 1992">
    <p class='ocr_par' dir='ltr' id='par_1_34' title="bbox 624 1914 2194 1992">
     <span class='ocr_line' id='line_1_34' title="bbox 624 1914 2194 1992; baseline 0.008 -26"><span class='ocrx_word' id='word_1_235' title='bbox 624 1921 937 1968; x_wconf 90' lang='lat' dir='ltr'><strong>sanctorum</strong></span> <span class='ocrx_word' id='word_1_236' title='bbox 962 1914 1370 1981; x_wconf 67' lang='lat' dir='ltr'><strong>benevolentia),</strong></span> <span class='ocrx_word' id='word_1_237' title='bbox 1397 1931 1521 1972; x_wconf 89' lang='lat' dir='ltr'><strong>cum</strong></span> <span class='ocrx_word' id='word_1_238' title='bbox 1551 1919 1615 1970; x_wconf 89' lang='lat' dir='ltr'><strong>ad</strong></span> <span class='ocrx_word' id='word_1_239' title='bbox 1653 1918 1744 1974; x_wconf 87' lang='lat' dir='ltr'><strong>Dei</strong></span> <span class='ocrx_word' id='word_1_240' title='bbox 1773 1922 2040 1976; x_wconf 86' lang='lat' dir='ltr'><strong>visionem</strong></span> <span class='ocrx_word' id='word_1_241' title='bbox 2075 1939 2194 1992; x_wconf 86' lang='lat' dir='ltr'><strong>per-</strong></span> 
     </span>
    </p>
   </div>
   <div class='ocr_carea' id='block_1_35' title="bbox 623 2004 2195 2084">
    <p class='ocr_par' dir='ltr' id='par_1_35' title="bbox 623 2004 2195 2084">
     <span class='ocr_line' id='line_1_35' title="bbox 623 2004 2195 2084; baseline 0.01 -28"><span class='ocrx_word' id='word_1_242' title='bbox 623 2004 868 2070; x_wconf 84' lang='lat' dir='ltr'><strong>veniunt,</strong></span> <span class='ocrx_word' id='word_1_243' title='bbox 900 2006 1258 2064; x_wconf 54' lang='lat' dir='ltr'><strong>inaestimabili</strong></span> <span class='ocrx_word' id='word_1_244' title='bbox 1286 2025 1501 2084; x_wconf 88' lang='lat' dir='ltr'><strong>semper</strong></span> <span class='ocrx_word' id='word_1_245' title='bbox 1521 2014 1802 2070; x_wconf 88' lang='lat' dir='ltr'><strong>dulcedine</strong></span> <span class='ocrx_word' id='word_1_246' title='bbox 1822 2026 2091 2082; x_wconf 87' lang='lat' dir='ltr'><strong>crescunt,</strong></span> <span class='ocrx_word' id='word_1_247' title='bbox 2123 2018 2195 2072; x_wconf 88' lang='lat' dir='ltr'><strong>ita</strong></span> 
     </span>
    </p>
   </div>
   <div class='ocr_carea' id='block_1_36' title="bbox 627 2096 2196 2171">
    <p class='ocr_par' dir='ltr' id='par_1_36' title="bbox 627 2096 2196 2171">
     <span class='ocr_line' id='line_1_36' title="bbox 627 2096 2196 2171; baseline 0.01 -24"><span class='ocrx_word' id='word_1_248' title='bbox 627 2096 1196 2162; x_wconf 75' lang='lat' dir='ltr'><strong>reproborumanima:</strong></span> <span class='ocrx_word' id='word_1_249' title='bbox 1232 2101 1400 2170; x_wconf 90' lang='lat' dir='ltr'><strong>capiti</strong></span> <span class='ocrx_word' id='word_1_250' title='bbox 1429 2119 1529 2159; x_wconf 93' lang='lat' dir='ltr'><strong>suo</strong></span> <span class='ocrx_word' id='word_1_251' title='bbox 1566 2104 1780 2160; x_wconf 84' lang='lat' dir='ltr'><strong>diabolo</strong></span> <span class='ocrx_word' id='word_1_252' title='bbox 1827 2107 2010 2171; x_wconf 58' lang='lat' dir='ltr'><strong>unitas,</strong></span> <span class='ocrx_word' id='word_1_253' title='bbox 2049 2116 2196 2162; x_wconf 89' lang='lat' dir='ltr'><strong>tanto</strong></span> 
     </span>
    </p>
   </div>
   <div class='ocr_carea' id='block_1_37' title="bbox 623 2186 2196 2259">
    <p class='ocr_par' dir='ltr' id='par_1_37' title="bbox 623 2186 2196 2259">
     <span class='ocr_line' id='line_1_37' title="bbox 623 2186 2196 2259; baseline 0.01 -19"><span class='ocrx_word' id='word_1_254' title='bbox 623 2186 992 2244; x_wconf 82' lang='lat' dir='ltr'><strong>vehementius</strong></span> <span class='ocrx_word' id='word_1_255' title='bbox 1026 2193 1288 2259; x_wconf 90' lang='lat' dir='ltr'><strong>peccandi</strong></span> <span class='ocrx_word' id='word_1_256' title='bbox 1336 2195 1603 2254; x_wconf 89' lang='lat' dir='ltr'><strong>desiderio</strong></span> <span class='ocrx_word' id='word_1_257' title='bbox 1656 2213 1762 2252; x_wconf 91' lang='lat' dir='ltr'><strong>non</strong></span> <span class='ocrx_word' id='word_1_258' title='bbox 1808 2200 1925 2255; x_wconf 90' lang='lat' dir='ltr'><strong>sine</strong></span> <span class='ocrx_word' id='word_1_259' title='bbox 1963 2202 2196 2256; x_wconf 75' lang='lat' dir='ltr'><strong>atrocis-</strong></span> 
     </span>
    </p>
   </div>
   <div class='ocr_carea' id='block_1_38' title="bbox 623 2277 2197 2358">
    <p class='ocr_par' dir='ltr' id='par_1_38' title="bbox 623 2277 2197 2358">
     <span class='ocr_line' id='line_1_38' title="bbox 623 2277 2197 2358; baseline 0.011 -26"><span class='ocrx_word' id='word_1_260' title='bbox 623 2277 763 2334; x_wconf 90' lang='lat' dir='ltr'><strong>simo</strong></span> <span class='ocrx_word' id='word_1_261' title='bbox 795 2286 1065 2336; x_wconf 89' lang='lat' dir='ltr'><strong>tormento</strong></span> <span class='ocrx_word' id='word_1_262' title='bbox 1095 2292 1348 2350; x_wconf 70' lang='lat' dir='ltr'><strong>aestuant,</strong></span> <span class='ocrx_word' id='word_1_263' title='bbox 1376 2297 1580 2358; x_wconf 86' lang='lat' dir='ltr'><strong>quanto</strong></span> <span class='ocrx_word' id='word_1_264' title='bbox 1608 2291 1674 2344; x_wconf 92' lang='lat' dir='ltr'><strong>ab</strong></span> <span class='ocrx_word' id='word_1_265' title='bbox 1701 2305 1784 2356; x_wconf 88' lang='lat' dir='ltr'><strong>eo,</strong></span> <span class='ocrx_word' id='word_1_266' title='bbox 1813 2292 1898 2346; x_wconf 90' lang='lat' dir='ltr'><strong>cui</strong></span> <span class='ocrx_word' id='word_1_267' title='bbox 1941 2293 2092 2348; x_wconf 90' lang='lat' dir='ltr'><strong>cibus</strong></span> <span class='ocrx_word' id='word_1_268' title='bbox 2113 2306 2197 2350; x_wconf 90' lang='lat' dir='ltr'><strong>cst</strong></span> 
     </span>
    </p>
   </div>
   <div class='ocr_carea' id='block_1_39' title="bbox 620 2377 2197 2444">
    <p class='ocr_par' dir='ltr' id='par_1_39' title="bbox 620 2377 2197 2444">
     <span class='ocr_line' id='line_1_39' title="bbox 620 2377 2197 2444; baseline 0.009 -19"><span class='ocrx_word' id='word_1_269' title='bbox 620 2379 843 2439; x_wconf 88' lang='lat' dir='ltr'><strong>peccata</strong></span> <span class='ocrx_word' id='word_1_270' title='bbox 869 2387 1180 2444; x_wconf 86' lang='lat' dir='ltr'><strong>suggerere,</strong></span> <span class='ocrx_word' id='word_1_271' title='bbox 1212 2377 1362 2432; x_wconf 87' lang='lat' dir='ltr'><strong>nulla</strong></span> <span class='ocrx_word' id='word_1_272' title='bbox 1407 2380 1706 2437; x_wconf 86' lang='lat' dir='ltr'><strong>intentione</strong></span> <span class='ocrx_word' id='word_1_273' title='bbox 1753 2383 2082 2438; x_wconf 87' lang='lat' dir='ltr'><strong>discordant.</strong></span> <span class='ocrx_word' id='word_1_274' title='bbox 2131 2385 2197 2440; x_wconf 82' lang='lat' dir='ltr'><strong>Et</strong></span> 
     </span>
    </p>
   </div>
   <div class='ocr_carea' id='block_1_40' title="bbox 621 2463 2196 2544">
    <p class='ocr_par' dir='ltr' id='par_1_40' title="bbox 621 2463 2196 2544">
     <span class='ocr_line' id='line_1_40' title="bbox 621 2463 2196 2544; baseline 0.01 -28"><span class='ocrx_word' id='word_1_275' title='bbox 621 2463 761 2516; x_wconf 88' lang='lat' dir='ltr'><strong>sicut</strong></span> <span class='ocrx_word' id='word_1_276' title='bbox 789 2471 1005 2520; x_wconf 91' lang='lat' dir='ltr'><strong>sanctos</strong></span> <span class='ocrx_word' id='word_1_277' title='bbox 1036 2467 1263 2534; x_wconf 82' lang='lat' dir='ltr'><strong>poenitet</strong></span> <span class='ocrx_word' id='word_1_278' title='bbox 1288 2469 1400 2524; x_wconf 88' lang='lat' dir='ltr'><strong>visa</strong></span> <span class='ocrx_word' id='word_1_279' title='bbox 1453 2471 1540 2526; x_wconf 83' lang='lat' dir='ltr'><strong>Dei</strong></span> <span class='ocrx_word' id='word_1_280' title='bbox 1572 2473 1765 2542; x_wconf 86' lang='lat' dir='ltr'><strong>gloria,</strong></span> <span class='ocrx_word' id='word_1_281' title='bbox 1790 2475 1933 2542; x_wconf 93' lang='lat' dir='ltr'><strong>quod</strong></span> <span class='ocrx_word' id='word_1_282' title='bbox 1965 2475 2196 2544; x_wconf 81' lang='lat' dir='ltr'><strong>amplius</strong></span> 
     </span>
    </p>
   </div>
   <div class='ocr_carea' id='block_1_41' title="bbox 619 2555 2188 2638">
    <p class='ocr_par' dir='ltr' id='par_1_41' title="bbox 619 2555 2188 2638">
     <span class='ocr_line' id='line_1_41' title="bbox 619 2555 2188 2638; baseline 0.01 -33"><span class='ocrx_word' id='word_1_283' title='bbox 619 2565 719 2622; x_wconf 84' lang='lat' dir='ltr'><strong>pro</strong></span> <span class='ocrx_word' id='word_1_284' title='bbox 748 2568 810 2607; x_wconf 88' lang='lat' dir='ltr'><strong>ea</strong></span> <span class='ocrx_word' id='word_1_285' title='bbox 834 2555 1174 2625; x_wconf 81' lang='lat' dir='ltr'><strong>adipiscenda</strong></span> <span class='ocrx_word' id='word_1_286' title='bbox 1202 2575 1307 2614; x_wconf 92' lang='lat' dir='ltr'><strong>non</strong></span> <span class='ocrx_word' id='word_1_287' title='bbox 1330 2560 1720 2629; x_wconf 79' lang='lat' dir='ltr'><strong>laboraverint,</strong></span> <span class='ocrx_word' id='word_1_288' title='bbox 1747 2565 1824 2620; x_wconf 91' lang='lat' dir='ltr'><strong>sic</strong></span> <span class='ocrx_word' id='word_1_289' title='bbox 1849 2565 1997 2634; x_wconf 90' lang='lat' dir='ltr'><strong>impii</strong></span> <span class='ocrx_word' id='word_1_290' title='bbox 2022 2582 2188 2638; x_wconf 72' lang='lat' dir='ltr'><strong>tnger-</strong></span> 
     </span>
    </p>
   </div>
   <div class='ocr_carea' id='block_1_42' title="bbox 621 2645 2194 2724">
    <p class='ocr_par' dir='ltr' id='par_1_42' title="bbox 621 2645 2194 2724">
     <span class='ocr_line' id='line_1_42' title="bbox 621 2645 2194 2724; baseline 0.009 -26"><span class='ocrx_word' id='word_1_291' title='bbox 621 2645 758 2700; x_wconf 89' lang='lat' dir='ltr'><strong>rime</strong></span> <span class='ocrx_word' id='word_1_292' title='bbox 803 2645 1006 2717; x_wconf 92' lang='lat' dir='ltr'><strong>dolent,</strong></span> <span class='ocrx_word' id='word_1_293' title='bbox 1029 2651 1172 2719; x_wconf 90' lang='lat' dir='ltr'><strong>quod</strong></span> <span class='ocrx_word' id='word_1_294' title='bbox 1222 2652 1288 2705; x_wconf 89' lang='lat' dir='ltr'><strong>ad</strong></span> <span class='ocrx_word' id='word_1_295' title='bbox 1333 2667 1396 2707; x_wconf 90' lang='lat' dir='ltr'><strong>ea</strong></span> <span class='ocrx_word' id='word_1_296' title='bbox 1449 2653 1710 2724; x_wconf 86' lang='lat' dir='ltr'><strong>sup&#39;p&#39;licia</strong></span> <span class='ocrx_word' id='word_1_297' title='bbox 1762 2657 2044 2711; x_wconf 86' lang='lat' dir='ltr'><strong>deventuri</strong></span> <span class='ocrx_word' id='word_1_298' title='bbox 2087 2674 2194 2713; x_wconf 90' lang='lat' dir='ltr'><strong>non</strong></span> 
     </span>
    </p>
   </div>
   <div class='ocr_carea' id='block_1_43' title="bbox 622 2735 2195 2816">
    <p class='ocr_par' dir='ltr' id='par_1_43' title="bbox 622 2735 2195 2816">
     <span class='ocr_line' id='line_1_43' title="bbox 622 2735 2195 2816; baseline 0.009 -26"><span class='ocrx_word' id='word_1_299' title='bbox 622 2735 850 2806; x_wconf 86' lang='lat' dir='ltr'><strong>amplius</strong></span> <span class='ocrx_word' id='word_1_300' title='bbox 867 2735 1132 2810; x_wconf 52' lang='lat' dir='ltr'><strong>.&#39;malignis</strong></span> <span class='ocrx_word' id='word_1_301' title='bbox 1155 2740 1520 2811; x_wconf 86' lang='lat' dir='ltr'><strong>voluptatibus</strong></span> <span class='ocrx_word' id='word_1_302' title='bbox 1547 2743 1916 2802; x_wconf 82' lang='lat' dir='ltr'><strong>inscrvierint.</strong></span> <span class='ocrx_word' id='word_1_303' title='bbox 1952 2747 2195 2816; x_wconf 82' lang='lat' dir='ltr'><strong>Quidni?</strong></span> 
     </span>
    </p>
   </div>
   <div class='ocr_carea' id='block_1_44' title="bbox 619 2823 2195 2908">
    <p class='ocr_par' dir='ltr' id='par_1_44' title="bbox 619 2823 2195 2908">
     <span class='ocr_line' id='line_1_44' title="bbox 619 2823 2195 2908; baseline 0.01 -28"><span class='ocrx_word' id='word_1_304' title='bbox 619 2823 695 2880; x_wconf 92' lang='lat' dir='ltr'><strong>De</strong></span> <span class='ocrx_word' id='word_1_305' title='bbox 715 2823 999 2882; x_wconf 86' lang='lat' dir='ltr'><strong>advivente</strong></span> <span class='ocrx_word' id='word_1_306' title='bbox 1027 2828 1192 2899; x_wconf 91' lang='lat' dir='ltr'><strong>impio</strong></span> <span class='ocrx_word' id='word_1_307' title='bbox 1217 2830 1417 2886; x_wconf 90' lang='lat' dir='ltr'><strong>dicitur</strong></span> <span class='ocrx_word' id='word_1_308' title='bbox 1445 2848 1459 2886; x_wconf 94' lang='lat'><strong>:</strong></span> <span class='ocrx_word' id='word_1_309' title='bbox 1497 2851 1516 2885; x_wconf 73' lang='grc' dir='ltr'>ι</span> <span class='ocrx_word' id='word_1_310' title='bbox 1561 2833 1671 2888; x_wconf 91' lang='lat' dir='ltr'><strong>Sub</strong></span> <span class='ocrx_word' id='word_1_311' title='bbox 1695 2834 1878 2906; x_wconf 83' lang='lat' dir='ltr'><strong>lingua</strong></span> <span class='ocrx_word' id='word_1_312' title='bbox 1901 2837 2019 2908; x_wconf 83' lang='lat' dir='ltr'><strong>ejus</strong></span> <span class='ocrx_word' id='word_1_313' title='bbox 2042 2838 2195 2894; x_wconf 86' lang='lat' dir='ltr'><strong>labor</strong></span> 
     </span>
    </p>
   </div>
   <div class='ocr_carea' id='block_1_45' title="bbox 620 2909 2196 3000">
    <p class='ocr_par' dir='ltr' id='par_1_45' title="bbox 620 2909 2196 3000">
     <span class='ocr_line' id='line_1_45' title="bbox 620 2909 2196 3000; baseline 0.011 -31"><span class='ocrx_word' id='word_1_314' title='bbox 620 2922 674 2969; x_wconf 91' lang='lat' dir='ltr'><strong>et</strong></span> <span class='ocrx_word' id='word_1_315' title='bbox 703 2915 855 2971; x_wconf 90' lang='lat' dir='ltr'><strong>dolor</strong></span> <span class='ocrx_word' id='word_1_316' title='bbox 879 2916 1052 2988; x_wconf 82' lang='lat' dir='ltr'><strong>(Psal.</strong></span> <span class='ocrx_word' id='word_1_317' title='bbox 1092 2909 1158 2985; x_wconf 79' lang='lat' dir='ltr'><strong>x,</strong></span> <span class='ocrx_word' id='word_1_318' title='bbox 1189 2921 1266 2992; x_wconf 87' lang='lat'><strong>7).</strong></span> <span class='ocrx_word' id='word_1_319' title='bbox 1302 2940 1321 2971; x_wconf 81' lang='grc' dir='ltr'><strong><em>ι</em></strong></span> <span class='ocrx_word' id='word_1_320' title='bbox 1363 2922 1543 2978; x_wconf 86' lang='lat' dir='ltr'><strong>Labor</strong></span> <span class='ocrx_word' id='word_1_321' title='bbox 1583 2926 1849 2992; x_wconf 80' lang='lat' dir='ltr'><strong>videlicet,</strong></span> <span class='ocrx_word' id='word_1_322' title='bbox 1885 2932 2028 3000; x_wconf 88' lang='lat' dir='ltr'><strong>quod</strong></span> <span class='ocrx_word' id='word_1_323' title='bbox 2056 2930 2196 2986; x_wconf 88' lang='lat' dir='ltr'><strong>male</strong></span> 
     </span>
    </p>
   </div>
   <div class='ocr_carea' id='block_1_46' title="bbox 619 3006 2192 3088">
    <p class='ocr_par' dir='ltr' id='par_1_46' title="bbox 619 3006 2192 3088">
     <span class='ocr_line' id='line_1_46' title="bbox 619 3006 2192 3088; baseline 0.011 -29"><span class='ocrx_word' id='word_1_324' title='bbox 619 3006 808 3074; x_wconf 83' lang='lat' dir='ltr'><strong>agendi</strong></span> <span class='ocrx_word' id='word_1_325' title='bbox 840 3009 1019 3064; x_wconf 89' lang='lat' dir='ltr'><strong>studio</strong></span> <span class='ocrx_word' id='word_1_326' title='bbox 1047 3011 1295 3078; x_wconf 87' lang='lat' dir='ltr'><strong>insudat;</strong></span> <span class='ocrx_word' id='word_1_327' title='bbox 1324 3011 1496 3079; x_wconf 90' lang='lat' dir='ltr'><strong>dolor,</strong></span> <span class='ocrx_word' id='word_1_328' title='bbox 1538 3031 1646 3086; x_wconf 87' lang='lat' dir='ltr'><strong>quo</strong></span> <span class='ocrx_word' id='word_1_329' title='bbox 1677 3031 1739 3072; x_wconf 88' lang='lat' dir='ltr'><strong>ea</strong></span> <span class='ocrx_word' id='word_1_330' title='bbox 1775 3033 1894 3088; x_wconf 78' lang='lat' dir='ltr'><strong>qua:</strong></span> <span class='ocrx_word' id='word_1_331' title='bbox 1919 3021 2192 3077; x_wconf 83' lang='lat' dir='ltr'><strong>desidera-</strong></span> 
     </span>
    </p>
   </div>
   <div class='ocr_carea' id='block_1_47' title="bbox 617 3096 2194 3184">
    <p class='ocr_par' dir='ltr' id='par_1_47' title="bbox 617 3096 2194 3184">
     <span class='ocr_line' id='line_1_47' title="bbox 617 3096 2194 3184; baseline 0.014 -36"><span class='ocrx_word' id='word_1_332' title='bbox 617 3096 757 3150; x_wconf 86' lang='lat' dir='ltr'><strong>verit</strong></span> <span class='ocrx_word' id='word_1_333' title='bbox 795 3098 1024 3154; x_wconf 88' lang='lat' dir='ltr'><strong>crimina</strong></span> <span class='ocrx_word' id='word_1_334' title='bbox 1053 3112 1365 3172; x_wconf 89' lang='lat' dir='ltr'><strong>perpetrare</strong></span> <span class='ocrx_word' id='word_1_335' title='bbox 1407 3121 1511 3160; x_wconf 90' lang='lat' dir='ltr'><strong>non</strong></span> <span class='ocrx_word' id='word_1_336' title='bbox 1552 3109 1825 3177; x_wconf 73' lang='lat' dir='ltr'><strong>praevalet.</strong></span> <span class='ocrx_word' id='word_1_337' title='bbox 1859 3111 1924 3166; x_wconf 86' lang='lat' dir='ltr'><strong>Et</strong></span> <span class='ocrx_word' id='word_1_338' title='bbox 1951 3114 2080 3184; x_wconf 93' lang='lat' dir='ltr'><strong>quid</strong></span> <span class='ocrx_word' id='word_1_339' title='bbox 2129 3116 2194 3171; x_wconf 90' lang='lat' dir='ltr'><strong>de</strong></span> 
     </span>
    </p>
   </div>
   <div class='ocr_carea' id='block_1_48' title="bbox 619 3183 2191 3275">
    <p class='ocr_par' dir='ltr' id='par_1_48' title="bbox 619 3183 2191 3275">
     <span class='ocr_line' id='line_1_48' title="bbox 619 3183 2191 3275; baseline 0.016 -38"><span class='ocrx_word' id='word_1_340' title='bbox 619 3183 710 3239; x_wconf 90' lang='lat' dir='ltr'><strong>illo</strong></span> <span class='ocrx_word' id='word_1_341' title='bbox 738 3187 830 3256; x_wconf 89' lang='lat' dir='ltr'><strong>qui</strong></span> <span class='ocrx_word' id='word_1_342' title='bbox 867 3187 1084 3245; x_wconf 63' lang='lat' dir='ltr'><strong>Satanae</strong></span> <span class='ocrx_word' id='word_1_343' title='bbox 1109 3205 1538 3265; x_wconf 88' lang='lat' dir='ltr'><strong>concorporatur</strong></span> <span class='ocrx_word' id='word_1_344' title='bbox 1579 3200 1682 3256; x_wconf 86' lang='lat' dir='ltr'><strong>dici</strong></span> <span class='ocrx_word' id='word_1_345' title='bbox 1727 3204 1943 3272; x_wconf 89' lang='lat' dir='ltr'><strong>poterit,</strong></span> <span class='ocrx_word' id='word_1_346' title='bbox 1992 3217 2191 3275; x_wconf 90' lang='lat' dir='ltr'><strong>quanta</strong></span> 
     </span>
    </p>
   </div>
   <div class='ocr_carea' id='block_1_49' title="bbox 622 3275 2195 3360">
    <p class='ocr_par' dir='ltr' id='par_1_49' title="bbox 622 3275 2195 3360">
     <span class='ocr_line' id='line_1_49' title="bbox 622 3275 2195 3360; baseline 0.015 -30"><span class='ocrx_word' id='word_1_347' title='bbox 622 3275 678 3330; x_wconf 90' lang='lat' dir='ltr'><strong>in</strong></span> <span class='ocrx_word' id='word_1_348' title='bbox 712 3292 777 3332; x_wconf 91' lang='lat' dir='ltr'><strong>eo</strong></span> <span class='ocrx_word' id='word_1_349' title='bbox 800 3280 1140 3338; x_wconf 87' lang='lat' dir='ltr'><strong>vehementia</strong></span> <span class='ocrx_word' id='word_1_350' title='bbox 1191 3287 1411 3356; x_wconf 90' lang='lat' dir='ltr'><strong>pessimi</strong></span> <span class='ocrx_word' id='word_1_351' title='bbox 1443 3291 1715 3360; x_wconf 88' lang='lat' dir='ltr'><strong>appetitus</strong></span> <span class='ocrx_word' id='word_1_352' title='bbox 1745 3294 1884 3350; x_wconf 88' lang='lat' dir='ltr'><strong>erit?</strong></span> <span class='ocrx_word' id='word_1_353' title='bbox 1923 3295 1978 3350; x_wconf 90' lang='lat' dir='ltr'><strong>Si</strong></span> <span class='ocrx_word' id='word_1_354' title='bbox 2023 3299 2195 3354; x_wconf 80' lang='lat' dir='ltr'><strong>sancti</strong></span> 
     </span>
    </p>
   </div>
   <div class='ocr_carea' id='block_1_50' title="bbox 619 3369 2194 3447">
    <p class='ocr_par' dir='ltr' id='par_1_50' title="bbox 619 3369 2194 3447">
     <span class='ocr_line' id='line_1_50' title="bbox 619 3369 2194 3447; baseline 0.017 -26"><span class='ocrx_word' id='word_1_355' title='bbox 619 3369 964 3440; x_wconf 86' lang='lat' dir='ltr'><strong>sempiternis</strong></span> <span class='ocrx_word' id='word_1_356' title='bbox 1016 3373 1070 3428; x_wconf 92' lang='lat' dir='ltr'><strong>in</strong></span> <span class='ocrx_word' id='word_1_357' title='bbox 1113 3375 1281 3432; x_wconf 91' lang='lat' dir='ltr'><strong>Deum</strong></span> <span class='ocrx_word' id='word_1_358' title='bbox 1325 3380 1608 3438; x_wconf 87' lang='lat' dir='ltr'><strong>ardoribus</strong></span> <span class='ocrx_word' id='word_1_359' title='bbox 1673 3383 1908 3446; x_wconf 83' lang='lat' dir='ltr'><strong>fervent.</strong></span> <span class='ocrx_word' id='word_1_360' title='bbox 1961 3388 2194 3447; x_wconf 87' lang='lat' dir='ltr'><strong>imorobi</strong></span> 
     </span>
    </p>
   </div>
   <div class='ocr_carea' id='block_1_51' title="bbox 618 3464 1464 3531">
    <p class='ocr_par' dir='ltr' id='par_1_51' title="bbox 618 3464 1464 3531">
     <span class='ocr_line' id='line_1_51' title="bbox 618 3464 1464 3531; baseline 0.019 -19"><span class='ocrx_word' id='word_1_361' title='bbox 618 3465 896 3531; x_wconf 88' lang='lat' dir='ltr'><strong>perpetuis</strong></span> <span class='ocrx_word' id='word_1_362' title='bbox 915 3464 1188 3525; x_wconf 85' lang='lat' dir='ltr'><strong>furoribus</strong></span> <span class='ocrx_word' id='word_1_363' title='bbox 1213 3472 1464 3528; x_wconf 87' lang='lat' dir='ltr'><strong>strident.</strong></span> 
     </span>
    </p>
   </div>
   <div class='ocr_carea' id='block_1_52' title="bbox 691 3554 2196 3638">
    <p class='ocr_par' dir='ltr' id='par_1_52' title="bbox 691 3554 2196 3638">
     <span class='ocr_line' id='line_1_52' title="bbox 691 3554 2196 3638; baseline 0.015 -29"><span class='ocrx_word' id='word_1_364' title='bbox 691 3554 816 3625; x_wconf 83' lang='lat' dir='ltr'><strong>§Il.</strong></span> <span class='ocrx_word' id='word_1_365' title='bbox 857 3557 938 3611; x_wconf 83' lang='lat' dir='ltr'><strong>Ad</strong></span> <span class='ocrx_word' id='word_1_366' title='bbox 985 3563 1109 3631; x_wconf 83' lang='lat' dir='ltr'><strong>quid</strong></span> <span class='ocrx_word' id='word_1_367' title='bbox 1138 3561 1277 3620; x_wconf 80' lang='lat' dir='ltr'><strong>dives</strong></span> <span class='ocrx_word' id='word_1_368' title='bbox 1327 3583 1431 3622; x_wconf 83' lang='lat' dir='ltr'><strong>non</strong></span> <span class='ocrx_word' id='word_1_369' title='bbox 1487 3585 1562 3638; x_wconf 79' lang='lat' dir='ltr'><strong>se,</strong></span> <span class='ocrx_word' id='word_1_370' title='bbox 1596 3572 1687 3626; x_wconf 85' lang='lat' dir='ltr'><strong>sed</strong></span> <span class='ocrx_word' id='word_1_371' title='bbox 1735 3572 1972 3631; x_wconf 76' lang='lat' dir='ltr'><strong>Lazarus</strong></span> <span class='ocrx_word' id='word_1_372' title='bbox 2034 3587 2087 3631; x_wconf 89' lang='lat' dir='ltr'><strong>ut</strong></span> <span class='ocrx_word' id='word_1_373' title='bbox 2139 3579 2196 3632; x_wconf 79' lang='lat' dir='ltr'><strong>in</strong></span> 
     </span>
    </p>
   </div>
   <div class='ocr_carea' id='block_1_53' title="bbox 619 3646 2193 3730">
    <p class='ocr_par' dir='ltr' id='par_1_53' title="bbox 619 3646 2193 3730">
     <span class='ocr_line' id='line_1_53' title="bbox 619 3646 2193 3730; baseline 0.017 -33"><span class='ocrx_word' id='word_1_374' title='bbox 619 3646 870 3701; x_wconf 86' lang='lat' dir='ltr'><strong>mundum</strong></span> <span class='ocrx_word' id='word_1_375' title='bbox 899 3651 1300 3708; x_wconf 81' lang='lat' dir='ltr'><strong>mittatur&#39;orat.</strong></span> <span class='ocrx_word' id='word_1_376' title='bbox 1335 3657 1472 3714; x_wconf 80' lang='lat' dir='ltr'><strong>l-luic</strong></span> <span class='ocrx_word' id='word_1_377' title='bbox 1495 3663 1736 3730; x_wconf 88' lang='lat' dir='ltr'><strong>opinioni</strong></span> <span class='ocrx_word' id='word_1_378' title='bbox 1760 3677 1960 3722; x_wconf 63' lang='lat' dir='ltr'><strong>nostra:</strong></span> <span class='ocrx_word' id='word_1_379' title='bbox 1990 3684 2049 3724; x_wconf 91' lang='lat' dir='ltr'><strong>se</strong></span> <span class='ocrx_word' id='word_1_380' title='bbox 2070 3685 2193 3725; x_wconf 86' lang='lat' dir='ltr'><strong>con-</strong></span> 
     </span>
    </p>
   </div>
   <div class='ocr_carea' id='block_1_54' title="bbox 620 3733 2189 3826">
    <p class='ocr_par' dir='ltr' id='par_1_54' title="bbox 620 3733 2189 3826">
     <span class='ocr_line' id='line_1_54' title="bbox 620 3733 2189 3826; baseline 0.02 -42"><span class='ocrx_word' id='word_1_381' title='bbox 620 3733 1106 3809; x_wconf 85' lang='lat' dir='ltr'><strong>fertevangelicum</strong></span> <span class='ocrx_word' id='word_1_382' title='bbox 1129 3743 1258 3799; x_wconf 90' lang='lat' dir='ltr'><strong>illud</strong></span> <span class='ocrx_word' id='word_1_383' title='bbox 1277 3747 1566 3815; x_wconf 86' lang='lat' dir='ltr'><strong>capitulum</strong></span> <span class='ocrx_word' id='word_1_384' title='bbox 1597 3753 1661 3806; x_wconf 92' lang='lat' dir='ltr'><strong>de</strong></span> <span class='ocrx_word' id='word_1_385' title='bbox 1689 3753 1854 3811; x_wconf 91' lang='lat' dir='ltr'><strong>divite</strong></span> <span class='ocrx_word' id='word_1_386' title='bbox 1880 3768 1934 3812; x_wconf 89' lang='lat' dir='ltr'><strong>et</strong></span> <span class='ocrx_word' id='word_1_387' title='bbox 1959 3758 2189 3826; x_wconf 87' lang='lat' dir='ltr'><strong>Lazaro,</strong></span> 
     </span>
    </p>
   </div>
   <div class='ocr_carea' id='block_1_55' title="bbox 623 3826 2192 3908">
    <p class='ocr_par' dir='ltr' id='par_1_55' title="bbox 623 3826 2192 3908">
     <span class='ocr_line' id='line_1_55' title="bbox 623 3826 2192 3908; baseline 0.017 -31"><span class='ocrx_word' id='word_1_388' title='bbox 623 3826 677 3878; x_wconf 90' lang='lat' dir='ltr'><strong>in</strong></span> <span class='ocrx_word' id='word_1_389' title='bbox 707 3842 836 3896; x_wconf 91' lang='lat' dir='ltr'><strong>quo,</strong></span> <span class='ocrx_word' id='word_1_390' title='bbox 883 3831 927 3885; x_wconf 91' lang='lat' dir='ltr'><strong>si</strong></span> <span class='ocrx_word' id='word_1_391' title='bbox 954 3833 1092 3888; x_wconf 88' lang='lat' dir='ltr'><strong>bene</strong></span> <span class='ocrx_word' id='word_1_392' title='bbox 1123 3835 1426 3906; x_wconf 91' lang='lat' dir='ltr'><strong>discutitur,</strong></span> <span class='ocrx_word' id='word_1_393' title='bbox 1459 3853 1631 3897; x_wconf 90' lang='lat' dir='ltr'><strong>status</strong></span> <span class='ocrx_word' id='word_1_394' title='bbox 1682 3848 1956 3906; x_wconf 85' lang='lat' dir='ltr'><strong>interioris</strong></span> <span class='ocrx_word' id='word_1_395' title='bbox 2009 3855 2192 3908; x_wconf 90' lang='lat' dir='ltr'><strong>mundi</strong></span> 
     </span>
    </p>
   </div>
   <div class='ocr_carea' id='block_1_56' title="bbox 621 3915 2193 4016">
    <p class='ocr_par' dir='ltr' id='par_1_56' title="bbox 621 3915 2193 4016">
     <span class='ocr_line' id='line_1_56' title="bbox 621 3915 2193 4016; baseline 0.023 -50"><span class='ocrx_word' id='word_1_396' title='bbox 621 3915 912 3984; x_wconf 89' lang='lat' dir='ltr'><strong>plurimum</strong></span> <span class='ocrx_word' id='word_1_397' title='bbox 955 3925 1216 3991; x_wconf 87' lang='lat' dir='ltr'><strong>aperitur.</strong></span> <span class='ocrx_word' id='word_1_398' title='bbox 1273 3928 1328 3983; x_wconf 87' lang='lat' dir='ltr'><strong>in</strong></span> <span class='ocrx_word' id='word_1_399' title='bbox 1379 3948 1485 4002; x_wconf 91' lang='lat' dir='ltr'><strong>quo</strong></span> <span class='ocrx_word' id='word_1_400' title='bbox 1532 3938 1763 4004; x_wconf 90' lang='lat' dir='ltr'><strong>primum</strong></span> <span class='ocrx_word' id='word_1_401' title='bbox 1807 3943 1852 3996; x_wconf 86' lang='lat' dir='ltr'><strong>si</strong></span> <span class='ocrx_word' id='word_1_402' title='bbox 1891 3949 2193 4016; x_wconf 76' lang='lat' dir='ltr'><strong>perpendes</strong></span> 
     </span>
    </p>
   </div>
   <div class='ocr_carea' id='block_1_57' title="bbox 621 4007 2191 4103">
    <p class='ocr_par' dir='ltr' id='par_1_57' title="bbox 621 4007 2191 4103">
     <span class='ocr_line' id='line_1_57' title="bbox 621 4007 2191 4103; baseline 0.023 -45"><span class='ocrx_word' id='word_1_403' title='bbox 621 4007 748 4075; x_wconf 90' lang='lat' dir='ltr'><strong>quid</strong></span> <span class='ocrx_word' id='word_1_404' title='bbox 776 4009 877 4065; x_wconf 92' lang='lat' dir='ltr'><strong>sibi</strong></span> <span class='ocrx_word' id='word_1_405' title='bbox 909 4012 1055 4080; x_wconf 88' lang='lat' dir='ltr'><strong>velit,</strong></span> <span class='ocrx_word' id='word_1_406' title='bbox 1085 4018 1226 4085; x_wconf 88' lang='lat' dir='ltr'><strong>quod</strong></span> <span class='ocrx_word' id='word_1_407' title='bbox 1259 4021 1400 4076; x_wconf 89' lang='lat' dir='ltr'><strong>idem</strong></span> <span class='ocrx_word' id='word_1_408' title='bbox 1437 4026 1585 4083; x_wconf 89' lang='lat' dir='ltr'><strong>dives</strong></span> <span class='ocrx_word' id='word_1_409' title='bbox 1617 4045 1721 4085; x_wconf 91' lang='lat' dir='ltr'><strong>non</strong></span> <span class='ocrx_word' id='word_1_410' title='bbox 1760 4048 1818 4088; x_wconf 86' lang='lat' dir='ltr'><strong>se</strong></span> <span class='ocrx_word' id='word_1_411' title='bbox 1857 4007 2191 4103; x_wconf 76' lang='lat' dir='ltr'><strong>resuscitari,</strong></span> 
     </span>
    </p>
   </div>
   <div class='ocr_carea' id='block_1_58' title="bbox 621 4099 2194 4197">
    <p class='ocr_par' dir='ltr' id='par_1_58' title="bbox 621 4099 2194 4197">
     <span class='ocr_line' id='line_1_58' title="bbox 621 4099 2194 4197; baseline 0.022 -47"><span class='ocrx_word' id='word_1_412' title='bbox 621 4107 675 4197; x_wconf 73' lang='lat' dir='ltr'><strong>et</strong></span> <span class='ocrx_word' id='word_1_413' title='bbox 703 4099 767 4153; x_wconf 89' lang='lat' dir='ltr'><strong>ad</strong></span> <span class='ocrx_word' id='word_1_414' title='bbox 817 4103 991 4170; x_wconf 88' lang='lat' dir='ltr'><strong>patris</strong></span> <span class='ocrx_word' id='word_1_415' title='bbox 1040 4108 1258 4166; x_wconf 88' lang='lat' dir='ltr'><strong>domum</strong></span> <span class='ocrx_word' id='word_1_416' title='bbox 1304 4115 1464 4182; x_wconf 90' lang='lat' dir='ltr'><strong>mitti,</strong></span> <span class='ocrx_word' id='word_1_417' title='bbox 1511 4121 1605 4175; x_wconf 85' lang='lat' dir='ltr'><strong>sed</strong></span> <span class='ocrx_word' id='word_1_418' title='bbox 1655 4122 1919 4180; x_wconf 89' lang='lat' dir='ltr'><strong>Lazarum</strong></span> <span class='ocrx_word' id='word_1_419' title='bbox 1956 4099 2194 4197; x_wconf 81' lang='lat' dir='ltr'><strong>postulat.</strong></span> 
     </span>
    </p>
   </div>
   <div class='ocr_carea' id='block_1_59' title="bbox 622 4187 2192 4283">
    <p class='ocr_par' dir='ltr' id='par_1_59' title="bbox 622 4187 2192 4283">
     <span class='ocr_line' id='line_1_59' title="bbox 622 4187 2192 4283; baseline 0.025 -43"><span class='ocrx_word' id='word_1_420' title='bbox 622 4187 771 4257; x_wconf 85' lang='lat' dir='ltr'><strong>(Luc.</strong></span> <span class='ocrx_word' id='word_1_421' title='bbox 814 4209 925 4262; x_wconf 81' lang='lat' dir='ltr'><strong>xvr,</strong></span> <span class='ocrx_word' id='word_1_422' title='bbox 957 4197 1070 4269; x_wconf 74' lang='lat'><strong>27),</strong></span> <span class='ocrx_word' id='word_1_423' title='bbox 1105 4201 1341 4262; x_wconf 87' lang='lat' dir='ltr'><strong>invenies</strong></span> <span class='ocrx_word' id='word_1_424' title='bbox 1366 4223 1508 4276; x_wconf 89' lang='lat' dir='ltr'><strong>eum,</strong></span> <span class='ocrx_word' id='word_1_425' title='bbox 1552 4216 1642 4283; x_wconf 90' lang='lat' dir='ltr'><strong>qui</strong></span> <span class='ocrx_word' id='word_1_426' title='bbox 1689 4219 1754 4270; x_wconf 89' lang='lat' dir='ltr'><strong>de</strong></span> <span class='ocrx_word' id='word_1_427' title='bbox 1795 4219 1898 4274; x_wconf 90' lang='lat' dir='ltr'><strong>hac</strong></span> <span class='ocrx_word' id='word_1_428' title='bbox 1930 4222 2042 4276; x_wconf 83' lang='lat' dir='ltr'><strong>vita</strong></span> <span class='ocrx_word' id='word_1_429' title='bbox 2071 4239 2192 4279; x_wconf 89' lang='lat' dir='ltr'><strong>cum</strong></span> 
     </span>
    </p>
   </div>
   <div class='ocr_carea' id='block_1_60' title="bbox 618 4282 2193 4376">
    <p class='ocr_par' dir='ltr' id='par_1_60' title="bbox 618 4282 2193 4376">
     <span class='ocr_line' id='line_1_60' title="bbox 618 4282 2193 4376; baseline 0.022 -42"><span class='ocrx_word' id='word_1_430' title='bbox 618 4282 950 4376; x_wconf 79' lang='lat' dir='ltr'><strong>nequissima</strong></span> <span class='ocrx_word' id='word_1_431' title='bbox 976 4288 1137 4363; x_wconf 80' lang='lat'><strong>365</strong></span> <span class='ocrx_word' id='word_1_432' title='bbox 1166 4295 1440 4354; x_wconf 87' lang='lat' dir='ltr'><strong>voluntate</strong></span> <span class='ocrx_word' id='word_1_433' title='bbox 1455 4282 1688 4370; x_wconf 77' lang='lat' dir='ltr'><strong>exierat,</strong></span> <span class='ocrx_word' id='word_1_434' title='bbox 1713 4309 1838 4376; x_wconf 86' lang='lat' dir='ltr'><strong>quia</strong></span> <span class='ocrx_word' id='word_1_435' title='bbox 1860 4310 2059 4364; x_wconf 88' lang='lat' dir='ltr'><strong>nullam</strong></span> <span class='ocrx_word' id='word_1_436' title='bbox 2075 4329 2193 4368; x_wconf 90' lang='lat' dir='ltr'><strong>sese</strong></span> 
     </span>
    </p>
   </div>
   <div class='ocr_carea' id='block_1_61' title="bbox 618 4372 2191 4464">
    <p class='ocr_par' dir='ltr' id='par_1_61' title="bbox 618 4372 2191 4464">
     <span class='ocr_line' id='line_1_61' title="bbox 618 4372 2191 4464; baseline 0.025 -41"><span class='ocrx_word' id='word_1_437' title='bbox 618 4372 922 4441; x_wconf 83' lang='lat' dir='ltr'><strong>corrigendi</strong></span> <span class='ocrx_word' id='word_1_438' title='bbox 950 4379 1305 4453; x_wconf 87' lang='lat' dir='ltr'><strong>voluntatem,</strong></span> <span class='ocrx_word' id='word_1_439' title='bbox 1335 4389 1380 4443; x_wconf 89' lang='lat' dir='ltr'><strong>si</strong></span> <span class='ocrx_word' id='word_1_440' title='bbox 1414 4372 1852 4464; x_wconf 78' lang='lat' dir='ltr'><strong>resuscitaretur,</strong></span> <span class='ocrx_word' id='word_1_441' title='bbox 1889 4408 1946 4455; x_wconf 90' lang='lat' dir='ltr'><strong>et</strong></span> <span class='ocrx_word' id='word_1_442' title='bbox 1981 4403 2048 4457; x_wconf 89' lang='lat' dir='ltr'><strong>ad</strong></span> <span class='ocrx_word' id='word_1_443' title='bbox 2095 4420 2191 4460; x_wconf 83' lang='lat' dir='ltr'><strong>sae-</strong></span> 
     </span>
    </p>
   </div>
   <div class='ocr_carea' id='block_1_62' title="bbox 2305 1925 3799 1997">
    <p class='ocr_par' dir='ltr' id='par_1_62' title="bbox 2305 1925 3799 1997">
     <span class='ocr_line' id='line_1_62' title="bbox 2305 1925 3799 1997; baseline 0 -17"><span class='ocrx_word' id='word_1_444' title='bbox 2305 1926 2628 1994; x_wconf 72' lang='lat' dir='ltr'><strong>gchennam,</strong></span> <span class='ocrx_word' id='word_1_445' title='bbox 2665 1935 2721 1980; x_wconf 94' lang='lat' dir='ltr'><strong>ut</strong></span> <span class='ocrx_word' id='word_1_446' title='bbox 2757 1926 2836 1979; x_wconf 90' lang='lat' dir='ltr'><strong>sic</strong></span> <span class='ocrx_word' id='word_1_447' title='bbox 2865 1925 3116 1991; x_wconf 75' lang='lat' dir='ltr'><strong>dixerim,</strong></span> <span class='ocrx_word' id='word_1_448' title='bbox 3162 1925 3550 1997; x_wconf 88' lang='lat' dir='ltr'><strong>quincuplicari</strong></span> <span class='ocrx_word' id='word_1_449' title='bbox 3575 1935 3758 1988; x_wconf 81' lang='lat' dir='ltr'><strong>veretur,</strong></span> <span class='ocrx_word' id='word_1_450' title='bbox 3781 1946 3799 1980; x_wconf 83' lang='lat' dir='ltr'><strong>a</strong></span> 
     </span>
    </p>
   </div>
   <div class='ocr_carea' id='block_1_63' title="bbox 2303 2013 3800 2086">
    <p class='ocr_par' dir='ltr' id='par_1_63' title="bbox 2303 2013 3800 2086">
     <span class='ocr_line' id='line_1_63' title="bbox 2303 2013 3800 2086; baseline 0 -16"><span class='ocrx_word' id='word_1_451' title='bbox 2303 2031 2400 2070; x_wconf 89' lang='lat' dir='ltr'><strong>suo</strong></span> <span class='ocrx_word' id='word_1_452' title='bbox 2431 2023 2701 2070; x_wconf 88' lang='lat' dir='ltr'><strong>conventu</strong></span> <span class='ocrx_word' id='word_1_453' title='bbox 2747 2013 2950 2070; x_wconf 83' lang='lat' dir='ltr'><strong>fratres</strong></span> <span class='ocrx_word' id='word_1_454' title='bbox 2988 2015 3202 2070; x_wconf 85' lang='lat' dir='ltr'><strong>Lazaro</strong></span> <span class='ocrx_word' id='word_1_455' title='bbox 3249 2017 3475 2072; x_wconf 86' lang='lat' dir='ltr'><strong>docente</strong></span> <span class='ocrx_word' id='word_1_456' title='bbox 3514 2016 3690 2070; x_wconf 90' lang='lat' dir='ltr'><strong>amoliri</strong></span> <span class='ocrx_word' id='word_1_457' title='bbox 3715 2031 3800 2086; x_wconf 85' lang='lat' dir='ltr'><strong>prc-</strong></span> 
     </span>
    </p>
   </div>
   <div class='ocr_carea' id='block_1_64' title="bbox 2302 2117 2479 2163">
    <p class='ocr_par' dir='ltr' id='par_1_64' title="bbox 2302 2117 2479 2163">
     <span class='ocr_line' id='line_1_64' title="bbox 2302 2117 2479 2163; baseline -0.017 0"><span class='ocrx_word' id='word_1_458' title='bbox 2302 2117 2479 2163; x_wconf 88' lang='lat' dir='ltr'><strong>catur.</strong></span> 
     </span>
    </p>
   </div>
   <div class='ocr_carea' id='block_1_65' title="bbox 2374 2197 3798 2272">
    <p class='ocr_par' dir='ltr' id='par_1_65' title="bbox 2374 2197 3798 2272">
     <span class='ocr_line' id='line_1_65' title="bbox 2374 2197 3798 2272; baseline -0.001 -18"><span class='ocrx_word' id='word_1_459' title='bbox 2374 2198 2480 2254; x_wconf 85' lang='lat' dir='ltr'><strong>Sed</strong></span> <span class='ocrx_word' id='word_1_460' title='bbox 2509 2200 2575 2252; x_wconf 90' lang='lat' dir='ltr'><strong>ab</strong></span> <span class='ocrx_word' id='word_1_461' title='bbox 2600 2197 2784 2268; x_wconf 91' lang='lat' dir='ltr'><strong>aliquo</strong></span> <span class='ocrx_word' id='word_1_462' title='bbox 2825 2197 2987 2268; x_wconf 84' lang='lat' dir='ltr'><strong>objici</strong></span> <span class='ocrx_word' id='word_1_463' title='bbox 3031 2207 3237 2268; x_wconf 88' lang='lat' dir='ltr'><strong>potest,</strong></span> <span class='ocrx_word' id='word_1_464' title='bbox 3287 2201 3412 2270; x_wconf 86' lang='lat' dir='ltr'><strong>quia</strong></span> <span class='ocrx_word' id='word_1_465' title='bbox 3456 2216 3602 2272; x_wconf 62' lang='lat' dir='ltr'><strong>parua</strong></span> <span class='ocrx_word' id='word_1_466' title='bbox 3625 2202 3694 2256; x_wconf 87' lang='lat' dir='ltr'><strong>illa</strong></span> <span class='ocrx_word' id='word_1_467' title='bbox 3719 2202 3798 2256; x_wconf 86' lang='lat' dir='ltr'><strong>siue</strong></span> 
     </span>
    </p>
   </div>
   <div class='ocr_carea' id='block_1_66' title="bbox 2304 2289 3798 2364">
    <p class='ocr_par' dir='ltr' id='par_1_66' title="bbox 2304 2289 3798 2364">
     <span class='ocr_line' id='line_1_66' title="bbox 2304 2289 3798 2364; baseline 0 -19"><span class='ocrx_word' id='word_1_468' title='bbox 2304 2290 2450 2345; x_wconf 90' lang='lat' dir='ltr'><strong>bono</strong></span> <span class='ocrx_word' id='word_1_469' title='bbox 2501 2299 2623 2344; x_wconf 87' lang='lat' dir='ltr'><strong>actu</strong></span> <span class='ocrx_word' id='word_1_470' title='bbox 2669 2289 2862 2344; x_wconf 89' lang='lat' dir='ltr'><strong>evitari</strong></span> <span class='ocrx_word' id='word_1_471' title='bbox 2913 2303 3019 2344; x_wconf 88' lang='lat' dir='ltr'><strong>non</strong></span> <span class='ocrx_word' id='word_1_472' title='bbox 3063 2299 3308 2360; x_wconf 85' lang='lat' dir='ltr'><strong>poterat,</strong></span> <span class='ocrx_word' id='word_1_473' title='bbox 3345 2306 3468 2364; x_wconf 87' lang='lat' dir='ltr'><strong>ergo</strong></span> <span class='ocrx_word' id='word_1_474' title='bbox 3505 2294 3606 2348; x_wconf 90' lang='lat' dir='ltr'><strong>sine</strong></span> <span class='ocrx_word' id='word_1_475' title='bbox 3636 2294 3798 2348; x_wconf 73' lang='lat' dir='ltr'><strong>benero</strong></span> 
     </span>
    </p>
   </div>
   <div class='ocr_carea' id='block_1_67' title="bbox 2300 2379 3800 2454">
    <p class='ocr_par' dir='ltr' id='par_1_67' title="bbox 2300 2379 3800 2454">
     <span class='ocr_line' id='line_1_67' title="bbox 2300 2379 3800 2454; baseline 0.004 -22"><span class='ocrx_word' id='word_1_476' title='bbox 2300 2379 2468 2434; x_wconf 88' lang='lat' dir='ltr'><strong>lentia</strong></span> <span class='ocrx_word' id='word_1_477' title='bbox 2515 2395 2622 2433; x_wconf 89' lang='lat' dir='ltr'><strong>non</strong></span> <span class='ocrx_word' id='word_1_478' title='bbox 2664 2387 2804 2446; x_wconf 91' lang='lat' dir='ltr'><strong>erat,</strong></span> <span class='ocrx_word' id='word_1_479' title='bbox 2838 2379 2928 2449; x_wconf 92' lang='lat' dir='ltr'><strong>qui</strong></span> <span class='ocrx_word' id='word_1_480' title='bbox 2961 2381 3182 2435; x_wconf 88' lang='lat' dir='ltr'><strong>eosdem</strong></span> <span class='ocrx_word' id='word_1_481' title='bbox 3208 2386 3532 2438; x_wconf 89' lang='lat' dir='ltr'><strong>correctiora</strong></span> <span class='ocrx_word' id='word_1_482' title='bbox 3559 2398 3690 2452; x_wconf 82' lang='lat' dir='ltr'><strong>agere</strong></span> <span class='ocrx_word' id='word_1_483' title='bbox 3710 2399 3800 2454; x_wconf 74' lang='lat' dir='ltr'><strong>pra-</strong></span> 
     </span>
    </p>
   </div>
   <div class='ocr_carea' id='block_1_68' title="bbox 2309 2470 3800 2545">
    <p class='ocr_par' dir='ltr' id='par_1_68' title="bbox 2309 2470 3800 2545">
     <span class='ocr_line' id='line_1_68' title="bbox 2309 2470 3800 2545; baseline 0.001 -20"><span class='ocrx_word' id='word_1_484' title='bbox 2309 2471 2556 2542; x_wconf 89' lang='lat' dir='ltr'><strong>optabat.</strong></span> <span class='ocrx_word' id='word_1_485' title='bbox 2588 2472 2686 2526; x_wconf 70' lang='lat' dir='ltr'><strong>(iui</strong></span> <span class='ocrx_word' id='word_1_486' title='bbox 2721 2470 3025 2526; x_wconf 88' lang='lat' dir='ltr'><strong>inferimus.</strong></span> <span class='ocrx_word' id='word_1_487' title='bbox 3069 2473 3215 2528; x_wconf 84' lang='lat' dir='ltr'><strong>Sunt</strong></span> <span class='ocrx_word' id='word_1_488' title='bbox 3240 2473 3408 2528; x_wconf 88' lang='lat' dir='ltr'><strong>multa</strong></span> <span class='ocrx_word' id='word_1_489' title='bbox 3444 2474 3682 2545; x_wconf 78' lang='lat' dir='ltr'><strong>quzerelle</strong></span> <span class='ocrx_word' id='word_1_490' title='bbox 3707 2474 3800 2526; x_wconf 72' lang='lat' dir='ltr'><strong>ride-</strong></span> 
     </span>
    </p>
   </div>
   <div class='ocr_carea' id='block_1_69' title="bbox 2301 2566 3797 2636">
    <p class='ocr_par' dir='ltr' id='par_1_69' title="bbox 2301 2566 3797 2636">
     <span class='ocr_line' id='line_1_69' title="bbox 2301 2566 3797 2636; baseline -0.002 -17"><span class='ocrx_word' id='word_1_491' title='bbox 2301 2581 2447 2634; x_wconf 87' lang='lat' dir='ltr'><strong>mur,</strong></span> <span class='ocrx_word' id='word_1_492' title='bbox 2499 2582 2620 2636; x_wconf 85' lang='lat' dir='ltr'><strong>quae</strong></span> <span class='ocrx_word' id='word_1_493' title='bbox 2673 2575 2851 2622; x_wconf 88' lang='lat' dir='ltr'><strong>tamen</strong></span> <span class='ocrx_word' id='word_1_494' title='bbox 2909 2567 3049 2622; x_wconf 89' lang='lat' dir='ltr'><strong>nolle</strong></span> <span class='ocrx_word' id='word_1_495' title='bbox 3095 2583 3198 2622; x_wconf 92' lang='lat' dir='ltr'><strong>nos</strong></span> <span class='ocrx_word' id='word_1_496' title='bbox 3240 2568 3511 2622; x_wconf 84' lang='lat' dir='ltr'><strong>evidenter</strong></span> <span class='ocrx_word' id='word_1_497' title='bbox 3533 2566 3797 2636; x_wconf 82' lang='lat' dir='ltr'><strong>agnoscitur;</strong></span> 
     </span>
    </p>
   </div>
   <div class='ocr_carea' id='block_1_70' title="bbox 2299 2657 3798 2732">
    <p class='ocr_par' dir='ltr' id='par_1_70' title="bbox 2299 2657 3798 2732">
     <span class='ocr_line' id='line_1_70' title="bbox 2299 2657 3798 2732; baseline -0.002 -22"><span class='ocrx_word' id='word_1_498' title='bbox 2299 2671 2423 2710; x_wconf 89' lang='lat' dir='ltr'><strong>nam</strong></span> <span class='ocrx_word' id='word_1_499' title='bbox 2456 2657 2500 2710; x_wconf 90' lang='lat' dir='ltr'><strong>si</strong></span> <span class='ocrx_word' id='word_1_500' title='bbox 2531 2658 2884 2713; x_wconf 90' lang='lat' dir='ltr'><strong>insanabilem</strong></span> <span class='ocrx_word' id='word_1_501' title='bbox 2910 2661 3160 2715; x_wconf 89' lang='lat' dir='ltr'><strong>morbum</strong></span> <span class='ocrx_word' id='word_1_502' title='bbox 3185 2660 3412 2732; x_wconf 88' lang='lat' dir='ltr'><strong>patiaris</strong></span> <span class='ocrx_word' id='word_1_503' title='bbox 3435 2660 3486 2714; x_wconf 89' lang='lat' dir='ltr'><strong>in</strong></span> <span class='ocrx_word' id='word_1_504' title='bbox 3507 2658 3667 2731; x_wconf 84' lang='lat' dir='ltr'><strong>digito,</strong></span> <span class='ocrx_word' id='word_1_505' title='bbox 3687 2672 3798 2728; x_wconf 85' lang='lat' dir='ltr'><strong>quem</strong></span> 
     </span>
    </p>
   </div>
   <div class='ocr_carea' id='block_1_71' title="bbox 2301 2748 3802 2823">
    <p class='ocr_par' dir='ltr' id='par_1_71' title="bbox 2301 2748 3802 2823">
     <span class='ocr_line' id='line_1_71' title="bbox 2301 2748 3802 2823; baseline -0.003 -19"><span class='ocrx_word' id='word_1_506' title='bbox 2301 2751 2622 2807; x_wconf 85' lang='lat' dir='ltr'><strong>abscindere</strong></span> <span class='ocrx_word' id='word_1_507' title='bbox 2669 2753 2942 2808; x_wconf 90' lang='lat' dir='ltr'><strong>mouearis</strong></span> <span class='ocrx_word' id='word_1_508' title='bbox 2985 2769 3016 2808; x_wconf 89' lang='lat' dir='ltr'><strong>a</strong></span> <span class='ocrx_word' id='word_1_509' title='bbox 3065 2754 3348 2823; x_wconf 84' lang='lat' dir='ltr'><strong>chirurgo,</strong></span> <span class='ocrx_word' id='word_1_510' title='bbox 3399 2753 3526 2807; x_wconf 90' lang='lat' dir='ltr'><strong>dicis</strong></span> <span class='ocrx_word' id='word_1_511' title='bbox 3572 2751 3650 2806; x_wconf 90' lang='lat' dir='ltr'><strong>tibi</strong></span> <span class='ocrx_word' id='word_1_512' title='bbox 3691 2748 3802 2803; x_wconf 77' lang='lat' dir='ltr'><strong>malle</strong></span> 
     </span>
    </p>
   </div>
   <div class='ocr_carea' id='block_1_72' title="bbox 2291 2841 3798 2916">
    <p class='ocr_par' dir='ltr' id='par_1_72' title="bbox 2291 2841 3798 2916">
     <span class='ocr_line' id='line_1_72' title="bbox 2291 2841 3798 2916; baseline 0.003 -20"><span class='ocrx_word' id='word_1_513' title='bbox 2291 2843 2518 2914; x_wconf 62' lang='lat' dir='ltr'><strong>&quot;praecidi</strong></span> <span class='ocrx_word' id='word_1_514' title='bbox 2557 2859 2718 2912; x_wconf 89' lang='lat' dir='ltr'><strong>quam</strong></span> <span class='ocrx_word' id='word_1_515' title='bbox 2752 2854 2944 2900; x_wconf 88' lang='lat' dir='ltr'><strong>manus</strong></span> <span class='ocrx_word' id='word_1_516' title='bbox 2989 2845 3159 2900; x_wconf 86' lang='lat' dir='ltr'><strong>totius</strong></span> <span class='ocrx_word' id='word_1_517' title='bbox 3203 2861 3333 2916; x_wconf 90' lang='lat' dir='ltr'><strong>0pc,</strong></span> <span class='ocrx_word' id='word_1_518' title='bbox 3365 2844 3560 2898; x_wconf 89' lang='lat' dir='ltr'><strong>&#39;morbo</strong></span> <span class='ocrx_word' id='word_1_519' title='bbox 3588 2841 3798 2912; x_wconf 64' lang='lat' dir='ltr'><strong>glisccnlt&#39;.</strong></span> 
     </span>
    </p>
   </div>
   <div class='ocr_carea' id='block_1_73' title="bbox 2300 2934 3798 3008">
    <p class='ocr_par' dir='ltr' id='par_1_73' title="bbox 2300 2934 3798 3008">
     <span class='ocr_line' id='line_1_73' title="bbox 2300 2934 3798 3008; baseline -0.006 -19"><span class='ocrx_word' id='word_1_520' title='bbox 2300 2935 2540 2990; x_wconf 87' lang='lat' dir='ltr'><strong>destitui.</strong></span> <span class='ocrx_word' id='word_1_521' title='bbox 2581 2935 2728 2990; x_wconf 71' lang='lat' dir='ltr'><strong>Dicis</strong></span> <span class='ocrx_word' id='word_1_522' title='bbox 2764 2945 2815 2990; x_wconf 90' lang='lat' dir='ltr'><strong>te</strong></span> <span class='ocrx_word' id='word_1_523' title='bbox 2850 2937 2952 2992; x_wconf 89' lang='lat' dir='ltr'><strong>hoc</strong></span> <span class='ocrx_word' id='word_1_524' title='bbox 2986 2936 3146 2992; x_wconf 88' lang='lat' dir='ltr'><strong>malle</strong></span> <span class='ocrx_word' id='word_1_525' title='bbox 3188 2951 3354 3008; x_wconf 87' lang='lat' dir='ltr'><strong>quam</strong></span> <span class='ocrx_word' id='word_1_526' title='bbox 3395 2934 3538 3001; x_wconf 88' lang='lat' dir='ltr'><strong>illud,</strong></span> <span class='ocrx_word' id='word_1_527' title='bbox 3577 2949 3676 2986; x_wconf 89' lang='lat' dir='ltr'><strong>cum</strong></span> <span class='ocrx_word' id='word_1_528' title='bbox 3707 2944 3798 2983; x_wconf 81' lang='lat' dir='ltr'><strong>neu-</strong></span> 
     </span>
    </p>
   </div>
   <div class='ocr_carea' id='block_1_74' title="bbox 2302 3021 3797 3096">
    <p class='ocr_par' dir='ltr' id='par_1_74' title="bbox 2302 3021 3797 3096">
     <span class='ocr_line' id='line_1_74' title="bbox 2302 3021 3797 3096; baseline -0.005 -16"><span class='ocrx_word' id='word_1_529' title='bbox 2302 3036 2442 3080; x_wconf 90' lang='lat' dir='ltr'><strong>trum</strong></span> <span class='ocrx_word' id='word_1_530' title='bbox 2478 3027 2865 3096; x_wconf 80' lang='lat' dir='ltr'><strong>probatissimo</strong></span> <span class='ocrx_word' id='word_1_531' title='bbox 2911 3028 3070 3082; x_wconf 89' lang='lat' dir='ltr'><strong>nolis.</strong></span> <span class='ocrx_word' id='word_1_532' title='bbox 3117 3027 3269 3083; x_wconf 89' lang='lat' dir='ltr'><strong>Talis</strong></span> <span class='ocrx_word' id='word_1_533' title='bbox 3307 3027 3408 3082; x_wconf 84' lang='lat' dir='ltr'><strong>fuit</strong></span> <span class='ocrx_word' id='word_1_534' title='bbox 3446 3025 3662 3080; x_wconf 89' lang='lat' dir='ltr'><strong>voluntas</strong></span> <span class='ocrx_word' id='word_1_535' title='bbox 3681 3022 3721 3076; x_wconf 93' lang='lat' dir='ltr'><strong>in</strong></span> <span class='ocrx_word' id='word_1_536' title='bbox 3742 3021 3797 3072; x_wconf 85' lang='lat' dir='ltr'><strong>u&#39;i-</strong></span> 
     </span>
    </p>
   </div>
   <div class='ocr_carea' id='block_1_75' title="bbox 2299 3115 3798 3186">
    <p class='ocr_par' dir='ltr' id='par_1_75' title="bbox 2299 3115 3798 3186">
     <span class='ocr_line' id='line_1_75' title="bbox 2299 3115 3798 3186; baseline -0.001 -15"><span class='ocrx_word' id='word_1_537' title='bbox 2299 3120 2428 3184; x_wconf 92' lang='lat' dir='ltr'><strong>vite,</strong></span> <span class='ocrx_word' id='word_1_538' title='bbox 2461 3128 2520 3174; x_wconf 95' lang='lat' dir='ltr'><strong>ut</strong></span> <span class='ocrx_word' id='word_1_539' title='bbox 2569 3120 2795 3175; x_wconf 90' lang='lat' dir='ltr'><strong>volendo</strong></span> <span class='ocrx_word' id='word_1_540' title='bbox 2846 3119 3030 3186; x_wconf 88' lang='lat' dir='ltr'><strong>nollet,</strong></span> <span class='ocrx_word' id='word_1_541' title='bbox 3081 3130 3136 3176; x_wconf 91' lang='lat' dir='ltr'><strong>et</strong></span> <span class='ocrx_word' id='word_1_542' title='bbox 3191 3121 3421 3177; x_wconf 86' lang='lat' dir='ltr'><strong>nolendo</strong></span> <span class='ocrx_word' id='word_1_543' title='bbox 3471 3118 3628 3179; x_wconf 79' lang='lat' dir='ltr'><strong>vellet,</strong></span> <span class='ocrx_word' id='word_1_544' title='bbox 3671 3115 3798 3184; x_wconf 67' lang='lat' dir='ltr'><strong>ponus</strong></span> 
     </span>
    </p>
   </div>
   <div class='ocr_carea' id='block_1_76' title="bbox 2299 3203 3799 3281">
    <p class='ocr_par' dir='ltr' id='par_1_76' title="bbox 2299 3203 3799 3281">
     <span class='ocr_line' id='line_1_76' title="bbox 2299 3203 3799 3281; baseline -0.005 -19"><span class='ocrx_word' id='word_1_545' title='bbox 2299 3224 2461 3278; x_wconf 86' lang='lat' dir='ltr'><strong>quam</strong></span> <span class='ocrx_word' id='word_1_546' title='bbox 2493 3210 2742 3281; x_wconf 90' lang='lat' dir='ltr'><strong>supplicii</strong></span> <span class='ocrx_word' id='word_1_547' title='bbox 2772 3210 3113 3266; x_wconf 90' lang='lat' dir='ltr'><strong>incrementa</strong></span> <span class='ocrx_word' id='word_1_548' title='bbox 3136 3211 3366 3267; x_wconf 88' lang='lat' dir='ltr'><strong>subiret.</strong></span> <span class='ocrx_word' id='word_1_549' title='bbox 3398 3210 3711 3278; x_wconf 87' lang='lat' dir='ltr'><strong>Quoscunquc</strong></span> <span class='ocrx_word' id='word_1_550' title='bbox 3731 3203 3799 3256; x_wconf 80' lang='lat' dir='ltr'><strong>ita-</strong></span> 
     </span>
    </p>
   </div>
   <div class='ocr_carea' id='block_1_77' title="bbox 2299 3296 3797 3374">
    <p class='ocr_par' dir='ltr' id='par_1_77' title="bbox 2299 3296 3797 3374">
     <span class='ocr_line' id='line_1_77' title="bbox 2299 3296 3797 3374; baseline -0.003 -17"><span class='ocrx_word' id='word_1_551' title='bbox 2299 3319 2404 3374; x_wconf 87' lang='lat' dir='ltr'><strong>que</strong></span> <span class='ocrx_word' id='word_1_552' title='bbox 2449 3304 2600 3374; x_wconf 90' lang='lat' dir='ltr'><strong>impii</strong></span> <span class='ocrx_word' id='word_1_553' title='bbox 2643 3312 2837 3359; x_wconf 90' lang='lat' dir='ltr'><strong>contra</strong></span> <span class='ocrx_word' id='word_1_554' title='bbox 2881 3305 3050 3358; x_wconf 89' lang='lat' dir='ltr'><strong>Deum</strong></span> <span class='ocrx_word' id='word_1_555' title='bbox 3077 3316 3350 3371; x_wconf 88' lang='lat' dir='ltr'><strong>amarant,</strong></span> <span class='ocrx_word' id='word_1_556' title='bbox 3392 3296 3797 3374; x_wconf 76' lang='lat' dir='ltr'><strong>hosjustojudicio</strong></span> 
     </span>
    </p>
   </div>
   <div class='ocr_carea' id='block_1_78' title="bbox 2299 3386 3795 3468">
    <p class='ocr_par' dir='ltr' id='par_1_78' title="bbox 2299 3386 3795 3468">
     <span class='ocr_line' id='line_1_78' title="bbox 2299 3386 3795 3468; baseline 0.007 -20"><span class='ocrx_word' id='word_1_557' title='bbox 2299 3409 2488 3449; x_wconf 86' lang='lat' dir='ltr'><strong>coram</strong></span> <span class='ocrx_word' id='word_1_558' title='bbox 2537 3411 2595 3450; x_wconf 92' lang='lat' dir='ltr'><strong>se</strong></span> <span class='ocrx_word' id='word_1_559' title='bbox 2633 3397 2864 3452; x_wconf 90' lang='lat' dir='ltr'><strong>cruciari</strong></span> <span class='ocrx_word' id='word_1_560' title='bbox 2906 3400 3279 3466; x_wconf 88' lang='lat' dir='ltr'><strong>considerant,</strong></span> <span class='ocrx_word' id='word_1_561' title='bbox 3309 3411 3526 3468; x_wconf 90' lang='lat' dir='ltr'><strong>quorum</strong></span> <span class='ocrx_word' id='word_1_562' title='bbox 3557 3386 3795 3464; x_wconf 69' lang='grc' dir='ltr'><strong>ρωιιειείνεί</strong></span> 
     </span>
    </p>
   </div>
   <div class='ocr_carea' id='block_1_79' title="bbox 2302 3485 3081 3559">
    <p class='ocr_par' dir='ltr' id='par_1_79' title="bbox 2302 3485 3081 3559">
     <span class='ocr_line' id='line_1_79' title="bbox 2302 3485 3081 3559; baseline 0.006 -20"><span class='ocrx_word' id='word_1_563' title='bbox 2302 3499 2519 3555; x_wconf 86' lang='lat' dir='ltr'><strong>semper</strong></span> <span class='ocrx_word' id='word_1_564' title='bbox 2545 3485 2598 3542; x_wconf 91' lang='lat' dir='ltr'><strong>in</strong></span> <span class='ocrx_word' id='word_1_565' title='bbox 2629 3501 2687 3542; x_wconf 90' lang='lat' dir='ltr'><strong>se</strong></span> <span class='ocrx_word' id='word_1_566' title='bbox 2715 3489 3081 3559; x_wconf 90' lang='lat' dir='ltr'><strong>reciprocant.</strong></span> 
     </span>
    </p>
   </div>
   <div class='ocr_carea' id='block_1_80' title="bbox 2906 3579 3274 3636">
    <p class='ocr_par' dir='ltr' id='par_1_80' title="bbox 2906 3579 3274 3636">
     <span class='ocr_line' id='line_1_80' title="bbox 2906 3579 3274 3636; baseline 0.005 -2"><span class='ocrx_word' id='word_1_567' title='bbox 2906 3579 3134 3636; x_wconf 82' lang='lat' dir='ltr'><strong>CAPUT</strong></span> <span class='ocrx_word' id='word_1_568' title='bbox 3179 3579 3274 3636; x_wconf 79' lang='lat' dir='ltr'><strong>Vl.</strong></span> 
     </span>
    </p>
   </div>
   <div class='ocr_carea' id='block_1_81' title="bbox 2369 3662 3794 3740">
    <p class='ocr_par' dir='ltr' id='par_1_81' title="bbox 2369 3662 3794 3740">
     <span class='ocr_line' id='line_1_81' title="bbox 2369 3662 3794 3740; baseline -0.006 -14"><span class='ocrx_word' id='word_1_569' title='bbox 2369 3667 2679 3740; x_wconf 82' lang='lat' dir='ltr'><strong>Corporales</strong></span> <span class='ocrx_word' id='word_1_570' title='bbox 2721 3689 2824 3726; x_wconf 85' lang='lat' dir='ltr'><strong>non</strong></span> <span class='ocrx_word' id='word_1_571' title='bbox 2871 3684 2992 3728; x_wconf 82' lang='lat' dir='ltr'><strong>sunt</strong></span> <span class='ocrx_word' id='word_1_572' title='bbox 3044 3675 3262 3738; x_wconf 64' lang='lat' dir='ltr'><strong>animae,</strong></span> <span class='ocrx_word' id='word_1_573' title='bbox 3311 3688 3402 3728; x_wconf 84' lang='lat' dir='ltr'><strong>nec</strong></span> <span class='ocrx_word' id='word_1_574' title='bbox 3439 3667 3691 3730; x_wconf 71' lang='lat' dir='ltr'><strong>sertsibiles,</strong></span> <span class='ocrx_word' id='word_1_575' title='bbox 3726 3662 3794 3714; x_wconf 71' lang='lat' dir='ltr'><strong>nisi</strong></span> 
     </span>
    </p>
   </div>
   <div class='ocr_carea' id='block_1_82' title="bbox 2300 3763 3796 3839">
    <p class='ocr_par' dir='ltr' id='par_1_82' title="bbox 2300 3763 3796 3839">
     <span class='ocr_line' id='line_1_82' title="bbox 2300 3763 3796 3839; baseline -0.007 -22"><span class='ocrx_word' id='word_1_576' title='bbox 2300 3765 2452 3819; x_wconf 85' lang='lat' dir='ltr'><strong>modo</strong></span> <span class='ocrx_word' id='word_1_577' title='bbox 2495 3766 2780 3834; x_wconf 79' lang='lat' dir='ltr'><strong>spirituali.</strong></span> <span class='ocrx_word' id='word_1_578' title='bbox 2813 3767 2953 3834; x_wconf 83' lang='lat' dir='ltr'><strong>Quid</strong></span> <span class='ocrx_word' id='word_1_579' title='bbox 2980 3769 3164 3822; x_wconf 80' lang='lat' dir='ltr'><strong>vermis</strong></span> <span class='ocrx_word' id='word_1_580' title='bbox 3193 3767 3494 3839; x_wconf 78' lang='lat' dir='ltr'><strong>spiritualis.</strong></span> <span class='ocrx_word' id='word_1_581' title='bbox 3522 3793 3584 3804; x_wconf 86' lang='lat'><strong>-—</strong></span> <span class='ocrx_word' id='word_1_582' title='bbox 3607 3763 3708 3826; x_wconf 79' lang='lat' dir='ltr'><strong>Qua:</strong></span> <span class='ocrx_word' id='word_1_583' title='bbox 3731 3770 3796 3806; x_wconf 84' lang='lat' dir='ltr'><strong>au-</strong></span> 
     </span>
    </p>
   </div>
   <div class='ocr_carea' id='block_1_83' title="bbox 2302 3853 3794 3933">
    <p class='ocr_par' dir='ltr' id='par_1_83' title="bbox 2302 3853 3794 3933">
     <span class='ocr_line' id='line_1_83' title="bbox 2302 3853 3794 3933; baseline 0.006 -25"><span class='ocrx_word' id='word_1_584' title='bbox 2302 3866 2410 3912; x_wconf 87' lang='lat' dir='ltr'><strong>tem</strong></span> <span class='ocrx_word' id='word_1_585' title='bbox 2437 3871 2668 3928; x_wconf 89' lang='lat' dir='ltr'><strong>corpora</strong></span> <span class='ocrx_word' id='word_1_586' title='bbox 2705 3859 2900 3914; x_wconf 67' lang='lat' dir='ltr'><strong>animae</strong></span> <span class='ocrx_word' id='word_1_587' title='bbox 2943 3861 3186 3916; x_wconf 88' lang='lat' dir='ltr'><strong>habeant</strong></span> <span class='ocrx_word' id='word_1_588' title='bbox 3226 3876 3326 3933; x_wconf 87' lang='lat' dir='ltr'><strong>ego</strong></span> <span class='ocrx_word' id='word_1_589' title='bbox 3367 3859 3560 3922; x_wconf 88' lang='lat' dir='ltr'><strong>nescio,</strong></span> <span class='ocrx_word' id='word_1_590' title='bbox 3595 3853 3698 3908; x_wconf 85' lang='lat' dir='ltr'><strong>illud</strong></span> <span class='ocrx_word' id='word_1_591' title='bbox 3731 3862 3794 3916; x_wconf 77' lang='lat' dir='ltr'><strong>P0&#39;</strong></span> 
     </span>
    </p>
   </div>
   <div class='ocr_carea' id='block_1_84' title="bbox 2301 3937 3794 4026">
    <p class='ocr_par' dir='ltr' id='par_1_84' title="bbox 2301 3937 3794 4026">
     <span class='ocr_line' id='line_1_84' title="bbox 2301 3937 3794 4026; baseline -0.008 -25"><span class='ocrx_word' id='word_1_592' title='bbox 2301 3948 2567 4002; x_wconf 87' lang='lat' dir='ltr'><strong>tissimqu</strong></span> <span class='ocrx_word' id='word_1_593' title='bbox 2609 3965 2731 4005; x_wconf 91' lang='lat' dir='ltr'><strong>meo</strong></span> <span class='ocrx_word' id='word_1_594' title='bbox 2775 3953 2928 4007; x_wconf 88' lang='lat' dir='ltr'><strong>sedet</strong></span> <span class='ocrx_word' id='word_1_595' title='bbox 2972 3952 3221 4018; x_wconf 85' lang='lat' dir='ltr'><strong>arbitrio,</strong></span> <span class='ocrx_word' id='word_1_596' title='bbox 3276 3953 3446 4026; x_wconf 79' lang='lat' dir='ltr'><strong>typice</strong></span> <span class='ocrx_word' id='word_1_597' title='bbox 3481 3950 3654 4003; x_wconf 88' lang='lat' dir='ltr'><strong>debere</strong></span> <span class='ocrx_word' id='word_1_598' title='bbox 3683 3937 3794 3996; x_wconf 80' lang='lat' dir='ltr'><strong>intel-</strong></span> 
     </span>
    </p>
   </div>
   <div class='ocr_carea' id='block_1_85' title="bbox 2301 4039 3790 4111">
    <p class='ocr_par' dir='ltr' id='par_1_85' title="bbox 2301 4039 3790 4111">
     <span class='ocr_line' id='line_1_85' title="bbox 2301 4039 3790 4111; baseline -0.003 -15"><span class='ocrx_word' id='word_1_599' title='bbox 2301 4039 2394 4111; x_wconf 87' lang='lat' dir='ltr'><strong>ligi</strong></span> <span class='ocrx_word' id='word_1_600' title='bbox 2421 4043 2569 4110; x_wconf 90' lang='lat' dir='ltr'><strong>quod</strong></span> <span class='ocrx_word' id='word_1_601' title='bbox 2625 4043 2824 4098; x_wconf 90' lang='lat' dir='ltr'><strong>dicitur</strong></span> <span class='ocrx_word' id='word_1_602' title='bbox 2869 4060 2964 4100; x_wconf 89' lang='lat' dir='ltr'><strong>ore</strong></span> <span class='ocrx_word' id='word_1_603' title='bbox 3008 4045 3340 4102; x_wconf 90' lang='lat' dir='ltr'><strong>Dominico:</strong></span> <span class='ocrx_word' id='word_1_604' title='bbox 3378 4063 3396 4096; x_wconf 72' lang='grc' dir='ltr'>ς</span> <span class='ocrx_word' id='word_1_605' title='bbox 3429 4041 3614 4098; x_wconf 78' lang='lat' dir='ltr'><strong>Vermis</strong></span> <span class='ocrx_word' id='word_1_606' title='bbox 3656 4045 3790 4091; x_wconf 78' lang='lat' dir='ltr'><strong>eorum</strong></span> 
     </span>
    </p>
   </div>
   <div class='ocr_carea' id='block_1_86' title="bbox 2301 4132 3791 4206">
    <p class='ocr_par' dir='ltr' id='par_1_86' title="bbox 2301 4132 3791 4206">
     <span class='ocr_line' id='line_1_86' title="bbox 2301 4132 3791 4206; baseline -0.001 -18"><span class='ocrx_word' id='word_1_607' title='bbox 2301 4149 2408 4188; x_wconf 90' lang='lat' dir='ltr'><strong>non</strong></span> <span class='ocrx_word' id='word_1_608' title='bbox 2455 4135 2748 4201; x_wconf 89' lang='lat' dir='ltr'><strong>morietur,</strong></span> <span class='ocrx_word' id='word_1_609' title='bbox 2795 4145 2851 4191; x_wconf 92' lang='lat' dir='ltr'><strong>et</strong></span> <span class='ocrx_word' id='word_1_610' title='bbox 2901 4137 3045 4206; x_wconf 81' lang='lat' dir='ltr'><strong>ignis</strong></span> <span class='ocrx_word' id='word_1_611' title='bbox 3096 4155 3286 4194; x_wconf 88' lang='lat' dir='ltr'><strong>eorum</strong></span> <span class='ocrx_word' id='word_1_612' title='bbox 3345 4154 3448 4193; x_wconf 87' lang='lat' dir='ltr'><strong>non</strong></span> <span class='ocrx_word' id='word_1_613' title='bbox 3496 4132 3791 4200; x_wconf 77' lang='lat' dir='ltr'><strong>exstinguell&quot;</strong></span> 
     </span>
    </p>
   </div>
   <div class='ocr_carea' id='block_1_87' title="bbox 2299 4218 3782 4301">
    <p class='ocr_par' dir='ltr' id='par_1_87' title="bbox 2299 4218 3782 4301">
     <span class='ocr_line' id='line_1_87' title="bbox 2299 4218 3782 4301; baseline -0.02 -2"><span class='ocrx_word' id='word_1_614' title='bbox 2299 4226 2434 4299; x_wconf 77' lang='grc' dir='ltr'><strong>(Ῑεαο</strong></span> <span class='ocrx_word' id='word_1_615' title='bbox 2481 4245 2626 4294; x_wconf 68' lang='lat' dir='ltr'><strong>LXVI.</strong></span> <span class='ocrx_word' id='word_1_616' title='bbox 2675 4229 2786 4300; x_wconf 60' lang='grc'><strong>24)-</strong></span> <span class='ocrx_word' id='word_1_617' title='bbox 2824 4249 2842 4280; x_wconf 76' lang='grc' dir='ltr'><strong><em>ι</em></strong></span> <span class='ocrx_word' id='word_1_618' title='bbox 2905 4229 2961 4286; x_wconf 90' lang='lat' dir='ltr'><strong>Si</strong></span> <span class='ocrx_word' id='word_1_619' title='bbox 3005 4247 3036 4286; x_wconf 91' lang='lat' dir='ltr'><strong>a</strong></span> <span class='ocrx_word' id='word_1_620' title='bbox 3075 4231 3230 4288; x_wconf 86' lang='lat' dir='ltr'><strong>beato</strong></span> <span class='ocrx_word' id='word_1_621' title='bbox 3266 4232 3365 4289; x_wconf 82' lang='lat' dir='ltr'><strong>Job</strong></span> <span class='ocrx_word' id='word_1_622' title='bbox 3408 4229 3542 4301; x_wconf 89' lang='lat' dir='ltr'><strong>putri</strong></span> <span class='ocrx_word' id='word_1_623' title='bbox 3571 4235 3617 4281; x_wconf 89' lang='lat' dir='ltr'><strong>et</strong></span> <span class='ocrx_word' id='word_1_624' title='bbox 3655 4218 3782 4276; x_wconf 81' lang='lat' dir='ltr'><strong>tabido</strong></span> 
     </span>
    </p>
   </div>
   <div class='ocr_carea' id='block_1_88' title="bbox 2297 4315 3786 4394">
    <p class='ocr_par' dir='ltr' id='par_1_88' title="bbox 2297 4315 3786 4394">
     <span class='ocr_line' id='line_1_88' title="bbox 2297 4315 3786 4394; baseline -0.002 -25"><span class='ocrx_word' id='word_1_625' title='bbox 2297 4318 2444 4386; x_wconf 88' lang='lat' dir='ltr'><strong>juste</strong></span> <span class='ocrx_word' id='word_1_626' title='bbox 2493 4319 2816 4374; x_wconf 86' lang='lat' dir='ltr'><strong>dicebatur:</strong></span> <span class='ocrx_word' id='word_1_627' title='bbox 2863 4322 3004 4388; x_wconf 67' lang='lat' dir='ltr'><strong>«Qui</strong></span> <span class='ocrx_word' id='word_1_628' title='bbox 3038 4338 3156 4387; x_wconf 84' lang='lat' dir='ltr'><strong>me,</strong></span> <span class='ocrx_word' id='word_1_629' title='bbox 3200 4325 3392 4394; x_wconf 87' lang='lat' dir='ltr'><strong>inquit,</strong></span> <span class='ocrx_word' id='word_1_630' title='bbox 3437 4315 3682 4377; x_wconf 85' lang='lat' dir='ltr'><strong>comedunt</strong></span> <span class='ocrx_word' id='word_1_631' title='bbox 3715 4321 3786 4363; x_wconf 79' lang='lat' dir='ltr'><strong>n0&quot;</strong></span> 
     </span>
    </p>
   </div>
   <div class='ocr_carea' id='block_1_89' title="bbox 2301 4402 3786 4486">
    <p class='ocr_par' dir='ltr' id='par_1_89' title="bbox 2301 4402 3786 4486">
     <span class='ocr_line' id='line_1_89' title="bbox 2301 4402 3786 4486; baseline -0.002 -18"><span class='ocrx_word' id='word_1_632' title='bbox 2301 4412 2578 4468; x_wconf 87' lang='lat' dir='ltr'><strong>dormiunt</strong></span> <span class='ocrx_word' id='word_1_633' title='bbox 2613 4411 2734 4485; x_wconf 82' lang='lat' dir='ltr'><strong>(Job</strong></span> <span class='ocrx_word' id='word_1_634' title='bbox 2760 4429 2892 4480; x_wconf 74' lang='lat' dir='ltr'><strong>xxx,</strong></span> <span class='ocrx_word' id='word_1_635' title='bbox 2927 4416 3031 4486; x_wconf 86' lang='lat' dir='ltr'><strong>l7),</strong></span> <span class='ocrx_word' id='word_1_636' title='bbox 3073 4437 3090 4468; x_wconf 76' lang='grc' dir='ltr'><strong><em>ι</em></strong></span> <span class='ocrx_word' id='word_1_637' title='bbox 3136 4418 3200 4471; x_wconf 89' lang='lat' dir='ltr'><strong>ad</strong></span> <span class='ocrx_word' id='word_1_638' title='bbox 3259 4417 3496 4486; x_wconf 89' lang='lat' dir='ltr'><strong>spiritum</strong></span> <span class='ocrx_word' id='word_1_639' title='bbox 3549 4423 3637 4464; x_wconf 87' lang='lat' dir='ltr'><strong>non</strong></span> <span class='ocrx_word' id='word_1_640' title='bbox 3677 4402 3786 4456; x_wconf 56' lang='lat' dir='ltr'><strong>Vide-0</strong></span> 
     </span>
    </p>
   </div>
   <div class='ocr_carea' id='block_1_90' title="bbox 618 4463 3786 4574">
    <p class='ocr_par' dir='ltr' id='par_1_90' title="bbox 618 4463 3786 4574">
     <span class='ocr_line' id='line_1_90' title="bbox 618 4463 3786 4574; baseline 0.008 -58"><span class='ocrx_word' id='word_1_641' title='bbox 618 4463 793 4517; x_wconf 89' lang='lat' dir='ltr'><strong>culum</strong></span> <span class='ocrx_word' id='word_1_642' title='bbox 821 4469 1038 4536; x_wconf 88' lang='lat' dir='ltr'><strong>rediret,</strong></span> <span class='ocrx_word' id='word_1_643' title='bbox 1069 4473 1323 4544; x_wconf 87' lang='lat' dir='ltr'><strong>habebat,</strong></span> <span class='ocrx_word' id='word_1_644' title='bbox 1347 4485 1591 4540; x_wconf 86' lang='lat' dir='ltr'><strong>eamdem</strong></span> <span class='ocrx_word' id='word_1_645' title='bbox 1623 4497 2192 4562; x_wconf 86' lang='lat' dir='ltr'><strong>namqueperversita-</strong></span> <span class='ocrx_word' id='word_1_646' title='bbox 2221 4512 2270 4572; x_wconf 77' lang='grc' dir='ltr'>υ</span> <span class='ocrx_word' id='word_1_647' title='bbox 2298 4503 2569 4572; x_wconf 69' lang='lat' dir='ltr'><strong>quomodo</strong></span> <span class='ocrx_word' id='word_1_648' title='bbox 2615 4463 2918 4572; x_wconf 44' lang='lat' dir='ltr'><strong>inferatur,</strong></span> <span class='ocrx_word' id='word_1_649' title='bbox 2962 4507 3086 4574; x_wconf 66' lang='lat' dir='ltr'><strong>quia</strong></span> <span class='ocrx_word' id='word_1_650' title='bbox 3126 4509 3274 4562; x_wconf 67' lang='lat' dir='ltr'><strong>nasci</strong></span> <span class='ocrx_word' id='word_1_651' title='bbox 3316 4519 3520 4562; x_wconf 63' lang='lat' dir='ltr'><strong>vermes</strong></span> <span class='ocrx_word' id='word_1_652' title='bbox 3552 4517 3610 4556; x_wconf 68' lang='grc' dir='ltr'><strong>ει</strong></span> <span class='ocrx_word' id='word_1_653' title='bbox 3647 4491 3786 4566; x_wconf 78' lang='lat' dir='ltr'><strong>spiritu</strong></span> 
     </span>
    </p>
   </div>
   <div class='ocr_carea' id='block_1_91' title="bbox 621 4559 2192 4650">
    <p class='ocr_par' dir='ltr' id='par_1_91' title="bbox 621 4559 2192 4650">
     <span class='ocr_line' id='line_1_91' title="bbox 621 4559 2192 4650; baseline 0.025 -46"><span class='ocrx_word' id='word_1_654' title='bbox 621 4562 728 4650; x_wconf 80' lang='lat' dir='ltr'><strong>tem</strong></span> <span class='ocrx_word' id='word_1_655' title='bbox 757 4571 860 4624; x_wconf 90' lang='lat' dir='ltr'><strong>qua</strong></span> <span class='ocrx_word' id='word_1_656' title='bbox 911 4559 1050 4615; x_wconf 89' lang='lat' dir='ltr'><strong>inter</strong></span> <span class='ocrx_word' id='word_1_657' title='bbox 1090 4569 1367 4626; x_wconf 86' lang='lat' dir='ltr'><strong>cruciatus</strong></span> <span class='ocrx_word' id='word_1_658' title='bbox 1407 4587 1592 4630; x_wconf 86' lang='lat' dir='ltr'><strong>carere</strong></span> <span class='ocrx_word' id='word_1_659' title='bbox 1632 4594 1737 4634; x_wconf 91' lang='lat' dir='ltr'><strong>non</strong></span> <span class='ocrx_word' id='word_1_660' title='bbox 1791 4559 2020 4650; x_wconf 78' lang='lat' dir='ltr'><strong>poterat,</strong></span> <span class='ocrx_word' id='word_1_661' title='bbox 2066 4601 2192 4644; x_wconf 85' lang='lat' dir='ltr'><strong>sese</strong></span> 
     </span>
    </p>
   </div>
   <div class='ocr_carea' id='block_1_92' title="bbox 621 4643 2190 4742">
    <p class='ocr_par' dir='ltr' id='par_1_92' title="bbox 621 4643 2190 4742">
     <span class='ocr_line' id='line_1_92' title="bbox 621 4643 2190 4742; baseline 0.025 -48"><span class='ocrx_word' id='word_1_662' title='bbox 621 4643 766 4698; x_wconf 89' lang='lat' dir='ltr'><strong>nullo</strong></span> <span class='ocrx_word' id='word_1_663' title='bbox 796 4645 955 4704; x_wconf 81' lang='lat' dir='ltr'><strong>modo</strong></span> <span class='ocrx_word' id='word_1_664' title='bbox 985 4651 1320 4713; x_wconf 87' lang='lat' dir='ltr'><strong>deserturum</strong></span> <span class='ocrx_word' id='word_1_665' title='bbox 1367 4679 1466 4732; x_wconf 90' lang='lat' dir='ltr'><strong>pro</strong></span> <span class='ocrx_word' id='word_1_666' title='bbox 1506 4677 1657 4724; x_wconf 90' lang='lat' dir='ltr'><strong>certo</strong></span> <span class='ocrx_word' id='word_1_667' title='bbox 1702 4643 2048 4742; x_wconf 74' lang='lat' dir='ltr'><strong>cognoverat.</strong></span> <span class='ocrx_word' id='word_1_668' title='bbox 2081 4677 2190 4734; x_wconf 85' lang='lat' dir='ltr'><strong>Nec</strong></span> 
     </span>
    </p>
   </div>
   <div class='ocr_carea' id='block_1_93' title="bbox 621 4740 2190 4839">
    <p class='ocr_par' dir='ltr' id='par_1_93' title="bbox 621 4740 2190 4839">
     <span class='ocr_line' id='line_1_93' title="bbox 621 4740 2190 4839; baseline 0.028 -55"><span class='ocrx_word' id='word_1_669' title='bbox 621 4747 743 4786; x_wconf 91' lang='lat' dir='ltr'><strong>eum</strong></span> <span class='ocrx_word' id='word_1_670' title='bbox 782 4751 813 4789; x_wconf 89' lang='lat' dir='ltr'><strong>e</strong></span> <span class='ocrx_word' id='word_1_671' title='bbox 860 4740 1073 4838; x_wconf 65' lang='lat' dir='ltr'><strong>regione</strong></span> <span class='ocrx_word' id='word_1_672' title='bbox 1123 4749 1363 4816; x_wconf 89' lang='lat' dir='ltr'><strong>profecto</strong></span> <span class='ocrx_word' id='word_1_673' title='bbox 1414 4755 1639 4825; x_wconf 84' lang='lat' dir='ltr'><strong>latebat,</strong></span> <span class='ocrx_word' id='word_1_674' title='bbox 1683 4740 1807 4832; x_wconf 80' lang='lat' dir='ltr'><strong>quia</strong></span> <span class='ocrx_word' id='word_1_675' title='bbox 1859 4768 1906 4821; x_wconf 89' lang='lat' dir='ltr'><strong>si</strong></span> <span class='ocrx_word' id='word_1_676' title='bbox 1959 4770 2190 4839; x_wconf 89' lang='lat' dir='ltr'><strong>pristino</strong></span> 
     </span>
    </p>
   </div>
   <div class='ocr_carea' id='block_1_94' title="bbox 620 4829 2189 4920">
    <p class='ocr_par' dir='ltr' id='par_1_94' title="bbox 620 4829 2189 4920">
     <span class='ocr_line' id='line_1_94' title="bbox 620 4829 2189 4920; baseline 0.025 -42"><span class='ocrx_word' id='word_1_677' title='bbox 620 4833 764 4878; x_wconf 88' lang='lat' dir='ltr'><strong>statu</strong></span> <span class='ocrx_word' id='word_1_678' title='bbox 795 4829 1173 4889; x_wconf 86' lang='lat' dir='ltr'><strong>restitueretur</strong></span> <span class='ocrx_word' id='word_1_679' title='bbox 1203 4839 1253 4892; x_wconf 91' lang='lat' dir='ltr'><strong>in</strong></span> <span class='ocrx_word' id='word_1_680' title='bbox 1301 4846 1517 4910; x_wconf 89' lang='lat' dir='ltr'><strong>mundo,</strong></span> <span class='ocrx_word' id='word_1_681' title='bbox 1571 4858 1625 4903; x_wconf 92' lang='lat' dir='ltr'><strong>et</strong></span> <span class='ocrx_word' id='word_1_682' title='bbox 1671 4829 1974 4920; x_wconf 42' lang='lat' dir='ltr'><strong>prioribus.</strong></span> <span class='ocrx_word' id='word_1_683' title='bbox 1998 4863 2189 4918; x_wconf 89' lang='lat' dir='ltr'><strong>studiis</strong></span> 
     </span>
    </p>
   </div>
   <div class='ocr_carea' id='block_1_95' title="bbox 620 4918 2189 5010">
    <p class='ocr_par' dir='ltr' id='par_1_95' title="bbox 620 4918 2189 5010">
     <span class='ocr_line' id='line_1_95' title="bbox 620 4918 2189 5010; baseline 0.025 -40"><span class='ocrx_word' id='word_1_684' title='bbox 620 4918 988 4974; x_wconf 68' lang='lat' dir='ltr'><strong>en‘icudatiora</strong></span> <span class='ocrx_word' id='word_1_685' title='bbox 1013 4939 1114 4978; x_wconf 90' lang='lat' dir='ltr'><strong>non</strong></span> <span class='ocrx_word' id='word_1_686' title='bbox 1146 4942 1373 4998; x_wconf 88' lang='lat' dir='ltr'><strong>gereret,</strong></span> <span class='ocrx_word' id='word_1_687' title='bbox 1401 4936 1464 4988; x_wconf 88' lang='lat' dir='ltr'><strong>ad</strong></span> <span class='ocrx_word' id='word_1_688' title='bbox 1501 4918 2008 5010; x_wconf 83' lang='lat' dir='ltr'><strong>centuplicationem</strong></span> <span class='ocrx_word' id='word_1_689' title='bbox 2036 4951 2189 5008; x_wconf 86' lang='lat' dir='ltr'><strong>dam-</strong></span> 
     </span>
    </p>
   </div>
   <div class='ocr_carea' id='block_1_96' title="bbox 620 5011 2185 5100">
    <p class='ocr_par' dir='ltr' id='par_1_96' title="bbox 620 5011 2185 5100">
     <span class='ocr_line' id='line_1_96' title="bbox 620 5011 2185 5100; baseline 0.024 -38"><span class='ocrx_word' id='word_1_690' title='bbox 620 5011 852 5066; x_wconf 89' lang='lat' dir='ltr'><strong>nationis</strong></span> <span class='ocrx_word' id='word_1_691' title='bbox 905 5013 958 5068; x_wconf 90' lang='lat' dir='ltr'><strong>in</strong></span> <span class='ocrx_word' id='word_1_692' title='bbox 1008 5018 1192 5074; x_wconf 86' lang='lat' dir='ltr'><strong>eadem</strong></span> <span class='ocrx_word' id='word_1_693' title='bbox 1250 5035 1523 5092; x_wconf 89' lang='lat' dir='ltr'><strong>postremo</strong></span> <span class='ocrx_word' id='word_1_694' title='bbox 1574 5041 1841 5090; x_wconf 88' lang='lat' dir='ltr'><strong>tormenta</strong></span> <span class='ocrx_word' id='word_1_695' title='bbox 1900 5041 2185 5100; x_wconf 89' lang='lat' dir='ltr'><strong>recideret.</strong></span> 
     </span>
    </p>
   </div>
   <div class='ocr_carea' id='block_1_97' title="bbox 620 5103 2189 5206">
    <p class='ocr_par' dir='ltr' id='par_1_97' title="bbox 620 5103 2189 5206">
     <span class='ocr_line' id='line_1_97' title="bbox 620 5103 2189 5206; baseline 0.024 -50"><span class='ocrx_word' id='word_1_696' title='bbox 620 5103 886 5161; x_wconf 88' lang='lat' dir='ltr'><strong>Lazarum</strong></span> <span class='ocrx_word' id='word_1_697' title='bbox 916 5125 1042 5182; x_wconf 89' lang='lat' dir='ltr'><strong>ergo</strong></span> <span class='ocrx_word' id='word_1_698' title='bbox 1087 5118 1399 5174; x_wconf 88' lang='lat' dir='ltr'><strong>resuscitari</strong></span> <span class='ocrx_word' id='word_1_699' title='bbox 1442 5137 1636 5181; x_wconf 87' lang='lat' dir='ltr'><strong>secure</strong></span> <span class='ocrx_word' id='word_1_700' title='bbox 1674 5139 1948 5198; x_wconf 88' lang='lat' dir='ltr'><strong>precatur,</strong></span> <span class='ocrx_word' id='word_1_701' title='bbox 1982 5134 2049 5189; x_wconf 92' lang='lat' dir='ltr'><strong>de</strong></span> <span class='ocrx_word' id='word_1_702' title='bbox 2083 5151 2189 5206; x_wconf 90' lang='lat' dir='ltr'><strong>quo</strong></span> 
     </span>
    </p>
   </div>
   <div class='ocr_carea' id='block_1_98' title="bbox 618 5200 2188 5292">
    <p class='ocr_par' dir='ltr' id='par_1_98' title="bbox 618 5200 2188 5292">
     <span class='ocr_line' id='line_1_98' title="bbox 618 5200 2188 5292; baseline 0.021 -42"><span class='ocrx_word' id='word_1_703' title='bbox 618 5213 723 5252; x_wconf 89' lang='lat' dir='ltr'><strong>non</strong></span> <span class='ocrx_word' id='word_1_704' title='bbox 757 5200 903 5256; x_wconf 89' lang='lat' dir='ltr'><strong>aliud</strong></span> <span class='ocrx_word' id='word_1_705' title='bbox 935 5208 1278 5274; x_wconf 86' lang='lat' dir='ltr'><strong>sperabatur,</strong></span> <span class='ocrx_word' id='word_1_706' title='bbox 1311 5226 1493 5281; x_wconf 89' lang='lat' dir='ltr'><strong>quam,</strong></span> <span class='ocrx_word' id='word_1_707' title='bbox 1527 5217 1616 5284; x_wconf 92' lang='lat' dir='ltr'><strong>qui</strong></span> <span class='ocrx_word' id='word_1_708' title='bbox 1652 5227 1776 5274; x_wconf 89' lang='lat' dir='ltr'><strong>ante</strong></span> <span class='ocrx_word' id='word_1_709' title='bbox 1799 5200 2188 5292; x_wconf 77' lang='lat' dir='ltr'><strong>experientiam</strong></span> 
     </span>
    </p>
   </div>
   <div class='ocr_carea' id='block_1_99' title="bbox 619 5291 2191 5384">
    <p class='ocr_par' dir='ltr' id='par_1_99' title="bbox 619 5291 2191 5384">
     <span class='ocr_line' id='line_1_99' title="bbox 619 5291 2191 5384; baseline 0.027 -42"><span class='ocrx_word' id='word_1_710' title='bbox 619 5291 800 5360; x_wconf 70' lang='lat' dir='ltr'><strong>gloriae</strong></span> <span class='ocrx_word' id='word_1_711' title='bbox 827 5296 946 5366; x_wconf 90' lang='lat' dir='ltr'><strong>pius</strong></span> <span class='ocrx_word' id='word_1_712' title='bbox 987 5301 1086 5355; x_wconf 90' lang='lat' dir='ltr'><strong>sub</strong></span> <span class='ocrx_word' id='word_1_713' title='bbox 1110 5305 1301 5359; x_wconf 85' lang='lat' dir='ltr'><strong>morbo</strong></span> <span class='ocrx_word' id='word_1_714' title='bbox 1330 5321 1394 5362; x_wconf 86' lang='lat' dir='ltr'><strong>ac</strong></span> <span class='ocrx_word' id='word_1_715' title='bbox 1439 5309 1618 5379; x_wconf 85' lang='lat' dir='ltr'><strong>inOpia</strong></span> <span class='ocrx_word' id='word_1_716' title='bbox 1650 5291 1880 5384; x_wconf 77' lang='lat' dir='ltr'><strong>vixerat,</strong></span> <span class='ocrx_word' id='word_1_717' title='bbox 1921 5322 2191 5384; x_wconf 89' lang='lat' dir='ltr'><strong>redivivus</strong></span> 
     </span>
    </p>
   </div>
   <div class='ocr_carea' id='block_1_100' title="bbox 619 5385 1660 5468">
    <p class='ocr_par' dir='ltr' id='par_1_100' title="bbox 619 5385 1660 5468">
     <span class='ocr_line' id='line_1_100' title="bbox 619 5385 1660 5468; baseline 0.022 -36"><span class='ocrx_word' id='word_1_718' title='bbox 619 5396 725 5434; x_wconf 90' lang='lat' dir='ltr'><strong>non</strong></span> <span class='ocrx_word' id='word_1_719' title='bbox 756 5385 857 5438; x_wconf 89' lang='lat' dir='ltr'><strong>nisi</strong></span> <span class='ocrx_word' id='word_1_720' title='bbox 888 5389 1027 5444; x_wconf 90' lang='lat' dir='ltr'><strong>bono</strong></span> <span class='ocrx_word' id='word_1_721' title='bbox 1054 5393 1246 5448; x_wconf 87' lang='lat' dir='ltr'><strong>melior</strong></span> <span class='ocrx_word' id='word_1_722' title='bbox 1284 5395 1399 5451; x_wconf 83' lang='lat' dir='ltr'><strong>ﬁeri</strong></span> <span class='ocrx_word' id='word_1_723' title='bbox 1431 5409 1660 5468; x_wconf 87' lang='lat' dir='ltr'><strong>poterat.</strong></span> 
     </span>
    </p>
   </div>
   <div class='ocr_carea' id='block_1_101' title="bbox 693 5470 2185 5564">
    <p class='ocr_par' dir='ltr' id='par_1_101' title="bbox 693 5470 2185 5564">
     <span class='ocr_line' id='line_1_101' title="bbox 693 5470 2185 5564; baseline 0.025 -40"><span class='ocrx_word' id='word_1_724' title='bbox 693 5470 720 5564; x_wconf 58' lang='grc' dir='ltr'>ᾗ</span> <span class='ocrx_word' id='word_1_725' title='bbox 756 5472 842 5526; x_wconf 90' lang='lat' dir='ltr'><strong>lll.</strong></span> <span class='ocrx_word' id='word_1_726' title='bbox 875 5475 1048 5542; x_wconf 84' lang='lat' dir='ltr'><strong>Quare</strong></span> <span class='ocrx_word' id='word_1_727' title='bbox 1077 5492 1221 5539; x_wconf 84' lang='lat' dir='ltr'><strong>tanta</strong></span> <span class='ocrx_word' id='word_1_728' title='bbox 1247 5487 1596 5546; x_wconf 80' lang='lat' dir='ltr'><strong>benevolentia</strong></span> <span class='ocrx_word' id='word_1_729' title='bbox 1621 5493 1846 5564; x_wconf 75' lang='lat' dir='ltr'><strong>fratrum</strong></span> <span class='ocrx_word' id='word_1_730' title='bbox 1872 5502 2031 5558; x_wconf 79' lang='lat' dir='ltr'><strong>saluti</strong></span> <span class='ocrx_word' id='word_1_731' title='bbox 2059 5523 2185 5561; x_wconf 87' lang='lat' dir='ltr'><strong>con-</strong></span> 
     </span>
    </p>
   </div>
   <div class='ocr_carea' id='block_1_102' title="bbox 620 5563 2189 5656">
    <p class='ocr_par' dir='ltr' id='par_1_102' title="bbox 620 5563 2189 5656">
     <span class='ocr_line' id='line_1_102' title="bbox 620 5563 2189 5656; baseline 0.029 -44"><span class='ocrx_word' id='word_1_732' title='bbox 620 5563 905 5656; x_wconf 76' lang='lat' dir='ltr'><strong>sulitdives</strong></span> <span class='ocrx_word' id='word_1_733' title='bbox 935 5571 1040 5624; x_wconf 84' lang='lat' dir='ltr'><strong>ille.</strong></span> <span class='ocrx_word' id='word_1_734' title='bbox 1069 5605 1140 5614; x_wconf 93' lang='lat'><em>——</em></span> <span class='ocrx_word' id='word_1_735' title='bbox 1164 5579 1388 5634; x_wconf 89' lang='lat' dir='ltr'><strong>Accedit</strong></span> <span class='ocrx_word' id='word_1_736' title='bbox 1423 5563 1637 5656; x_wconf 88' lang='lat' dir='ltr'><strong>quoque</strong></span> <span class='ocrx_word' id='word_1_737' title='bbox 1674 5599 1871 5648; x_wconf 68' lang='lat' dir='ltr'><strong>nostrae</strong></span> <span class='ocrx_word' id='word_1_738' title='bbox 1912 5604 2189 5656; x_wconf 69' lang='lat' dir='ltr'><strong>sententiae</strong></span> 
     </span>
    </p>
   </div>
   <div class='ocr_carea' id='block_1_103' title="bbox 620 5653 2187 5754">
    <p class='ocr_par' dir='ltr' id='par_1_103' title="bbox 620 5653 2187 5754">
     <span class='ocr_line' id='line_1_103' title="bbox 620 5653 2187 5754; baseline 0.029 -53"><span class='ocrx_word' id='word_1_739' title='bbox 620 5653 898 5722; x_wconf 87' lang='lat' dir='ltr'><strong>quodqui,</strong></span> <span class='ocrx_word' id='word_1_740' title='bbox 944 5657 1099 5726; x_wconf 81' lang='lat' dir='ltr'><strong>juxta</strong></span> <span class='ocrx_word' id='word_1_741' title='bbox 1151 5665 1515 5741; x_wconf 88' lang='lat' dir='ltr'><strong>Salomonem,</strong></span> <span class='ocrx_word' id='word_1_742' title='bbox 1568 5693 1667 5732; x_wconf 88' lang='lat' dir='ltr'><strong>nec</strong></span> <span class='ocrx_word' id='word_1_743' title='bbox 1708 5684 2051 5754; x_wconf 83' lang='lat' dir='ltr'><strong>Sapientiam,</strong></span> <span class='ocrx_word' id='word_1_744' title='bbox 2088 5708 2187 5748; x_wconf 89' lang='lat' dir='ltr'><strong>nec</strong></span> 
     </span>
    </p>
   </div>
   <div class='ocr_carea' id='block_1_104' title="bbox 621 5745 2182 5840">
    <p class='ocr_par' dir='ltr' id='par_1_104' title="bbox 621 5745 2182 5840">
     <span class='ocr_line' id='line_1_104' title="bbox 621 5745 2182 5840; baseline 0.028 -44"><span class='ocrx_word' id='word_1_745' title='bbox 621 5745 901 5804; x_wconf 81' lang='lat' dir='ltr'><strong>scientiam</strong></span> <span class='ocrx_word' id='word_1_746' title='bbox 961 5768 1133 5822; x_wconf 89' lang='lat' dir='ltr'><strong>neque</strong></span> <span class='ocrx_word' id='word_1_747' title='bbox 1193 5761 1452 5818; x_wconf 86' lang='lat' dir='ltr'><strong>rationem</strong></span> <span class='ocrx_word' id='word_1_748' title='bbox 1505 5772 1645 5838; x_wconf 87' lang='lat' dir='ltr'><strong>apud</strong></span> <span class='ocrx_word' id='word_1_749' title='bbox 1697 5774 1900 5831; x_wconf 87' lang='lat' dir='ltr'><strong>inferos</strong></span> <span class='ocrx_word' id='word_1_750' title='bbox 1952 5781 2182 5840; x_wconf 87' lang='lat' dir='ltr'><strong>habebat</strong></span> 
     </span>
    </p>
   </div>
   <div class='ocr_carea' id='block_1_105' title="bbox 2297 4589 3782 4662">
    <p class='ocr_par' dir='ltr' id='par_1_105' title="bbox 2297 4589 3782 4662">
     <span class='ocr_line' id='line_1_105' title="bbox 2297 4589 3782 4662; baseline -0.006 -16"><span class='ocrx_word' id='word_1_751' title='bbox 2297 4592 2535 4647; x_wconf 89' lang='lat' dir='ltr'><strong>nondum</strong></span> <span class='ocrx_word' id='word_1_752' title='bbox 2571 4593 2898 4662; x_wconf 89' lang='lat' dir='ltr'><strong>audivimus,</strong></span> <span class='ocrx_word' id='word_1_753' title='bbox 2939 4605 3031 4652; x_wconf 89' lang='lat' dir='ltr'><strong>aut</strong></span> <span class='ocrx_word' id='word_1_754' title='bbox 3059 4611 3272 4654; x_wconf 89' lang='lat' dir='ltr'><strong>vermes</strong></span> <span class='ocrx_word' id='word_1_755' title='bbox 3313 4597 3546 4654; x_wconf 88' lang='lat' dir='ltr'><strong>mordere</strong></span> <span class='ocrx_word' id='word_1_756' title='bbox 3579 4589 3782 4660; x_wconf 77' lang='lat' dir='ltr'><strong>spiritum.</strong></span> 
     </span>
    </p>
   </div>
   <div class='ocr_carea' id='block_1_106' title="bbox 2293 4679 3784 4755">
    <p class='ocr_par' dir='ltr' id='par_1_106' title="bbox 2293 4679 3784 4755">
     <span class='ocr_line' id='line_1_106' title="bbox 2293 4679 3784 4755; baseline -0.008 -18"><span class='ocrx_word' id='word_1_757' title='bbox 2293 4683 2427 4750; x_wconf 84' lang='lat' dir='ltr'><strong>Quia</strong></span> <span class='ocrx_word' id='word_1_758' title='bbox 2473 4697 2602 4755; x_wconf 82' lang='lat' dir='ltr'><strong>ergo</strong></span> <span class='ocrx_word' id='word_1_759' title='bbox 2641 4685 2894 4742; x_wconf 88' lang='lat' dir='ltr'><strong>dissentit</strong></span> <span class='ocrx_word' id='word_1_760' title='bbox 2931 4703 2960 4741; x_wconf 93' lang='lat' dir='ltr'><strong>a</strong></span> <span class='ocrx_word' id='word_1_761' title='bbox 3004 4688 3186 4744; x_wconf 89' lang='lat' dir='ltr'><strong>littera</strong></span> <span class='ocrx_word' id='word_1_762' title='bbox 3224 4705 3456 4746; x_wconf 82' lang='lat' dir='ltr'><strong>vermcm</strong></span> <span class='ocrx_word' id='word_1_763' title='bbox 3499 4679 3784 4755; x_wconf 84' lang='lat' dir='ltr'><strong>spiritualcm,</strong></span> 
     </span>
    </p>
   </div>
   <div class='ocr_carea' id='block_1_107' title="bbox 2290 4768 3782 4852">
    <p class='ocr_par' dir='ltr' id='par_1_107' title="bbox 2290 4768 3782 4852">
     <span class='ocr_line' id='line_1_107' title="bbox 2290 4768 3782 4852; baseline -0.009 -22"><span class='ocrx_word' id='word_1_764' title='bbox 2290 4777 2433 4845; x_wconf 90' lang='lat' dir='ltr'><strong>quod</strong></span> <span class='ocrx_word' id='word_1_765' title='bbox 2485 4786 2566 4832; x_wconf 90' lang='lat' dir='ltr'><strong>est</strong></span> <span class='ocrx_word' id='word_1_766' title='bbox 2605 4781 2854 4850; x_wconf 90' lang='lat' dir='ltr'><strong>perpetui</strong></span> <span class='ocrx_word' id='word_1_767' title='bbox 2906 4783 3127 4852; x_wconf 85' lang='lat' dir='ltr'><strong>angoris</strong></span> <span class='ocrx_word' id='word_1_768' title='bbox 3163 4784 3416 4848; x_wconf 89' lang='lat' dir='ltr'><strong>aculeus,</strong></span> <span class='ocrx_word' id='word_1_769' title='bbox 3453 4789 3502 4835; x_wconf 91' lang='lat' dir='ltr'><strong>et</strong></span> <span class='ocrx_word' id='word_1_770' title='bbox 3532 4786 3711 4842; x_wconf 84' lang='lat' dir='ltr'><strong>semper</strong></span> <span class='ocrx_word' id='word_1_771' title='bbox 3730 4768 3782 4820; x_wconf 87' lang='lat' dir='ltr'><strong>in-</strong></span> 
     </span>
    </p>
   </div>
   <div class='ocr_carea' id='block_1_108' title="bbox 2287 4866 3782 4948">
    <p class='ocr_par' dir='ltr' id='par_1_108' title="bbox 2287 4866 3782 4948">
     <span class='ocr_line' id='line_1_108' title="bbox 2287 4866 3782 4948; baseline 0.001 -26"><span class='ocrx_word' id='word_1_772' title='bbox 2287 4867 2566 4924; x_wconf 82' lang='lat' dir='ltr'><strong>fructuosa</strong></span> <span class='ocrx_word' id='word_1_773' title='bbox 2604 4874 2967 4940; x_wconf 84' lang='lat' dir='ltr'><strong>compunctio,</strong></span> <span class='ocrx_word' id='word_1_774' title='bbox 3003 4877 3407 4948; x_wconf 82' lang='lat' dir='ltr'><strong>compingamus</strong></span> <span class='ocrx_word' id='word_1_775' title='bbox 3442 4873 3490 4926; x_wconf 91' lang='lat' dir='ltr'><strong>in</strong></span> <span class='ocrx_word' id='word_1_776' title='bbox 3532 4866 3782 4923; x_wconf 65' lang='lat' dir='ltr'><strong>animmcu‘</strong></span> 
     </span>
    </p>
   </div>
   <div class='ocr_carea' id='block_1_109' title="bbox 2291 4955 3778 5041">
    <p class='ocr_par' dir='ltr' id='par_1_109' title="bbox 2291 4955 3778 5041">
     <span class='ocr_line' id='line_1_109' title="bbox 2291 4955 3778 5041; baseline -0.002 -27"><span class='ocrx_word' id='word_1_777' title='bbox 2291 4959 2380 5030; x_wconf 83' lang='lat' dir='ltr'><strong>jus</strong></span> <span class='ocrx_word' id='word_1_778' title='bbox 2430 4962 2570 5033; x_wconf 79' lang='lat' dir='ltr'><strong>ignis</strong></span> <span class='ocrx_word' id='word_1_779' title='bbox 2605 4978 2943 5034; x_wconf 88' lang='lat' dir='ltr'><strong>nequaquam</strong></span> <span class='ocrx_word' id='word_1_780' title='bbox 2986 4971 3376 5041; x_wconf 80' lang='lat' dir='ltr'><strong>exstinguitur,</strong></span> <span class='ocrx_word' id='word_1_781' title='bbox 3428 4965 3541 5034; x_wconf 89' lang='lat' dir='ltr'><strong>quia</strong></span> <span class='ocrx_word' id='word_1_782' title='bbox 3580 4961 3622 5014; x_wconf 90' lang='lat' dir='ltr'><strong>in</strong></span> <span class='ocrx_word' id='word_1_783' title='bbox 3663 4955 3778 5010; x_wconf 75' lang='lat' dir='ltr'><strong>ﬁnem</strong></span> 
     </span>
    </p>
   </div>
   <div class='ocr_carea' id='block_1_110' title="bbox 2295 5048 3780 5126">
    <p class='ocr_par' dir='ltr' id='par_1_110' title="bbox 2295 5048 3780 5126">
     <span class='ocr_line' id='line_1_110' title="bbox 2295 5048 3780 5126; baseline -0.005 -18"><span class='ocrx_word' id='word_1_784' title='bbox 2295 5056 2457 5111; x_wconf 87' lang='lat' dir='ltr'><strong>totius</strong></span> <span class='ocrx_word' id='word_1_785' title='bbox 2477 5057 2774 5126; x_wconf 72' lang='lat' dir='ltr'><strong>desperatae</strong></span> <span class='ocrx_word' id='word_1_786' title='bbox 2798 5060 3027 5116; x_wconf 68' lang='lat' dir='ltr'><strong>miseriae</strong></span> <span class='ocrx_word' id='word_1_787' title='bbox 3050 5062 3393 5118; x_wconf 89' lang='lat' dir='ltr'><strong>iudefectibili</strong></span> <span class='ocrx_word' id='word_1_788' title='bbox 3415 5057 3653 5114; x_wconf 78' lang='lat' dir='ltr'><strong>anxietate</strong></span> <span class='ocrx_word' id='word_1_789' title='bbox 3670 5048 3780 5101; x_wconf 83' lang='lat' dir='ltr'><strong>deco-</strong></span> 
     </span>
    </p>
   </div>
   <div class='ocr_carea' id='block_1_111' title="bbox 2293 5151 2495 5220">
    <p class='ocr_par' dir='ltr' id='par_1_111' title="bbox 2293 5151 2495 5220">
     <span class='ocr_line' id='line_1_111' title="bbox 2293 5151 2495 5220; baseline 0.015 -18"><span class='ocrx_word' id='word_1_790' title='bbox 2293 5151 2495 5220; x_wconf 87' lang='lat' dir='ltr'><strong>quitur.</strong></span> 
     </span>
    </p>
   </div>
   <div class='ocr_carea' id='block_1_112' title="bbox 2366 5240 3774 5334">
    <p class='ocr_par' dir='ltr' id='par_1_112' title="bbox 2366 5240 3774 5334">
     <span class='ocr_line' id='line_1_112' title="bbox 2366 5240 3774 5334; baseline -0.002 -39"><span class='ocrx_word' id='word_1_791' title='bbox 2366 5240 2577 5308; x_wconf 85' lang='lat' dir='ltr'><strong>Quanta</strong></span> <span class='ocrx_word' id='word_1_792' title='bbox 2617 5245 2984 5300; x_wconf 83' lang='lat' dir='ltr'><strong>danmatorum</strong></span> <span class='ocrx_word' id='word_1_793' title='bbox 3022 5257 3298 5304; x_wconf 86' lang='lat' dir='ltr'><strong>tormenta.</strong></span> <span class='ocrx_word' id='word_1_794' title='bbox 3328 5279 3395 5292; x_wconf 91' lang='lat'><strong>-—</strong></span> <span class='ocrx_word' id='word_1_795' title='bbox 3415 5246 3466 5301; x_wconf 90' lang='lat' dir='ltr'><strong>Si</strong></span> <span class='ocrx_word' id='word_1_796' title='bbox 3494 5244 3774 5334; x_wconf 40' lang='lat' dir='ltr'><strong>parum-Cf!“</strong></span> 
     </span>
    </p>
   </div>
   <div class='ocr_carea' id='block_1_113' title="bbox 2292 5327 3768 5400">
    <p class='ocr_par' dir='ltr' id='par_1_113' title="bbox 2292 5327 3768 5400">
     <span class='ocr_line' id='line_1_113' title="bbox 2292 5327 3768 5400; baseline -0.001 -20"><span class='ocrx_word' id='word_1_797' title='bbox 2292 5327 2374 5381; x_wconf 91' lang='lat' dir='ltr'><strong>cis</strong></span> <span class='ocrx_word' id='word_1_798' title='bbox 2408 5329 2472 5383; x_wconf 92' lang='lat' dir='ltr'><strong>iis</strong></span> <span class='ocrx_word' id='word_1_799' title='bbox 2509 5332 2598 5400; x_wconf 91' lang='lat' dir='ltr'><strong>qui</strong></span> <span class='ocrx_word' id='word_1_800' title='bbox 2637 5332 2689 5387; x_wconf 90' lang='lat' dir='ltr'><strong>in</strong></span> <span class='ocrx_word' id='word_1_801' title='bbox 2753 5333 2964 5391; x_wconf 86' lang='lat' dir='ltr'><strong>inferno</strong></span> <span class='ocrx_word' id='word_1_802' title='bbox 3019 5347 3145 5391; x_wconf 91' lang='lat' dir='ltr'><strong>sunt</strong></span> <span class='ocrx_word' id='word_1_803' title='bbox 3181 5355 3244 5394; x_wconf 91' lang='lat' dir='ltr'><strong>ac</strong></span> <span class='ocrx_word' id='word_1_804' title='bbox 3280 5336 3510 5394; x_wconf 89' lang='lat' dir='ltr'><strong>tortionis</strong></span> <span class='ocrx_word' id='word_1_805' title='bbox 3539 5327 3768 5385; x_wconf 75' lang='lat' dir='ltr'><strong>existimas.</strong></span> 
     </span>
    </p>
   </div>
   <div class='ocr_carea' id='block_1_114' title="bbox 2292 5409 3770 5495">
    <p class='ocr_par' dir='ltr' id='par_1_114' title="bbox 2292 5409 3770 5495">
     <span class='ocr_line' id='line_1_114' title="bbox 2292 5409 3770 5495; baseline -0.001 -23"><span class='ocrx_word' id='word_1_806' title='bbox 2292 5421 2424 5490; x_wconf 87' lang='lat' dir='ltr'><strong>quid</strong></span> <span class='ocrx_word' id='word_1_807' title='bbox 2465 5423 2620 5494; x_wconf 89' lang='lat' dir='ltr'><strong>pejus</strong></span> <span class='ocrx_word' id='word_1_808' title='bbox 2659 5441 2820 5495; x_wconf 87' lang='lat' dir='ltr'><strong>quam</strong></span> <span class='ocrx_word' id='word_1_809' title='bbox 2868 5426 3081 5482; x_wconf 80' lang='lat' dir='ltr'><strong>infinita</strong></span> <span class='ocrx_word' id='word_1_810' title='bbox 3126 5431 3272 5485; x_wconf 90' lang='lat' dir='ltr'><strong>rabie</strong></span> <span class='ocrx_word' id='word_1_811' title='bbox 3309 5427 3524 5490; x_wconf 76' lang='lat' dir='ltr'><strong>efl&#39;erari,</strong></span> <span class='ocrx_word' id='word_1_812' title='bbox 3549 5431 3594 5474; x_wconf 90' lang='lat' dir='ltr'><strong>et</strong></span> <span class='ocrx_word' id='word_1_813' title='bbox 3614 5409 3770 5471; x_wconf 75' lang='lat' dir='ltr'><strong>diabolo</strong></span> 
     </span>
    </p>
   </div>
   <div class='ocr_carea' id='block_1_115' title="bbox 2291 5500 3765 5588">
    <p class='ocr_par' dir='ltr' id='par_1_115' title="bbox 2291 5500 3765 5588">
     <span class='ocr_line' id='line_1_115' title="bbox 2291 5500 3765 5588; baseline 0 -22"><span class='ocrx_word' id='word_1_814' title='bbox 2291 5529 2355 5568; x_wconf 88' lang='lat' dir='ltr'><strong>ac</strong></span> <span class='ocrx_word' id='word_1_815' title='bbox 2385 5516 2588 5586; x_wconf 88' lang='lat' dir='ltr'><strong>angelis</strong></span> <span class='ocrx_word' id='word_1_816' title='bbox 2637 5517 2752 5588; x_wconf 92' lang='lat' dir='ltr'><strong>ejus</strong></span> <span class='ocrx_word' id='word_1_817' title='bbox 2792 5522 2938 5574; x_wconf 84' lang='lat' dir='ltr'><strong>omni</strong></span> <span class='ocrx_word' id='word_1_818' title='bbox 2986 5525 3235 5579; x_wconf 89' lang='lat' dir='ltr'><strong>vecordia</strong></span> <span class='ocrx_word' id='word_1_819' title='bbox 3275 5515 3576 5580; x_wconf 85' lang='lat' dir='ltr'><strong>conformari</strong></span> <span class='ocrx_word' id='word_1_820' title='bbox 3615 5500 3765 5579; x_wconf 67' lang='lat' dir='ltr'><strong>put-157</strong></span> 
     </span>
    </p>
   </div>
   <div class='ocr_carea' id='block_1_116' title="bbox 2292 5603 3762 5687">
    <p class='ocr_par' dir='ltr' id='par_1_116' title="bbox 2292 5603 3762 5687">
     <span class='ocr_line' id='line_1_116' title="bbox 2292 5603 3762 5687; baseline -0.002 -28"><span class='ocrx_word' id='word_1_821' title='bbox 2292 5605 2358 5659; x_wconf 87' lang='lat' dir='ltr'><strong>Et</strong></span> <span class='ocrx_word' id='word_1_822' title='bbox 2377 5603 2522 5673; x_wconf 90' lang='lat' dir='ltr'><strong>justa</strong></span> <span class='ocrx_word' id='word_1_823' title='bbox 2555 5609 2714 5678; x_wconf 90' lang='lat' dir='ltr'><strong>plane</strong></span> <span class='ocrx_word' id='word_1_824' title='bbox 2739 5627 2927 5667; x_wconf 86' lang='lat' dir='ltr'><strong>eorum</strong></span> <span class='ocrx_word' id='word_1_825' title='bbox 2955 5617 3218 5684; x_wconf 90' lang='lat' dir='ltr'><strong>amentia,</strong></span> <span class='ocrx_word' id='word_1_826' title='bbox 3247 5617 3366 5687; x_wconf 90' lang='lat' dir='ltr'><strong>quia</strong></span> <span class='ocrx_word' id='word_1_827' title='bbox 3389 5612 3560 5683; x_wconf 88' lang='lat' dir='ltr'><strong>quibus</strong></span> <span class='ocrx_word' id='word_1_828' title='bbox 3580 5606 3622 5659; x_wconf 91' lang='lat' dir='ltr'><strong>in</strong></span> <span class='ocrx_word' id='word_1_829' title='bbox 3643 5609 3762 5653; x_wconf 57' lang='lat' dir='ltr'><strong>sarcu-</strong></span> 
     </span>
    </p>
   </div>
   <div class='ocr_carea' id='block_1_117' title="bbox 2291 5691 3761 5780">
    <p class='ocr_par' dir='ltr' id='par_1_117' title="bbox 2291 5691 3761 5780">
     <span class='ocr_line' id='line_1_117' title="bbox 2291 5691 3761 5780; baseline -0.005 -31"><span class='ocrx_word' id='word_1_830' title='bbox 2291 5697 2464 5752; x_wconf 90' lang='lat' dir='ltr'><strong>lorum</strong></span> <span class='ocrx_word' id='word_1_831' title='bbox 2510 5703 2701 5758; x_wconf 74' lang='lat' dir='ltr'><strong>saecula</strong></span> <span class='ocrx_word' id='word_1_832' title='bbox 2762 5705 3026 5780; x_wconf 82' lang='lat' dir='ltr'><strong>refrigerii</strong></span> <span class='ocrx_word' id='word_1_833' title='bbox 3065 5711 3240 5765; x_wconf 89' lang='lat' dir='ltr'><strong>omnis</strong></span> <span class='ocrx_word' id='word_1_834' title='bbox 3287 5702 3564 5778; x_wconf 88' lang='lat' dir='ltr'><strong>desperatio</strong></span> <span class='ocrx_word' id='word_1_835' title='bbox 3606 5691 3761 5780; x_wconf 58' lang='lat' dir='ltr'><strong>consul</strong></span> 
     </span>
    </p>
   </div>
   <div class='ocr_carea' id='block_1_118' title="bbox 2292 5773 3759 5864">
    <p class='ocr_par' dir='ltr' id='par_1_118' title="bbox 2292 5773 3759 5864">
     <span class='ocr_line' id='line_1_118' title="bbox 2292 5773 3759 5864; baseline -0.005 -21"><span class='ocrx_word' id='word_1_836' title='bbox 2292 5799 2516 5859; x_wconf 81' lang='lat' dir='ltr'><strong>aeterna,</strong></span> <span class='ocrx_word' id='word_1_837' title='bbox 2567 5797 2692 5864; x_wconf 89' lang='lat' dir='ltr'><strong>quid</strong></span> <span class='ocrx_word' id='word_1_838' title='bbox 2721 5799 2862 5854; x_wconf 90' lang='lat' dir='ltr'><strong>aliud</strong></span> <span class='ocrx_word' id='word_1_839' title='bbox 2899 5810 2980 5856; x_wconf 90' lang='lat' dir='ltr'><strong>est</strong></span> <span class='ocrx_word' id='word_1_840' title='bbox 3013 5803 3092 5858; x_wconf 89' lang='lat' dir='ltr'><strong>eis</strong></span> <span class='ocrx_word' id='word_1_841' title='bbox 3121 5805 3222 5859; x_wconf 88' lang='lat' dir='ltr'><strong>nisi</strong></span> <span class='ocrx_word' id='word_1_842' title='bbox 3251 5803 3414 5859; x_wconf 86' lang='lat' dir='ltr'><strong>rabies</strong></span> <span class='ocrx_word' id='word_1_843' title='bbox 3439 5805 3618 5863; x_wconf 87' lang='lat' dir='ltr'><strong>semper</strong></span> <span class='ocrx_word' id='word_1_844' title='bbox 3640 5773 3759 5839; x_wconf 67' lang='lat' dir='ltr'><strong>non?</strong></span> 
     </span>
    </p>
   </div>
  </div>
