4012 6346
228 343 346 400 δτι

1273 327 1364 386 DE
1400 327 1815 387 PIGNORIBUS
1856 329 2306 388 SANCTORUM.
2329 361 2400 372 —
2429 330 2558 388 LIB.
2586 331 2676 388 IV.

3408 343 3514 401 678

234 455 328 521 Si,
361 450 618 524 Apostolo
665 455 821 509 teste,
852 446 1071 502 tristitia
1118 441 1278 514 hujus
1310 443 1491 498 szeculi
1521 442 1828 513 appellatur
1855 449 1906 507 Α
1936 443 2066 498 dum
2097 443 2278 513 potius
2307 445 2472 500 verba
2503 444 2767 516 ipsorum,
2804 445 2897 516 qui
2931 431 3270 520 scripserunt
3307 455 3518 512 animas

234 552 478 600 mortem
511 553 741 609 operans
775 536 864 605 (II
887 537 1012 592 Cor.
1045 552 1143 603 vn,
1170 535 1283 606 10),
1324 535 1452 589 dum
1475 549 1545 588 ex
1565 543 1828 604 concepto

237 649 477 690 rancore
496 642 550 688 et
573 632 852 687 nimietate
896 630 1100 687 doloris
1135 644 1329 685 manus
1355 628 1459 684 sibi
1483 628 1604 697 quis
1628 627 1830 682 inferre

241 725 635 796 compellitur,
689 738 852 792 quam
907 723 1182 778 irremotae
1231 721 1424 777 mortis
1477 719 1829 776 acerbitatem

243 819 510 874 mentium
568 815 784 870 illarum
821 815 1084 870 atrocitas
1108 813 1279 879 fovet,
1310 829 1432 884 qua:
1469 828 1538 868 ne
1568 811 1831 866 momenti

241 909 468 980 quidem
511 909 673 963 unius
714 908 886 963 otium
935 906 1200 962 sustinet?
1255 904 1468 974 Spebus
1515 903 1622 958 etsi
1677 901 1832 956 falsis

242 999 540 1071 aliquoties
581 999 785 1054 lenitur
816 999 1036 1054 animus
1073 999 1128 1052 in
1154 998 1260 1052 hac
1285 996 1419 1062 vita,
1453 995 1562 1050 illic
1590 1003 1674 1050 est
1695 993 1832 1048 adeo

245 1092 482 1146 interior
529 1091 647 1145 sine
697 1089 845 1144 omni
893 1091 1086 1158 ineptae
1133 1087 1480 1159 cogitationis
1521 1085 1832 1141 adulatione

243 1183 537 1247 severitas,
565 1190 624 1235 ut
651 1181 796 1235 nulla
825 1195 1112 1252 surrepere
1138 1179 1328 1250 possit,
1345 1194 1466 1248 quae
1491 1176 1578 1234 vel
1605 1177 1674 1232 ad
1695 1191 1833 1248 pun-

244 1282 400 1329 ctum
433 1273 649 1328 miseris
681 1271 978 1327 allubescat
1012 1271 1266 1326 inanitas.

864 1427 1092 1484 CAPUT
1130 1425 1240 1481 Vll.

325 1541 432 1606 Qui
463 1558 494 1595 a
524 1539 748 1595 Domino
780 1538 926 1608 {uere
947 1540 1010 1592 ab
1038 1539 1242 1608 inferno
1271 1538 1478 1593 liberati
1497 1538 1756 1611 quomodo
1778 1539 1834 1592 in

247 1633 480 1688 tenebris
512 1632 783 1686 constituti
831 1631 996 1700 fuisse
1032 1632 1297 1684 dicuntur.
1337 1629 1626 1699 Praecipua
1657 1647 1836 1700 repro-

246 1725 438 1778 borum
471 1740 620 1793 paena
643 1723 698 1777 in
724 1722 952 1792 inferno,
983 1741 1015 1776 a
1037 1721 1136 1776 Dei
1154 1721 1592 1790 contemplatione
1610 1721 1833 1790 privatio

1932 551 2221 606 corporum
2263 551 2484 592 suorum
2531 539 2736 594 habere
2773 536 3010 608 efﬁgies;
3049 547 3182 600 tales
3209 547 3356 602 enim
3387 558 3516 603 sunt

1933 642 2070 698 quos
2117 625 2370 683 refellere
2433 631 2783 686 temerarium
2841 630 2983 688 dico.
3022 633 3078 689 Si
3122 651 3252 708 ergo
3299 641 3515 710 corpori

1934 733 2132 788 corpus
2178 719 2464 786 inseritur,
2513 722 2586 776 ita
2637 735 2860 778 necesse
2912 731 2998 778 est
3049 736 3333 796 coaptetur
3365 738 3421 783 ut
3445 745 3508 785 os

1936 811 2041 878 ori,
2073 826 2268 868 manus
2293 813 2499 879 manui,
2527 815 2777 886 quodque
2799 820 2993 890 cuique
3015 819 3318 877 membrum
3346 836 3514 876 mem-

1933 902 2035 958 bro
2063 912 2366 974 apponatur
2393 921 2407 958 :
2436 913 2499 960 ut
2531 906 2601 973 si,
2631 915 2690 961 ut
2710 910 2928 978 assolet,
2953 912 3174 982 prtecidi
3200 913 3518 984 contigerit,

1934 1010 2034 1066 pro
2062 1010 2170 1050 uno
2194 995 2300 1051 duo
2326 1004 2697 1066 amputentur.

2009 1087 2258 1158 Denique
2280 1089 2382 1144 etsi
2413 1090 2488 1144 ita
2517 1088 2779 1163 eiligiatas
2808 1095 3020 1161 credas,
3046 1111 3268 1153 necesse
3290 1106 3374 1154 est
3400 1114 3514 1167 eas,

1936 1185 1991 1232 et
2019 1177 2176 1244 locis,
2221 1191 2277 1236 et
2311 1181 2540 1238 morulis
2577 1183 3022 1251 circumscribas,
3055 1197 3332 1259 totumque
3370 1193 3514 1260 quod

1936 1270 2158 1339 spiritus
2205 1282 2334 1330 sunt
2377 1283 2433 1328 et
2472 1284 2741 1331 vocantur
2787 1278 2872 1335 his
2919 1279 3157 1336 auferas.
3198 1280 3328 1347 Quae
3355 1285 3518 1338 etiam

1937 1365 2211 1432 quantitas
2239 1381 2424 1421 carum
2454 1367 2629 1436 major
2657 1385 2824 1439 quam
2863 1374 3128 1444 corporis,
3177 1389 3366 1444 quaeve
3402 1375 3522 1429 ala-

1938 1456 2106 1512 critas
2134 1459 2278 1514 erit?
2305 1460 2459 1526 Quod
2487 1462 2532 1516 si
2558 1477 2656 1531 pro
2682 1478 3000 1533 argumento
3025 1470 3342 1535 assumitur,
3375 1471 3519 1540 quod

1937 1549 2235 1604 secundum
2289 1550 2498 1620 species
2552 1568 2839 1622 corporum
2889 1557 2945 1610 in
2999 1559 3206 1615 visione
3245 1561 3522 1624 videntur,

1940 1637 2096 1694 facile
2121 1641 2391 1709 obruitur,
2415 1644 2542 1713 quia
2568 1660 2668 1700 nec
2694 1662 2909 1718 corpus,
2937 1666 3036 1706 nec
3063 1653 3242 1706 anima
3275 1663 3380 1720 est,
3403 1671 3525 1724 quae

1944 1728 2025 1783 sic
2083 1731 2320 1798 videtur,
2374 1734 2466 1788 sed
2513 1735 2626 1790 sola
2675 1737 2804 1793 visae
2844 1739 2921 1794 rei
2959 1741 3140 1813 imago
3179 1748 3247 1799 ad
3283 1750 3522 1800 animum

245 1826 327 1870 est
361 1825 578 1870 (eterna.
609 1813 872 1869 ——Porro
916 1814 962 1868 si
1007 1813 1041 1867 ii
1093 1815 1184 1883 qui
1227 1813 1296 1868 de
1339 1812 1573 1878 inferno,
1611 1812 1838 1867 Domino
1866 1799 1914 1859 Β
1941 1831 2274 1891 reportamr,

245 1913 594 1976 resurgente,
620 1914 748 1960 sunt
777 1904 938 1969 eruti,
969 1903 1097 1958 dum
1128 1904 1261 1958 inibi
1297 1911 1478 1959 essent
1508 1903 1561 1957 in
1595 1903 1839 1958 tenebris

253 1997 522 2054 dicuntur
568 1996 738 2052 fuisse
783 1995 1090 2060 constituti,
1128 2011 1254 2051 cum
1286 1995 1461 2050 nullas
1491 1995 1564 2050 ibi
1588 1996 1840 2052 tenebras

248 2089 362 2145 nisi
411 2087 578 2144 solius
621 2087 824 2144 fastidii
864 2093 1204 2157 paterentur,
1237 2100 1358 2157 quae
1391 2085 1588 2142 divina
1613 2084 1838 2142 visionis

250 2180 530 2236 diuturnis
584 2178 982 2248 privationibus
1031 2176 1276 2246 quotidie
1327 2183 1685 2245 augerentur,
1747 2173 1840 2244 qui

246 2287 350 2342 spe
381 2281 562 2326 tamen
593 2269 707 2339 ejus
743 2268 1038 2340 aliquando
1085 2267 1362 2338 potiundae
1402 2261 1710 2322 nullatenus
1733 2266 1842 2336 pri-

245 2365 552 2430 vabantur;
583 2363 732 2432 quid,
760 2377 866 2417 non
893 2361 1016 2416 dico
1036 2375 1226 2415 eorum
1247 2358 1439 2425 oculis,
1465 2357 1560 2414 sed
1589 2358 1841 2414 cordibus

246 2453 572 2517 obscurius,
619 2452 818 2522 quibus
873 2459 1036 2505 tantae
1087 2449 1394 2505 crassitudo
1441 2447 1840 2518 desperationis

165 2555 180 2566 ‘
249 2544 606 2603 obtenditur?
667 2545 861 2600 Dicant
909 2543 998 2598 alii
1050 2543 1230 2614 ignes,
1286 2541 1512 2612 sulphur
1559 2539 1838 2610 objiciant,

247 2637 614 2708 procellarum
653 2635 876 2705 spiritus
913 2635 1116 2704 pariter
1145 2641 1414 2698 attexant,
1443 2646 1672 2687 securus
1701 2647 1838 2686 sen-

252 2729 486 2784 tentiam
536 2726 673 2794 fero,
719 2727 927 2781 nullum
969 2727 1210 2782 deterius
1249 2727 1587 2791 barathrum,
1635 2725 1842 2779 nullum

255 2820 538 2876 crudelius
587 2819 732 2889 apud
796 2818 916 2875 illos
981 2819 1251 2884 exitium,
1309 2819 1528 2891 gravius
1585 2818 1841 2874 universo

255 2923 469 2970 tortore
515 2919 868 2978 tormentum,
903 2912 1046 2981 quod
1089 2921 1196 2966 tam
1228 2911 1398 2982 pium,
1436 2920 1545 2965 tam
1585 2924 1839 2965 serenum

256 3007 552 3063 Dominum
597 3015 726 3061 sunt
769 3005 1178 3075 desperabiliter
1230 2999 1507 3071 amissuri,
1560 3020 1720 3075 quem
1775 3005 1844 3060 ad

251 3114 522 3156 summam
545 3096 879 3152 infelicitatis
901 3105 1060 3165 atque
1085 3095 1319 3150 miseriae
1350 3110 1456 3150 non
1489 3105 1614 3149 sunt
1641 3108 1838 3164 usque-

250 3207 468 3265 quaque
498 3191 691 3256 visuri,
745 3205 1133 3261 usquequaque
1183 3189 1326 3243 enim
1357 3203 1460 3242 non
1494 3188 1834 3243 tenebrasce-

249 3293 396 3351 rent,
429 3283 474 3339 si
505 3283 835 3354 aliquorsum
866 3282 1220 3352 respirarent.

325 3377 490 3449 366
550 3377 606 3430 Si
646 3375 788 3430 enim
843 3393 862 3426 ι
894 3373 995 3440 Qui
1044 3374 1186 3428 videt
1234 3372 1450 3437 Filium,
1495 3379 1549 3427 et
1579 3371 1755 3428 credit
1783 3371 1836 3426 in

250 3481 402 3533 eum,
461 3467 625 3522 habet
676 3465 844 3520 vitam
893 3473 1150 3520 aeternam
1201 3461 1384 3534 (Joan.
1418 3478 1494 3528 vr,
1527 3462 1643 3532 40),
1685 3481 1704 3514 ›
1741 3471 1834 3517 et:

262 3579 279 3610 ι
311 3559 436 3614 llaec
474 3568 557 3613 est
601 3558 709 3612 vita
751 3567 974 3623 aeterna,
1012 3565 1072 3610 ut
1113 3563 1447 3627 cognoscant
1473 3564 1528 3610 te
1561 3555 1750 3620 Deum,
1785 3563 1839 3611 et

253 3665 420 3720 quem
473 3649 671 3704 misisti
717 3647 899 3703 Jesum
945 3647 1221 3704 Christum
1250 3647 1431 3719 (Joan.
1459 3663 1593 3716 xvn,
1623 3647 1700 3719 ὅ),
1735 3667 1754 3700 ι
1781 3654 1839 3702 ut

256 3742 377 3797 sola
433 3740 755 3795 beatitudini
799 3750 1110 3795 sanctorum
1151 3738 1383 3795 subiciat
1415 3738 1506 3794 Dei
1532 3739 1672 3796 visio
1697 3751 1838 3794 sem-

247 3835 468 3904 piterna
496 3849 510 3898 ;
541 3832 661 3900 quis
687 3831 961 3886 contraire
988 3833 1070 3886 vel
1111 3833 1282 3887 obniti
1322 3832 1536 3896 audeat,
1571 3832 1838 3901 principa-

250 3925 385 3989 lem,
425 3925 534 3979 imo
578 3924 908 3996 singularem
953 3926 1331 3980 damnatorum
1360 3923 1682 3979 calamitatis
1719 3939 1838 3980 esse

257 4031 501 4081 causam,
529 4015 655 4086 quia
691 4001 801 4070 sint
833 4015 1168 4071 acternaliter
1198 4032 1225 4069 a
1253 4016 1345 4070 Dei
1382 4015 1837 4085 contemplatione

255 4107 498 4164 seclusi?
536 4106 644 4161 Nec
676 4108 727 4161 in
763 4107 947 4177 aliquo
990 4106 1202 4162 videtur
1252 4107 1566 4172 absurdum,
1623 4107 1730 4161 imo
1783 4117 1839 4161 ct

247 4198 465 4254 veritas
489 4207 545 4253 et
569 4197 1024 4253 verisimillimum
1051 4207 1286 4264 constat,
1315 4198 1439 4267 quia
1464 4199 1604 4268 quod
1635 4199 1838 4255 sanctis

258 4293 435 4346 vitam
495 4291 638 4346 sicut
693 4289 836 4346 oculi
894 4290 1110 4360 corpori
1157 4290 1536 4345 claritudinem
1588 4299 1832 4361 praestat,

247 4385 360 4441 hoc
386 4383 631 4454 reprobis
663 4392 892 4438 mortem
923 4385 1063 4439 sicut
1105 4391 1320 4439 noctem
1353 4383 1588 4454 privatio
1618 4383 1836 4439 luminis

247 4478 481 4549 irrogat.

851 4633 1079 4691 CAPUT
1118 4633 1252 4690 Vlll.

332 4769 429 4842 ξι.
488 4767 821 4839 Ιηοονρονείε
863 4769 1056 4823 anima:
1088 4769 1397 4839 probantur.
1440 4799 1510 4808 —
1549 4765 1823 4822 Przeterea

253 4866 402 4922 etde
442 4865 746 4919 animarum
779 4878 809 4917 ει
852 4863 1172 4934 quihusdam
1221 4864 1298 4918 sic
1347 4862 1516 4917 forma
1571 4870 1836 4917 tractatur

253 4967 316 5011 ut
357 4957 560 5012 eisdem
595 4958 663 5012 ab
711 4959 843 5028 ipsis
891 4959 1141 5011 humana:
1191 4959 1552 5027 appingantur
1602 4953 1833 5028 ell'igies,

251 5063 418 5120 quam
469 5065 567 5120 ego
618 5050 942 5106 sententiam
997 5050 1136 5105 sicut
1187 5065 1292 5104 non
1345 5051 1548 5114 sentio,
1610 5049 1679 5103 ita
1736 5065 1835 5104 nec

253 5140 431 5208 capio.
475 5139 530 5194 Si
571 5141 714 5195 enim
739 5157 933 5196 aurem
965 5153 1020 5197 et
1049 5142 1287 5205 oculum,
1322 5157 1504 5195 narem
1533 5150 1586 5197 et
1611 5141 1832 5208 lahium,

249 5237 442 5298 pectus
471 5236 524 5282 et
553 5239 788 5296 uterum,
838 5248 994 5286 renes
1041 5242 1094 5286 et
1140 5247 1323 5296 coxas,
1365 5232 1526 5302 pedes
1566 5249 1628 5288 ac
1675 5234 1835 5288 tibias

251 5319 362 5376 illis
401 5321 666 5386 ascribas,
717 5323 971 5377 nimirum
1014 5323 1150 5378 facis
1177 5339 1297 5380 esse
1332 5339 1645 5393 corporeus.
1681 5325 1834 5392 Quod

254 5415 300 5469 si
326 5429 606 5484 corporeae
635 5427 781 5480 sunt,
811 5417 1079 5486 quomodo
1105 5418 1245 5472 intra
1271 5433 1468 5488 corpus
1495 5433 1553 5474 se
1579 5419 1835 5489 capiunt?

255 5507 408 5571 Quod
443 5507 487 5560 si
523 5508 595 5561 ita
625 5509 935 5577 capiuntur,
979 5511 1119 5565 sicut
1167 5512 1378 5566 minora
1427 5513 1645 5567 vascula
1693 5513 1834 5568 intra

255 5599 461 5667 majora
513 5609 784 5664 tenentur,
834 5604 974 5658 scire
1026 5604 1185 5659 velim
1230 5605 1497 5675 quomodo
1546 5605 1652 5662 duo
1691 5607 1832 5662 intra

255 5692 581 5747 alterutrum
644 5709 870 5764 corpora
919 5697 1018 5751 sub
1079 5708 1229 5752 tanta
1287 5701 1616 5756 arctitudine
1675 5702 1827 5755 colli.

256 5793 470 5842 bentur.
521 5784 644 5840 Haec
689 5786 809 5843 dico
854 5804 957 5844 non
1011 5801 1198 5846 contra
1260 5793 1423 5862 ipsas,
1487 5773 1580 5849 sed
1629 5809 1830 5850 secun-

2017 1913 2158 1980 Quid
2207 1931 2358 1986 aqua:
2397 1934 2530 1988 quas
2569 1919 2714 1974 dives
2742 1924 3035 1992 expostulat
3058 1927 3112 1981 in
3136 1931 3426 1985 tormentis.
3455 1959 3520 1971 —-

1939 2006 2140 2062 Putent
2183 2009 2369 2080 itaque
2411 2009 2697 2078 suffragari
2738 2015 2841 2070 sibi
2874 2018 3014 2086 quod
3045 2019 3196 2076 dives
3225 2021 3278 2075 in
3311 2021 3525 2081 inferno

1941 2099 2208 2170 linguam,
2238 2102 2463 2173 digitum
2501 2102 2746 2162 Lazarus
2788 2107 3026 2166 habebat
3075 2109 3228 2182 (Luc.
3258 2129 3374 2180 xvr,
3401 2115 3520 2185 24).

1946 2192 2051 2248 Sed
2081 2193 2262 2248 'velim
2324 2196 2391 2250 iis
2439 2194 2716 2263 objicere,
2773 2209 2955 2255 utrum
3001 2202 3059 2256 in
3109 2205 3374 2273 Spirituali
3429 2206 3522 2261 illo

1944 2289 2147 2344 mundo
2171 2304 2326 2359 aquae
2351 2292 2541 2346 erant?
2570 2291 2724 2359 Quod
2749 2293 2794 2348 si
2825 2303 3007 2361 erant,
3036 2310 3166 2364 ergo
3186 2297 3376 2352 incolae
3401 2298 3518 2368 ejus

1943 2381 2322 2438 materialibus
2345 2383 2432 2440 his
2456 2385 2706 2456 egebant.
2739 2385 2889 2440 Esto.
2927 2385 2991 2439 Et
3039 2386 3180 2442 unde
3215 2388 3280 2442 ad
3329 2389 3528 2444 restin-

1945 2473 2213 2543 guendum
2260 2475 2524 2546 gehennae
2566 2475 2747 2532 focum
2801 2477 2938 2533 adeo
2979 2477 3224 2534 eﬂicaces
3269 2479 3527 2536 fuerant?

1946 2565 2089 2621 Deus
2119 2582 2293 2633 meus,
2343 2567 2416 2622 ibi
2445 2577 2592 2639 gutta
2622 2569 2752 2639 quid
2801 2567 3026 2634 faceret,
3078 2585 3199 2624 cum
3251 2571 3525 2626 incassum

1946 2655 2141 2727 lingua:
2193 2657 2267 2712 illi
2315 2657 2530 2728 Ganges
2571 2667 2626 2714 et
2669 2659 2832 2715 lndus
2877 2651 3168 2716 inﬂueret?
3211 2662 3529 2719 Extremum

1945 2761 2076 2816 ergo
2103 2744 2257 2816 digiti
2284 2747 2480 2802 Lazari
2510 2757 2718 2820 guttam
2751 2749 2954 2805 inferre
2991 2751 3366 2824 intelligimus,
3403 2769 3526 2810 cum

1945 2851 2042 2905 per
2078 2835 2432 2894 intentionem
2478 2839 2563 2893 vel
2607 2840 2888 2894 minimam
2946 2840 3062 2911 ejus
3119 2843 3522 2899 ministraretur

1946 2927 2098 2982 diviti
2162 2928 2450 2997 cujuslibet
2508 2930 2848 3000 parvissima:
2900 2930 3251 3001 indulgentia:
3303 2949 3522 2988 munus.

1945 3017 2052 3074 Iste
2075 3028 2158 3075 est
2182 3020 2440 3076 minimus
2471 3019 2696 3090 digitus,
2728 3035 2890 3090 quem
2924 3019 3185 3076 Phariszei
3215 3033 3268 3076 et
3301 3023 3523 3088 Scribae,

1866 3153 1911 3214 Ο
1949 3112 2219 3181 impositis
2265 3112 2524 3167 oneribus
2565 3111 2824 3181 gravibus
2867 3120 2921 3165 et
2968 3112 3422 3181 importabilibus,
3471 3115 3528 3169 in

1944 3202 2200 3258 humeros
2237 3203 2519 3257 hominum
2570 3201 2758 3257 nolunt
2805 3202 2874 3256 ad
2922 3217 2985 3257 ea
3034 3202 3261 3258 levanda
3309 3220 3529 3261 movere

1945 3294 2158 3367 (Matth.
2187 3312 2344 3362 mu,
2374 3295 2452 3364 4).

2013 3387 2167 3454 Quod
2197 3388 2243 3442 si
2276 3389 2454 3444 adhuc
2503 3387 2682 3456 imago
2733 3388 2968 3443 humana
2999 3389 3310 3445 defenditur
3338 3408 3350 3444 :
3385 3391 3525 3459 Quid

1947 3479 2087 3549 apud
2110 3478 2328 3534 beatum
2359 3477 2680 3551 Gregorium
2714 3481 2767 3535 in
2792 3481 3002 3551 sphaera
3032 3483 3191 3554 ignea
3219 3482 3526 3541 Germanus

1944 3569 2137 3624 ciliciet
2195 3570 2450 3642 (Dialog.,
2478 3571 2572 3626 lib.
2599 3587 2658 3637 ιι,
2692 3588 2813 3643 cap.
2847 3571 2974 3644 55)?
3008 3573 3065 3628 In
3113 3591 3276 3646 quam
3307 3587 3518 3648 partem

1945 3660 2278 3718 Scholastica
2324 3663 2376 3717 in
2421 3662 2724 3718 columbam
2781 3679 2937 3721 versa
2965 3679 3026 3722 se
3057 3669 3516 3740 conferet(lbid.,

1943 3771 2062 3828 cap.
2090 3756 2218 3829 53)?
2258 3755 2392 3812 Tota
2430 3755 2594 3826 igitur
2643 3759 3016 3814 controversia
3065 3759 3183 3816 hinc
3227 3761 3516 3816 collidatur

1941 3852 2008 3904 ad
2033 3865 2218 3914 unum,
2246 3857 2303 3903 ut
2327 3864 2499 3919 neque
2528 3850 2842 3917 humanam,
2873 3866 3048 3922 neque
3075 3854 3310 3925 igneam,
3347 3869 3522 3925 neque

1943 3943 2302 3998 columbinum
2359 3943 2597 4012 speciem
2643 3943 2724 3999 eis
2770 3943 3122 4015 imputemus,
3161 3948 3255 4003 sed
3297 3962 3525 4018 prorsus

1940 4051 2032 4091 cas
2075 4037 2220 4089 omni
2270 4051 2534 4104 corporea
2572 4051 2631 4091 re
2661 4052 2727 4093 ac
2763 4038 3126 4096 similitudine
3162 4041 3522 4110 denudemus,

1941 4142 2168 4197 eamque
2197 4127 2479 4183 subtilitati
2505 4129 2864 4186 intellectuali
2900 4132 3210 4188 universam
3243 4135 3525 4203 mancipe-

1939 4237 2079 4276 mus.
2113 4220 2500 4278 lnconveniens
2531 4223 2676 4278 enim
2709 4233 2793 4279 est
2830 4233 2888 4278 ut
2918 4224 3220 4295 spiritualis
3259 4225 3524 4280 habitatio

1939 4314 2274 4371 habitatores
2308 4315 2519 4369 dicatur
2548 4317 2754 4371 habere
2793 4331 3110 4385 eorporeos.
3144 4315 3202 4371 Si
3234 4331 3364 4371 sane
3391 4316 3522 4372 Jesu

1939 4406 2152 4463 Domini
2201 4409 2366 4464 verba
2415 4419 2581 4464 sunt:
2622 4425 2642 4458 ι
2672 4408 2940 4478 Regnum,
2977 4409 3176 4478 inquit,
3210 4423 3390 4463 meum
3420 4424 3527 4465 non

1860 4510 2021 4570 Dest
2070 4503 2136 4556 de
2181 4502 2284 4557 hoc
2331 4501 2531 4555 mundo
2576 4499 2762 4569 (Joan.
2809 4515 2965 4566 xvm,
2995 4501 3110 4572 56),
3161 4520 3180 4552 ›
3229 4508 3326 4555 et:
3362 4519 3381 4551 ι
3409 4499 3529 4555 Νοιι

1937 4591 2119 4648 bibam
2145 4590 2212 4645 de
2238 4590 2506 4660 genimine
2530 4589 2676 4654 vitis,
2727 4589 2900 4644 donec
2942 4591 3122 4645 bibam
3163 4590 3293 4646 illud
3327 4607 3526 4646 novum

1941 4685 1996 4739 in
2053 4699 2220 4752 regno
2268 4697 2388 4736 meo
2436 4680 2654 4752 (Matth.
2698 4695 2848 4746 xxvi,
2879 4681 2994 4752 29),
3045 4703 3062 4736 ι
3115 4693 3172 4738 et
3226 4684 3328 4740 hoc
3383 4684 3526 4740 idem

1940 4795 2162 4852 regnum
2187 4778 2428 4848 quotidie
2448 4777 2651 4849 petitur
2682 4786 2740 4832 ut
2767 4776 3019 4833 adveniat
3051 4780 3266 4839 (Matth.
3295 4798 3372 4848 vr,
3400 4779 3514 4853 10),

1939 4872 2157 4928 indubie
2197 4871 2424 4926 dicimus
2471 4871 2612 4938 quod
2655 4869 2876 4935 caelum,
2930 4871 2983 4926 id
3022 4883 3104 4927 est
3137 4876 3386 4944 superior
3421 4874 3511 4928 illa
3588 4855 3594 4862 ’

1938 4982 2064 5037 pars
2116 4963 2342 5034 triplicis
2389 4961 2676 5028 machinae,
2717 4977 2836 5034 qua:
2881 4971 2936 5019 et
2977 4965 3048 5021 ob
3089 4964 3388 5036 digniorem
3437 4965 3523 5020 sui

1939 5072 2145 5131 partem
2189 5059 2348 5115 sedes
2389 5057 2481 5111 Dei
2530 5058 2860 5126 appellatur,
2903 5059 3042 5114 nihil
3078 5058 3219 5112 aliud
3248 5066 3330 5111 est
3355 5072 3520 5126 quam

1939 5152 2238 5224 spiritualis
2269 5150 2604 5206 interioritas
2643 5151 2769 5216 ista,
2799 5152 2852 5204 in
2883 5166 2987 5219 qua
3023 5164 3088 5204 ac
3113 5149 3158 5203 si
3181 5156 3332 5201 extra
3371 5163 3527 5202 mun-
3592 5162 3600 5168 ‘

1935 5245 2064 5298 dum
2112 5244 2274 5298 istum
2315 5257 2546 5314 regnare
2582 5256 2642 5297 se
2684 5241 2942 5298 Dominus
2971 5232 3242 5312 perhibet,
3276 5240 3400 5308 quia
3433 5241 3522 5295 hic

1935 5336 2188 5404 princeps
2215 5335 2316 5394 sibi
2343 5335 2488 5392 aeris
2521 5335 2684 5406 hujus
2718 5350 2840 5390 cum
2865 5333 2980 5389 suis
3004 5333 3296 5403 plurimum
3323 5333 3522 5389 adver-

1935 5436 2106 5493 satur,
2133 5429 2185 5482 in
2216 5427 2303 5483 illo
2331 5438 2510 5486 autem
2542 5427 2724 5498 quiete
2753 5427 2934 5480 omnia
2963 5427 3228 5497 possidet.

2008 5519 2120 5576 Hoc
2151 5536 2397 5590 regnum,
2425 5520 2475 5574 id
2503 5527 2607 5587 est,
2637 5517 2833 5588 quibus
2858 5533 2955 5589 per
2975 5520 3298 5576 charitatem
3325 5537 3520 5594 regna-

1935 5612 2090 5667 vitet
2132 5623 2340 5683 regnat,
2380 5624 2665 5682 postquam
2716 5632 2732 5663 ‹
2767 5614 3048 5668 tradiderit
3099 5615 3208 5669 Deo
3253 5624 3305 5669 et
3346 5615 3519 5682 Patri,

1936 5712 2064 5758 tunc
2095 5705 2198 5758 erit
2246 5705 2384 5760 Deus
2427 5707 2607 5760 omnia
2637 5707 2688 5760 in
2717 5707 2970 5761 omnibus
2993 5705 3198 5779 (I'Cor.
3225 5723 3318 5773 xv,
3343 5707 3456 5777 ‘24).
3490 5727 3508 5760 ι

1937 5793 2090 5850 Unde
2129 5804 2181 5849 et
2224 5795 2418 5851 latroni
2451 5795 2685 5852 dicitur:
2718 5817 2734 5850 ε
2766 5797 2935 5853 Hodie
2963 5814 3172 5854 mecum
3201 5799 3332 5865 eris,
3355 5818 3373 5850 ι
3411 5814 3518 5854 non
