4012 6346
220 1974 349 2031 ,ρίι
392 1978 451 1995 ’ί

406 1821 472 1869 ΚΠ

498 1955 527 1971 (κα,

558 1896 1414 2191 ’ὰΕδΤΑ

601 356 705 414 679
1378 342 1444 398 v.
1485 334 1811 397 ourusmr
1850 331 2144 389 ABBATIS
2183 330 2239 385 s.
2283 326 2527 383 nauta:
2581 325 2668 381 DE
2706 313 3109 382 ΝονιαεΝτο
3722 320 3812 389 'oso

604 473 735 527 dicit
777 467 830 523 in
866 466 1025 530 cmlo,
1058 461 1152 518 sed
1184 478 1203 513 ‹
1234 460 1287 513 in
1332 456 1585 528 paradiso
1631 452 1786 522 (Luc.
1816 463 1979 510 xxnt,
2008 444 2121 515 43).
2154 462 2171 493 ι
2210 448 2256 505 Α
2356 440 2511 495 Sicut
2570 452 2700 509 ergo
2758 438 3085 493 sensualitas
3145 451 3248 507 per
3308 437 3541 507 seipsam
3596 442 3811 496 mnum,

602 564 896 620 Parndisus
950 556 1094 615 enim
1147 561 1253 617 est,
1307 549 1397 604 uhi
1439 546 1586 618 jugis
1635 541 1839 598 Christi
1884 537 2022 592 visio
2057 542 2175 599 est;

606 656 748 728 quod
784 664 1048 720 nusquam
1073 647 1175 701 nisi
1204 644 1257 698 in
1286 642 1379 697 illo
1408 637 1678 711 spirituali
1715 632 1911 691 szeculo
1941 636 2046 685 est.
2072 628 2180 684 Ne-

605 766 710 820 quc
735 757 963 813 namque
983 739 1177 795 crelum
1203 734 1483 806 discipulis
1508 730 1818 786 videntibus
1840 728 1961 783 ideo
1989 740 2183 781 ascen-

603 814 707 904 dit,
738 846 816 903 ut,
855 841 1009 905 parte
1054 829 1313 885 inferiore
1342 833 1595 888 vacante,
1637 820 1782 890 parti
1806 815 2074 888 superiori
2107 814 2182 868 in-

603 934 795 997 sideat,
825 928 918 983 sed
949 924 1101 996 quasi
1136 922 1439 991 digniorem
1468 916 1644 971 locum
1674 912 1925 967 obtinere
1951 924 2009 964 se
2031 920 2186 961 mon-

604 1031 759 1084 stret,
802 1034 870 1074 ex
916 1032 1023 1087 quo
1071 1016 1248 1068 minus
1295 1005 1722 1076 intelligentibus
1772 1001 1914 1072 apud
1964 998 2185 1053 Patrem

602 1112 894 1182 praesidere
928 1086 987 1161 se
1036 1102 1259 1165 indicet,
1296 1114 1419 1153 cum
1472 1095 1611 1166 apud
1665 1091 1984 1146 interiorem
2031 1086 2185 1143 illum

604 1202 866 1260 mundum
893 1241 908 1265 ,
940 1211 1117 1268 neque
1175 1194 1366 1257 altum,
1423 1203 1598 1259 neque
1648 1186 1838 1248 imum,
1879 1190 1972 1236 aut
2009 1179 2185 1236 locale

605 1293 813 1364 aliquid
838 1304 957 1345 esse
981 1293 1212 1353 constet,
1240 1281 1543 1356 praesertim
1573 1278 1666 1350 qui
1700 1286 1941 1345 tempora
1967 1280 2023 1328 et
2054 1271 2173 1327 loca

607 1400 714 1442 non
741 1385 924 1440 habet.

2286 543 2448 604 atque
2478 531 2806 587 intellectum
2846 545 2951 585 non
2981 530 3103 586 dico
3138 530 3563 599 superordinat,
3618 532 3701 585 sed
3745 552 3818 591 nec

2284 635 2535 697 penetrat
2568 645 2580 678 :
2629 644 2646 676 (
2674 622 2938 679 Animalis
2975 622 3121 678 enim
3154 623 3323 677 homo
3351 635 3460 676 non
3486 623 3698 693 percipit
3730 641 3817 694 qua:

2287 718 2383 773 Dei
2424 725 2551 773 sunt
2592 715 2643 787 (Ι
2676 715 2799 770 Cor.
2829 730 2889 779 tt,
2947 713 3061 785 14),
3091 732 3110 765 ι
3172 712 3321 768 ratio
3378 720 3556 765 autem
3605 722 3655 766 et
3703 715 3821 769 intel-

2287 811 2463 866 lectus
2492 824 2600 864 non
2635 806 2810 863 solum
2847 806 2953 861 ista
2985 805 3086 859 sub
3110 818 3167 858 se
3189 801 3483 867 discernit,
3506 800 3595 856 sed
3615 810 3665 856 et
3684 803 3819 859 divina

2291 906 2585 968 subintrat,
2599 903 2677 955 sic
2702 901 2843 954 Deus
2853 908 2908 953 et
2928 898 3125 964 sancti,
3144 896 3305 967 quasi
3332 893 3633 949 intellectus
3643 902 3688 948 et
3703 898 3820 960 ratio,

2290 1010 2549 1067 corporea
2573 1002 2763 1050 cuncta
2788 990 3105 1061 dijudicant,
3128 989 3201 1043 ita
3228 996 3416 1042 tamen
3440 992 3499 1040 ut
3518 995 3717 1043 neutros
3733 1001 3820 1045 cor-

2288 1107 2451 1164 porea
2478 1090 2567 1145 illa
2589 1086 2923 1156 contingant.

2363 1185 2490 1240 llaec
2523 1184 2641 1238 sine
2665 1177 2980 1252 praeiudicio
3003 1174 3249 1231 melioris
3279 1178 3569 1228 sententia:
3593 1182 3822 1240 auctisque

2294 1283 2548 1346 decursa,
2591 1292 2700 1333 non
2741 1273 3034 1331 verborum
3067 1268 3304 1334 ambitu,
3341 1265 3441 1322 sed
3485 1262 3597 1320 sola
3618 1262 3710 1320 ﬁde
3736 1278 3825 1319 m—

2294 1376 2496 1431 nimus.

2163 1494 2322 1554 rtms‘.
2349 1565 2359 1587 λ

611 1646 3808 1701 ___________________.____..___..__———-———————-————~——-_

1530 1799 2116 1898 HISTORIA
2186 1794 2466 1902 QUE
2542 1786 3041 1879 DICITUR

1572 2013 1990 2182 DEI
2149 2004 2623 2168 PER
2769 1990 3816 2159 FRANCOS

2036 2257 2244 2316 EDITA

1397 2425 1536 2537 Δ
1596 2417 2038 2531 VEN.
2104 2399 3038 2524 CUIBEBTO

1386 2636 1659 2696 ABBATE
1698 2628 2121 2693 MONASTERll
2153 2623 2449 2683 SANCTIE
2478 2621 2721 2678 MARIA‘Z
2762 2617 3158 2677 NOVIGENTI.

1570 2951 2263 3069 EPISTULA
2349 2948 3028 3064 GUlBERTI

1513 3160 1606 3217 AD
1630 3154 2037 3216 LYSIARDUM
2076 3149 2648 3211 SUESSIONENSEM
2679 3149 3087 3210 EPISCOPUM.

2412 3424 2789 3437 M--__....~--

678 3472 838 3548 337
864 3470 1012 3528 Patri
1032 3476 1085 3525 et
1107 3464 1327 3522 domino
1352 3468 1554 3519 sancta:
1580 3452 1983 3514 Sucssioncnsis
2011 3449 2172 3507 Eccle
2226 3444 2272 3502 B
2302 3424 2927 3518 scrimiiﬁ'ﬁ'éaiinﬁ’
2946 3422 3241 3512 notiones,
3274 3420 3385 3499 'au't
3414 3418 3580 3498 etiam.
3599 3417 3822 3511 opiniones

2385 3540 2396 3548 .
2581 3546 2587 3548 _
2654 3537 2718 3548 --ο
2902 3546 2907 3548 .
3153 3536 3212 3548 .-ο
3360 3536 3373 3548 ι
3430 3546 3439 3548 _
3619 3547 3623 3548 ,
3652 3545 3701 3548 ΛΑ
3750 3525 3821 3548 fugi

610 3570 705 3627 sim
754 3567 1007 3637 episcopo
1051 3559 1356 3619 Lrsuano,
1388 3552 1736 3614 Gumen'rus,
1778 3551 2039 3616 perpetuo
2084 3555 2196 3597 suae

610 3632 925 3719 liberalitati
962 3652 1195 3716 debitor,
1225 3645 1484 3719 quidquid
1515 3641 1670 3699 dulce
1694 3647 1750 3695 et
1777 3637 1995 3692 unicum
2019 3632 2198 3691 credi-

614 3766 701 3811 tur
727 3756 783 3809 in
821 3751 1034 3807 affectu.

682 3844 971 3918 Lysiardus
1009 3839 1275 3896 nobilitate
1315 3843 1360 3890 et
1408 3834 1625 3889 scientia
1673 3828 1867 3883 clarus.
1916 3855 1983 3865 —
2021 3806 2213 3890 Quare-

612 3912 897 4011 elegantior
928 3934 1146 4004 hujusce
1185 3926 1416 3985 historia:
1446 3924 1627 3990 stilus,
1653 3935 1809 3991 quam
1840 3917 1895 3969 in
1924 3912 2041 3968 aliis
2064 3913 2197 3969 Gui-

614 4033 745 4088 berti
773 4028 1121 4100 operibus.-—
1149 4023 1283 4079 Cum
1310 4021 1378 4075 ab
1407 4018 1597 4074 amicis
1625 4017 1762 4072 meis
1779 4029 1919 4084 saepe
1948 4025 2198 4083 suggere-

617 4133 705 4179 tur
733 4121 1023 4191 aliquibus,
1056 4130 1226 4189 quare
1246 4110 1562 4185 opuSCulum
1595 4124 1827 4179 praesens
1851 4105 2067 4177 proprio
2090 4117 2197 4158 non

615 4214 933 4285 insignirem
963 4211 1182 4267 nomine
1203 4250 1218 4277 ,
1249 4209 1528 4276 hucusque
1570 4202 1770 4274 repuli,
1800 4200 1957 4271 plane
1997 4197 2199 4254 veritus

611 4311 756 4383 piam
785 4308 1100 4371 historiam,
1148 4316 1393 4376 personae
1428 4297 1643 4353 orlibilis
1681 4296 1885 4351 foedare
1915 4292 2195 4349 vocabulo.

613 4403 784 4459 Batus
812 4408 990 4455 autem
1015 4398 1189 4468 ipsam
1219 4410 1315 4467 per
1343 4406 1403 4449 se
1446 4391 1651 4447 claram
1680 4386 1924 4460 praeclari
1966 4385 2200 4441 hominis

616 4493 769 4549 titulo
794 4507 952 4563 posse
982 4490 1101 4545 ﬁeri
1131 4488 1438 4549 clariorem,
1472 4483 1539 4539 ad
1576 4491 1625 4537 te
1654 4480 1869 4536 tandem
1906 4476 2117 4549 appuli,
2145 4483 2202 4532 et

615 4583 764 4652 operi
804 4582 886 4637 sui
923 4579 1157 4639 auctoris
1188 4587 1312 4633 nota
1339 4575 1615 4647 depresso,
1640 4570 2090 4642 jucundissimum
2118 4567 2198 4622 lu-

615 4676 826 4731 minare
850 4672 1137 4742 praeposui.
1174 4670 1309 4726 Cum
1336 4669 1481 4725 enim
1512 4677 1619 4723 tua:
1666 4663 2043 4721 vetustissima:
2090 4676 2199 4717 no-

614 4766 841 4831 bilitati,
872 4766 1096 4822 scientia
1137 4763 1408 4829 litteralis,
1458 4762 1723 4818 serenitas
1760 4759 2030 4829 speetahs,
2081 4771 2198 4813 mo-

2302 3540 2614 3610 attigerant.
2654 3537 2750 3593 His
2801 3546 2949 3592 certe
2991 3536 3265 3607 sepositis,
3300 3536 3374 3590 ad
3426 3546 3477 3589 te
3526 3545 3707 3586 summa
3749 3525 3822 3580 fuit

2301 3632 2646 3691 concurrisse
2666 3630 2933 3687 voluntas.
2961 3629 3018 3684 In
3042 3645 3147 3701 qua
3178 3628 3272 3684 tibi
3294 3637 3383 3684 est
3408 3624 3623 3682 lectione
3646 3633 3821 3693 pansam

2177 3784 2186 3797 ,
2254 3718 2257 3719 ⁷
2302 3727 2431 3783 dum
2462 3725 2627 3795 quod,
2659 3724 2704 3779 si
2735 3723 2899 3779 etiam
2923 3722 3213 3793 aliquoties
3254 3737 3345 3776 me
3386 3736 3416 3775 a
3459 3716 3648 3789 vulgari
3688 3724 3820 3783 grain.

2302 3817 2500 3873 matica
2521 3816 2857 3888 peregrinari
2887 3814 3205 3885 contigerit,
3233 3814 3439 3869 idcirco
3478 3808 3690 3871 fecerim,
3715 3798 3820 3874 quod

2302 3909 2453 3974 vitia,
2480 3908 2589 3963 imo
2612 3907 2740 3963 illud
2775 3907 2923 3963 humi
2955 3921 3178 3978 serpens
3220 3904 3494 3979 eloquium
3536 3892 3818 3973 pnccedentis

2302 4003 2641 4074 eorrigebam
2670 4002 2934 4057 historiae.
2964 4001 3032 4055 Et
3064 4000 3216 4056 villas
3255 4000 3440 4065 video,
3477 3997 3655 4059 urbes,
3677 4005 3726 4045 ac
3744 4001 3813 4057 op-

2300 4093 2425 4165 pida
2458 4092 2656 4147 studiis
2688 4091 2901 4148 fervere
2935 4092 3322 4163 grammaticae.
3358 4091 3505 4147 Unde
3539 4103 3567 4141 a
3604 4080 3817 4138 veteribus

2302 4185 2581 4241 historicis
2614 4185 2932 4251 noluissem,
2961 4185 3007 4241 si
3043 4183 3277 4240 facultas
3319 4187 3635 4254 suppeteret,
3663 4175 3815 4230 discre-

2301 4294 2452 4350 pare.
2484 4278 2657 4334 Pensa
2684 4278 2919 4349 denique
2947 4278 3092 4349 quod
3114 4278 3255 4333 inter
3284 4278 3365 4333 rei
3395 4272 3653 4332 familiaris
3670 4279 3811 4325 curas.

2303 4379 2358 4427 et
2389 4371 2609 4426 crebras
2637 4371 2943 4426 auditiones
2974 4385 3260 4427 causarum
3280 4411 3296 4437 ,
3328 4366 3556 4427 dictandi
3581 4361 3709 4426 mihi.
3734 4358 3813 4412 imo

2303 4465 2446 4535 quod
2476 4464 2697 4533 gravius
2729 4472 2834 4530 est,
2870 4463 3223 4520 translatandi
3250 4461 3511 4519 :estuabat
3542 4450 3750 4515 intentio,
3773 4456 3810 4501 et

2302 4557 2429 4613 dum
2456 4556 2695 4625 diversa,
2727 4572 2835 4613 non
2874 4557 2994 4613 sine
3022 4557 3263 4614 mordaci
3292 4552 3690 4627 importunitate,
3715 4539 3810 4597 foris

2303 4648 2883 4720 audireZcompellerer,
2907 4647 3174 4704 stabiliter
3191 4648 3340 4703 intus
3361 4660 3474 4717 quae
3494 4653 3633 4698 orsus
3649 4634 3806 4690 fueram

2301 4717 2695 4811 coepta—tenere
2722 4740 2973 4809 cogebar.
3004 4738 3189 4809 Longe
3215 4737 3344 4802 alio,
3369 4747 3525 4808 quam
3559 4728 3608 4784 in
3634 4717 3807 4792 Exposi-

614 4859 899 4928 dcstiaquc
946 4855 1169 4913 moralis
1219 4856 1541 4920 accederet,
1590 4855 1701 4909 Deo
1749 4852 1895 4922 justc
1957 4852 2195 4909 creditur
2220 4848 2266 4913 ρ
2297 4838 2524 4893 tionibus
2550 4835 2805 4890 Ceneseos
2837 4834 2919 4889 vel
2954 4832 3073 4889 aliis
3097 4831 3371 4902 Opusculis
3409 4817 3715 4883 tractatoriis,
3740 4824 3804 4866 me

612 4949 896 5023 provisore
943 4948 1263 5017 dispositum
1287 4986 1302 5012 ,
1346 4959 1408 5003 ut
1442 4955 1603 5001 tanta:
1650 4946 1965 5002 reverentiae
2001 4962 2197 5003 munus

609 5044 877 5121 pontificii
920 5042 1154 5115 dignitas
1198 5041 1530 5096 honestaret.
1556 5037 1800 5108 Sequens
1824 5038 2003 5109 itaque
2038 5040 2194 5095 schc-

612 5141 739 5197 dula
771 5150 863 5197 tuo
886 5136 1260 5211 amplectendo
1287 5135 1501 5191 nomine
1532 5133 1837 5200 inlloretur;
1866 5138 1985 5205 quae
2020 5133 2088 5189 ad
2133 5149 2191 5190 sc

612 5234 833 5305 quidem
861 5231 1159 5298 incondita,
1178 5230 1277 5297 tui,
1291 5228 1373 5286 cui
1401 5228 1677 5297 scribitur,
1694 5243 1877 5285 amore
1892 5228 2193 5294 condiatur,

613 5338 670 5386 et
695 5329 853 5387 ofﬁcii
902 5344 1009 5401 quo
1055 5326 1400 5399 praeemines,
1428 5325 1752 5381 auctoritate
1782 5325 2046 5379 firmetur.
2076 5324 2193 5383 Non

614 5424 840 5482 deerant
864 5438 994 5481 sane
1014 5424 1271 5497 praesules
1294 5431 1349 5481 et
1377 5421 1492 5491 alii,
1513 5435 1651 5492 quos
1674 5419 1832 5490 hujus
1862 5421 2197 5491 aliorumque

2278 4948 2459 5011 ~‘usnm
2514 4932 2654 5001 ston
2712 4945 2871 4984 nemo
2928 4929 3183 4994 miretur;
3234 4928 3388 4981 decet
3428 4924 3579 4987 enim,
3626 4916 3803 4977 ιὶεείίιυθ

2304 5040 2531 5096 prorsus
2558 5039 2785 5093 operosa
2814 5023 3098 5078 historiam
3128 5025 3416 5091 verborum
3437 5012 3668 5087 elegantia
3686 5016 3798 5061 coor-

2301 5118 2449 5184 nari;
2482 5118 2623 5174 sacri
2654 5127 2834 5172 autem
2875 5116 3076 5187 eloquii
3115 5123 3372 5190 mysteria
3409 5129 3507 5171 non
3549 5100 3796 5181 garmlitale

2298 5212 2531 5282 poetica,
2577 5210 2674 5265 sed
2726 5184 3090 5267 ecclesias—lica
3144 5184 3483 5282 simplicitate
3526 5193 3722 5259 tractari.
3751 5184 3793 5282 ld

2298 5318 2428 5375 ergo
2452 5312 2576 5373 peto
2601 5312 2754 5374 grate
2780 5304 3043 5374 suscipias
3061 5346 3076 5373 ,
3112 5312 3166 5362 el
3194 5277 3294 5375 pr-o
3327 5296 3535 5377 perenni
3567 5291 3629 5349 lui
3663 5277 3790 5343 norni-

2300 5400 2388 5455 nis
2414 5400 2746 5455 monimento
2771 5399 3025 5457 retineas.

1979 5598 2230 5641 EXPLlClT
2269 5597 2546 5640 EPISTOLA.
