4014 6324
1090 320 1323 390 GESTA
1360 330 1475 392 DEI
1513 331 1648 392 PER
1681 332 2133 397 ῈΒΔΝΟΟΒΓο-
2167 333 2560 403 ΡΒΛΕΡΑΤΙΟ.

249 452 3476 510 ’ἔμ’-Ἠ

615 589 1372 716 PRIEFATIO
1457 576 2250 741 SEQUENTIS
2333 604 3103 728 HISTORIE.

279 998 435 1080 ,σε
456 999 536 1059 Ad
575 996 870 1074 prasentis
906 995 1149 1072 opusculi
1195 996 1600 1055 exsecutionem
1650 991 1794 1049 mulo
1821 972 1870 1030 Α
1895 992 2198 1066 historiam,
2225 999 2466 1058 videram
2489 1044 2505 1071 ,
2533 1004 2619 1063 his
2645 1006 2812 1064 Deum
2843 1009 3031 1069 diebus
3053 1029 3214 1086 quam
3241 1014 3433 1075 fecerit
3453 1030 3486 1077 a

220 1107 321 1157 tum
370 1096 495 1154 mihi
526 1094 758 1169 praebuit
785 1110 1015 1161 ausum,
1062 1110 1169 1149 non
1218 1091 1464 1149 scientia:
1516 1087 1786 1151 litteralis,

218 1191 356 1261 cuius
394 1189 531 1260 apud
585 1203 674 1245 me
712 1197 928 1245 constat
973 1186 1144 1243 forma
1192 1184 1471 1258 pertennis
1495 1223 1511 1247 ,
1548 1180 1656 1237 ulla
1706 1195 1792 1237 se-

218 1283 436 1345 curitas.
485 1281 581 1336 sed
630 1278 872 1336 historia:
910 1278 1209 1350 Spiritualis
1260 1276 1578 1333 auctoritas.
1617 1272 1789 1339 Quam

217 1375 346 1432 enim
393 1386 601 1430 certum
651 1389 867 1446 semper
914 1374 1059 1429 tenui
1106 1371 1221 1429 solo
1281 1367 1375 1426 Dei
1424 1370 1644 1425 numine
1670 1406 1686 1432 ,
1737 1372 1794 1421 et

214 1482 302 1538 per
327 1482 457 1537 quos
510 1465 682 1521 voluit
738 1474 1204 1533 consummatam,
1240 1478 1360 1519 eam
1415 1477 1521 1517 non
1568 1457 1790 1514 dubium

215 1560 362 1616 habui
413 1575 512 1630 per
540 1575 679 1629 quos
717 1560 884 1615 etiam
922 1559 1085 1616 rudes
1126 1559 1240 1631 ipse
1286 1556 1516 1612 voluerit
1549 1552 1793 1609 conscri-

210 1654 449 1712 bendam.
494 1654 599 1722 Qui
626 1655 771 1711 enim
801 1669 897 1712 eos
925 1670 1023 1727 per
1066 1662 1145 1711 tot
1173 1651 1519 1708 diﬁicultates
1552 1646 1793 1703 traduxit

210 1745 486 1811 itinerum,
529 1747 625 1816 qui
666 1747 901 1804 succidit
942 1754 1071 1802 ante
1116 1746 1263 1817 ipsos
1315 1755 1393 1800 tot
1441 1748 1791 1798 excrementa

206 1838 475 1903 bellorum,
506 1838 761 1895 dubitare
793 1854 900 1894 non
924 1838 1101 1907 valui,
1133 1839 1276 1909 quod
1316 1837 1392 1893 rei
1439 1846 1606 1908 gestae
1636 1832 1789 1898 mihi,

206 1930 384 2002 quibus
425 1932 532 1990 sibi
572 1931 816 2004 placeret
848 1933 1047 2001 modis,
1084 1932 1296 1989 inderet
1342 1932 1658 2001 veritatem,
1689 1943 1792 1985 nec

205 2033 412 2097 negaret
444 2028 875 2097 competentiam
901 2027 1080 2084 ordini
1125 2035 1450 2083 ornamenta
1496 2026 1788 2080 dictorum.

265 2114 466 2173 Prioris
493 2120 843 2185 narrationis,
877 2136 994 2191 qua.-
1021 2130 1144 2174 tunc
1165 2117 1435 2184 exstabat,
1462 2116 1628 2187 stylus
1657 2116 1789 2169 siin-

200 2207 308 2279 plex
337 2209 510 2266 nimis.
548 2209 738 2277 Qualis
778 2211 1051 2280 historici,
1110 2209 1387 2283 qualisque
1446 2224 1528 2263 res
1584 2207 1790 2261 divinas

200 2304 461 2358 tractantis
487 2304 681 2376 stylus.
714 2334 784 2346 -—-
812 2304 945 2363 Erat
991 2305 1261 2376 siquidem
1294 2301 1483 2359 eadem
1524 2299 1782 2361 historia,

194 2394 280 2450 sed
313 2395 490 2453 verbis
514 2407 776 2455 contexta
814 2397 933 2469 plus
958 2413 1116 2469 aequo
1145 2395 1484 2468 simplicibus
1506 2435 1520 2461 ,
1562 2404 1617 2450 et
1663 2409 1787 2465 quae

195 2484 456 2543 multoties
487 2489 868 2562 grammaticae
905 2499 1128 2545 naturas
1155 2490 1463 2554 excederet,
1492 2485 1783 2543 lectorem-

193 2591 287 2647 qne
312 2580 489 2652 vapidi
521 2580 868 2652 insipiditate
908 2582 1183 2638 sermonis
1219 2581 1417 2653 smpius
1464 2580 1783 2635 exanimare

192 2670 397 2728 valeret.
432 2672 507 2729 Ea
555 2674 717 2745 plane
747 2674 926 2729 minus
962 2676 1214 2742 eruditis,
1260 2690 1361 2730 nec
1396 2675 1464 2729 de
1491 2671 1782 2729 locutionis

190 2759 434 2833 qualitate
460 2765 820 2832 curantibus,
848 2768 919 2823 ob
953 2766 1097 2823 illius
1123 2781 1276 2823 novae
1310 2765 1589 2823 relationis
1622 2779 1781 2821 amo-

190 2867 292 2909 rem
330 2856 461 2912 satis
497 2867 812 2931 opportuna
851 2859 1096 2925 videtur,
1143 2875 1244 2915 nec
1292 2858 1452 2915 aliter
1496 2873 1658 2930 quam
1698 2856 1779 2914 illi

188 2945 432 3013 sentiunt,
464 2949 541 3005 ab
573 2960 800 3005 aucto‘e
827 2949 933 3005 dici
977 2949 1231 3005 debuisse
1280 2958 1518 3021 putatur.
1554 2948 1649 3005 llis
1678 2963 1780 3004 att-

187 3042 283 3091 tem
311 3039 507 3109 quibus
530 3040 793 3111 pabulum
820 3040 1145 3111 eloquentiae
1168 3041 1469 3098 aestimatur
1490 3041 1776 3109 honestas,

188 3129 303 3186 dum
324 3148 387 3188 ea
413 3134 603 3191 minus
630 3145 754 3207 apte
774 3136 918 3191 dicta
943 3136 1304 3207 perpendunt,
1329 3135 1417 3191 ubi
1447 3136 1779 3193 narrationis

189 3221 517 3296 dignoscitur
547 3228 807 3298 expedire
834 3227 1090 3293 comitas;
1128 3235 1183 3281 et
1224 3227 1431 3298 prolata
1476 3227 1776 3292 succincte,

184 3313 264 3369 ubi
310 3316 1051 3390 facundim’paregorizantis
1082 3318 1553 3375 decuitlaciniosa
1597 3320 1776 3376 varie-

184 3414 278 3469 tas,
303 3408 430 3465 dunt
471 3421 750 3482 suscepta:
778 3412 1026 3467 materiei
1057 3411 1256 3468 seriem
1286 3414 1434 3468 nudo
1473 3413 1778 3484 procedere

180 3502 397 3572 vestigio
427 3504 641 3570 vident,
660 3504 815 3576 juxta
849 3514 1020 3577 poeta
1046 3520 1300 3573 sensum,
1331 3517 1424 3561 aut
1456 3508 1771 3572 dormitant,

183 3605 270 3650 aut
290 3596 499 3665 rident;
529 3600 662 3670 quin
702 3598 900 3665 etiam,
929 3597 1084 3654 mala:
1124 3608 1466 3671 praesumpta:
1504 3600 1771 3667 orationi,

1892 1088 2124 1156 sarculo,
2174 1092 2507 1151 mirabiliora
2556 1100 2822 1169 gessisse,
2870 1117 3248 1178 gennnamque
3301 1110 3489 1179 hujus-

1893 1181 2035 1241 modi
2060 1191 2304 1241 extremo
2335 1188 2596 1247 diversari
2622 1193 2672 1247 in
2698 1194 2946 1265 pulvere;
2979 1200 3219 1269 tantique
3239 1214 3488 1260 content-

1891 1282 2017 1341 ptus
2039 1274 2342 1345 impatiens,
2366 1283 2549 1337 curavi
2579 1284 2772 1354 quibus
2807 1288 2953 1358 potui
2988 1289 3237 1359 eloquiis,
3264 1293 3315 1346 id
3338 1296 3489 1351 omni

1893 1362 2110 1445 charius
2142 1384 2292 1435 auro,
2325 1377 2466 1443 quod
2500 1376 2766 1447 neglectui
2810 1379 3148 1448 tradebatur,
3184 1383 3485 1444 absolvere.

1963 1456 2120 1515 Poesi
2161 1464 2278 1533 plus
2307 1483 2455 1538 raquo
2503 1472 2812 1528 incubuerat
2856 1473 3161 1532 Guibertus.
3192 1506 3264 1519 —-
3290 1479 3400 1536 Nec
3430 1481 3485 1538 id

1894 1551 2010 1607 solo
2042 1559 2455 1629 prmsumptive,
2494 1561 2752 1618 instinctu
2802 1568 2885 1637 egi
2938 1584 3090 1634 meo,
3121 1573 3215 1626 sed
3256 1588 3351 1627 sua
3386 1572 3488 1630 ali-

1894 1643 2090 1711 quibus
2130 1649 2421 1717 petitione,
2475 1653 2603 1709 huic
2651 1657 3021 1716 adnitentibus
3070 1662 3303 1721 fideliter
3338 1676 3486 1724 voto.

1895 1733 2125 1801 Quidam
2173 1756 2335 1808 sane,
2366 1758 2524 1811 prosa
2559 1754 2622 1801 ut
2660 1749 2989 1817 scriberent,
3024 1764 3195 1811 metro
3227 1765 3406 1812 autem
3434 1757 3490 1815 id

1895 1825 2011 1882 fieri
2047 1829 2293 1902 plerique
2322 1838 2605 1906 rogabant,
2641 1839 2899 1909 quoniam
2929 1842 3049 1899 talis
3090 1861 3174 1901 tne
3218 1848 3381 1902 studii
3432 1849 3489 1904 in

1895 1920 2155 1990 primaevo
2193 1927 2500 1984 rudimenta
2544 1931 2851 1989 celebrasse
2877 1937 3046 1991 satius
3064 1936 3213 2008 justo
3231 1980 3245 2005 ,
3271 1956 3491 2013 compe-

1896 2019 2101 2065 rerant.
2155 2012 2226 2067 A‘t
2268 2028 2368 2085 ego
2404 2016 2726 2087 juventute,
2777 2022 2946 2089 gradu
2973 2064 2989 2087 ,
3045 2012 3490 2100 experienti-.tque

1894 2104 2225 2172 provectior,
2258 2121 2365 2162 non
2410 2108 2463 2164 id
2509 2111 2687 2166 verbis
2719 2112 3061 2182 plausilihus,
3096 2133 3201 2173 non
3232 2134 3488 2177 versuum

1895 2194 2198 2263 crepitibus
2230 2200 2621 2255 enuntiandum
2652 2203 2831 2270 rebar,
2860 2206 2953 2261 sed
2996 2207 3211 2277 majori,
3239 2212 3282 2266 si
3307 2212 3490 2271 dicere

1896 2287 2148 2354 audeam,
2179 2305 2340 2359 quam
2368 2308 2558 2350 omnes
2582 2295 2703 2350 belli
2727 2295 2937 2354 Iudaici
2973 2300 3229 2358 historias
3261 2308 3492 2362 maturi-

1896 2383 2005 2431 tate
2048 2378 2269 2450 dignum
2310 2382 2511 2455 digeri,
2555 2384 2598 2439 si
2625 2399 2771 2442 esset
2799 2390 2885 2443 cui
2919 2389 3059 2447 Deus
3085 2393 3295 2463 cOpiam
3325 2411 3489 2469 super

1891 2472 1996 2526 hac
2020 2486 2079 2526 re
2101 2473 2380 2540 tribueret,
2405 2477 2732 2536 arbitrabar.
2751 2480 2859 2536 Nec
2884 2481 3113 2539 dilliteor
3136 2502 3221 2542 nte
3251 2499 3371 2557 post
3398 2489 3489 2547 Je-

1891 2567 2176 2640 rosolymze
2200 2570 2530 2640 captionem,
2563 2590 2627 2630 ex
2654 2591 2761 2645 quo
2790 2576 2885 2642 illi,
2917 2580 3010 2649 qui
3036 2590 3198 2636 tanta:
3222 2583 3489 2642 interfue-

1889 2670 2016 2716 rant
2068 2662 2396 2732 espeditioni
2440 2665 2618 2721 redire
2653 2680 2969 2738 cmperunt,
3022 2672 3088 2726 ad
3137 2674 3485 2733 scribendum

1888 2768 1953 2809 ea
2004 2755 2245 2835 animum
2294 2757 2597 2827 appulisse,
2629 2762 2724 2816 sed
2773 2762 2897 2835 quia
2941 2767 3299 2833 quarumdam
3340 2769 3487 2826 circa

1889 2848 2035 2905 istud
2081 2833 2546 2921 importunitatum
2586 2854 2768 2912 obices
2796 2833 3106 2914 astiterant
3131 2902 3145 2922 ,
3175 2862 3480 2919 distulisse.

1888 2941 1997 2999 Sed
2029 2943 2174 3013 quia,
2220 2944 2327 3000 Deo
2355 2948 2723 3015 permittente,
2756 2952 2939 3007 nescio
2964 2954 3008 3008 si
3039 2955 3273 3022 volente,
3299 2956 3488 3012 volun-

1885 3035 1989 3090 tati
2019 3051 2152 3090 mete
2180 3045 2397 3092 constat
2418 3039 2600 3095 oblata
2633 3040 2882 3106 facultas,
2914 3044 2963 3099 in
2995 3045 3046 3099 id
3078 3048 3218 3116 quod
3247 3048 3332 3118 pie
3358 3047 3488 3105 alle-

1886 3136 2165 3184 ctaveratn
2214 3127 2445 3186 fortasse
2493 3148 2523 3186 a
2575 3134 2786 3189 cunctis
2814 3135 3102 3204 ridendus,
3137 3138 3366 3206 incessi,
3395 3157 3485 3196 ca-

1889 3220 2123 3276 chinnos
2153 3237 2217 3277 ac
2245 3224 2500 3279 triscuria
2528 3229 2981 3298 praetergrediens
3006 3230 3331 3301 aliquormn,
3357 3234 3485 3289 dum

1889 3314 2052 3368 modo
2080 3316 2320 3370 diuturni
2348 3319 2618 3389 eruptioni
2645 3331 2945 3391 conceptus
2980 3338 3304 3395 quacunque
3339 3326 3488 3383 dela-

1885 3406 2124 3461 tratione
2160 3410 2465 3480 satcgcrim.
2494 3409 2561 3464 Et
2592 3411 2637 3465 si
2673 3411 2862 3482 sitqui
2916 3413 3119 3478 rideat,
3154 3432 3258 3470 non
3307 3428 3486 3474 tamen

1879 3495 2043 3566 juxta
2092 3514 2249 3570 posse
2295 3501 2500 3572 gerenti
2537 3518 2604 3558 ac
2641 3519 2831 3559 sanum
2879 3504 3177 3561 intendenti
3210 3508 3484 3579 detrahat,

1886 3604 1991 3645 nec
2041 3592 2177 3647 meis
2223 3607 2569 3664 pra-propere
2613 3612 2826 3651 ntevum
2873 3597 3035 3654 dictis
3065 3598 3275 3667 inurat,
3313 3604 3408 3658 sed
3439 3603 3486 3659 si

181 3702 330 3759 quam
356 3690 521 3764 longe
543 3691 764 3748 diverso
794 3691 1106 3763 oportuisse
1143 3692 1352 3747 cantari
1389 3692 1552 3749 modo
1593 3693 1775 3749 consi-

1893 3683 2104 3750 penitus
2155 3696 2509 3754 aspernatur,
2538 3690 2847 3759 posthabita
2884 3691 2980 3747 lite
3010 3695 3336 3763 verborum,
3372 3697 3487 3767 ipse

182 3776 385 3847 derant,
418 3782 690 3837 invident.
722 3781 828 3839 Pro
854 3791 1000 3838 statu
1028 3782 1187 3853 plane
1212 3797 1438 3838 casuum
1473 3798 1657 3839 sermo
1687 3799 1780 3840 co-

178 3875 346 3944 aptari
390 3875 561 3933 debet
606 3877 901 3944 orantium,
926 3887 985 3934 ut
1018 3880 1302 3933 verborum
1335 3879 1636 3935 acrimonia
1667 3881 1780 3936 bel-

179 3963 276 4023 lica
304 3968 448 4025 facta
501 3971 785 4037 ferantur;
820 3986 939 4042 qum
979 3972 1046 4026 ad
1077 3971 1254 4027 divina
1285 3971 1578 4043 pertinent,
1604 3972 1778 4043 gradu

177 4067 563 4136 tentperatiore
616 4066 908 4121 ducantur.
962 4065 1092 4135 Qum
1137 4066 1394 4140 gemina,
1448 4068 1494 4123 si
1541 4067 1776 4125 facultas

173 4156 302 4213 mihi
318 4166 666 4231 suppeteret,
693 4158 892 4224 forma,
915 4158 968 4214 in
996 4158 1155 4227 hujus
1177 4158 1352 4215 stadio
1376 4160 1559 4230 operis
1582 4174 1778 4215 excur-

173 4248 305 4306 risse
334 4252 675 4320 debueram,
729 4260 788 4306 ut
816 4260 872 4307 et
916 4250 1220 4306 facinorum
1270 4267 1491 4307 suorum
1540 4252 1778 4324 insignia

172 4356 523 4418 nequaquam
554 4345 740 4402 verbis
767 4345 994 4402 recitata
1028 4345 1339 4414 disparibus
1369 4344 1609 4401 insolens
1635 4344 1777 4402 Gra-

172 4434 326 4495 divus
360 4447 712 4512 agnosceret,
736 4446 793 4495 et
820 4452 1098 4509 nunquam
1133 4437 1419 4509 gravitatis
1455 4437 1557 4493 sibi
1589 4438 1775 4494 indita:

175 4539 363 4588 tonum
389 4572 408 4600 ,
433 4548 561 4588 cum
593 4532 660 4588 de
689 4530 892 4604 pietate
916 4546 1003 4587 res
1032 4530 1241 4603 agitur,
1273 4531 1540 4587 modestia
1573 4530 1779 4587 Mercu-

170 4626 322 4683 rialis
348 4629 673 4686 excederet.
706 4626 837 4695 Quae
884 4626 1013 4682 licet
1049 4640 1115 4680 ex
1163 4626 1432 4681 sententia
1479 4625 1779 4695 adimplere

167 4721 553 4789 nequiverim,
597 4721 736 4776 bene
782 4729 963 4775 tamen
1003 4719 1074 4774 ab
1116 4718 1224 4774 alio
1249 4727 1423 4789 gesta,
1450 4718 1681 4788 plurima
1709 4732 1778 4773 ex

163 4821 318 4881 parte
344 4816 658 4886 approbare
682 4828 784 4869 nec
814 4812 994 4868 minus
1021 4812 1253 4883 probare
1285 4811 1590 4867 didicerim.

232 4902 618 4963 Grammaticw
659 4917 771 4961 tum
824 4903 1051 4975 fervebat
1095 4903 1351 4958 studium.
1381 4932 1450 4942 —-
1480 4902 1623 4974 Ergo
1650 4903 1786 4959 alie-

161 5010 363 5054 norum
409 4998 768 5069 iudiciorum,
817 4995 972 5054 valde
1028 4998 1355 5053 temerarius
1385 4997 1501 5067 (sed
1541 5014 1608 5053 ex
1651 4998 1780 5054 ﬁdei

1886 3775 2028 3831 male
2059 3787 2307 3846 perorata
2335 3781 2660 3848 rescribens,
2684 3785 2929 3856 exempla
2962 3786 3199 3843 dictandi
3226 3789 3483 3860 prmbeat.

1957 3864 2045 3923 Ea:
2077 3869 2327 3925 relatione
2358 3873 2482 3927 texit
2522 3873 2836 3931 Historiam.
2860 3909 2931 3918 —
2956 3877 3127 3936 Porro
3159 3880 3202 3936 si
3231 3882 3353 3952 quis
3384 3883 3487 3938 ali-

1886 3961 2017 4032 quid
2046 3963 2384 4021 subobscure
2422 3965 2627 4023 dictum
2658 3980 2937 4039 causetur,
2971 3981 3155 4027 nolam
3185 3973 3284 4029 sibi
3326 3974 3488 4032 hebe-

1889 4056 2093 4112 tudinis
2142 4056 2385 4130 inﬂigere
2430 4071 2701 4129 vereatur,
2744 4080 2865 4119 cum
2917 4081 3015 4136 pro
3062 4077 3212 4125 certo
3243 4069 3488 4127 noverim

1888 4150 2032 4219 quod
2060 4165 2123 4206 ex
2156 4152 2240 4207 his
2266 4168 2386 4222 quae
2437 4154 2488 4208 in
2528 4155 2773 4225 subjecto
2812 4157 2951 4215 libro
2998 4161 3247 4229 dixerim,
3281 4164 3486 4221 nemini

1887 4241 1943 4296 in
1990 4243 2183 4298 litteris
2233 4246 2533 4303 exercitato
2572 4249 2721 4319 jnste
2774 4253 3130 4321 quaestionem
3197 4257 3479 4312 moverim.

1888 4332 2282 4405 Corrigendum
2316 4337 2499 4408 igitur,
2527 4341 2716 4395 nescio
2765 4356 2833 4395 an
2865 4347 3354 4414 corrumpendum,
3400 4347 3485 4402 hi-

1888 4426 2071 4481 storiae
2098 4428 2267 4499 ipsius
2296 4446 2652 4501 aggressurus
2678 4434 2975 4504 exemplar,
3005 4440 3179 4508 primo
3204 4455 3398 4496 causas
3427 4450 3485 4498 et
3512 4460 3525 4467 ‘

1888 4519 2247 4576 necessitates
2292 4537 2412 4591 quae
2465 4523 2625 4593 hujus
2665 4539 2951 4581 occursum
2994 4530 3355 4599 expeditionis
3386 4549 3481 4588 ur-

1885 4610 2106 4679 gebant,
2138 4612 2278 4666 sicut
2301 4612 2579 4669 audieram
2603 4656 2618 4682 ,
2646 4620 2899 4689 proposui
2936 4621 3270 4690 referendas,
3298 4638 3352 4680 et
3378 4628 3481 4698 sic,

1887 4704 2265 4761 occasionibus
2319 4711 2782 4777 praentonstratis,
2838 4728 2926 4769 res
2973 4715 3187 4771 demunt
3237 4729 3483 4778 attexere

1888 4807 2091 4868 gestas.
2122 4798 2361 4865 Quorum
2396 4810 2671 4869 tenorem,
2712 4806 2779 4861 ab
2827 4806 2916 4861 illo
2957 4810 3126 4879 priori
3160 4827 3319 4882 quem
3355 4830 3481 4885 pro-

1889 4904 2091 4959 sequor
2120 4899 2364 4957 auctore,
2397 4893 2564 4948 multa
2592 4896 2855 4953 varietate
2875 4898 2997 4972 ιρι,
3020 4901 3274 4977 veritate]
3301 4906 3481 4975 prola-

1890 4989 2028 5049 tum,
2071 4983 2139 5039 ab
2163 4984 2242 5039 eis
2277 4985 2366 5055 qui
2410 4986 2585 5041 eidem
2617 4988 2978 5048 interfuerant
3010 4995 3126 5059 vite,
3156 4996 3371 5076 edidiai.
3401 4998 3475 5053 Ea

162 5091 377 5163 almre)
411 5100 467 5148 et
490 5084 805 5163 impudens’
828 5106 916 5146 me
945 5089 1124 5146 ralem.
1151 5090 1410 5147 incidisse
1435 5089 1777 5158 discrimina,
1814 5117 1862 5174 Β
1891 5092 2023 5132 sane
2050 5092 2170 5148 qnze
2200 5076 2513 5174 ferebantur
2542 5080 2594 5174 in
2632 5082 2789 5148 libro,
2836 5085 3040 5139 contuli
3071 5086 3317 5141 crebrius
3352 5105 3476 5144 cum

160 5189 289 5256 quia
322 5191 458 5244 dum
484 5187 788 5259 corrigendi
821 5194 947 5241 voto
966 5225 982 5249 ,
1032 5185 1150 5241 hzec
1179 5199 1265 5240 me
1293 5184 1664 5255 compererint
1694 5194 1777 5240 at-

162 5277 358 5349 tigisse
394 5280 604 5345 studia,
645 5277 899 5334 fortassis
929 5276 1167 5333 secunda
1198 5276 1438 5331 deterius
1482 5275 1777 5345 appretiari

157 5378 438 5440 poterunt
462 5387 623 5443 quam
672 5371 876 5441 priora.
907 5368 1044 5426 Cum
1087 5365 1231 5423 enim
1265 5366 1464 5437 passim
1496 5366 1780 5424 videmnus

158 5457 393 5517 fervere
422 5463 867 5533 grammaticam,
908 5470 965 5517 et
1004 5456 1310 5530 quibusque
1349 5455 1625 5512 vilissimis
1662 5472 1777 5526 prie

158 5554 572 5610 numerositate
596 5552 865 5610 seolarum
890 5552 1031 5607 hanc
1055 5558 1241 5621 patere
1273 5549 1583 5605 noverimus
1614 5548 1777 5603 disci-

156 5642 411 5712 plinam,
441 5643 653 5700 horrori
677 5642 802 5708 fuit.
825 5651 882 5699 et
908 5642 953 5698 si
980 5656 1085 5697 non
1120 5639 1196 5695 uti
1237 5638 1554 5701 debuimus,
1589 5638 1671 5693 vel
1695 5637 1773 5694 uti

158 5735 482 5805 potuimus,
496 5736 636 5791 hanc
655 5736 825 5792 nostri
846 5734 1075 5807 gloriam
1092 5733 1349 5804 temporis
1370 5748 1476 5788 non
1498 5732 1771 5789 scribere:

160 5826 284 5887 imo
333 5828 631 5900 reliquisse
676 5828 776 5886 sub
822 5827 1081 5885 inconditi
1136 5824 1476 5914 scabredinc.
1505 5826 1775 5886 sermonis

485 5954 754 6016 t’nnor.
797 5951 1010 6016 CLVI.

1885 5172 2128 5240 ipsorum
2162 5171 2252 5241 qui
2298 5170 2439 5227 facta
2487 5173 2736 5231 viderant
2776 5178 2963 5242 verbo,
2994 5187 3049 5232 et
3096 5180 3282 5249 procul
3316 5180 3478 5239 dubio

1890 5274 2148 5335 expertus
2176 5280 2296 5319 sunt
2336 5266 2461 5335 quia
2502 5278 2751 5321 neutrum
2785 5268 3118 5339 discreparet
3168 5272 3235 5325 ab
3275 5272 3477 5334 altero:

1888 5375 2009 5430 quae
2050 5366 2230 5427 autem
2261 5359 2579 5426 addiderint,
2611 5371 2704 5416 aut
2733 5363 2801 5416 ab
2829 5362 3031 5433 bisqui
3064 5364 3249 5421 videre
3276 5365 3479 5422 didice-

1885 5451 2012 5514 rint,
2044 5459 2136 5505 aut
2167 5466 2265 5522 per
2294 5467 2379 5507 me
2404 5455 2575 5521 ipsum
2607 5456 2937 5524 agnoverim.

1956 5541 2168 5597 Idcirco
2199 5560 2300 5597 non
2328 5544 2519 5597 mirum
2548 5545 2594 5599 si
2622 5547 2675 5598 in
2703 5548 2967 5603 nonnullis
3004 5549 3381 5609 Italluciualur.
3405 5583 3476 5598 -

1887 5634 2040 5702 Quod
2073 5636 2115 5688 si
2152 5636 2427 5706 quidpiam
2459 5637 2617 5692 aliter
2644 5639 2844 5693 dictum
2869 5658 3029 5713 quant
3073 5661 3134 5701 se
3162 5662 3247 5703 res
3288 5648 3472 5715 habet,

1887 5727 2215 5795 constiterit,
2242 5729 2511 5784 incassum
2537 5730 2709 5786 fateor
2726 5735 2987 5792 mendacii
3009 5738 3175 5811 369
3196 5740 3321 5794 mihi
3346 5756 3464 5811 pro.

1884 5823 1982 5880 bra
2022 5820 2249 5880 callidus
2275 5824 2641 5896 deprehensor
2665 5826 2927 5899 objecerit
2945 5871 2961 5899 ,
2992 5846 3113 5888 eum
3142 5847 3230 5890 me
3256 5831 3476 5891 fallendi

2913 5947 2991 6011 Ἠ
