4014 6324
559 336 663 394 685

1382 318 1442 386 'v.
1469 282 1797 389 domum
1839 290 2130 386 seems
2159 324 2220 382 s.
2259 322 2498 382 manus
2539 323 2627 381 or.
2674 318 3065 382 somnum
3676 332 3764 395 σει

476 452 489 461 ⁸
553 420 820 507 desiderio
844 424 1216 515 nulla'dixisse,
1235 448 1333 503 sub
1354 446 1447 501 Dei
1474 447 1778 502 testimonio
1798 444 2139 515 seirepossit.
2169 456 2217 514 Α
2244 439 2298 496 Si
2326 442 2471 497 enim
2520 439 2781 508 Part/tos,
2817 451 2875 496 ut
2922 441 3084 511 aliqui
3110 420 3395 504 sentiunt,
3440 456 3535 498 non
3584 445 3759 522 Turcas,

553 541 693 609 Quid
730 541 870 596 enim
906 542 1099 599 mirum
1124 539 1167 607 si
1198 537 1460 601 fallimur,
1490 536 1621 593 dum
1662 536 1835 595 aliena
1884 536 2021 593 facta
2054 550 2137 591 re-

552 633 797 699 ferimus,
830 650 950 689 cum
994 647 1094 687 nos
1122 648 1191 686 ne
1222 639 1434 685 nostras
1480 630 1715 697 ipsorum
1747 628 1962 697 quidem
1995 627 2135 697 cogi-

556 726 791 779 tationes
821 739 883 780 ac
908 739 1097 793 opera,
1130 739 1232 777 non
1250 722 1370 777 dico
1396 719 1576 776 verbis
1602 719 1933 789 exprimere,
1953 718 2044 772 sed
2069 732 2137 785 n_e

558 818 813 889 colligere
842 816 1004 872 tacita
1035 816 1225 871 saltem
1260 825 1441 868 meme
1466 811 1769 883 possimus?
1802 809 1940 877 Quid
1965 811 2029 863 de
2057 809 2136 863 in-

551 908 884 979 tentionibus
914 907 1128 978 loquar,
1160 922 1279 977 qua:
1308 905 1445 979 adeo
1472 904 1641 973 latere
1666 901 1980 975 plerumque
2006 914 2133 971 pro—

546 974 747 1056 hantur
793 1008 853 1054 ιιι
881 1000 969 1054 vix
1006 998 1071 1053 ab
1122 998 1237 1075 ipso
1286 995 1561 1051 interioris
1609 994 1840 1049 hominis
1886 991 2136 1047 acumine

549 1090 965 1157 discernantur?
994 1090 1109 1145 Non
1140 1101 1223 1145 est
1250 1090 1415 1162 igitur
1444 1088 1683 1155 severius
1711 1085 2065 1157 arguentium,
2090 1082 2133 1139 si

540 1170 863 1258 ignoranter
892 1181 942 1235 in
972 1182 1135 1235 verba
1166 1178 1528 1250 prolabimur;
1562 1176 1653 1232 sed
1698 1176 1824 1230 illud
1869 1184 1953 1229 est
2002 1175 2135 1229 irre-

548 1274 799 1329 missibili
823 1289 1051 1329 censura
1078 1271 1381 1337 terendum,
1412 1285 1530 1325 cum
1555 1268 1761 1324 falsitas
1780 1284 1843 1321 ex
1869 1266 2131 1321 industria

546 1364 902 1436 ﬂeceptiouis,
948 1362 1031 1418 vel
1062 1360 1360 1437 cuiuspiam
1409 1359 1810 1417 subornationis
1840 1367 1964 1414 voto
1999 1373 2131 1415 cou-

552 1457 770 1512 texitur.

544 1540 555 1547 ’
629 1548 807 1613 Quare
834 1544 1226 1603 nomenclatura
1256 1544 1528 1600 recentiori
1555 1545 1609 1599 in
1645 1543 1868 1599 citandis
1909 1542 2131 1615 propriis

546 1637 839 1694 nominibus
861 1636 1016 1707 fuerit
1042 1654 1186 1714 usus.
1210 1667 1282 1677 ——
1316 1636 1487 1691 Porro
1529 1637 1595 1691 de
1624 1636 1932 1690 nominibus
1959 1634 2132 1689 homi-

544 1744 673 1783 num
697 1769 710 1792 ,
746 1728 1146 1800 provinciarum
1175 1737 1231 1785 et
1272 1729 1484 1784 urbium
1527 1728 1692 1784 multa
1726 1729 1857 1783 mihi
1888 1738 1970 1783 est
1995 1728 2131 1783 dilliv

2238 534 2559 599 Caucasum,
2578 552 2685 591 non
2710 536 3061 593 Coroznniom
3082 549 3362 605 tmtet'em,
3386 538 3526 609 quasi
3552 547 3765 605 sperando

2236 630 2570 689 authentica.
2602 632 2866 684 obscurus
2891 630 3094 696 lierem,
3131 644 3325 699 meque
3356 627 3454 683 illis
3474 633 3555 700 qtti
3583 635 3640 689 de
3660 652 3760 706 pro.

2234 719 2371 788 priis
2398 720 2676 790 regionum
2706 718 3017 773 nominibus
3050 726 3261 772 certant
3300 722 3612 788 carpendum
3636 740 3769 797 expc.

2239 826 2441 865 nerem.
2479 810 2545 864 Et
2574 811 2807 864 maxime
2852 809 2979 864 illud
3031 810 3249 864 attendo
3281 808 3429 879 quia,
3458 813 3587 866 sicut
3620 814 3664 869 in
3703 820 3768 875 his

2237 902 2554 973 provinciis,
2586 914 2757 959 terras
2784 903 2952 975 novis
2974 910 3185 957 constat
3214 900 3483 957 vocabulis
3512 903 3769 976 insignitas,

2238 994 2425 1049 itidem
2454 995 2725 1049 intmutari
2752 1010 2855 1048 non
2890 992 3195 1047 dubitamus
3230 1006 3281 1046 et
3310 978 3539 1046 exteras.
3573 992 3771 1067 quue

2237 1085 2283 1139 si
2314 1102 2374 1140 ea
2403 1102 2521 1155 qua:
2549 1083 2675 1139 olitn
2706 1081 2955 1138 Neustria
2986 1124 3000 1149 ,
3026 1082 3184 1137 tnodo
3220 1080 3597 1137 Northmannia
3621 1087 3771 1156 appet.

2238 1179 2409 1249 Iatur;
2451 1188 2505 1234 et
2528 1195 2646 1251 qua:
2676 1178 2889 1232 Austria
2913 1218 2929 1242 ,
2962 1192 3102 1231 nunc
3135 1172 3471 1248 Lotharingia
3504 1191 3596 1246 pro
3624 1180 3774 1252 aliqui.

2236 1271 2337 1331 hus
2366 1271 2682 1345 accidentiis
2711 1280 3077 1340 nuncupatur,
3134 1269 3274 1323 idem
3326 1268 3464 1337 apud
3516 1267 3775 1330 Orientales

2236 1356 2505 1435 quomodo
2529 1362 2643 1418 lieri
2676 1379 2779 1417 non
2805 1360 3094 1418 credatur?
3135 1356 3206 1415 Ut
3241 1368 3490 1414 asserunt
3519 1359 3659 1431 plane
3680 1364 3776 1432 qtti-

2236 1432 2392 1519 dant,
2427 1454 2538 1525 ipsa
2568 1440 2839 1525 quondam
2890 1451 3148 1521 Memphis
3191 1448 3481 1522 Egyptia,
3528 1449 3779 1523 Babylonis

2236 1562 2379 1623 nunc
2409 1548 2624 1601 dicitur.
2655 1544 2873 1617 Vulgari
2909 1546 3091 1616 itaque
3131 1545 3289 1599 modo
3337 1543 3499 1598 malui
3539 1546 3779 1604 enuntiare

2234 1637 2411 1710 aliqua
2444 1654 2605 1711 quam
2634 1636 2918 1692 obscurari
2955 1648 3048 1691 aut
3090 1636 3426 1691 contendere
3460 1637 3685 1705 ponendo
3721 1636 3779 1694 dl-

2234 1745 2412 1786 versa.
2440 1729 2514 1785 De
2543 1729 2761 1785 nomine
2792 1739 2974 1784 autem
3028 1727 3303 1783 Podiensis
3352 1726 3559 1797 (vulgo,
3587 1726 3629 1782 le
3670 1728 3781 1801 Pny)

545 1822 722 1877 cultas
754 1821 1013 1893 ingenita.
1044 1820 1178 1875 Dum
1206 1821 1348 1875 enim
1382 1822 1648 1901 quaedam,
1678 1837 1905 1890 quorum
1940 1819 2130 1888 attige-
2166 1823 2208 1883 Β
2237 1824 2473 1893 episcopi
2506 1824 2593 1877 ditt
2627 1823 2776 1877 haesi.
2806 1822 2904 1876 Vix
2945 1822 2997 1875 in
3042 1820 3203 1890 hujus
3251 1820 3437 1892 operis
3467 1820 3568 1875 line
3592 1818 3779 1891 edidici,

546 1912 649 1967 rim
684 1914 979 1987 notionem,
1016 1912 1153 1967 male
1182 1914 1249 1967 ab
1282 1912 1373 1967 illo
1406 1922 1628 1987 auctore
1656 1927 1909 1984 expressa
1931 1926 2134 1983 cogno-

534 1988 659 2069 sco,
690 2013 891 2059 remota
921 2004 1193 2074 quadibet,
1221 2018 1393 2073 eoque
1419 2005 1588 2076 magis
1616 2005 1908 2075 incognita,
1941 2007 2127 2058 eadem

546 2095 816 2167 pravitate
851 2094 1128 2173 enuntiata
1160 2111 1266 2171 non
1300 2095 1505 2149 dubito.
1540 2094 1697 2149 Verbi
1733 2092 1903 2166 gratia
1940 2111 1952 2147 :
1994 2091 2125 2146 Tur-

536 2166 651 2251 ὶοε,
681 2166 1417 2257 quotidianoincrepitamus
1458 2187 1716 2261 strepitu;
1748 2184 2126 2257 Corozaniam,

530 2272 794 2352 quiddam
828 2281 951 2335 novi
998 2282 1237 2341 nominis
1263 2283 1581 2337 vocitamus.
1621 2281 1718 2338 [lbi
1745 2279 2126 2337 vocabulorum

540 2379 784 2427 vetustas
813 2374 1072 2445 quoniam
1121 2390 1259 2445 pene
1301 2391 1524 2449 prorsus
1553 2374 1841 2430 obliterata
1884 2374 2128 2441 delituit,

532 2458 864 2545 antiquitate
934 2466 1113 2532 omni,
1148 2468 1360 2523 etiamsi
1408 2468 1474 2521 ad
1520 2469 1785 2539 integrum
1843 2466 2129 2538 patuisset,

530 2554 745 2624 'amota,
769 2556 905 2614 nihil
930 2558 1033 2614 nisi
1056 2561 1196 2630 quod
1213 2559 1424 2631 publice
1444 2561 1737 2615 eautitatur
1753 2560 1931 2616 dicere
1953 2559 2125 2615 libuit.

2236 1934 2341 1973 non
2366 1919 2509 1974 enim
2539 1917 2590 1972 in
2626 1933 2746 1972 meo
2768 1915 3068 1971 habebatur
3098 1914 3419 1985 exemplari.

2304 2010 2499 2065 Pareat
2523 2024 2739 2080 quoque
2766 2006 2938 2063 lector
2974 2021 3107 2061 mea:
3132 2006 3409 2061 Sermonis
3444 2005 3679 2074 incuriae,
3718 2005 3783 2062 inv

2237 2102 2396 2157 dubie
2435 2102 2612 2157 sciens
2637 2101 2762 2171 quia
2795 2116 2915 2171 qua:
2960 2090 3243 2155 habuerim
3288 2098 3593 2164 scribendi,
3628 2099 3786 2155 eadem

2238 2195 2369 2249 mihi
2396 2194 2597 2250 fuerint
2619 2204 2891 2249 momenta
2916 2192 3174 2260 dictandi,
3202 2206 3300 2247 nec
3325 2191 3472 2249 ceris
3493 2190 3789 2248 emendanda

2236 2286 2544 2358 diligenter,
2575 2287 2794 2358 excepi;
2829 2285 2923 2339 sed
2968 2285 3047 2339 uti
3091 2293 3291 2357 pra'sto
3341 2292 3450 2351 est,
3505 2282 3638 2337 laede
3669 2282 3784 2337 dcta.

2239 2386 2375 2434 trata
2403 2380 2731 2435 membranis
2766 2379 3011 2451 apposui.
3044 2378 3248 2434 Nomen
3277 2388 3462 2434 atttem
3490 2377 3647 2433 indidi
3672 2376 3789 2448 quod

2236 2472 2546 2541 arrogantia
2575 2479 2759 2526 careat
2803 2472 3088 2541 gentisque
3135 2470 3329 2527 honori
3370 2469 3638 2542 proﬁciat,
3674 2468 3782 2526 scili-

2240 2550 2330 2617 cet
2356 2579 2370 2617 :
2398 2562 2493 2617 Dst
2527 2576 2697 2618 essu
2723 2578 2823 2618 pen
2851 2561 3116 2620 FRANCOS.

547 2703 3791 2735 mm

909 2731 1537 3017 GESTA
1646 2858 1978 3017 DEI
2089 2732 2461 3033 rm
2576 2852 3451 3017 FRANCOS

2116 3051 2255 3098 SIVE

1120 3128 1795 3247 HISTORIA
1877 3104 3258 3309 HIEBOSOLYMITANA

1792 3346 2152 3438 LIBER
2222 3345 2711 3439 PRIMUS.

612 3769 703 3847 [1.]
718 3770 1021 3828 Ceterarum
1036 3770 1197 3827 virtus
1217 3769 1426 3824 minime
1447 3779 1520 3823 est
1538 3762 2122 3839 vituperanda.—-Quo-

542 3863 790 3921 rumdam
819 3860 1126 3916 mortalium
1150 3861 1343 3917 vitiose
1370 3860 1680 3933 aliquoties,
1714 3859 1807 3914 sed
1839 3872 1944 3912 non
1980 3872 2124 3913 sem-

540 3970 661 4027 per,
693 3955 933 4012 moribus
959 3964 1169 4010 cousmt
1191 3953 1461 4019 inolitum,
1495 3963 1553 4006 ut
1579 3953 1960 4008 tnodernorum
1985 3949 2124 4004 facta

538 4046 883 4117 vitttperent,
928 4046 1201 4117 praeterita
1239 4044 1434 4099 Saecula
1475 4043 1784 4099 sustollant.
1814 4041 1880 4095 Et
1907 4040 2125 4110 quidem

539 4137 807 4192 laudanda
832 4135 935 4191 fuit
960 4147 1202 4192 veterum
1233 4136 1507 4191 molestia:
1534 4142 1935 4203 contemperata
1964 4131 2128 4186 felici-

542 4239 627 4287 tas
651 4238 707 4284 et
734 4229 1116 4284 retractatione
1152 4227 1361 4284 consilii
1405 4229 1682 4283 moderata
1716 4226 2006 4291 vivacitas;
2031 4221 2125 4279 sed

521 4318 742 4395 ittemini
770 4324 1041 4391 discreto,
1067 4321 1434 4395 qualicunque
1463 4321 1652 4375 virtuti
1687 4329 1911 4383 nostras,
1953 4314 2126 4375 saccu-

474 4398 485 4405 ’
526 4394 668 4472 laris
695 4428 882 4470 eorum
906 4412 1069 4468 fuerit
1094 4411 1203 4466 ttllo
1226 4413 1384 4465 modo
1403 4408 1749 4465 anteferenda
1774 4409 2123 4480 prosperitas.

521 4502 652 4561 Etsi
700 4506 845 4560 enim
883 4504 937 4559 in
974 4504 1217 4574 antiquis
1254 4504 1427 4558 virtus
1457 4500 1715 4557 defaecata
1753 4500 2121 4572 prie-eminuit;

542 4597 804 4655 tatncn'in
837 4596 1015 4659 nobis,
1044 4596 1094 4650 in
1123 4609 1260 4666 quos
1296 4596 1422 4651 hcet
1450 4594 1774 4650 saeculorum
1806 4592 1929 4647 linis
1962 4593 2120 4646 deve-

540 4691 718 4756 nerit,
755 4676 863 4745 dos
921 4698 1126 4744 naturae
1179 4702 1517 4760 nequaquam
1573 4702 1797 4758 prorsus
1858 4682 2121 4738 extabuit.

536 4778 913 4837 Praedicantur
956 4781 1152 4836 merito
1184 4796 1285 4852 pro
1320 4780 1602 4836 hominum
1646 4777 1885 4833 novitate
1935 4775 2126 4847 priscis

536 4884 656 4930 acta
716 4874 1076 4945 temporibus,
1119 4875 1216 4929 sed
1272 4872 1442 4928 multo
1492 4870 1694 4942 justius
1735 4867 1915 4923 ell‘erri
1965 4868 2123 4937 digna

539 4977 663 5023 sunt
691 4981 840 5037 quae,
875 4967 1074 5023 tnundo
1101 4965 1420 5039 prolabente
1448 4965 1501 5021 in
1530 4963 1761 5029 senium,
1791 4972 2125 5034 peraguntur

532 5057 740 5114 utiliter
761 5073 791 5113 a
822 5061 1064 5115 rudibus.

605 5149 793 5224 Regna
813 5153 1085 5224 quondam
1116 5158 1302 5206 extera
1328 5148 1485 5205 bellis
1509 5149 1838 5220 SttSpiramus
1869 5146 2122 5219 insignita

534 5247 871 5318 p0teutihns.
920 5246 1169 5316 Stragem
1207 5241 1581 5313 Philippicam,
1611 5252 1666 5297 et
1712 5243 1911 5314 ubique
1960 5241 2124 5298 incle-

522 5336 798 5406 mentem,
856 5350 963 5395 nan
1036 5337 1153 5393 sine
1218 5337 1473 5393 continua
1526 5337 1803 5410 sanguinis
1863 5334 2123 5393 eﬂ'usione

531 5430 840 5495 victoriam,
868 5429 1222 5500 suscipimus;
1258 5429 1549 5486 Alexandri
1582 5431 1783 5486 rabiem
1814 5430 1881 5485 de
1907 5430 2122 5485 camino

523 5522 883 5579 Macedonum
930 5524 997 5577 ad
1044 5524 1203 5578 totius
1243 5521 1483 5579 Orientis
1524 5524 1689 5577 exitia
1730 5533 2118 5593 emergentem,

530 5616 849 5672 tonantibus
877 5614 1109 5686 eloquiis
1143 5615 1493 5685 pensitatnus.
1524 5613 1724 5669 Xerxis
1757 5614 1807 5667 in
1846 5612 2112 5668 Thermo-

531 5706 708 5777 pylas,
736 5706 880 5762 Darii
925 5708 977 5762 in
1007 5706 1374 5761 Alexandrum
1406 5706 1611 5775 copias,
1641 5719 1764 5759 cum
1794 5702 2115 5758 exsecrabili

524 5799 863 5858 inﬁnitarum
885 5802 1128 5876 gentium
1154 5799 1543 5873 digladiatione
1560 5797 1834 5854 metimur.
1861 5796 2113 5856 Chaldai-

2158 3680 2204 3742 (ζ
2236 3684 2354 3726 cam
2385 3669 2715 3739 superbiam,
2743 3668 2996 3740 Argivam
3039 3670 3423 3742 acrimoniam,
3445 3671 3803 3747 Egyptiorunt

2243 3760 2579 3833 Spurcitiant,
2630 3761 3046 3832 instabilemque
3084 3763 3270 3820 Asiam
3312 3766 3543 3839 Pompei
3576 3765 3730 3838 Trogi
3761 3770 3803 3819 et

2234 3863 2515 3909 auctorum
2541 3854 2918 3925 disquisitione
2950 3855 3260 3914 sublimium
3305 3860 3597 3916 miramttr.
3643 3856 3803 3915 Prima

2238 3947 2607 4004 Romanorum
2644 3950 2919 4015 instituta,
2957 3951 3056 4005 sub
3080 3953 3386 4007 communis
3418 3952 3675 4008 utilitatis
3698 3962 3805 4006 ceu-

2232 4056 2358 4099 sura
2409 4052 2464 4096 et
2512 4041 2741 4113 imperiii
2794 4045 3213 4115 propagatione,
3265 4045 3705 4116 complectimur.
3753 4039 3809 4096 ΕΙ

2230 4144 2433 4203 tamen,
2465 4136 2509 4191 si
2543 4136 2733 4191 horum
2763 4138 3003 4192 omnium
3031 4140 3097 4194 ad
3138 4155 3332 4210 purum
3372 4140 3703 4195 discutiatur
3732 4148 3787 4190 es

2228 4230 2432 4297 sentia,
2467 4244 2570 4284 non
2604 4230 2761 4284 modo
2797 4231 2937 4300 apud
2977 4232 3177 4302 probus
3207 4231 3488 4303 quoslibet
3542 4226 3813 4286 laudabili:

2228 4321 2467 4391 ipsorum
2514 4319 2741 4375 habetur
2769 4321 2993 4376 audacia
3013 4363 3027 4386 ,
3059 4322 3152 4376 sed
3181 4321 3379 4378 merito
3406 4330 3563 4393 patet
3592 4317 3811 4376 infamia

2227 4412 2473 4481 pertinax
2504 4411 2855 4481 helligerandi
2885 4412 3003 4467 sine
3032 4411 3138 4467 ulla
3186 4412 3418 4479 ratione,
3450 4428 3560 4484 pro
3587 4410 3701 4468 sola
3730 4408 3814 4464 do-

2227 4501 2466 4557 minandi
2498 4502 2742 4569 lihidine,
2764 4504 3041 4560 vecordia.

2302 4591 2616 4649 Prwcelltmt
2642 4595 2913 4665 gemilium
2936 4638 2950 4663 ,
2985 4594 3410 4660 Christianorum
3438 4606 3593 4668 gesta
3622 4596 3813 4652 bellica.

2225 4687 2691 4758 a—Respiciamus
2720 4705 2877 4761 ergo,
2936 4692 3044 4744 imo
3093 4691 3521 4762 resipiscamus,
3557 4692 3629 4745 ad
3672 4687 3816 4757 bitias
3887 4696 3899 4704 '

2227 4796 2364 4851 quas
2394 4781 2720 4853 despicimus
2748 4784 2845 4836 aevi
2875 4781 3189 4850 fetulentas,
3220 4794 3277 4838 ut
3319 4785 3399 4840 sic
3423 4785 3670 4839 dixerim
3693 4823 3707 4845 ,
3736 4781 3815 4834 lie-

2220 4880 2435 4937 ees,et
2487 4872 2768 4927 minimum
2821 4871 3050 4943 digitum
3098 4883 3373 4940 nostrum,
3414 4884 3645 4944 patrum
3692 4880 3817 4942 quos

2228 4962 2349 5034 plus
2373 4977 2528 5033 aequo
2557 4964 2885 5032 extollimus,
2920 4976 3230 5021 nostrorum
3260 4966 3438 5022 dorsis
3457 4966 3823 5037 grossiorem:

2155 5097 2200 5155 θ
2225 5055 2378 5155 iuxta
2413 5055 2540 5111 illud
2589 5056 2721 5113 l‘atui
2772 5057 2916 5129 regis
2951 5058 3188 5123 dictum,
3224 5061 3464 5129 reperire
3496 5057 3821 5128 poterimus.

2226 5146 2286 5203 Si
2317 5147 2461 5203 enim
2494 5149 2676 5220 praelia
2703 5149 3008 5220 gentilium,
3039 5149 3204 5222 37o
3230 5158 3289 5205 et
3316 5151 3483 5222 regna
3536 5147 3715 5204 multo
3738 5160 3825 5200 ar-

2222 5254 2435 5297 morum
2465 5241 2646 5299 labore
2675 5258 2900 5313 pervasa
2949 5245 3362 5314 perpendimus,
3402 5242 3607 5299 nulla:
3640 5250 3825 5296 eam!

2221 5333 2389 5397 vires,
2423 5334 2569 5388 nulla
2612 5349 2834 5405 prorsus
2863 5336 3125 5390 exercitia
3157 5337 3390 5399 nostris,
3429 5350 3543 5406 per
3572 5334 3676 5389 Dei
3704 5346 3827 5402 gra-

2222 5425 2378 5493 tiam,
2408 5427 2793 5497 tequiparanda
2822 5427 3186 5482 censebimus.
3210 5426 3269 5482 Si
3306 5427 3474 5482 Deum
3506 5427 3569 5481 in
3600 5422 3828 5479 Iudaico

2222 5519 2416 5593 populo
2444 5522 2844 5593 tnagnilieatum
2875 5522 3213 5588 audivimus,
3264 5518 3445 5576 Iesum
3505 5518 3832 5579 Christum,

2223 5610 2363 5665 sicut
2393 5610 2509 5666 heri
2543 5613 2683 5681 apud
2721 5613 3008 5684 antiquos,
3043 5613 3117 5668 ita
3152 5623 3206 5668 et
3232 5612 3391 5668 hodie
3416 5611 3573 5682 apud
3615 5607 3829 5664 nimie:-

2223 5718 2343 5767 nos,
2375 5720 2495 5775 esse
2524 5715 2579 5761 et
2622 5706 2807 5762 valere
2839 5708 3004 5764 certis
3039 5706 3423 5781 experimentis
3459 5703 3833 5775 agnovimus.

2221 5797 2422 5872 Reges,
2450 5799 2639 5873 duces,
2663 5800 2954 5860 dictatores
2986 5818 3049 5864 ac
3074 5804 3344 5875 consules,
3367 5800 3595 5874 uspiam
3622 5806 3831 5870 9⁸³8⁸³⁸
