4012 6346
264 414 386 475 685

1294 410 1510 469 GESTA
1552 411 1656 467 DEI
1689 410 1822 468 PER
1861 408 2201 473 FRANCOS.
2242 444 2312 456 -—
2341 412 2468 471 LIB.
2493 408 2530 471 1.

3434 427 3537 490 686

264 534 387 590 ιυτί
440 530 755 603 populorum
798 526 1045 586 examina
1066 571 1080 596 ,
1133 529 1519 595 conflaverant,
1567 541 1620 586 et
1664 531 1854 587 edictis
1885 536 1930 591 Α
1960 532 2249 596 clamaret,
2283 549 2405 588 cum
2434 534 2571 598 alter
2595 533 2748 590 alteri
2777 550 2881 589 non
2915 537 3093 593 minus
3117 540 3352 607 monitis,
3376 558 3538 613 quam

264 626 589 697 potentibus
609 667 623 690 ,
654 624 1008 695 undecunque
1035 625 1275 694 gentium
1306 639 1618 679 numerosos
1647 625 1856 681 exerci-

267 724 369 771 tus
399 724 787 770 contraxerunt
821 734 832 769 Ζ

352 806 427 861 Hi
454 819 648 871 tamen,
679 808 732 860 Iri
765 816 948 861 coeunt
975 806 1240 861 hominum
1271 807 1552 862 terroribus
1579 809 1701 862 acti.

346 900 487 967 Quid
520 901 586 955 de
624 900 730 953 illis
756 900 930 954 dicam
961 900 1052 969 qui
1094 900 1212 955 sine
1261 900 1512 965 domino,
1556 901 1671 955 sine
1714 899 1860 971 prin-

266 992 422 1062 cipe,
455 991 569 1047 solo
598 992 849 1047 videlicet
880 992 990 1046 Deo
1019 992 1347 1061 impulsore,
1377 1007 1481 1046 non
1513 993 1673 1046 modo
1709 1001 1861 1045 extra

264 1083 513 1138 natalem
547 1084 901 1153 provinciam,
934 1093 1088 1138 extra
1121 1084 1285 1138 etiam
1317 1084 1581 1155 originale
1614 1099 1856 1152 regnum,

265 1193 470 1233 verum
520 1192 733 1248 quoque
772 1187 923 1233 extra
976 1178 1373 1235 multitudinem
1426 1178 1857 1248 interjacentium

268 1272 560 1326 nationum
608 1272 876 1342 progressi
921 1281 1083 1343 atque
1124 1273 1459 1345 linguarum,
1508 1273 1575 1327 de
1603 1273 1860 1330 extremis

240 1361 482 1417 -Oceani
539 1362 833 1437 Britannici
884 1362 1106 1429 ﬁnibus,
1162 1381 1336 1437 usque
1378 1367 1444 1421 ad
1494 1366 1656 1421 totius
1704 1377 1860 1421 terra!

242 1454 636 1510 emeditullium
667 1465 971 1511 castrorum
1000 1473 1218 1513 suorum
1250 1460 1395 1515 acies
1422 1460 1758 1529 produxere?
1785 1461 1859 1516 De

243 1544 405 1620 101.,
440 1546 555 1620 illa]
582 1564 720 1602 nova
758 1558 812 1603 et
838 1549 1241 1619 incomparabili
1271 1550 1736 1624 Jerosolymitanze
1764 1567 1861 1608 ex-

238 1638 573 1707 peditionis
613 1640 843 1695 victoria
898 1641 1202 1710 loquimur,
1239 1644 1393 1710 cujus
1428 1653 1575 1698 tanta
1614 1659 1739 1715 erga
1767 1660 1861 1701 eos

271 1729 375 1797 qui
430 1744 538 1785 non
589 1730 861 1799 desipiunt
912 1731 1095 1785 existit
1151 1731 1318 1801 gloria
1370 1744 1429 1787 ut
1460 1743 1676 1801 nostra,
1716 1735 1859 1804 quod

270 1820 427 1875 nulla
465 1822 738 1894 praeterita
768 1833 1115 1889 meruerunt,
1144 1824 1235 1879 tali
1272 1826 1424 1880 titulo
1450 1826 1743 1897 juhilemus
1774 1829 1859 1882 in-

1963 622 2210 692 exemplo
2240 623 2382 676 domi
2436 623 2676 693 forisque
2705 624 3057 693 profectionis
3088 638 3209 684 vota
3256 631 3537 689 clamaret.

1963 710 2244 766 Ardebant
2272 712 2448 766 studia
2480 713 2813 783 singulorum
2841 758 2855 782 ,
2890 728 2945 772 et
2975 726 3121 773 tanta
3173 719 3276 776 illis
3316 722 3546 781 facultas

1960 793 2246 856 videbatur
2269 801 2396 856 illud
2422 802 2526 857 iter
2554 803 2793 872 ineundi,
2825 808 3021 877 quibus
3048 810 3203 866 nulla:
3231 824 3541 883 sumptuum

1959 892 2129 963 copia:
2158 893 2533 962 suppetebant,
2563 905 2765 964 quanta
2823 896 2931 951 illis
2980 900 3175 968 quibus
3204 901 3393 972 ingens
3424 920 3545 975 pos-

1961 984 2262 1039 sessionum
2292 985 2562 1051 venditio,
2602 994 2696 1039 aut
2735 986 2975 1042 thesauri
3008 991 3224 1059 repositi
3255 994 3547 1062 opulentis-

1962 1078 2156 1133 simum
2182 1078 2432 1132 viaticum
2464 1079 2857 1133 convehebant.
2890 1080 3116 1137 Videres
3152 1085 3351 1139 dictum
3392 1086 3547 1143 Salo-

1960 1172 2139 1226 monis
2159 1171 2436 1226 evidenter
2464 1171 2591 1225 illud
2624 1171 2831 1241 impleri
2864 1189 2879 1207 ι
2916 1192 2934 1225 ι
2977 1173 3175 1245 Regem
3207 1176 3411 1233 locusta
3442 1194 3545 1235 non

1961 1261 2125 1317 habet
2145 1303 2160 1326 ,
2189 1271 2244 1318 et
2273 1263 2550 1334 egreditur
2578 1264 2827 1320 universa
2851 1280 2950 1335 per
2972 1274 3179 1321 turmas
3207 1281 3335 1323 suas
3361 1268 3542 1327 (Prov.

1958 1351 2052 1417 30,
2082 1352 2199 1423 27).
2248 1372 2268 1405 s

2033 1445 2159 1501 Haec
2217 1446 2426 1501 locusta
2483 1446 2686 1502 nullum
2747 1449 2901 1504 home
2959 1450 3293 1520 operationis
3354 1452 3550 1509 saltum

1960 1535 2229 1602 dederat,
2291 1538 2529 1607 quandiu
2593 1538 2764 1610 longae
2824 1539 3125 1610 iniquitatis
3178 1544 3552 1614 congelatione

1962 1637 2241 1697 torpuerat
2278 1646 2292 1683 :
2320 1638 2373 1684 at
2405 1630 2495 1684 ubi
2521 1631 2652 1686 solis
2673 1631 2898 1701 iustitiae
2926 1633 3106 1687 fervor
3129 1635 3405 1691 incanduit
3432 1636 3547 1709 [al.,

1962 1720 2307 1794 excanduit],
2339 1723 2586 1794 genuina:
2632 1723 2778 1779 illico
2834 1727 3325 1796 transmigrationis
3372 1729 3553 1784 evola-

1962 1812 2110 1868 tione
2158 1813 2414 1882 prosiliit,
2457 1813 2583 1868 dum
2623 1813 2691 1868 de
2721 1814 2893 1885 patris
2928 1815 3091 1871 domo
3124 1832 3187 1871 ac
3231 1819 3554 1889 cognatione

270 1888 479 1983 signiri
504 1888 765 1983 tempora.
796 1913 905 1969 Hoc
932 1888 1147 1970 nostros
1172 1917 1412 1989 aggredi.
1442 1888 1544 1971 non
1577 1919 1751 1973 inanis
1779 1918 1863 1972 fa-

1977 1905 2286 1975 digreditur,
2320 1916 2375 1961 et
2407 1921 2504 1977 per
2545 1917 2746 1962 sanctae
2775 1907 3095 1964 intentionis
3126 1888 3551 1982 assumptionem

270 2020 406 2069 mar,
454 2021 560 2060 non
601 2006 971 2075 pecuniarum,
1004 2023 1109 2062 non
1150 2009 1407 2063 dilatandi
1456 2010 1639 2064 limitis
1688 2010 1865 2080 coegit

272 2096 529 2159 ambitio,
556 2097 751 2165 quibus
776 2097 1149 2154 occasionibus
1180 2100 1481 2153 innituntur
1499 2108 1589 2153 aut
1612 2098 1712 2153 nisi
1742 2107 1868 2153 sunt

254 2204 421 2259 pene
451 2204 639 2246 omnes
658 2191 748 2259 qui
776 2200 963 2246 contra
996 2191 1264 2259 quoslibet
1294 2207 1443 2246 arma
1479 2200 1718 2257 movent,
1749 2192 1863 2246 sive

275 2293 589 2337 moverunt.
618 2281 826 2349 Quibus
855 2283 984 2338 illud
1023 2285 1293 2354 poeticum
1313 2294 1613 2354 Opportune
1640 2284 1861 2339 dicitur:

360 2372 489 2439 Quis
521 2378 690 2442 (uror,
722 2391 751 2428 ο
779 2374 935 2440 cives,
961 2391 1078 2444 quin
1110 2384 1255 2429 tanta
1278 2374 1490 2430 licentia
1518 2375 1666 2444 ferri,

360 2465 609 2527 Gentibus
639 2468 818 2524 invisis
844 2469 1111 2538 praprium
1140 2470 1369 2537 praebere
1397 2468 1675 2521 cruorem?

359 2560 508 2616 Bella
535 2562 643 2631 geri
669 2560 886 2630 placuit,
914 2559 1083 2615 nullos
1117 2560 1359 2614 habitura
1379 2560 1688 2629 triumphos.

284 2654 347 2709 Si
378 2655 523 2708 enim
538 2668 640 2723 pro
667 2652 915 2711 libertate
940 2652 1156 2717 tuenda,
1184 2660 1277 2707 aut
1301 2668 1399 2722 pro
1435 2652 1645 2722 publica
1682 2664 1740 2704 re
1777 2651 1869 2706 de-

282 2744 559 2800 fendenda
604 2753 885 2805 sumerent
923 2759 1177 2809 causam,
1225 2744 1630 2799 excusationem
1682 2741 1869 2811 utique

284 2839 625 2907 praetendere
653 2846 875 2907 possent
917 2837 1224 2892 honestam.
1264 2836 1365 2892 Ubi
1393 2846 1572 2889 autem
1614 2845 1705 2889 aut
1744 2835 1869 2887 bar-

286 2930 546 2985 bararum
568 2931 831 3000 gentium,
853 2938 949 2985 aut
972 2931 1231 2985 metuitur
1257 2928 1575 3001 gentilitatis
1599 2928 1867 2992 incursus,

288 3024 360 3080 ab
389 3018 663 3079 armorum
681 3023 805 3094 jure
829 3023 1007 3080 nullus
1028 3023 1187 3078 debet
1213 3022 1368 3076 miles
1391 3022 1583 3087 arceri,
1616 3020 1738 3075 etsi
1769 3020 1868 3074 ista

289 3115 585 3181 defuerint,
613 3131 710 3185 pro
742 3116 857 3171 sola
884 3125 1085 3171 sanctae
1109 3114 1364 3171 Ecclesiae
1396 3114 1618 3169 tuitione
1641 3128 1869 3168 consue-

290 3216 484 3260 verunt
515 3222 676 3276 quam
713 3206 953 3276 legitime
999 3205 1138 3260 bella
1189 3204 1431 3260 tractari.
1478 3204 1577 3268 At,
1619 3203 1870 3273 quoniam

292 3296 349 3359 in
378 3297 617 3352 omnium
650 3296 847 3351 animis
878 3297 992 3352 haec
1019 3298 1105 3366 pia
1155 3295 1351 3352 desinit
1398 3294 1626 3349 intentio
1666 3304 1721 3349 et
1769 3295 1870 3349 ha-

293 3389 455 3444 bendi
502 3398 819 3447 cunctorum
875 3390 1115 3460 pervasit
1179 3390 1340 3444 corda
1391 3388 1591 3454 libido,
1641 3388 1874 3443 instituit

296 3491 483 3536 nostro
532 3492 774 3553 tempore
803 3481 987 3553 praelia
1037 3490 1221 3538 sancta
1254 3479 1415 3545 Deus,
1449 3488 1509 3534 ut
1540 3479 1674 3533 ordo
1710 3495 1873 3549 eque-
1908 3500 1919 3511 ·

297 3573 427 3629 Stris
474 3583 528 3628 et
576 3573 765 3645 vulgus
798 3574 1082 3636 oberrans,
1138 3573 1228 3642 qui
1280 3580 1503 3628 vetusta:
1552 3571 1874 3642 paganitatis

296 3664 541 3735 exemplo
570 3664 625 3720 in
663 3674 879 3720 mutuas
921 3665 1280 3720 versabantur
1310 3664 1504 3727 credes,
1543 3677 1740 3716 novum
1792 3677 1876 3717 re-

296 3759 540 3829 perirent
568 3758 761 3814 salutis
791 3756 1164 3828 promerendae
1189 3772 1387 3828 genus,
1414 3765 1472 3810 ut
1505 3770 1604 3813 nec
1635 3742 1875 3811 funditus

298 3850 470 3906 electa
495 3848 584 3923 [f.,
613 3847 808 3921 ejecta}
852 3850 955 3920 (uti
1006 3850 1121 3907 fieri
1160 3848 1380 3918 assolet)
1425 3847 1720 3903 mouastica
1749 3861 1878 3901 con—

298 3942 627 4005 versatione,
656 3957 751 3998 seu
780 3941 1029 4011 religiosa
1053 3939 1293 4010 qualibet
1317 3937 1678 4010 professione,
1705 3952 1878 3994 srecu-

307 4032 419 4087 lum
452 4032 759 4105 relinquere
790 4042 1145 4103 cogerentur,
1180 4032 1272 4089 sed
1307 4032 1405 4087 sub
1429 4041 1684 4087 consueta
1713 4030 1883 4085 licen-

304 4126 379 4183 tia
404 4133 458 4181 et
486 4114 695 4191 habitu,
722 4142 791 4182 ex
817 4141 916 4179 suo
940 4125 1176 4195 ipsorum
1200 4122 1397 4191 ofﬁcio,
1419 4123 1512 4179 Dei
1542 4123 1881 4193 aliquatenus

301 4220 533 4293 gratiam
557 4229 1041 4289 consequerentur.

378 4311 654 4387 Omnigeni
686 4322 852 4366 status
884 4322 931 4366 et
962 4311 1274 4369 conditionis
1314 4312 1547 4371 homines
1582 4322 1767 4366 cuncta
1791 4312 1884 4366 ab—

302 4405 550 4460 dicabant
576 4407 653 4463 uti
680 4416 861 4461 contra
896 4405 1122 4475 perﬁdos
1154 4405 1223 4459 ad
1263 4404 1453 4460 bellum
1496 4405 1885 4475 proﬁcisceren-

304 4507 413 4551 tur.
437 4526 505 4537 -—
535 4497 645 4553 Deo
687 4512 815 4566 ergo
863 4496 1175 4561 incentore,
1213 4504 1389 4551 motas
1434 4496 1734 4549 audivimus
1765 4494 1883 4568 [al.,

1967 1999 2210 2054 moribus
2257 2000 2593 2055 immolatur.
2640 2001 2759 2071 Ipsa
2802 2017 2985 2075 regem
3026 2020 3132 2061 non
3180 2005 3392 2072 habuit,
3427 2008 3552 2078 quia

1968 2105 2193 2160 quaeque
2236 2090 2410 2147 fidelis
2452 2093 2633 2147 anima
2689 2095 2834 2149 omni
2888 2096 3107 2163 ducatu,
3156 2106 3354 2167 praeter
3387 2099 3555 2156 solius

1967 2180 2062 2236 Dei
2093 2182 2453 2247 caruit,dum
2499 2184 2641 2240 illius
2687 2200 2747 2239 se
2794 2187 3239 2241 contubernalem
3286 2190 3549 2258 aestimat,

1967 2291 2200 2347 eumque
2224 2278 2480 2347 praevium
2513 2278 2615 2333 sibi
2638 2294 2758 2333 esse
2787 2294 2894 2335 non
2925 2280 3156 2347 dubitat,
3183 2281 3337 2353 cujus
3367 2282 3555 2337 volun-

1968 2378 2081 2427 tate
2128 2379 2187 2426 et
2236 2371 2491 2426 instinctu
2540 2388 2597 2427 se
2646 2373 2899 2444 empisse,
2945 2390 3104 2444 quem
3141 2374 3193 2428 in
3224 2376 3555 2448 egestatibus

1968 2454 2164 2519 solatio
2213 2463 2313 2519 sibi
2358 2463 2599 2518 futurum
2653 2466 2969 2536 conjubilat.
3024 2466 3130 2522 Sed
3163 2484 3282 2538 quae
3322 2478 3404 2525 est
3434 2486 3555 2542 qua:

1968 2558 2244 2627 egreditur
2271 2559 2594 2614 universitas
2614 2601 2627 2625 ,
2657 2560 2763 2615 nisi
2797 2561 2916 2627 illa,
2949 2578 3069 2633 quae
3098 2565 3167 2620 ad
3196 2582 3360 2621 unum
3389 2568 3558 2622 idem«

1968 2662 2075 2717 que
2114 2650 2472 2718 appetendum
2509 2652 3076 2707 numerosissimarum
3119 2654 3354 2725 plebium
3394 2658 3556 2713 corda

1970 2739 2133 2793 vertit
2180 2740 2534 2809 simplicitas?
2576 2741 2711 2797 Cum
2788 2744 2958 2798 solam
3031 2747 3184 2816 quasi
3251 2748 3558 2818 specialiter

1968 2830 2303 2888 Francorum
2347 2843 2560 2905 gentem
2610 2851 2773 2906 super
2822 2838 2923 2891 hac
2972 2833 3029 2892 re
3082 2842 3556 2898 commonitorium

1971 2925 2280 2994 apostolicae
2322 2927 2467 2980 sedis
2497 2928 2756 2999 attigerit,
2808 2944 2928 2997 quae
2958 2946 3089 3001 gens
3120 2932 3431 2989 Christiano
3457 2938 3557 2993 sub

1965 3012 2087 3083 jure
2117 3032 2281 3086 agens
2321 3032 2425 3071 non
2457 3018 2603 3073 illico
2654 3029 2859 3075 turmas
2903 3023 3069 3077 edidit
3100 3042 3111 3077 :
3141 3034 3195 3079 et
3218 3029 3342 3079 dum
3366 3038 3559 3096 pensat

1975 3122 2033 3162 se
2062 3108 2169 3162 Deo
2199 3110 2439 3163 eamdem
2474 3110 2631 3164 fidem
2661 3113 2856 3167 debere
2887 3130 3049 3184 quam
3077 3114 3292 3183 Franci,
3325 3118 3558 3174 Franco-

1899 3240 1944 3302 ϐ
1976 3217 2095 3255 rtnn
2133 3202 2325 3270 quibus
2368 3215 2595 3274 possunt
2647 3208 2870 3271 viribus,
2924 3211 3170 3265 nituntur
3215 3223 3269 3268 et
3316 3216 3561 3271 ambiunt

1976 3295 2379 3351 communicare
2419 3297 2753 3353 discrimini?
2796 3300 3020 3356 Videres
3078 3303 3363 3360 Scotorum
3420 3308 3561 3377 apud

1977 3397 2035 3438 se
2064 3383 2342 3449 feracium,
2373 3386 2506 3442 alias
2546 3387 2871 3454 imbellium,
2904 3405 3105 3447 cuneos
3137 3410 3297 3450 crure
3333 3397 3557 3464 intecto,

1977 3474 2185 3544 hispida
2217 3476 2520 3549 chlamyde,
2568 3495 2631 3533 ex
2662 3481 2900 3535 humeris
2941 3483 3276 3552 dependente
3305 3488 3557 3557 psitarcia

1981 3566 2103 3640 [af.,
2136 3569 2452 3643 sytarchia],
2480 3572 2545 3625 de
2576 3572 2773 3627 finibus
2812 3573 3088 3646 uliginosis
3118 3577 3297 3644 allabi,
3342 3590 3393 3634 et
3439 3583 3561 3651 qui-

1977 3660 2080 3716 bus
2109 3662 2353 3725 ridicula,
2383 3673 2642 3732 quantum
2677 3666 2740 3719 ad
2773 3682 2870 3720 nos
2892 3708 2904 3731 ,
2936 3668 3113 3723 forent
3137 3687 3287 3725 arma
3320 3673 3558 3743 copiosa,

1979 3768 2091 3807 sua:
2142 3752 2264 3808 ﬁdei
2318 3769 2382 3808 ac
2422 3756 2725 3811 devotionis
2766 3759 2925 3813 nobis
2979 3760 3175 3815 auxilia
3209 3773 3558 3832 praesentare.

1982 3842 2172 3900 Testor
2193 3843 2359 3899 Deum
2387 3860 2472 3899 me
2497 3847 2712 3901 audisse
2740 3849 2921 3904 nescio
2943 3850 3096 3920 cujus
3122 3851 3366 3906 barbarae
3386 3855 3563 3923 gentis

1979 3933 2229 3991 homines
2266 3934 2333 3989 ad
2378 3935 2546 3991 nostri
2588 3947 2798 4003 portum
2838 3939 3004 3993 maris
3033 3941 3303 4011 appulsos,
3333 3959 3563 4012 quorum

1982 4043 2164 4084 sermo
2231 4030 2366 4085 adeo
2412 4029 2713 4085 habebatur
2769 4032 3075 4104 incognitus
3125 4044 3200 4095 ut,
3250 4036 3426 4106 lingua
3471 4052 3566 4090 va-

1984 4126 2162 4183 cante,
2194 4119 2482 4189 digitorum
2531 4136 2694 4189 super
2722 4122 2917 4193 digitos
2961 4125 3361 4180 transversione
3398 4126 3558 4198 371

1980 4210 2162 4266 crucis
2207 4211 2358 4280 signa
2398 4214 2823 4279 praetenderent,
2868 4215 3066 4284 bisque
3124 4216 3365 4280 iudiciis,
3420 4220 3565 4286 quod

1985 4302 2279 4373 nequibant
2301 4303 2539 4368 vocibus,
2567 4321 2623 4359 se
2648 4305 2766 4359 fidei
2799 4323 2959 4360 causa
2989 4308 3255 4377 proficisci
3289 4318 3564 4362 monstra-

1985 4402 2127 4449 rent.
2157 4394 2263 4449 Sed
2293 4394 2359 4449 de
2391 4395 2474 4450 his
2502 4411 2598 4449 suo
2632 4396 2749 4451 ιοεο
2786 4399 3019 4452 uberiori
3062 4397 3287 4451 forsitan
3327 4398 3565 4453 circum-

1987 4486 2257 4543 locutione
2287 4488 2667 4555 tractabimus;
2703 4503 2845 4543 nunc
2884 4490 2951 4543 de
2975 4488 3441 4562 Jcrosolymitanaa
3480 4490 3568 4546 vel

303 4586 561 4660 vidimus]
593 4587 858 4655 nationes,
883 4596 938 4642 et
967 4586 1034 4640 ad
1063 4585 1244 4641 omnia
1270 4585 1725 4641 necessitudinum
1755 4582 1883 4638 afl‘e-
1910 4593 1961 4657 ι)
1988 4580 2276 4635 Orientalis
2304 4589 2466 4645 Statu,
2499 4580 2589 4649 qui
2616 4589 2743 4637 tunc
2773 4590 2915 4647 erat,
2940 4581 3217 4647 Ecclesiae,
3248 4583 3567 4655 aliquantis-

307 4677 654 4748 ctionumque
675 4693 867 4749 genera
893 4676 1272 4751 prtecordiales
1294 4677 1471 4731 aditus
1492 4675 1882 4744 praedurantes,

310 4776 461 4823 tanta
488 4768 743 4825 asiditate
785 4768 854 4823 ad
899 4768 1191 4824 Christiani
1232 4767 1468 4829 nominis
1503 4767 1686 4822 hostes
1729 4780 1884 4823 ever-

310 4861 503 4916 tendas
530 4861 780 4918 exsilium
805 4871 1007 4931 petere,
1034 4860 1331 4931 orbemque
1356 4860 1631 4925 Latinum,
1664 4860 1885 4917 notitias

307 4954 474 5013 etiam
508 4963 776 5011 terrarum
811 4955 1096 5017 excedere,
1128 4964 1329 5024 quanta
1380 4952 1648 5008 neminem
1693 4952 1885 5008 alacri-

313 5056 428 5102 tate
480 5047 775 5103 viderimus
827 5055 921 5111 aut
957 5044 1143 5116 epulas
1197 5056 1289 5100 aut
1339 5044 1455 5099 dies
1506 5044 1672 5100 festos
1716 5044 1883 5099 adire.

311 5138 558 5199 Honores
585 5138 924 5210 amplissimi,
946 5138 1291 5194 castellorum
1320 5145 1374 5191 et
1405 5136 1616 5191 urbiutn
1649 5136 1888 5192 dominia

312 5231 730 5303 spernebantur,
762 5246 959 5287 uxores
1007 5230 1386 5302 pulcherrimae
1431 5230 1585 5300 quasi
1632 5228 1889 5299 quiddam

314 5325 556 5380 tabidum
579 5324 929 5390 vilescebant,
946 5323 1091 5381 omni
1110 5338 1320 5395 gemma
1345 5322 1613 5393 quondam
1630 5322 1892 5393 gratiores

314 5416 610 5488 promiscui
662 5431 823 5471 sexus
855 5417 1136 5487 pignorum
1175 5412 1590 5469 fastidiebantur
1617 5421 1891 5484 aspectus,

316 5519 373 5573 et
406 5510 472 5564 ad
501 5510 643 5580 quod
674 5510 979 5565 mortalium
1009 5508 1181 5564 nullus
1209 5517 1303 5562 aut
1327 5522 1520 5577 urgere
1541 5508 1769 5577 imperio
1797 5523 1896 5578 po-

318 5600 546 5666 tuisset,
576 5612 667 5655 aut
704 5602 955 5656 suasione
986 5600 1320 5671 propellere,
1350 5601 1416 5654 ad
1452 5600 1502 5653 id
1533 5599 1708 5657 subita
1740 5614 1896 5655 men-

320 5692 455 5747 tium
511 5693 907 5746 demutntarum
952 5692 1316 5748 onstinatione
1367 5690 1702 5747 ferebantur.
1777 5690 1895 5746 Non

319 5791 439 5839 erat
466 5783 848 5853 ecclesiasticae
888 5786 1141 5856 cuiquam
1168 5800 1415 5854 personae
1448 5786 1812 5843 necessarium
1838 5793 1897 5841 ιιι

320 5870 392 5935 ad
415 5878 730 5951 excitandos
759 5893 859 5955 pro
904 5879 1006 5949 hoc
1042 5874 1160 5951 ipso
1193 5879 1417 5959 populos
1451 5880 1509 5938 in
1532 5882 1777 5941 ecclesiis
1805 5884 1899 5941 de-

1985 4689 2083 4747 per
2108 4687 2356 4744 agamus.

2610 4765 2837 4823 CAPUT
2879 4767 2938 4822 ll.

2059 4856 2170 4931 [ll.]
2199 4856 2539 4913 Orientalium
2565 4858 2696 4928 ﬁdes
2716 4860 3043 4915 utttabunda.
3077 4858 3225 4918 Unde
3250 4866 3568 4920 Increscit.—

1986 4952 2033 5011 A
2066 4953 2400 5024 temporibus
2438 4954 2607 5011 fidelis
2660 4954 2898 5021 Helenae,
2928 4955 3262 5012 Constantini
3307 4959 3567 5029 principis

1991 5047 2197 5109 matris,
2238 5060 2335 5116 per
2361 5045 2474 5102 loca
2508 5045 2880 5103 Dominiorum
2913 5059 2968 5105 et
3009 5050 3395 5119 suppliciorum
3434 5050 3565 5123 [al.,

1992 5136 2398 5193 Dominicorum
2471 5138 2899 5210 suppliciorum]
2965 5140 3209 5210 vestigiis
3275 5140 3564 5210 insignita,

1990 5227 2229 5284 basilicae
2260 5237 2413 5295 sunt,
2441 5244 2539 5299 per
2562 5231 2811 5286 eamdem
2836 5232 3156 5299 Augustam,
3181 5240 3237 5287 et
3266 5233 3569 5289 ministeria

1993 5322 2151 5394 digna
2174 5322 2422 5380 basilicis
2445 5324 2713 5380 instituta.
2737 5324 2908 5392 Quem
2936 5326 3291 5383 institutionis
3318 5328 3571 5385 ordinem

1992 5425 2115 5486 post
2169 5417 2454 5474 decessum
2517 5416 2887 5488 praefatorum,
2939 5432 3035 5487 per
3080 5417 3307 5472 Romani
3355 5419 3571 5490 imperii

1994 5510 2384 5575 successiones,
2438 5511 2710 5566 diuturnis
2769 5510 3134 5580 temporibus,
3191 5511 3571 5568 ecclesiastica

1998 5599 2223 5654 historia
2247 5601 2497 5663 docente,
2529 5601 2899 5672 comperimus
2920 5601 3267 5671 perdurasse.
3311 5600 3568 5658 Orienta-

1997 5690 2127 5746 lium
2159 5699 2337 5747 autem
2378 5692 2534 5759 fides,
2564 5708 2686 5749 eum
2714 5708 2929 5765 semper
2950 5695 3271 5752 nutabunda
3311 5695 3573 5751 constiteo

2000 5787 2093 5853 rit,
2142 5795 2197 5843 et
2247 5802 2426 5845 rerum
2476 5788 2756 5844 molitione
2794 5803 3059 5846 novarum
3090 5788 3372 5846 mutabilis
3393 5797 3448 5843 et
3476 5804 3573 5842 va-

2002 5881 2251 5955 gabunda
2300 5882 2481 5951 f'uerit,
2524 5898 2738 5955 semper
2781 5899 2813 5941 a
2851 5884 3037 5956 regula
3064 5898 3212 5943 vera:
3232 5881 3579 5945 credulitatis
