4012 6346
609 385 719 446 687

1426 378 1490 437 ν.
1527 376 1855 440 GUIBERT!
1892 374 2185 436 ABBATIS
2215 373 2273 433 S.
2301 368 2544 432 MANE
2591 374 2680 433 DE
2711 372 3106 433 NOVIGENTO
3734 380 3805 442 α

609 504 950 569 exorbitans,
983 499 1052 556 ab
1080 497 1427 569 antiquorum
1476 497 1698 553 Patrum
1728 497 2056 553 auctoritate
2094 495 2185 551 de-
2222 497 2269 553 Α
2295 492 2487 549 eodem
2520 507 2683 563 pane,
2716 491 2843 561 quia
2881 490 3021 545 alius
3053 503 3161 543 non
3194 486 3407 554 aderat,
3459 504 3554 546 nec
3579 497 3806 554 secundum

612 597 792 651 stivit.
835 594 939 665 Ipsi
982 592 1143 665 plane
1187 590 1457 654 homines,
1523 606 1621 659 pro
1660 592 1803 647 aeris
1846 600 1901 647 et
1933 592 2059 647 coeli
2112 589 2199 647 cui

609 687 782 743 innati
819 693 947 740 sunt
976 683 1232 751 puritate,
1270 697 1392 735 cum
1422 682 1533 736 sint
1561 683 1783 738 levioris
1820 684 2191 753 corpulentite,

609 790 667 836 et
723 778 929 834 idcirco
967 777 1249 833 alacrioris
1296 774 1524 846 ingenii,
1559 775 1742 830 multis
1796 785 1851 831 et
1913 775 2199 833 inutilibus

610 870 937 930 commentis
985 870 1163 928 solent
1202 869 1356 925 radio
1407 886 1519 926 sua:
1570 869 1999 939 perspicacitatis
2050 871 2197 926 abuti

612 965 735 1040 [al.,
775 965 1009 1023 acrioris
1060 964 1264 1035 ingenii
1309 964 1728 1035 perspicacitate
1779 964 1955 1021 solent
1986 966 2194 1038 abuti];

607 1070 665 1118 et
686 1060 812 1117 dum
851 1060 1120 1131 majorum
1146 1061 1261 1115 sive
1295 1074 1602 1114 coaevorum
1630 1075 1851 1115 suorum
1894 1062 2199 1132 despiciunt

608 1153 992 1225 obtemperare
1018 1153 1356 1224 magiSterio,
1393 1172 1412 1205 ι
1440 1155 1667 1209 scrutati
1695 1164 1819 1209 sunt
1860 1154 2197 1225 iniquitates,

610 1246 934 1304 defecerunt
978 1256 1289 1303 scrutantes
1332 1247 1794 1320 scrutittio(Psnl.
1824 1266 1982 1315 LXIII,
2026 1251 2137 1320 71).
2172 1270 2190 1304 ι

608 1337 744 1394 lude
770 1338 1008 1394 haareses
1038 1346 1094 1392 et
1137 1337 1371 1409 pestium
1404 1340 1678 1394 variarum
1729 1357 1929 1412 genera
1979 1351 2199 1412 porten-

613 1437 808 1483 tuosa:
864 1442 1092 1498 quarum
1157 1437 1304 1482 tanta
1362 1428 1630 1497 pernicies
1696 1441 1751 1485 et
1812 1430 2198 1487 inextricabilis

615 1518 830 1574 exstitit
855 1517 1217 1590 labyrinthus,
1244 1529 1301 1573 ut
1327 1521 1570 1591 veprium
1591 1521 1673 1574 vel
1703 1522 1868 1577 etiam
1899 1524 2196 1579 urticarum

609 1609 845 1666 ferocior
882 1623 1090 1679 uspiam
1122 1609 1239 1664 fieri
1266 1626 1608 1681 nequaquam
1640 1612 1996 1668 incultissima
2027 1616 2198 1683 possit

606 1706 828 1762 humus.
878 1704 1136 1763 Omnium
1187 1708 1463 1763 hatreseon
1535 1709 1767 1779 catalogi
1825 1710 2193 1782 perleganlur,

605 1798 731 1855 libri
775 1799 1124 1870 antiquorum
1173 1800 1359 1867 scripti
1399 1802 1659 1857 adversus
1688 1803 1970 1859 luereticos
2010 1820 2198 1861 recen-

607 1899 852 1955 seantur,
881 1890 1123 1947 mirabor
1144 1890 1187 1944 si
1212 1900 1408 1960 pneter
1435 1890 1713 1947 Orientem
1756 1903 1809 1948 et
1839 1893 2079 1949 Africam
2109 1895 2197 1949 vix

607 1980 777 2051 aliqui
800 1981 901 2036 sub
931 1980 1125 2037 Latino
1150 1982 1283 2037 orbe
1316 1992 1626 2039 cernentur.

682 2070 957 2142 Pelagius,
1012 2072 1203 2138 Arius,
1272 2072 1478 2140 Manis,
1547 2072 1860 2140 Etmomius,
1911 2076 2193 2149 Eutycltes,

610 2160 918 2226 Νικίου-ἕης,
967 2162 1353 2218 Itteresiarcltw.
1394 2194 1465 2206 —
1520 2164 1817 2237 Pelagium,
1862 2167 1964 2223 nisi
2016 2168 2195 2235 fallor,

606 2256 884 2312 Britonem
937 2256 1250 2312 luereticum
1290 2258 1478 2314 nescio
1510 2273 1617 2329 quo
1650 2259 1903 2330 legerim;
1939 2262 2035 2316 sed
2076 2262 2196 2316 illo-

606 2363 731 2405 rum
761 2348 847 2406 vel
898 2364 1179 2413 erroneos.
1222 2350 1307 2405 vel
1354 2364 1572 2407 errores
1624 2353 1876 2424 colligere
1923 2354 2195 2411 neminem

607 2455 847 2510 unquam
885 2440 1129 2511 potuisse
1171 2441 1518 2498 crediderim.
1552 2443 1656 2512 Ipsi
1714 2444 1933 2500 fuerunt
1963 2456 2103 2501 terra
2140 2448 2194 2503 in

608 2549 833 2590 suorum
885 2535 1176 2590 maledicta
1222 2535 1607 2606 magistrorum
1667 2553 1851 2606 opere,
1908 2539 2092 2609 spinas
2140 2549 2195 2595 et

611 2624 845 2680 tribulos
894 2625 1209 2695 germinans
1255 2627 1606 2697 operantibus
1644 2643 1722 2683 se.
1758 2628 1833 2683 Ex
1871 2630 2195 2687 Alexandria

610 2714 801 2781 Arius,
856 2732 923 2770 ex
973 2716 1196 2772 Perside
1259 2716 1432 2773 Manis
1478 2720 1717 2774 emersit.
1743 2720 1982 2777 Alterius
2016 2723 2195 2780 rabies

608 2816 815 2864 sanctae
854 2806 1113 2864 Ecclesia:
1158 2819 1383 2875 vestem,
1436 2810 1700 2866 maculam
1747 2822 1841 2868 aut
1867 2830 2054 2884 rugam
2086 2831 2194 2873 non

608 2898 924 2965 habentem,
961 2908 1108 2955 tanta
1135 2902 1293 2957 Scidit
1320 2912 1485 2972 atque
1512 2904 1821 2959 cruentavit
1851 2905 2103 2961 instantia
2127 2917 2189 2963 ut

603 2989 725 3062 ejus
753 2992 1212 3058 consideratione,
1255 2994 1475 3050 brevior
1513 2996 1729 3067 penitus
1765 3008 2032 3068 tempore,
2063 3000 2197 3058 locis

603 3084 941 3140 contractior
986 3086 1291 3142 aestimetur
1343 3090 1652 3159 persecutio
1702 3090 1956 3156 Deciana,
2002 3102 2190 3165 utpote

2304 583 2476 655 legem
2508 599 2670 653 quam
2707 584 2986 652 implebat,
3015 579 3198 636 induci
3233 591 3361 636 tunc
3386 590 3602 653 poterat,
3626 593 3808 659 corporis

2304 680 2384 733 sui
2418 687 2756 734 sacramenta
2803 677 3153 742 contraditlit,
3188 694 3498 751 azymorum
3543 679 3621 732 illa
3647 680 3811 752 io.qu

2304 781 2434 827 tunc
2462 769 2615 826 aﬂ‘uit
2652 770 2984 836 necessitati,
3015 787 3119 826 non
3150 771 3234 826 eis
3268 770 3476 826 videtur
3500 772 3561 826 ad
3588 772 3811 830 institutio-

2304 882 2424 919 nem
2465 864 2735 934 pertinere
2785 864 3058 935 mysterii;
3111 865 3258 919 sicut
3307 863 3556 919 buccellze
3606 854 3810 933 intinctio,

2305 975 2409 1012 non
2442 958 2773 1013 sacramenti
2802 958 3122 1029 peragendi,
3159 958 3256 1012 sed
3296 957 3447 1012 ludas
3472 959 3725 1029 proditoris
3744 963 3812 1019 luit

2304 1050 2584 1116 Ostensio;
2648 1050 2731 1116 si,
2778 1050 3020 1121 inquam,
3077 1052 3179 1105 ista
3234 1060 3331 1105 aut
3360 1051 3600 1121 qumlibet
3630 1053 3715 1107 alia
3751 1064 3814 1111 aut

2304 1142 2436 1197 lalso
2467 1152 2564 1197 aut
2595 1142 2866 1198 veraciter
2887 1143 3111 1198 obtendi
3143 1153 3401 1213 possunt,
3435 1144 3555 1211 quid
3581 1145 3640 1200 de
3662 1145 3812 1217 Spiritu

2303 1244 2494 1289 sancto
2522 1234 2718 1288 dicturi
2744 1244 2888 1297 sunt,
2914 1236 3008 1304 qui
3037 1236 3216 1290 adhuc
3259 1250 3383 1290 eum
3425 1239 3692 1292 secundum
3723 1240 3812 1296 reli-

2302 1329 2457 1397 quias
2481 1329 2751 1383 haereseos
2775 1328 3013 1393 Ariante,
3048 1331 3317 1384 minorem
3338 1329 3498 1384 Patre
3519 1339 3569 1386 et
3591 1330 3707 1387 Filio
3728 1349 3812 1404 pto-

2301 1419 2428 1475 fana
2454 1430 2637 1475 mente
2660 1421 3035 1476 contendunt?
3066 1420 3204 1476 Cum
3251 1421 3320 1475 ab
3352 1423 3600 1479 institutis
3622 1435 3814 1494 paterno-

2302 1527 2423 1566 rum
2453 1527 2741 1575 canonum,
2778 1521 2834 1567 et
2856 1513 2924 1568 ab
2959 1511 3331 1568 Occidentalis
3367 1514 3610 1570 Ecclesiae
3633 1516 3705 1585 pio
3723 1516 3814 1585 ritu,

2301 1618 2461 1658 sensu
2489 1619 2553 1657 ac
2577 1603 2892 1658 multimoda
2916 1605 3131 1661 actione
3154 1605 3485 1663 discordem.
3510 1608 3640 1662 hunc
3657 1608 3815 1663 damna-

2302 1694 2464 1749 tionis
2488 1709 2599 1748 suae
2621 1693 2938 1764 abjeccrunt
2960 1697 3265 1762 cumulum,
3299 1708 3358 1752 ut
3383 1698 3663 1755 claudicare
3686 1700 3815 1770 perhi-

2300 1785 2485 1853 beant,
2571 1786 2778 1841 inﬂicta
2826 1788 2877 1842 ei
2932 1789 3168 1859 propriae
3240 1799 3449 1844 naturae
3505 1791 3813 1863 inaequalitate,

2233 1861 2275 1916 Β
2303 1882 2494 1937 Deum.
2527 1881 2582 1938 Si
2629 1884 2803 1950 enim,
2829 1899 2894 1939 ex
2936 1885 3061 1941 Filii
3101 1887 3195 1941 Dei
3222 1896 3514 1958 praecepto,
3541 1888 3588 1942 in
3622 1886 3759 1945 Patris
3775 1861 3814 1946 et

2302 1974 2423 2029 Filii
2466 1985 2521 2030 et
2563 1974 2803 2047 Spiritus
2845 1980 3023 2035 sancti
3082 1981 3307 2035 nomine
3362 1982 3708 2052 baptizandum
3756 1992 3813 2039 est

2304 2064 2526 2134 (Matth.
2558 2082 2750 2133 xxvut,
2799 2070 2921 2140 l9),
2955 2080 3009 2126 et
3049 2072 3152 2127 hoc
3205 2072 3414 2129 ideirco
3445 2074 3564 2142 quia
3605 2074 3700 2129 hec
3742 2075 3809 2129 tria

2303 2170 2441 2211 unus
2471 2157 2610 2213 Deus
2639 2169 2752 2215 est:
2781 2161 3041 2232 quidquid
3072 2164 3125 2218 in
3168 2165 3257 2220 his
3301 2164 3471 2220 tribus
3496 2167 3718 2222 asseritur
3738 2168 3808 2221 mi»

2302 2263 2402 2303 nus
2433 2249 2718 2316 alterutro,
2754 2251 2895 2308 Deus
2923 2254 3170 2324 profecto
3199 2273 3306 2312 non
3343 2266 3444 2313 est.

2373 2341 2451 2393 0b
2482 2341 2713 2411 ipsorum
2736 2357 2950 2413 peccata
2984 2349 3226 2417 gentibus
3258 2350 3471 2404 tradite:
3506 2358 3615 2405 sunt
3652 2350 3809 2404 dim

2300 2433 2602 2502 provincite.
2635 2466 2708 2477 --
2743 2437 2956 2493 Talium
3006 2457 3135 2511 ergo
3186 2443 3536 2515 congregatio
3598 2453 3807 2498 taurorum

2301 2524 2445 2580 inter
2483 2542 2677 2584 vaccas
2715 2531 3057 2602 populorum,
3120 2537 3466 2591 excluserunt
3518 2538 3661 2591 etiam
3709 2549 3808 2590 nunc

2300 2631 2395 2673 eos
2422 2619 2514 2688 qui
2541 2621 2755 2691 probati
2786 2635 2912 2679 sunt
2959 2637 3189 2698 argento
3210 2629 3386 2698 (Psal.
3415 2645 3573 2693 van,
3600 2629 3694 2693 3!),
3718 2630 3807 2682 dum

2300 2711 2521 2779 quidam
2582 2717 2943 2785 nostratium,
3004 2721 3105 2775 hac
3158 2720 3469 2778 Graecorum
3532 2720 3807 2776 altercatione

2301 2803 2476 2871 citati,
2536 2806 2871 2867 clarissimos
2919 2814 2986 2869 de
3030 2817 3203 2871 sancti
3258 2816 3489 2887 Spiritus
3533 2814 3806 2885 processisse

2300 2897 2586 2955 ediderunt
2632 2901 2817 2959 libros.
2872 2905 2943 2959 At
3002 2909 3261 2977 quoniam
3299 2907 3654 2977 oﬂ‘endiculum
3700 2903 3807 2975 ponit

2303 2989 2447 3045 Deus
2470 3007 2655 3047 coram
2682 2994 2767 3051 his
2796 2998 2888 3066 qui
2925 2999 3236 3057 voluntarie
3250 3010 3492 3072 peccant,
3523 3008 3649 3053 terra
3668 3008 3806 3052 eorum

2302 3081 2446 3152 ipsos
2487 3084 2569 3138 sui
2613 3086 2948 3146 habitatores
2990 3096 3262 3161 evomuit,
3312 3096 3434 3149 dum
3465 3094 3622 3163 primo
3661 3092 3805 3147 ﬁunt:

604 3177 695 3232 cui
729 3186 852 3248 post
874 3176 1162 3244 Graeciam,
1212 3179 1525 3250 plenissime
1554 3182 1956 3239 succubuerunt
2003 3185 2192 3256 Hispa-

2305 3177 2493 3231 notitia
2537 3194 2677 3236 verae
2706 3183 3039 3242 credulitatis
3085 3187 3252 3261 3'72
3289 3202 3529 3246 exsortes
3571 3202 3626 3243 ac
3665 3186 3808 3239 metito

606 3272 724 3336 nia,
752 3270 1024 3344 lllyricum
1058 3269 1180 3346 [al.,
1217 3272 1426 3345 lllyres]
1456 3282 1509 3329 et
1544 3274 1748 3330 Africa.
1776 3275 2013 3331 Alterius
2044 3277 2198 3333 fabu-

606 3361 694 3427 he,
753 3363 859 3419 etsi
914 3362 1171 3420 ridendas.
1221 3365 1693 3435 argutissimorum
1753 3368 1918 3421 etiam
1957 3367 2197 3423 virorum

602 3454 764 3528 longe
807 3455 1024 3527 lateque
1072 3457 1402 3513 obtuderunt
1431 3460 1588 3529 quasi
1633 3460 1919 3531 prtestigiis
1972 3460 2195 3530 quibus-

604 3548 730 3603 dam
771 3551 1042 3607 acumina.
1082 3551 1221 3619 Quid
1259 3551 1570 3616 Ennomios,
1606 3552 1955 3623 Eutychetes,
2005 3552 2199 3609 Nesto-

611 3640 833 3711 riosque
859 3639 1085 3713 loquar?
1114 3633 1480 3701 tnonstrorum
1506 3643 1671 3699 millia
1717 3645 1928 3699 texam?
1955 3644 2196 3713 Quorum

602 3732 865 3789 adversus
895 3746 1112 3794 nostros
1143 3748 1252 3792 tam
1294 3738 1543 3809 pertinax
1576 3738 1826 3793 vecordia
1877 3738 1998 3801 fuit,
2034 3742 2197 3797 adeo-

604 3838 711 3897 que
737 3827 973 3885 difﬁcilis
1004 3829 1230 3886 victoria
1257 3830 1507 3899 provenit
1530 3841 1591 3887 ut
1618 3831 1935 3888 viderentur
1958 3833 2197 3891 haereses

606 3934 717 3975 non
749 3921 945 3993 gladiis
972 3921 1069 3999 sed
1118 3922 1351 3980 fustibus
1378 3923 1659 3979 decollari.
1693 3923 2018 3981 Rccolamus
2050 3935 2199 3983 vete-

600 4027 695 4069 res
721 4010 790 4068 de
818 4014 1123 4086 originibus
1152 4030 1439 4087 regnorum
1472 4016 1748 4081 historias,
1792 4028 1845 4073 et
1893 4019 2197 4091 garriamus

602 4122 770 4178 super
809 4106 1038 4163 ridiculo
1063 4118 1204 4164 statu
1248 4124 1435 4181 regum
1466 4119 1520 4165 et
1565 4110 1858 4167 Asiaticam
1894 4111 2193 4180 levitatem,

604 4213 769 4270 super
798 4199 975 4257 subita
1004 4198 1310 4272 principum
1370 4201 1717 4257 destitutione
1763 4217 1825 4258 ae
1854 4204 2195 4259 restitutione

599 4289 885 4348 miremur.

673 4382 979 4442 Grecorum
1028 4403 1251 4444 erronea
1302 4387 1565 4443 doctrina.
1595 4417 1663 4429 -ι
1692 4388 1793 4457 Qui
1828 4404 1959 4460 ergo
2006 4390 2192 4448 doceri

601 4478 671 4536 de
698 4495 888 4537 eorum
919 4480 1063 4537 fteda
1115 4481 1419 4537 mobilitate
1448 4481 1743 4547 desiderat,
1770 4484 2106 4540 rotabundos
2136 4484 2190 4539 in

2304 3266 2499 3323 deinde
2553 3286 2617 3326 ac
2660 3276 2802 3343 jure,
2856 3282 3032 3333 omnis
3082 3296 3193 3334 suae
3250 3292 3475 3339 terrenae
3521 3275 3806 3352 possessionis

2303 3369 2570 3416 extorres.
2602 3362 2737 3419 Dum
2772 3366 2915 3421 enim
2943 3386 2972 3422 a
3002 3368 3291 3430 Trinitatis
3322 3375 3423 3430 tide
3470 3374 3744 3433 desciscunt,
3767 3374 3809 3421 ut

2304 3451 2480 3506 adhuc
2520 3454 2840 3513 sortlescant
2874 3462 2965 3529 qui
3000 3462 3051 3516 in
3090 3466 3345 3523 sordibus
3374 3474 3489 3522 sunt
3515 3465 3680 3536 (Αροτ.
3708 3473 3806 3523 uti.

2304 3542 2364 3598 11
2384 3550 2427 3614 ),
2460 3547 2717 3615 paulatim
2746 3566 2916 3621 usque
2945 3556 3011 3608 ad
3052 3565 3297 3613 extrema
3324 3557 3653 3627 suscipienda:
3680 3549 3808 3624 genti.

2302 3633 2471 3691 litatis
2500 3637 2823 3696 detrimenta
2849 3655 3129 3713 venerunt,
3158 3658 3211 3703 et
3234 3650 3553 3720 procedente
3571 3654 3805 3716 pmttapec-

2301 3728 2432 3795 cati,
2486 3730 2805 3803 alienigenis
2865 3737 3219 3807 irruentibus,
3272 3744 3433 3798 etiam
3474 3740 3629 3795 solum
3666 3732 3806 3805 patria

2303 3822 2636 3891 amiserunt;
2669 3836 2782 3892 aut,
2812 3829 2857 3883 si
2876 3834 3185 3902 quempiam
3217 3834 3417 3892 ibidem
3445 3842 3692 3889 remanere
3713 3839 3803 3879 oon.

2302 3916 2439 3984 tigit,
2472 3920 2712 3974 externis
2742 3921 3006 3995 indigena:
3044 3941 3165 3982 sese
3200 3930 3305 3984 sub
3333 3927 3512 3983 tributi
3541 3914 3804 3980 redibitioni-

2298 4007 2401 4062 bus
2451 4011 2825 4087 subdiderunt.
2874 4015 3351 4078 Praedicatissimae
3398 4017 3663 4077 nobilitatis
3687 4011 3803 4067 urbes

2297 4098 2608 4168 Antiochia,
2651 4101 2954 4163 Jerusalem
3005 4125 3070 4166 ac
3122 4110 3328 4181 Nicaea,
3379 4112 3531 4168 etiam
3556 4101 3799 4179 provincia

2300 4190 2476 4261 Syria,
2506 4193 2790 4250 Palaestina
2837 4208 2893 4252 et
2936 4198 3165 4268 Graecia,
3211 4216 3270 4259 et
3294 4205 3482 4275 quibus
3511 4213 3643 4256 novat
3663 4191 3799 4267 εταιίε

2297 4285 2591 4341 seminaria
2630 4288 2981 4357 pullularunt,
3037 4296 3303 4355 abortivis
3351 4280 3641 4353 ﬂorentibus
3676 4284 3797 4347 Italis.

2297 4377 2484 4445 Gallis,
2520 4379 2834 4439 Britonibus
2866 4386 2932 4440 ab
2981 4387 3197 4446 interno
3226 4393 3409 4447 virore
3440 4385 3667 4444 radicitus
3692 4375 3798 4433 deft?

2295 4481 2511 4527 cerunt.
2557 4472 2737 4529 Taceo
2782 4477 2926 4545 quod
2979 4478 3031 4533 in
3076 4481 3230 4551 ipsis,
3276 4483 3431 4537 utita
3461 4476 3679 4537 dixerim,
3713 4464 3798 4537 ψιε-

604 4572 788 4643 regnis
831 4573 1279 4646 alternantesque
1321 4576 1621 4633 Antioehos
1656 4576 2069 4649 Demetriosque
2106 4594 2193 4635 τε)-
2226 4584 2270 4639 D
2298 4564 2509 4634 5‘!"illis
2539 4566 2905 4623 Εοε¹εεί³τυω
2937 4577 3100 4626 “lan
3129 4573 3415 4631 abusiones
3437 4568 3734 4628 ίηυίενθτυηίν
3755 4562 3795 4610 ⁸³⁸

603 4674 842 4727 censeat,
895 4676 951 4722 et
1007 4682 1167 4737 quem
1219 4669 1379 4725 ltotlie
1423 4668 1865 4727 ﬂorentissimum
1896 4671 2095 4729 viderit
2134 4674 2191 4730 in

602 4756 858 4827 imperio,
906 4761 1148 4830 gentium
1208 4760 1441 4819 facilitas
1504 4763 1841 4819 subditarum
1900 4780 2023 4821 eum
2080 4782 2190 4822 non

599 4850 821 4906 modoa
871 4849 1131 4917 fascibus,
1164 4869 1350 4911 verum
1378 4856 1610 4911 naturali
1664 4873 1785 4913 cras
1822 4860 2062 4917 exsulem
2110 4861 2189 4916 di-

598 4950 820 5015 sperget
854 4958 885 4998 a
914 4940 1051 4998 solo.
1087 4942 1240 4999 Unde
1279 4946 1393 5002 haec
1423 4948 1685 5018 ipsorum,
1715 4958 1769 5005 et
1791 4950 1843 5005 in
1868 4961 1992 5007 actu
2020 4968 2188 5008 saecu-

596 5032 723 5096 lari,
757 5045 811 5088 et
856 5034 910 5090 in
939 5033 1248 5090 Christiana
1279 5035 1614 5106 professione
1646 5042 1951 5112 nugacitas,
1988 5045 2055 5098 ad
2083 5046 2186 5101 hoc

595 5138 772 5195 usque
798 5132 1009 5199 tempus
1044 5128 1096 5182 in
1121 5136 1329 5183 tantum
1357 5129 1528 5200 viguit
1555 5138 1613 5184 ut
1644 5146 1819 5200 neque
1844 5133 1897 5189 in
1920 5133 2183 5192 Euchari-

594 5218 717 5273 Stize
751 5220 1117 5289 conlessiune,
1159 5235 1336 5292 neque
1376 5223 1429 5277 in
1481 5225 1793 5293 apostolica:
1822 5228 1967 5283 sedis
2007 5228 2183 5299 subje-

594 5310 777 5364 Ctione
795 5326 934 5381 pene
962 5314 1257 5386 quidquam
1298 5315 1403 5371 illis
1439 5333 1730 5374 commune
1770 5320 2052 5377 nobiscum
2087 5323 2175 5378 sit.

596 5399 704 5457 Sed
756 5402 800 5456 si
857 5406 987 5460 illud
1032 5407 1173 5477 quod
1223 5407 1289 5462 de
1331 5410 1563 5481 panibus
1610 5410 1950 5467 fermentatis
1999 5418 2185 5471 sacra-

593 5498 781 5546 menta
804 5495 1121 5564 coniiciunt,
1156 5500 1499 5559 convenienti
1531 5512 1626 5557 aut
1654 5517 1785 5558 vero
1820 5503 1982 5560 simili
2016 5507 2181 5562 ratio-

593 5582 869 5639 cinatione
921 5586 1252 5656 defenditur,
1304 5593 1453 5663 quia,
1494 5594 1637 5665 quod
1693 5604 1840 5651 recta
1895 5611 2018 5652 cum
2075 5598 2180 5655 ﬁde

589 5678 821 5748 geritur,
848 5680 1143 5737 materialis
1203 5682 1455 5742 fermenti
1505 5688 1830 5745 admistione
1873 5706 1980 5746 non
2024 5691 2176 5747 hedi-

590 5780 702 5837 tur,
755 5778 811 5827 et
845 5775 990 5845 quod
1035 5772 1309 5831 veteribus
1338 5781 1679 5836 caeremoniis
1719 5782 1979 5840 Dominus
2012 5786 2175 5842 tidem

2295 4658 2347 4713 in
2376 4658 2649 4730 plerisque
2679 4661 2894 4715 illorttm
2936 4666 3270 4734 regionibus,
3319 4679 3469 4723 nemo
3494 4661 3552 4717 ad
3580 4652 3791 4729 presbyte-

2292 4752 2431 4807 rium
2468 4756 2819 4823 provehatur,
2854 4758 2959 4813 nisi
3010 4759 3187 4829 primo
3237 4757 3531 4830 conjugium
3574 4746 3787 4837 sortiatur3

2292 4854 2351 4900 ut
2381 4846 2445 4899 de
2476 4844 2634 4903 unius
2662 4848 2852 4905 uxoris
2880 4850 3020 4918 viro,
3051 4853 3143 4923 qui
3171 4852 3447 4926 eligendus
3484 4853 3576 4910 est.
3602 4827 3787 4910 ΑΡ⁰⁵ί⁰¹¹

2291 4940 2558 4995 sententia
2612 4942 2944 5014 compleatur
2997 4944 3061 5016 (Ι
3113 4925 3489 5012 Τίηι.νιιι,2);
3539 4948 3641 4992 eum
3684 4925 3785 4982 idem

2289 5034 2491 5089 dictum
2533 5051 2638 5092 non
2674 5037 2741 5092 de
2796 5032 2862 5094 ἑο
2890 5039 2981 5110 qui
3014 5040 3214 5097 habeat
3250 5050 3305 5097 et
3338 5045 3525 5098 utatur,
3555 5026 3631 5085 sed
3649 5022 3784 5123 deﬁt

2287 5130 2379 5199 qtti
2421 5129 2669 5186 habuerit
2712 5132 3063 5206 habitamque
3101 5138 3384 5203 dimiserit,
3426 5118 3781 5206 constantissime

2287 5221 2648 5279 Occidentalis
2686 5225 2943 5283 Ecclesiae
2981 5205 3315 5289 auctoritate
3364 5231 3598 5285 llrmetur.
3646 5205 3777 5309 Τξοοο

2285 5333 2519 5389 Ψωφιθ»
2561 5328 2747 5374 οοιιιιτει
2805 5326 3258 5381 consuetudinem
3308 5324 3553 5381 Latinam,
3600 5308 3775 5363 martum

2286 5413 2740 5483 teminarumque,
2767 5415 3045 5486 dignitatis
3071 5420 3237 5474 etiant
3268 5415 3558 5475 Christiane
3576 5394 3771 5495 personat

2284 5503 2655 5586 indifferenter
2674 5508 2799 5572 emi,
2835 5485 2900 5564 ac
2941 5510 2986 5564 si
3012 5512 3169 5567 bruta
3215 5510 3471 5569 animalia,
3510 5485 3770 5586 distrahi,fl

2283 5598 2493 5671 longius
2520 5584 2752 5670 apatria
2780 5603 2847 5657 ad
2872 5604 3214 5663 crudelitatis
3246 5606 3584 5678 augmentum,
3606 5589 3656 5637 ιιι
3675 5584 3768 5646 ’ὁπ’

2282 5693 2453 5749 tilium
2485 5693 2618 5750 {iant
2646 5696 2916 5766 mancipia
2944 5700 3251 5757 vendendas
3283 5693 3476 5759 emitti-

2353 5788 2603 5859 Nefanda
2636 5788 2984 5847 Orientalium
3026 5795 3245 5851 scelera.
3276 5822 3363 5840 -ν
3385 5786 3468 5846 His
3494 5772 3675 5839 denique
3689 5769 3773 5859 om:

589 5877 814 5940 ponens,
857 5873 1147 5938 postquam
1192 5880 1314 5925 cum
1352 5870 1561 5944 azymis
1586 5887 1784 5944 agnum
1820 5878 2077 5945 comedit,
2110 5880 2177 5938 de
2278 5839 2450 5938 nibus.
2479 5882 2896 5955 praeponderare
2949 5884 3166 5945 videtur
3218 5883 3378 5961 quod
3417 5839 3773 5947 ill‘l’m'i‘n-apad
