4012 6346
277 231 411 295 689

1335 239 1554 299 GESTA
1591 241 1705 301 DEI
1743 243 1879 302 PER
1903 242 2245 304 FRANCOS.
2267 274 2336 289 —
2359 247 2486 304 LIB.
2507 248 2547 306 ι.

3479 261 3584 320 690

279 353 526 411 eosdem
556 361 772 409 constat
803 352 1128 424 generaliter
1172 352 1290 425 lege
1319 357 1588 411 sancitum
1617 356 1783 426 quod,
1825 357 1892 412 de
1921 361 1972 421 Α
1997 372 2064 414 ex
2104 360 2222 432 ejus
2264 361 2703 422 confabulatione
2743 365 3045 435 conjiciunt
3093 385 3218 428 eum
3275 372 3579 445 intelligen-

277 447 552 505 omnium
606 447 857 504 videlicet
903 447 1138 516 filiabus,
1183 466 1438 507 concessa
1497 453 1696 522 passim
1738 453 1891 522 quasi

282 542 582 612 pro'justo
626 541 866 605 licentia,
897 542 1099 596 assumi
1137 542 1374 598 debeant
1405 543 1667 600 subitura:
1693 545 1894 613 prosti-

278 632 512 690 bulum.
547 632 706 688 Verbi
729 633 900 704 gratia
929 652 940 687 :
974 634 1116 690 Ecce
1142 635 1263 705 quis
1295 636 1456 692 habet
1490 645 1600 692 tres
1637 647 1730 691 aut
1759 653 1896 708 qna-

279 733 432 782 tuor
458 726 617 792 tilias,
649 742 754 781 una
785 741 973 782 earum
1024 728 1091 782 ad
1125 727 1358 798 lupanar
1386 733 1701 799 exponitur,
1745 739 1798 786 et
1827 731 1894 786 de

275 836 362 878 eo
410 823 527 894 ipso
556 829 664 876 tam
694 822 902 892 putenti
957 821 1129 890 lucro,
1159 824 1300 893 quod
1350 822 1643 880 infelicium
1677 823 1891 880 illarum

277 925 380 972 est
430 917 690 988 passione
727 915 1036 986 quaesitum,
1069 931 1198 987 pars
1243 917 1429 972 nescio
1479 928 1643 988 quota
1704 917 1890 972 miseri

277 1007 647 1079 imperatoris
698 1005 942 1062 defertur
999 1004 1065 1061 ad
1111 1007 1327 1072 fiscum;
1380 1022 1508 1076 pars
1556 1007 1608 1060 in
1640 1018 1890 1076 sumptus

275 1100 418 1172 ejus
452 1116 571 1171 quae
615 1099 847 1170 turpiter
875 1099 1163 1164 admeruit,
1193 1100 1477 1155 retinetur.
1503 1098 1641 1154 Ecce
1685 1099 1891 1154 clamor

275 1191 352 1246 it:
398 1191 608 1247 Domini
647 1188 887 1245 Sabaoth
916 1205 1076 1245 aures
1123 1191 1284 1246 nimis
1337 1189 1674 1244 truculentcr
1699 1204 1889 1244 ascen-

277 1283 451 1340 dens.
509 1280 777 1337 Praeterea
813 1281 1126 1338 sacerdotes
1163 1281 1359 1352 quibus
1408 1291 1492 1338 est
1545 1292 1886 1337 sacramenta

278 1362 480 1431 divina
510 1384 747 1431 tractare
772 1377 1144 1439 commissum,
1180 1375 1519 1432 Dominicum
1546 1391 1742 1446 corpus
1766 1383 1887 1446 post

273 1471 521 1542 prandia
554 1472 608 1526 in
639 1469 795 1536 locis,
842 1481 898 1525 ιιι
933 1470 1138 1535 audivi,
1164 1469 1438 1542 plerisque
1483 1470 1800 1533 conficiunt,
1833 1477 1888 1523 et

271 1561 475 1636 ‘ejuno
507 1565 727 1621 cuilibet
765 1565 1157 1620 absumendutn
1207 1564 1514 1636 porrigunt.
1555 1561 1690 1618 Dum
1723 1563 1808 1618 his
1833 1572 1888 1617 et

279 1658 421 1714 aliis
463 1656 732 1712 similibus
771 1656 1100 1711 malitiarum
1130 1657 1306 1711 modis
1343 1665 1632 1722 exerrant;
1667 1656 1791 1711 dum
1831 1655 1882 1708 in

279 1751 412 1809 suis
461 1749 940 1805 adinventionibus
967 1759 1111 1804 ‘cunt
1133 1747 1307 1820 (l’sal.
1341 1765 1504 1813 Lxxx,
1535 1749 1646 1820 15),
1683 1762 1880 1802 novum

277 1845 578 1902 constituit
631 1844 775 1899 Deus
812 1859 974 1914 super
1024 1859 1118 1898 eos
1169 1843 1566 1913 legislatorem:
1600 1841 1670 1898 Ut
1707 1843 1884 1897 sciant

277 1949 483 2013 gentes
530 1938 783 2010 quoniam
837 1937 1086 1992 homines
1125 1945 1252 1991 sunt
1315 1934 1491 2007 (Psal.
1531 1951 1606 2000 tit,
1662 1935 1776 2006 ‘21).
1816 1935 1884 1991 Et

281 2033 424 2090 dum
463 2033 723 2088 terminos
780 2041 996 2103 patrum
1059 2045 1279 2086 suorum
1331 2031 1566 2086 scienter
1609 2037 1881 2100 transgre-

279 2127 520 2183 diuntur
567 2125 762 2198 (Prov.
803 2143 945 2193 χλιι,
983 2126 1096 2200 28),
1139 2127 1206 2182 ad
1251 2127 1356 2182 hoc
1403 2125 1596 2181 merito
1640 2123 1880 2180 devoluti

279 2228 421 2276 sunt
445 2228 522 2287 ut,
550 2220 979 2296 pecoribusfacti
1003 2220 1416 2290 petulantiores,
1445 2217 1741 2288 opprobrio
1785 2217 1882 2271 ha-

279 2311 544 2369 beantur.
581 2312 687 2369 Sed
732 2313 1124 2383 aliquantisper
1164 2311 1568 2367 edisserendnm
1603 2320 1705 2380 est,
1756 2326 1878 2365 cum

284 2405 657 2461 Christianum
691 2405 894 2460 cultum
931 2404 1222 2476 aliquando
1253 2403 1558 2459 deseruisse
1586 2412 1880 2458 noscantur

283 2499 649 2558 Orientalium
680 2499 926 2553 nationes
967 2509 1025 2552 ut
1066 2498 1120 2552 in
1171 2496 1547 2570 paganismum
1593 2495 1876 2563 redierint,

284 2609 400 2665 quo
427 2593 643 2648 tandem
677 2601 902 2647 auctore
935 2591 1204 2646 nitantur.

914 2685 1144 2743 CAPUT
1186 2685 1271 2741 lll.

363 2779 495 2853 [ιιι]
548 2779 832 2834 Mohometi
870 2780 1140 2850 dogmata.
1185 2810 1256 2821 —-
1293 2778 1508 2835 Plebeia
1563 2779 1744 2851 opinio
1793 2789 1877 2837 cst

286 2873 578 2944 quemdam
611 2871 797 2936 fuisse,
826 2875 944 2940 qui,
969 2872 1013 2924 si
1034 2869 1169 2926 bene
1202 2886 1325 2925 eum
1358 2871 1623 2938 exprime,
1664 2869 1875 2924 Matho-

288 2981 414 3022 mus
444 2973 801 3036 nuncupctur,
831 2965 919 3034 qui
948 2971 1219 3035 quondam
1249 2979 1343 3020 eos
1367 2980 1396 3018 a
1424 2964 1542 3018 Filii
1573 2973 1626 3019 et
1644 2963 1878 3034 Spiritus

2001 453 2130 507 tiam
2175 454 2458 510 catholicae
2505 457 2628 513 tidei
2681 474 2787 516 non
2826 460 3029 518 habere
3077 466 3421 522 concordem.
3461 467 3580 536 Quo

1997 545 2235 616 cognito,
2268 547 2554 602 confestim
2587 552 2806 620 penitus
2846 553 2916 609 ab
2949 554 3185 610 hominis
3229 573 3390 628 quam
3418 572 3579 630 cepe-

1997 645 2119 690 rant
2171 635 2438 692 electione
2480 638 2810 708 desciscunt,
2837 653 2892 699 ct
2941 644 2996 700 in
3050 647 3288 703 maximo
3343 662 3582 706 maerore

1995 743 2094 799 pro
2128 729 2212 785 sui
2243 731 2624 800 reprobatione
2671 735 3035 793 constituunt.
3082 738 3439 811 Contemptus
3474 741 3581 814 igi-

1997 833 2084 880 tur
2106 840 2230 881 cum
2252 827 2496 883 molestia
2513 826 2635 900 [al.,
2655 829 2940 903 maestitia]
2963 831 3358 890 dilacerarctur
3381 839 3578 904 atroci,

1993 921 2250 990 quoniam
2282 936 2386 976 non
2416 924 2592 994 potuit
2619 923 2686 979 ad
2716 923 2770 979 id
2796 926 2940 996 quod
2963 929 3238 986 ambiebat
3269 946 3576 1004 assurgere,

1992 1013 2060 1068 ad
2087 1014 2200 1068 Arii
2231 1014 2641 1071 similitudinem
2688 1017 2939 1073 meditari
2985 1035 3170 1078 secum
3197 1026 3361 1081 anxie
3390 1029 3578 1100 εωρίι,

1992 1122 2100 1178 quo
2131 1108 2292 1164 modo
2328 1106 2498 1166 effuso
2525 1110 2670 1180 quod
2717 1123 3047 1182 conceperat
3075 1115 3320 1184 perfidiae
3343 1135 3577 1186 veneno,

1991 1201 2060 1256 ad
2103 1201 2186 1255 sui
2215 1200 2474 1256 ultionem
2504 1201 2772 1258 catholica
2799 1204 3001 1274 passim
3027 1215 3210 1276 posset
3250 1208 3577 1267 documenta

1991 1302 2326 1364 pervertere.
2352 1293 2512 1349 Tales
2542 1309 2774 1366 namque
2797 1295 3068 1361 homines,
3095 1312 3328 1368 quorum
3350 1311 3459 1356 tota
3492 1304 3578 1358 iu-

1991 1385 2165 1439 tentio
2196 1384 2445 1440 humanae.
2467 1400 2634 1455 prona
2672 1394 2755 1442 est
2782 1387 2948 1451 laudi,
2984 1387 3261 1445 lethaliter
3285 1389 3576 1458 feriuntur,

1991 1478 2331 1534 intolerabile
2357 1479 2598 1549 rugiunt,
2625 1481 2669 1536 si
2695 1480 3114 1538 :cstimatiouem
3146 1497 3302 1539 suam
3334 1484 3579 1554 qualibet

1990 1573 2262 1630 senserint
2301 1574 2588 1629 occasione
2644 1573 2913 1628 imminui.
2960 1573 3074 1631 Hac
3117 1576 3377 1649 antiquus
3403 1577 3578 1636 hostis

1989 1668 2132 1739 apud
2161 1669 2444 1723 eremitam
2489 1682 2644 1721 suum
2677 1667 3086 1739 Opportunitate
3113 1668 3331 1740 provisa
3363 1669 3449 1726 bis
3476 1671 3578 1725 mi-

1990 1759 2280 1816 serandnm
2324 1759 2487 1814 dictis
2521 1761 2725 1828 aggred
2751 1769 2841 1815 tur
2874 1778 2888 1816 :
2935 1780 2954 1814 ι
2983 1760 3062 1828 Si,
3097 1761 3294 1833 inquit,
3345 1763 3428 1820 vis
3457 1764 3575 1820 evi-

1988 1855 2124 1910 dens
2149 1853 2380 1924 repulsa:
2426 1862 2532 1908 tua:
2573 1852 2849 1921 solatium,
2904 1861 2958 1909 et
2997 1853 3162 1911 multo
3195 1853 3370 1926 majus
3411 1871 3576 1926 quant

1985 1946 2298 2016 patriarcha
2349 1945 2560 2001 valeres
2607 1945 2811 2000 habere
2859 1946 3262 2016 magisterium,
3300 1947 3444 2004 inter
3480 1964 3577 2006 eos

1985 2039 2078 2110 qui
2114 2039 2182 2094 ad
2213 2048 2264 2095 te
2297 2038 2544 2110 proxime
2574 2039 2816 2106 venient,
2848 2048 2975 2094 nota
3009 2039 3574 2113 diligenter-juvenem

1987 2132 2080 2188 tali
2113 2141 2280 2198 veste,
2314 2133 2408 2188 tali
2445 2133 2634 2188 ‘vultus
2659 2140 2714 2188 et
2761 2133 3008 2201 corporis
3035 2133 3376 2202 habitudine,
3409 2135 3575 2212 373

1984 2225 2079 2280 tali
2100 2226 2262 2280 etiam
2293 2225 2532 2281 nomine.
2551 2225 2706 2280 Hunc
2731 2226 2929 2281 animis
2958 2241 3162 2292 acrem,
3187 2227 3402 2300 tuisque
3426 2245 3575 2285 com-

1959 2325 2260 2386 petentem
2285 2317 2550 2384 moribus,
2573 2331 2638 2374 ea
2661 2317 2910 2374 doctrina
2933 2333 3053 2389 qtttr
3073 2318 3224 2374 cordi
3257 2327 3350 2374 ttto
3365 2319 3576 2390 adjacet

1984 2409 2185 2466 imbue.
2208 2408 2364 2465 Hunc
2382 2410 2778 2465 institutionum
2801 2418 3016 2464 tuarum
3034 2409 3578 2466 fidissimumaudito-

1982 2516 2098 2557 rem
2145 2511 2674 2572 propagatoremque
2704 2513 2796 2557 tuo
2826 2502 3146 2574 magistratu
3169 2516 3518 2572 prosequere.
3549 2521 3570 2555 ι

2062 2589 2236 2645 Vidua
2263 2593 2364 2662 ipsi
2393 2593 2458 2646 ab
2503 2592 2719 2648 eremita
2751 2609 2887 2647 uxor
2935 2593 3266 2664 adjangitur.
3320 2591 3578 2664 Inepile-

1981 2684 2149 2756 psiam
2177 2684 2381 2739 incidit.
2412 2712 2477 2726 -
2497 2683 2591 2740 Ille
2621 2684 2883 2741 sollicitus
2916 2687 3017 2741 hoc
3045 2684 3269 2741 oraculo
3307 2686 3576 2752 redditus,

1979 2778 2240 2847 praedicta
2267 2779 2368 2833 sibi
2400 2779 2546 2834 inter
2572 2778 2979 2835 adventantium
3004 2794 3209 2837 cuneos
3237 2780 3577 2852 circumspe-

1983 2872 2064 2926 xit
2088 2871 2337 2944 insignia,
2381 2870 2750 2942 jnvenemque
2781 2873 3117 2942 recognitum
3164 2872 3463 2932 affectuose
3494 2884 3578 2934 te-

1983 2965 2122 3032 nuit,
2155 2975 2308 3036 peste
2344 2980 2448 3036 qua
2483 2965 2797 3021 tabescebat
2828 2965 3060 3034 imbuit;
3104 2977 3181 3032 et,
3209 2968 3338 3039 quia
3369 2983 3576 3039 pauper

290 3059 462 3115 sancti
519 3073 738 3128 prorsus
795 3057 1118 3112 credulitate
1155 3057 1430 3112 diduxerit
1478 3055 1654 3127 (δυ’),
1708 3056 1874 3111 solius
1901 3081 1946 3143 C
1983 3065 2185 3112 eratet
2227 3057 2451 3126 pauperi
2500 3057 2678 3112 minus
2721 3057 3066 3113 aurtoritatis
3093 3058 3434 3129 suppetebat,
3471 3060 3576 3115 hoc

291 3152 468 3208 Patris
519 3167 784 3224 personae,
835 3152 990 3222 quasi
1047 3152 1158 3206 Deo
1205 3151 1295 3205 uni
1336 3160 1388 3205 et
1439 3151 1671 3205 creatori
1717 3151 1873 3206 inuiti

292 3244 555 3309 decuerit,
587 3244 769 3300 Jesum
795 3260 986 3316 purum
1020 3245 1296 3300 hominem
1324 3243 1544 3309 dixerit,
1576 3255 1652 3310 et,
1677 3255 1735 3298 ιιι
1758 3248 1878 3299 bre-

295 3339 432 3395 viter
450 3337 566 3407 ejus
599 3337 792 3410 dogma
825 3337 1169 3403 concludam,
1203 3337 1622 3392 circumcisione
1658 3339 1876 3408 quidem

293 3431 531 3495 decreta,
591 3431 756 3486 totius
813 3432 892 3486 eis
950 3429 1302 3500 impudicitia:
1359 3431 1560 3485 laxavit
1615 3431 1873 3487 habenas.

293 3522 463 3593 Quem
497 3523 778 3595 profanum
804 3523 1074 3590 hominem
1109 3539 1290 3594 parvae
1320 3523 1545 3578 multum
1588 3525 1878 3594 antiquita-

294 3622 364 3678 tis
391 3619 640 3675 existimo
681 3633 786 3672 non
839 3619 908 3673 ob
953 3618 1094 3674 aliud
1136 3619 1366 3683 scilicet,
1407 3619 1509 3674 nisi
1551 3619 1676 3689 quia
1705 3619 1877 3675 eccle-

293 3713 632 3770 siasticortuu
663 3712 942 3766 doctorum
993 3713 1261 3767 nemiuem
1295 3722 1485 3767 contra
1513 3711 1630 3782 ejus
1667 3713 1880 3784 spurci-

298 3807 427 3860 tiam
477 3808 762 3876 scripsisse
819 3807 1056 3876 reperio.
1121 3804 1289 3874 Cujus
1343 3820 1523 3861 morcs
1579 3805 1872 3876 vitamque,

293 3916 416 3956 cum
460 3916 720 3972 nusquam
759 3903 958 3971 scripta
991 3900 1297 3967 didicerim,
1328 3915 1448 3970 quae
1479 3916 1507 3954 a
1551 3900 1875 3971 quibusdam

294 3991 666 4048 discrtioribus
708 3991 815 4047 diei
860 3991 1019 4063 vulgo
1047 3991 1372 4057 audiverim,
1414 3989 1544 4045 nulli
1567 3991 1729 4046 debet
1757 4005 1877 4046 esse

296 4085 490 4142 mirum
520 4083 563 4138 si
597 4084 780 4140 dicere
819 4084 998 4140 velim.
1033 4084 1257 4139 Frustra
1289 4084 1450 4153 plane
1485 4085 1555 4140 ab
1601 4084 1804 4154 aliquo,
1830 4085 1875 4140 si

295 4177 430 4232 falsa
454 4193 519 4232 an
547 4193 675 4232 vera
708 4178 815 4231 sint
857 4176 1199 4239 discutiatur,
1252 4175 1378 4229 dum
1405 4176 1505 4230 hoc
1541 4175 1877 4231 solummodo

299 4270 636 4333 attendatur,
657 4277 892 4338 quantus
921 4268 1008 4322 ille
1054 4268 1311 4339 magister
1341 4266 1528 4332 fuerit,
1549 4267 1614 4322 de
1637 4283 1744 4336 quo
1767 4277 1876 4322 tam

295 4359 549 4418 nobilium
607 4360 907 4415 facinorum
992 4358 1162 4428 gloria
1217 4368 1562 4430 pr0pagatur.
1639 4358 1874 4413 Securus

1981 3146 2030 3201 ei
2067 3146 2248 3200 statim
2285 3145 2444 3200 modo
2474 3145 2694 3202 divitias
2720 3147 3054 3216 procuravit.
3111 3148 3386 3205 Ditissima
3417 3163 3574 3220 qua:-

1985 3237 2110 3292 dam
2143 3237 2341 3293 mulier
2375 3237 2715 3306 viduitatem,
2745 3238 2980 3294 obennte
3013 3241 3236 3308 marito,
3285 3241 3572 3298 inciderat.

1984 3331 2116 3385 Eam
2147 3331 2250 3386 sibi
2291 3331 2480 3385 nuntio
2506 3331 2916 3388 sordidissimus
2939 3334 3495 3403 eremita’contraxit,
3521 3345 3579 3394 et

1979 3423 2050 3478 de
2087 3424 2322 3496 conjugii
2373 3424 2661 3479 iteratione
2692 3426 3029 3482 subtnonuit.
3057 3426 3147 3482 Illa
3179 3444 3302 3484 cum
3347 3429 3576 3498 diceret,

1974 3514 2128 3586 juxta
2160 3532 2270 3572 sua:
2300 3526 2500 3572 statum
2546 3518 2870 3582 honestatis,
2902 3535 3008 3576 non
3057 3536 3117 3578 se
3147 3532 3345 3593 priesto
3372 3523 3577 3580 habere

1967 3623 2146 3678 quem
2176 3609 2416 3674 duceret,
2449 3609 2565 3679 ipse
2606 3609 2808 3672 intulit,
2842 3626 2902 3666 se
2931 3611 3034 3668 sibi
3067 3622 3254 3683 aptum
3303 3615 3578 3672 invenisse

1981 3701 2329 3770 prophetam,
2378 3709 2432 3754 et
2460 3714 2607 3766 eam,
2636 3701 2682 3756 si
2728 3701 2831 3756 sibi
2867 3704 3264 3774 acquiesceret,
3313 3722 3408 3777 per
3455 3705 3578 3777 ejus

1982 3791 2199 3862 nuptias
2245 3791 2460 3848 felicem
2498 3795 2723 3849 omnino
2750 3805 3040 3856 victuram.
3071 3796 3238 3854 Multa
3288 3799 3576 3857 mulierem

1981 3889 2467 3946 circuinlocutione
2501 3893 2868 3963 prmslrittgil;
2892 3905 2946 3952 et
2981 3897 3048 3951 ad
3077 3913 3322 3970 praesens
3343 3900 3393 3956 ei
3428 3899 3574 3956 ictuc

1984 3998 2214 4054 rumque
2243 3984 2499 4040 sacculum
2549 3984 2815 4044 affuturus
2865 3991 3146 4062 prophetre
3195 3991 3340 4048 illius
3387 3993 3574 4064 provi-

1981 4076 2165 4130 siones
2195 4074 2476 4146 pollicens,
2518 4076 2572 4131 in
2625 4091 2868 4134 amorem
2904 4081 3076 4150 ipsius
3104 4097 3264 4152 quem
3315 4098 3421 4138 non
3470 4100 3574 4140 no-

1979 4175 2133 4222 verat
2158 4165 2394 4223 hominis
2425 4167 2716 4225 femineum
2743 4175 2900 4242 jecur
2927 4175 3249 4247 exporrigit.
3273 4173 3381 4247 Spe
3408 4176 3575 4247 igitur

1977 4259 2219 4316 omnium
2251 4277 2370 4331 quae
2393 4263 2588 4317 fierent
2621 4273 2674 4317 et
2705 4280 2825 4332 qna-
2859 4265 3031 4319 lienda
3060 4276 3245 4322 essent
3276 4270 3571 4340 prmcogui-

1981 4351 2145 4407 tionis
2180 4351 2376 4418 illecta,
2414 4368 2512 4409 suo
2533 4354 2642 4408 vati
2674 4355 3052 4424 eoujungitur;
3089 4367 3142 4410 et
3169 4356 3378 4433 pridem
3411 4358 3578 4415 miser

296 4453 435 4511 enim
459 4455 582 4524 quis
611 4453 678 4508 de
699 4469 763 4507 eo
806 4452 946 4508 male
969 4460 1175 4516 cantat,
1201 4449 1356 4519 cujus
1384 4451 1695 4523 malignitas
1721 4454 1871 4522 quid.
1912 4441 1957 4496 Ι)
1984 4441 2289 4499 Mathomus
2310 4485 2326 4509 ,
2390 4443 2623 4524 fortunis
2674 4446 3030 4516 undecunque
3079 4447 3408 4504 micantibus
3437 4491 3451 4512 .
3501 4451 3572 4508 ad

295 4545 420 4618 quid
441 4544 591 4616 pravi
631 4544 832 4600 dicitur
865 4543 1200 4599 transcendit
1223 4551 1278 4598 et
1301 4552 1546 4614 superat.

367 4638 525 4714 [ιν]
563 4637 714 4694 Unde
765 4656 919 4694 suum
983 4639 1158 4692 hausit
1227 4653 1498 4692 venenum.
1537 4663 1608 4678 —-
1643 4635 1878 4692 Alexan-

298 4735 535 4799 drinum,
577 4748 686 4805 quo
751 4731 934 4788 nescio
991 4740 1249 4800 tempore,
1286 4731 1649 4801 patriarcham
1701 4731 1878 4787 obisse

301 4821 644 4892 constiterat;
693 4834 746 4881 et
797 4838 1016 4890 vacans,
1060 4832 1118 4877 ut
1182 4823 1399 4889 assolet,
1473 4821 1711 4878 Ecclesia
1759 4837 1881 4879 sese

303 4921 460 4976 multa
519 4920 825 4975 animorum
899 4917 1164 4974 varietate
1235 4915 1576 4982 disciderat;
1638 4925 1694 4972 et
1751 4917 1878 4972 dum

300 5014 516 5088 quisque
557 5013 610 5070 in
671 5029 792 5069 eam
848 5028 1012 5084 quam
1055 5007 1272 5067 allectat
1319 5026 1610 5082 personam
1663 5011 1880 5067 liberio-

301 5113 343 5168 ri
393 5109 668 5166 voluntate
741 5109 1096 5181 protrahitur,
1167 5121 1294 5177 erga
1347 5119 1443 5161 eos
1503 5106 1595 5177 qui
1664 5106 1878 5162 diversa

303 5205 552 5268 sentiunt,
578 5202 774 5259 acriori
821 5201 1108 5258 severitate
1138 5199 1432 5255 invehitur.
1462 5199 1520 5254 ln
1545 5214 1708 5270 quem
1751 5217 1879 5271 ergo

301 5298 538 5372 plurima:
565 5297 932 5353 consideratio
971 5295 1142 5366 partis
1193 5295 1510 5353 incesserat.
1556 5293 1697 5350 haud
1749 5309 1878 5364 pro-

303 5388 380 5447 cul
407 5389 531 5446 inde
555 5389 780 5445 eremita
816 5389 1086 5444 manebat.
1118 5387 1313 5454 Quem,
1348 5401 1514 5440 causa
1541 5384 1656 5455 ejus
1684 5402 1876 5442 essen-

303 5481 829 5551 tiamcomperiendi,
859 5479 1144 5535 scientiam
1183 5477 1603 5548 facundiamque
1642 5494 1874 5536 noscen-

302 5579 370 5645 di,
395 5593 518 5634 cum
543 5575 738 5633 crebro
759 5574 976 5644 quidam
1001 5587 1192 5628 eorum
1220 5571 1524 5642 argutiores
1550 5572 1869 5640 inviserent,

1980 4543 2288 4611 inpiuatos
2315 4543 2508 4608 fasces,
2537 4544 2763 4598 forsitan
2789 4561 2895 4600 non
2926 4545 3045 4601 sine
3072 4545 3156 4602 sui
3182 4546 3352 4617 ipsius
3395 4548 3572 4606 inore.

1981 4636 2130 4692 dihili
2155 4644 2394 4706 stupore,
2438 4636 2774 4707 provehitur.
2824 4637 2894 4692 At
2919 4652 3044 4692 cum
3073 4638 3274 4709 saepius
3299 4648 3579 4698 utrorum-

1981 4742 2085 4798 que
2113 4727 2438 4784 commcrcia
2467 4727 2594 4782 lecti
2627 4729 2784 4785 unius
2815 4744 2950 4785 urna
2970 4730 3292 4802 susciperet,
3311 4736 3577 4806 propheta

1982 4821 2149 4891 coepit
2205 4819 2458 4893 egregius
2511 4821 2704 4875 morbo
2757 4821 3051 4893 epilepsiae,
3105 4839 3268 4895 quem
3310 4828 3578 4882 caducum

1983 4913 2148 4986 vulgo
2176 4914 2432 4980 dicimus,
2482 4913 2771 4986 aliquoties
2811 4916 3035 4982 acriter,
3077 4917 3424 4988 prophetissa
3453 4906 3578 4973 eer-

1986 5018 2172 5075 nente,
2213 5010 2424 5078 vexari,
2475 5021 2532 5067 et
2585 5011 2793 5068 eversis
2820 5012 3119 5079 obtutibus,
3173 5012 3314 5070 facie
3367 5013 3576 5080 tabida,

1986 5101 2144 5157 labiis
2171 5103 2575 5172 spumantibus,
2621 5102 2864 5160 dentium
2910 5104 3029 5175 ejus
3083 5103 3406 5160 stridoribus
3459 5105 3577 5176 ipsa

1984 5197 2201 5253 terreri.
2233 5197 2513 5270 Insperato
2539 5199 2643 5255 hoc
2669 5207 2864 5255 evcntu
2895 5199 3208 5270 perterrita,
3243 5201 3477 5257 recurrit
3505 5201 3578 5258 ad

1987 5290 2317 5359 solitarium,
2365 5293 2618 5363 quodque
2649 5291 2752 5348 sibi
2782 5291 2986 5346 accidit
3038 5300 3294 5348 causatur
3342 5291 3575 5349 infortu-

1983 5384 2156 5449 nium,
2185 5393 2261 5450 et,
2317 5384 2482 5440 animi
2535 5397 2758 5453 prorsus
2813 5383 3136 5454 aegritudine
3187 5392 3571 5450 consternata,

1983 5486 2286 5548 praeoptare
2337 5476 2438 5532 sibi
2473 5476 2672 5529 fatetur
2719 5474 2998 5530 interitum
3041 5490 3202 5544 quant
3236 5478 3574 5534 exsecrabile
3659 5497 3677 5504 -η

1981 5569 2246 5640 arreptitii
2288 5565 2472 5622 subire
2505 5562 2839 5636 cuttjugium.

387 5735 502 5810 30‘)
541 5736 618 5794 De
647 5734 862 5802 Iisdem,
894 5741 946 5792 et
976 5731 1267 5791 Mahometi
1297 5731 1510 5803 origine
1533 5731 1659 5791 vide
1679 5731 2078 5800 Cedreuum,et
2108 5732 2503 5788 Damascenum
2528 5727 2606 5786 De
2641 5725 2956 5796 haeresibus,
2983 5726 3084 5786 sub
3107 5725 3269 5795 tinem
