4012 6346
591 341 691 400 691

1386 340 1448 398 γ.
1485 339 1810 400 ῦΗΙΒΕΒΤῘ
1847 339 2184 399 ABBATISE

2290 339 2514 398 iARlJE
2543 341 2632 398 DE
2668 339 3065 400 NOVIGENTO
3738 351 3814 412 691

665 455 1028 512 Mahametum
1055 471 1191 510 uxor
1213 453 1597 524 repudiandum
1625 458 1776 524 nscit,
1822 465 1912 512 seu
1955 465 2184 514 creantur
2215 460 2260 518 A
2288 457 2586 513 honestatis
2607 473 2673 512 ac
2693 457 2897 525 vigoris
2921 473 2990 512 ex
3021 455 3442 529 Evangeliorum
3471 467 3644 517 tenore
3661 473 3812 526 euasti.

593 550 930 606 suasionibus
958 550 1267 604 delerretur.
1296 577 1366 589 ---
1413 549 1720 606 lnnumeris
1775 551 1960 622 itaque
2008 552 2186 621 queri-

592 645 905 700 moniarnm
937 641 1111 697 modis
1148 641 1394 698 eremita:
1429 643 1780 714 improperat,
1808 659 2040 714 nequam
2079 647 2182 700 sibi

590 739 890 811 praebuisse
946 735 1252 792 consilium.
1311 738 1382 792 At
1441 738 1551 806 ille,
1588 754 1712 793 cum
1777 739 2184 809 incomparabili

592 831 950 902 praemonitus
980 841 1127 886 esset
1162 833 1402 887 astutia:
1460 851 1479 884 ι
1524 833 1752 901 Desipis,
1785 833 1983 902 inquit,
2009 833 2180 900 fatua,

594 926 720 982 dum
747 925 798 980 id
827 925 971 994 quod
995 935 1079 980 est
1110 924 1379 980 claritatis
1417 933 1473 980 et
1494 925 1702 995 gloriae,
1729 935 1783 980 ιιι
1817 933 1922 980 tum
1951 927 2181 983 ascrihis

591 1016 822 1086 injurite.
873 1017 954 1071 An
1003 1017 1202 1080 nescis,
1237 1016 1559 1087 improvida,
1591 1017 1713 1085 quia
1743 1017 2180 1088 quotiescunque

588 1110 982 1180 prophetarum
1013 1110 1288 1164 mentibus
1323 1109 1464 1164 Deus
1490 1109 1747 1175 illabitur,
1773 1115 1888 1164 tota
1932 1113 2178 1182 corporis

590 1204 812 1258 immani
845 1219 1024 1257 massa
1051 1203 1382 1262 concutitur.
1413 1204 1538 1273 quia
1573 1203 1717 1258 ferre
1769 1220 1872 1258 non
1930 1205 2186 1274 praevalet

591 1296 777 1350 carnis
807 1294 1117 1360 inﬁrmitas,
1143 1309 1266 1349 cum
1285 1295 1332 1348 ei
1351 1309 1409 1349 se
1425 1292 1662 1364 applicat
1683 1294 1862 1349 divina
1895 1295 2186 1365 majestas?

592 1389 874 1459 Resipisce
905 1389 1142 1452 tandem,
1163 1402 1228 1442 ne
1255 1387 1486 1442 insolitis
1508 1387 1807 1443 visionibus
1831 1404 2182 1459 expavescas,

593 1481 892 1551 hastasque
942 1480 1118 1534 sancti
1173 1479 1410 1534 hominis
1457 1479 1724 1535 tortiones
1770 1489 2048 1548 gratanter
2105 1491 2185 1536 at-

594 1571 777 1635 tende,
827 1570 1130 1641 prwsertim
1179 1583 1302 1625 cum
1343 1586 1466 1625 eum
1503 1580 1631 1625 tunc
1664 1571 1838 1626 virtus
1885 1573 2185 1644 Spiritualis

593 1663 844 1717 instituat
894 1675 1055 1732 super
1105 1662 1192 1718 his
1235 1664 1486 1718 omnibus
1534 1680 1655 1732 quae
1705 1666 1832 1719 sciri
1879 1675 1934 1721 et
1970 1666 2082 1720 ﬁeri
2131 1667 2182 1720 in

591 1756 835 1810 futurum
875 1772 904 1810 a
929 1756 1088 1811 vobis
1128 1757 1398 1825 expediat.
1433 1777 1450 1806 ι
1483 1755 1577 1811 His
1604 1755 1834 1812 feminea
1882 1757 2071 1814 levitas
2103 1773 2184 1812 re-

2291 556 2494 608 tuerat,
2541 547 2777 602 crudelis
2821 557 3048 602 vocatur
3095 549 3398 604 acerbitas.
3431 552 3498 604 At
3527 569 3809 628 praeceptum,

2289 644 2435 711 quod
2481 657 2643 696 vacca
2685 641 2882 696 detulit
2911 682 2926 705 ,
2979 641 3234 712 generale
3287 645 3603 713 appellatur,
3641 660 3686 702 et
3735 653 3814 722 ipsa

2289 733 2466 788 solum
2495 748 2522 786 a
2554 733 2665 788 Deo
2687 733 3070 786 commendata
3105 731 3358 788 libertas.
3395 733 3508 788 Non
3545 737 3692 809 Moysi
3714 746 3814 799 anti-

2289 826 2490 895 quitas,
2541 840 2650 880 non
2683 823 2956 879 catholica
2988 825 3206 879 novitas
3250 835 3550 895 reputatur.
3608 831 3816 904 Quidquid

2290 927 2419 972 ante
2443 917 2640 988 legem,
2665 916 2768 971 sub
2791 915 2928 986 lege,
2961 916 3228 987 quidquid
3263 917 3368 972 sub
3399 920 3598 986 gratia,
3637 922 3818 994 inexpia.

2289 1008 2382 1063 bili
2437 1007 2674 1063 falsitate
2704 1016 2943 1068 notatur,
2975 1017 3049 1073 et,
3091 1016 3148 1061 ut
3177 1008 3397 1079 psalmo
3427 1012 3598 1068 minus
3637 1031 3819 1088 congrue

2287 1111 2434 1168 utar,
2467 1101 2631 1156 Deum
2663 1117 2770 1155 non
2807 1099 3000 1156 fecisse
3035 1101 3218 1156 taliter
3266 1103 3420 1156 omni
3471 1105 3678 1170 nationi,
3704 1110 3820 1178 ει]-

2290 1191 2432 1246 dicia
2459 1208 2556 1246 sua
2597 1191 2730 1246 nulli
2785 1207 2816 1246 a
2847 1193 3046 1248 Saeculo
3093 1193 3184 1246 alii
3223 1193 3605 1252 manifestasse
3628 1211 3818 1257 cantatur

2291 1285 2470 1358 (Paul.
2502 1302 2697 1350 cxcvn,
2748 1287 2862 1355 ΞΟ).
2915 1285 3199 1340 Profusior
3249 1287 3494 1342 libidinis
3538 1290 3820 1360 adimplenda

2290 1377 2545 1443 facultas,
2577 1386 2631 1432 et
2669 1376 2954 1431 bestialem
2998 1375 3164 1449 374
3213 1376 3332 1445 jam
3388 1393 3638 1448 superans
3669 1386 3821 1452 appeti-

2293 1478 2428 1534 tum,
2473 1485 2579 1524 non
2621 1467 2996 1538 conjugiorum
3036 1468 3170 1538 jam,
3222 1469 3320 1523 sed
3355 1479 3650 1524 scortorum
3684 1488 3820 1527 auiae

2291 1560 2519 1614 rositate
2551 1559 2818 1629 voluptas,
2853 1560 3316 1629 procreandorum
3360 1558 3642 1615 liberorum
3680 1579 3818 1630 super-

2291 1651 2414 1706 ﬁcie
2445 1650 2719 1721 palliatur.
2761 1652 2887 1715 Sed,
2921 1652 3049 1706 dum
3095 1651 3145 1705 in
3193 1651 3283 1706 his
3333 1668 3455 1722 qua:
3491 1654 3636 1722 quasi
3663 1655 3818 1708 usualia

2292 1754 2441 1810 sunt,
2469 1759 2813 1814 nequaquam
2847 1743 3027 1799 ﬂuxus
3069 1753 3285 1798 natura:
3319 1746 3669 1815 restringitur,
3699 1763 3818 1818 usque

594 1850 773 1904 levata
799 1849 1169 1914 sermonibus,
1197 1859 1368 1904 totum
1401 1848 1515 1918 jam
1553 1867 1660 1904 non
1699 1853 1856 1906 modo
1887 1852 2184 1920 tolerabile,

2291 1838 2359 1892 ad
2389 1853 2451 1892 ea
2482 1852 2602 1906 quae
2634 1852 2738 1890 non
2781 1837 3138 1899 conveniunt,
3179 1852 3284 1890 nec
3327 1837 3591 1892 nominari
3635 1839 3679 1890 iu
3709 1841 3819 1894 nobis

593 1945 689 1998 sed
716 1944 880 1998 etiam
929 1952 1339 1998 sacrosanctum
1378 1952 1434 1998 et
1466 1944 1763 2012 spectabile
1789 1945 2184 2014 arbitrabatur,

595 2036 854 2108 quidquid
911 2037 1064 2108 prius
1115 2035 1320 2091 fmdum
1373 2051 1435 2092 ac
1492 2037 1823 2107 despicabile
1873 2039 2181 2108 putabatur.

591 2128 806 2182 Interea
846 2141 942 2198 per
999 2127 1314 2182 haereticum
1368 2129 1650 2182 eremitam
1701 2131 1768 2184 ad
1809 2129 2036 2200 profana
2091 2131 2188 2188 do-

592 2230 775 2292 gmata
795 2219 904 2286 ille,
923 2219 1121 2282 diaboli
1155 2218 1354 2284 fistula,
1388 2219 1749 2286 imbuebatur,
1779 2231 1834 2277 et
1858 2223 2028 2292 ipsius
2049 2239 2187 2294 qua-

592 2327 699 2382 qua
726 2327 943 2367 versum
994 2321 1272 2384 praeeunte
1304 2314 1595 2383 praceuio,
1644 2316 1906 2386 propheta
1951 2318 2020 2372 ab
2064 2318 2187 2372 uni-

593 2406 766 2461 versis
787 2407 1048 2462 creditur.

667 2497 786 2564 Qua
799 2499 998 2553 astutia
1013 2500 1112 2568 fert
1125 2498 1628 2570 legem—Cumque
1639 2500 1751 2569 jam
1776 2501 1934 2574 longe
1948 2503 2186 2574 lateque,

593 2591 908 2646 inomnium
935 2590 1284 2660 opinionibus
1312 2590 1454 2646 fama
1478 2593 2186 2665 proﬁciente,claresceret,

595 2691 652 2738 et
685 2683 800 2736 suis
847 2683 1188 2737 documentis
1219 2682 1722 2764 circunijacentium
1751 2703 1815 2742 ac
1852 2697 2186 2744 remotarum

595 2773 1001 2844 provinciarum
1047 2773 1282 2830 acclines
1327 2774 1552 2846 populos
1600 2778 1994 2847 conspexisset,
2041 2795 2188 2835 com-

596 2865 871 2920 municato
901 2875 1023 2918 cum
1055 2881 1153 2920 suo
1179 2865 1400 2921 doctore
1427 2866 1678 2930 consilio,
1714 2869 1890 2939 legem
1937 2871 2184 2942 scripsit,

597 2955 686 3009 ubi
721 2955 854 3010 'suis
905 2956 1230 3025 sequacibus
1265 2958 1430 3013 totius
1474 2960 1853 3029 turpitudinis,
1912 2979 2011 3032 per
2041 2965 2186 3036 quod

595 3051 772 3119 magis
805 3051 1176 3117 traherentur,
1209 3051 1363 3108 frena
1415 3052 1646 3108 remisit.
1696 3053 1812 3123 Quo
1856 3054 2021 3124 facto,
2063 3058 2187 3112 inﬁ-

2293 1931 2512 1996 debent,
2547 1930 2720 1985 brutis
2765 1929 2932 1984 etiam
2985 1930 3281 2000 pecoribus
3315 1929 3609 2001 inexperta,
3641 1948 3814 1986 concur-

2294 2026 2449 2080 ritur.

2364 2117 2534 2189 Hujus
2564 2119 2780 2176 nefaria:
2811 2118 3166 2174 institutionis
3189 2119 3498 2174 obscuritas
3525 2118 3815 2175 Christianum

2295 2219 2422 2266 tunc
2459 2227 2654 2266 nomen
2685 2211 2912 2273 obtexit,
2950 2220 3005 2265 et
3055 2212 3234 2265 adhuc
3277 2212 3595 2281 pertinentia
3632 2211 3729 2284 [ul.,
3754 2231 3816 2282 per

2295 2305 2558 2378 Orientis]
2589 2320 2726 2376 pene
2758 2305 3018 2368 universi,
3043 2304 3266 2369 Africae,
3300 2304 3536 2376 Aigypti,
3570 2303 3811 2376 IEthiopiae,

2291 2400 2494 2473 Lybize,
2525 2409 2578 2454 et
2624 2401 2774 2468 iuxta
2823 2415 2920 2454 nos
2972 2398 3249 2467 Hispaniae
3302 2398 3674 2452 remotissimos
3705 2399 3811 2451 sinus

2293 2495 2590 2550 oblitterat.
2620 2494 2727 2550 Sed
2759 2495 2901 2549 hunc
2927 2503 3134 2548 tantum
3163 2503 3386 2562 tamque
3412 2492 3676 2546 miriﬁcum
3700 2491 3811 2563 logis-

2293 2589 2518 2644 latorem
2549 2591 2671 2659 quis
2697 2590 2875 2644 exitus
2907 2589 2972 2642 de
2997 2587 3176 2641 medio
3212 2587 3426 2652 tulerit,
3457 2586 3712 2639 dicendum
3736 2594 3809 2637 est.

2293 2680 2428 2736 Cum
2455 2682 2738 2736 subitaneo
2780 2682 2886 2736 ictu
2931 2679 3238 2750 epilepseos
3280 2694 3424 2749 saepe
3450 2686 3811 2745 corrueret.quo

2287 2790 2413 2830 eum
2445 2776 2696 2846 superius
2721 2775 2954 2830 diximus
2985 2773 3258 2838 laborare,
3290 2771 3486 2828 accidit
3524 2770 3690 2834 semel,
3723 2771 3810 2822 dum

2285 2869 2437 2924 solus
2463 2868 2791 2932 obambulat,
2823 2878 2882 2922 ut
2909 2867 3100 2922 morbo
3130 2865 3300 2922 elisus
3339 2866 3525 2921 eodem
3555 2863 3752 2926 caderet,
3775 2869 3812 2914 et

2292 2964 2565 3026 inventus,
2597 2962 2723 3016 dum
2755 2962 2870 3031 ipsa
2918 2962 3172 3031 passione
3204 2970 3511 3030 torquetur,
3543 2974 3570 3011 a
3602 2955 3747 3025 porcis
3773 2953 3808 3004 in

2294 3065 2500 3112 unitum
2529 3055 2853 3125 discerpitur
2885 3063 2944 3108 ut
2999 3053 3157 3108 nullae
3187 3052 3308 3121 ejus
3342 3061 3534 3123 praeter
3577 3050 3696 3102 talos
3723 3045 3810 3098 reli-

597 3141 725 3195 nitte
754 3141 1115 3198 multitudinis
1147 3144 1340 3213 vulgus
1360 3157 1640 3217 aggregat,
1673 3155 1726 3202 et
1757 3157 1816 3202 ut
1850 3151 2020 3220 magis
2049 3166 2181 3223 vaga
2211 3191 2256 3250 C
2291 3151 2433 3222 quia:
2509 3149 2902 3204 invenirentur.
2967 3147 3106 3203 Ecce
3167 3147 3363 3218 legifer
3428 3144 3642 3214 optimus
3665 3183 3677 3204 ,
3719 3140 3808 3250 diua

597 3233 760 3290 corda
793 3235 1072 3306 prannissa
1098 3237 1362 3307 religione
1393 3238 1688 3309 deciperet,
1731 3241 1908 3296 triduo
1934 3243 2014 3298 eis
2045 3241 2183 3312 jeju-

596 3343 732 3383 nare
760 3329 1013 3400 imperat,
1035 3339 1092 3386 et
1120 3342 1178 3387 ut
1203 3332 1369 3388 Deum
1396 3341 1603 3390 attente
1630 3335 1902 3406 postulent.
1930 3353 2027 3408 pro
2050 3337 2184 3408 legis

597 3423 914 3492 acceptione
969 3424 1244 3481 sollicitat.
1285 3426 1401 3484 Hoc
1449 3428 1613 3483 etiam
1665 3429 1746 3484 eis
1783 3429 1996 3501 signum
2049 3432 2179 3486 dat:

597 3515 735 3584 Quia
765 3516 810 3572 si
845 3519 953 3573 Deo
977 3519 1082 3575 sibi
1115 3520 1285 3590 legero
1321 3521 1451 3577 dare
1483 3522 1763 3593 placuerit,
1799 3539 1950 3579 more
1991 3525 2070 3580 eis
2100 3525 2184 3580 iu-

596 3607 779 3675 solito,
809 3617 863 3665 et
891 3625 986 3680 per
1018 3626 1259 3679 inanum,
1301 3614 1367 3668 de
1401 3629 1507 3684 qua
1557 3631 1662 3670 non
1693 3629 1967 3687 speratur,
2009 3617 2180 3672 dabit.

596 3699 818 3754 Interim
878 3717 1100 3757 vaccam
1163 3703 1418 3771 habebat,
1482 3723 1644 3777 quant
1696 3709 1768 3762 ita
1835 3710 2015 3763 manui
2073 3725 2184 3764 sua:

597 3792 963 3849 assuefererat
995 3803 1054 3849 ut
1101 3797 1532 3868 quotiescunque
1569 3808 1663 3853 aut
1704 3800 1823 3870 ejus
1869 3816 2058 3855 vocem
2089 3815 2186 3855 au-

598 3883 766 3950 diret,
796 3885 884 3940 vel
914 3887 1118 3942 videret
1139 3889 1505 3958 praesentiam,
1529 3890 1616 3944 vix
1640 3905 1758 3945 eam
1789 3891 1871 3947 vis
1899 3891 2004 3946 ulla
2029 3900 2176 3947 tene-

598 3986 682 4034 ret
711 3978 840 4050 quin
867 3980 932 4034 ad
959 3996 1083 4036 eum
1124 3982 1448 4038 intolerabili
1494 3987 1724 4054 quadam
1767 3986 2027 4042 aviditate
2048 4002 2182 4042 con-

597 4080 864 4126 curreret.
895 4070 1124 4128 Factum
1159 4073 1323 4144 igitur
1348 4073 1586 4130 libellum
1632 4076 1890 4133 cornibus
1932 4077 2185 4136 animalis

595 4160 940 4234 circumligat
968 4173 1021 4220 et
1045 4165 1096 4218 in
1123 4166 1356 4219 tentorio
1379 4182 1486 4237 quo
1507 4167 1828 4223 versabatur
1851 4168 1982 4224 illud
2004 4170 2184 4226 occul-

597 4263 697 4309 tat.
734 4255 917 4310 Tertio
947 4257 1179 4327 denique
1203 4256 1290 4312 die
1317 4272 1480 4327 super
1500 4274 1716 4314 omnem
1741 4262 1831 4330 qui
1857 4271 2187 4318 convenerat

596 4347 854 4418 populum
877 4350 1146 4415 eminens,
1181 4349 1419 4405 tribunal
1457 4354 1721 4418 ascendit,
1773 4363 1828 4409 et
1877 4355 2186 4412 declamare

595 4441 880 4510 productis
910 4442 1132 4498 vocibus
1160 4445 1228 4497 ad
1264 4444 1519 4515 populum
1549 4447 1735 4518 coepit.
1779 4447 1910 4517 Quae
1943 4465 2092 4517 cum,
2126 4461 2185 4505 ut

599 4531 675 4587 ita
716 4533 970 4602 dixerint,
1019 4553 1230 4592 summa
1261 4554 1394 4593 aure
1433 4541 1719 4597 verborum
1751 4556 1942 4596 sonum
1974 4543 2184 4613 attigis-
2213 4554 2263 4616 ι)

599 4636 706 4688 set.
736 4643 766 4680 e
801 4631 1032 4683 tentorio
1059 4629 1446 4699 subterjacenti
1486 4634 1771 4690 confestim
1805 4635 2102 4703 egreditur,
2131 4644 2184 4691 et

602 4732 699 4788 per
727 4720 929 4773 medias
950 4721 1375 4778 coadunataruut
1403 4727 1642 4795 gentium
1673 4733 1896 4790 turmas,
1914 4727 2186 4781 volumine

601 4807 862 4863 cornibus
886 4808 1159 4879 imposito,
1186 4815 1250 4865 ad
1277 4817 1439 4881 pedes
1464 4817 1732 4885 loquentis
1756 4818 1907 4885 quasi
1953 4835 2184 4890 congra-

603 4900 837 4955 tulatura
880 4917 1040 4956 vacca
1082 4905 1379 4960 contendit.
1420 4907 1686 4963 Mirantur
1738 4925 1951 4978 omnes,
1986 4913 2183 4982 raptim

598 4993 851 5050 volumen
897 4994 1184 5060 evolvitur,
1219 4996 1493 5052 anhelanti
1543 5001 1713 5054 turba:
1749 5003 2058 5072 expellitur,
2091 5019 2182 5075 pe-

600 5087 824 5142 tulanti:
856 5089 996 5159 turpi
1046 5089 1166 5158 lege
1213 5090 1503 5157 permissa,
1546 5094 1844 5162 gaudenter
1892 5097 2178 5166 excipitur.

597 5180 735 5248 Quid
787 5181 981 5252 plura7
1031 5183 1198 5238 oblati
1256 5183 1378 5236 libri
1434 5183 1754 5240 miraculum
1808 5189 2183 5259 centuplicatis

599 5271 875 5329 favoribus
899 5274 1225 5330 celebratur.

672 5363 1005 5435 Prop-agatur
1037 5367 1235 5438 ubique
1259 5368 1498 5438 gentium
1526 5370 1679 5440 quasi
1713 5371 1928 5428 coalitus
1959 5375 2179 5431 veniens

601 5453 969 5510 indifferenter
999 5461 1223 5514 coeundi
1253 5476 1387 5517 nova
1414 5461 1651 5516 licentia.
1691 5463 1754 5516 Et
1777 5477 1980 5533 quanto
2014 5467 2182 5533 magis

598 5547 954 5619 pollutionum
971 5567 1349 5608 concessurum
1373 5555 1636 5610 exuberat
1655 5557 1833 5626 copia,
1849 5567 1998 5612 tanto
2013 5559 2180 5630 magis

599 5642 766 5698 tacito
822 5641 1083 5698 l'tnditatis
1140 5648 1374 5711 nomine,
1407 5647 1516 5704 'Dei
1573 5651 1881 5706 remissiora
1936 5661 2177 5724 tempora

602 5734 938 5807 indulgentis
979 5736 1305 5805 praedicatur
1339 5740 1534 5810 gratia.
1579 5739 1713 5798 Tota
1751 5742 2184 5802 Christianitatis

2290 3245 2638 3315 Epicureum,
2687 3258 2847 3313 quem
2881 3241 2994 3296 veri
3047 3240 3240 3305 Stoici,
3286 3238 3484 3295 Christi
3523 3237 3701 3291 scilicet
3728 3231 3808 3286 cul-

2289 3346 2454 3401 tores,
2481 3336 2818 3398 occiderant,
2865 3349 3089 3405 porcum
3124 3334 3458 3388 resuscitare
3489 3330 3698 3389 molitur,
3733 3325 3807 3378 imo

2290 3445 2517 3500 prorsus
2549 3429 2856 3491 resuscitat,
2901 3443 3096 3499 porcus
3145 3425 3265 3496 ipse
3319 3424 3495 3496 porcis
3540 3417 3807 3475 devorandas

2287 3524 2598 3594 exponitur,
2665 3532 2722 3577 ut
2769 3520 3122 3576 obscenitatis
3169 3518 3540 3591 magisterium
3591 3507 3805 3567 obscenis-

2287 3618 2447 3683 simo,
2483 3617 2557 3671 uti
2605 3615 2882 3678 convenit,
2912 3613 3017 3668 ﬁne
3047 3612 3358 3668 concludat.
3399 3606 3678 3674 Talosjurc
3714 3597 3804 3653 reli-

2287 3710 2424 3781 quit,
2457 3710 2579 3779 quia
2607 3707 2846 3778 perﬁdia:
2875 3721 2938 3761 ac
2967 3705 3317 3775 turpitudinis
3358 3701 3591 3768 vestigia.
3622 3689 3805 3760 deceplis

2287 3801 2674 3858 miserabiliter
2707 3799 2992 3855 animabus
3023 3797 3220 3854 inﬁxit.
3256 3796 3422 3865 Cujus
3464 3793 3667 3848 talorum
3690 3781 3803 3838 ιὶιυΙο

2287 3897 2564 3967 exegimus
2617 3893 2978 3960 tetrasticum,
3026 3891 3183 3962 juxta
3230 3901 3441 3966 poetam
3477 3875 3798 3980 (llouir._0d-

2286 4007 2418 4058 xxx,
2453 3991 2504 4056 1,
2539 3989 2628 4062 2);

2714 4080 2788 4136 Αἰ
2797 4099 2849 4137 re
2875 4083 3174 4154 perennius,

2537 4175 2826 4248 Regulique
2858 4177 2964 4230 situ
3003 4176 3324 4246 piramidum
3357 4173 3532 4236 altius,

2286 4277 2348 4325 ut
2372 4269 2454 4324 vir
2487 4269 2740 4340 egregius
2769 4271 2917 4323 omni
2944 4267 3056 4338 jam
3100 4285 3267 4339 porco
3302 4267 3506 4324 felicior
3531 4271 3638 4317 cum
3679 4257 3795 4324 We“

2287 4369 2478 4424 eodem
2509 4368 2698 4440 (Ibid.,
2732 4368 2848 4440 6-7}
2881 4369 3062 4424 dicere
3088 4368 3308 4423 valeat:

2510 4459 2634 4528 Non
2655 4463 2826 4516 omnis
2857 4462 3077 4528 moriar,
3103 4461 3370 4533 multaque
3392 4471 3508 4530 pars
3527 4447 3615 4506 mei

2735 4549 2922 4606 i’itabit
2953 4550 3262 4607 Libitinam.

2360 4647 2511 4716 Quod
2551 4655 2636 4703 est
2667 4664 2682 4702 :

2289 4742 2566 4798 Munditur
2597 4758 2685 4796 ore
2717 4757 2893 4806 suum,
2927 4739 3018 4810 qui
3051 4755 3265 4810 porcum
3293 4737 3524 4796 dixerat;
3556 4721 3687 4794 hujus

2359 4834 2596 4890 Membra
2625 4834 2776 4888 beata
2805 4833 3008 4896 eluunt,
3041 4831 3224 4900 podice
3257 4831 3374 4901 [usa
3393 4836 3558 4880 stium.

2287 4929 2418 4986 Cum
2446 4929 2579 4984 Iulos
2604 4929 2704 4992 ori,
2730 4938 2839 4981 tum
2862 4925 3002 4997 quod
3025 4941 3112 4978 sus
3140 4924 3276 4994 fudit
3303 4919 3469 4981 odori,

2357 5019 2530 5090 Digna
2557 5020 2644 5088 qui
2669 5017 2892 5072 celebrat
2919 5015 3089 5070 cultor
3109 5017 3302 5069 honore
3333 5013 3477 5083 ferat.

2357 5086 2511 5180 Quod
2545 5086 2589 5167 si
2636 5111 3056 5166 Manichaeorum
3095 5118 3222 5162 sunt
3253 5121 3376 5162 vera
3402 5091 3621 5170 repurgia
3645 5086 3781 5180 sectr:

2284 5213 2345 5258 ut
2371 5204 2424 5258 in
2451 5202 2597 5258 on'tni
2642 5202 2784 5274 quod
2831 5200 3135 5256 comeditur
3180 5214 3306 5270 pars
3353 5193 3575 5265 quanlant
3618 5171 3778 5274 utrautra!

2282 5269 2677 5353 cetntnaeulata
2705 5295 2826 5358 Dei;
2854 5304 2906 5348 et
2931 5269 3595 5347 dentiumcomminutione
3626 5278 3669 5324 ει
3699 5269 3776 5316 ³¹⁰⁶

2285 5389 2459 5442 nutclii
2482 5387 2838 5443 concoctione
2875 5401 3002 5456 pars
3036 5379 3151 5453 ipsa
3191 5383 3286 5438 Dei
3316 5382 3548 5453 plll'gcmr
3563 5385 3576 5431 ³
3599 5370 3644 5463 εί

2282 5486 2406 5549 gata
2433 5477 2542 5546 jam
2588 5477 2640 5530 iu
2693 5476 2912 5548 angelos
2960 5486 3326 5534 convertatur,
3365 5468 3447 5540 qui
3499 5443 3771 5549 ructibustl

2284 5541 2605 5626 ventositate
2634 5541 2792 5625 extra
2815 5585 2914 5625 nos
2943 5569 3160 5639 prodire
3184 5569 3437 5626 dicantur,
3459 5568 3566 5612 sues
3585 5541 3768 5640 diligi"?

2285 5664 2537 5719 carnibus
2587 5675 2792 5734 pastas,
2847 5662 2988 5734 quod
3042 5662 3310 5718 credimus
3358 5650 3551 5725 angelos
3583 5635 3764 5737 effects—ff

2284 5766 2335 5811 et
2365 5756 2534 5824 magis
2573 5730 2701 5812 hinc
2743 5730 2876 5812 inde
2913 5755 3134 5814 ﬂatibus
3164 5751 3429 5813 emisisse?
3471 5739 3563 5799 θεά
3603 5730 3762 5824 πῖθ’

598 5844 828 5887 censura
871 5827 1124 5886 convitiis
1155 5830 1298 5889 mille
1326 5831 1634 5902 damnatur,
1676 5843 1733 5891 et
1759 5836 2020 5908 quidquid
2050 5836 2178 5896 olim
2278 5821 2612 5918 jocularibus
2651 5863 2771 5922 qua:
2798 5864 2898 5921 pro
2935 5849 3246 5922 sequacium
3271 5840 3514 5906 derisione
3554 5821 3761 5884 dit:th
