4012 6346
322 274 459 335 693

1388 272 1615 331 GESTA
1650 271 1761 328 DEI
1798 271 1935 328 PER
1965 268 2304 328 FRANCOS.
2344 299 2413 315 —-
2451 268 2579 326 LIB.
2606 268 2647 325 1.

3522 271 3625 332 σοι

326 391 455 449 hoc
480 399 561 447 est
591 390 968 446 insinuandum
999 388 1143 461 quod
1171 405 1276 444 non
1305 403 1429 444 eum
1471 391 1649 452 deum,
1687 398 1743 442 ut
1772 390 1935 459 aliqui
1968 393 2014 449 Α
2045 389 2122 442 ria
2153 396 2207 440 et
2233 402 2407 445 scenae
2433 386 2644 440 fierent.
2670 386 2843 441 Porro
2880 385 2945 439 de
2969 383 3367 444 Catholicorum
3392 386 3624 447 "necibus

324 484 646 547 aestimant,
693 484 1001 553 opinamur,
1054 483 1147 536 sed
1184 483 1458 536 hominem
1502 480 1731 548 justum,
1782 497 1932 533 emn-

326 576 587 646 denique
627 586 933 644 patronum,
970 591 1067 645 per
1095 590 1254 639 quem
1288 575 1433 642 leges
1478 573 1675 627 divina:
1716 576 1934 625 tradan-

332 675 406 722 ιιι
420 685 461 720 r.
479 668 630 723 Hunc
659 667 877 722 cuilitus
900 677 1235 735 assumptum
1261 677 1341 719 ast
1354 674 1530 726 ruunt,
1555 647 1773 717 et'solos
1798 662 1934 716 talos

325 759 567 816 relictos
588 759 656 815 ad
673 776 891 814 suorum
918 758 1152 814 ﬁdelium
1174 766 1598 819 monumentum,
1613 770 1749 824 quos
1769 754 1934 808 etiam

326 852 557 907 ιιιίῖιιὶιίι
587 851 933 904 veneratione
968 850 1241 911 revisunt;
1280 862 1564 917 porcorum
1595 860 1725 898 vero
1759 860 1930 908 esum,

324 950 493 1018 just:
542 959 763 1016 prorsus
819 944 1028 998 ratione
1084 950 1459 1006 contemnunt,
1515 940 1607 1011 qni
1668 938 1935 993 morsibus

328 1056 541 1097 eorum
563 1039 839 1095 dominum
870 1048 1344 1107 consumpserunt.

976 1129 1205 1185 CAPUT
1250 1130 1309 1184 V.

426 1224 540 1297 [V.]
583 1224 674 1279 Hae
707 1224 871 1295 igitur
895 1238 1034 1293 quas
1070 1240 1229 1293 supra
1262 1224 1496 1277 diximus
1536 1230 1745 1293 gentes,
1787 1231 1939 1291 post-

338 1331 515 1387 quam
548 1330 642 1385 per
677 1316 832 1385 longa
865 1327 1130 1384 tempora.
1164 1326 1281 1384 post
1322 1316 1521 1369 multas
1563 1319 1932 1385 pesteritates,

337 1426 508 1464 error
554 1420 743 1479 co‘ptae
781 1408 1097 1479 gentilitatis
1124 1408 1368 1471 invaluit,
1416 1425 1539 1462 cum
1570 1409 1933 1475 Palaestinam,

335 1509 467 1555 tum
500 1498 892 1571 Jerosolymam
938 1518 999 1557 ac
1028 1501 1353 1569 sepulcrum
1408 1500 1617 1552 Domini
1679 1516 1936 1569 pervase-

337 1601 504 1656 runt,
546 1592 995 1661 Armeniumque,
1041 1593 1279 1664 Syriam.
1330 1603 1646 1662 partemque
1692 1591 1933 1657 (luerim,

336 1698 485 1752 pate
524 1697 693 1752 usque
723 1685 788 1737 ad
842 1684 970 1737 illud
1027 1702 1175 1738 mare
1223 1685 1364 1752 quod
1414 1684 1703 1737 Bracbinm
1746 1683 1933 1738 Sancti

334 1773 565 1844 Georgii
597 1774 813 1837 dicitur,
857 1776 1230 1830 obtinuerunt.
1278 1776 1421 1828 Inter
1469 1776 1651 1828 omnia
1701 1777 1937 1832 Orientis

340 1878 511 1933 regna
561 1864 942 1934 Babylonicum
990 1867 1301 1936 impu‘ium,
1340 1867 1407 1919 ab
1456 1866 1679 1933 antiquo
1729 1882 1937 1935 praepo-

338 1958 711 2012 tentissimum
744 1956 866 2020 fuit,
892 1966 947 2012 et
976 1960 1158 2029 regnis
1188 1958 1600 2028 quampluribns
1624 1959 1932 2026 imperavit.

332 2062 591 2116 Attni‘nen
631 2049 961 2114 Parthorum
989 2068 1237 2123 regnum,
1267 2067 1403 2119 quos
1434 2050 1643 2105 'l‘urcos
1679 2062 1935 2121 corrupto

330 2161 558 2215 “Omitte
587 2159 909 2218 vocitamus,
965 2150 1021 2209 in
1082 2165 1139 2203 re
1189 2149 1405 2203 militari
1455 2158 1509 2201 et
1539 2149 1779 2216 equestri
1823 2147 1937 2201 ele-

335 2254 541 2324 gantia,
566 2252 729 2305 animi
761 2250 1149 2305 etiamvirtutc
1187 2242 1502 2311 pnepollet;
1538 2242 1632 2296 sed
1668 2252 1935 2295 terrarum

336 2346 693 2414 amplitudine
733 2344 909 2398 minus
940 2352 1105 2413 patet.
1140 2342 1443 2407 Imperator
1480 2337 1662 2406 itaque
1706 2335 1937 2406 Babylo-

337 2440 498 2495 nicus
523 2453 613 2492 eas
640 2452 774 2509 quas
802 2436 1162 2507 przntnisimus
1191 2431 1504 2503 provincias
1536 2444 1733 2499 magno
1777 2442 1935 2481 exer-

338 2534 453 2587 citu
492 2542 817 2600 occuparat;
868 2531 958 2585 sed
992 2528 1251 2595 temporis
1306 2540 1585 2597 processu,
1633 2524 1932 2577 Turcorum

336 2635 653 2694 emergente
679 2624 850 2693 copia,
877 2622 1116 2693 Assyriis
1143 2620 1334 2674 eviclis
1368 2618 1647 2671 amiserat.

420 2716 557 2770 Petit
604 2717 885 2783 imperator
945 2712 1248 2767 Grtrcorum
1300 2730 1332 2765 (ι
1386 2709 1606 2763 Roberto
1660 2706 1935 2763 lt'lantlrite

343 2809 531 2859 comite
561 2806 782 2859 auxilia.
817 2803 897 2858 Hii
934 2805 1001 2874 igi
1033 2820 1094 2856 ur
1141 2803 1309 2856 armis
1339 2800 1665 2863 vivaciores,
1711 2809 1759 2852 ct
1804 2815 1935 2852 con-

347 2900 557 2952 suetius
590 2907 797 2951 utentes
822 2897 1069 2958 audacia,
1103 2896 1228 2949 dum
1266 2892 1933 2961 Constantinopolitmmm

342 3000 601 3061 urgerent
648 2989 953 3058 imperium,
998 2998 1052 3042 et
1094 2988 1268 3041 eidem
1301 2987 1418 3040 urbi
1452 3001 1588 3056 pene
1623 2984 1936 3038 obsidenda:

344 3083 661 3135 viderentur
690 3083 1006 3151 irrumpere,
1058 3080 1355 3150 imperator
1401 3078 1718 3132 Graecorum
1775 3077 1935 3132 minis

346 3187 535 3229 eorum
571 3172 962 3242 frequentibus.
1016 3181 1070 3226 et
1109 3171 1341 3225 assiduis
1391 3169 1795 3223 incursionibus
1829 3178 1934 3222 tre-

348 3265 632 3328 mefactus,
687 3267 831 3320 misit
878 3266 928 3318 in
970 3264 1283 3327 Franciam,
1333 3262 1581 3317 scribens
1637 3263 1935 3316 Rothberto

349 3358 549 3413 seniori
583 3356 991 3412 Flaudreusium
1022 3357 1204 3410 comiti
1257 3354 1566 3424 epistolam,
1610 3353 1935 3424 multiplices

347 3449 401 3504 ei
454 3448 730 3516 obiectans
779 3464 988 3508 causas,
1047 3448 1246 3517 quibus
1283 3447 1509 3503 excitari
1548 3447 1664 3513 ejus
1718 3449 1933 3503 animus

349 3551 535 3613 posset
561 3541 625 3596 ad
650 3542 1041 3596 defendendam
1073 3543 1473 3613 periclitantem
1503 3540 1788 3595 Gneciam.
1817 3538 1931 3593 Non

354 3642 531 3686 autem
578 3633 698 3687 ideo
725 3631 1049 3687 sollicitabat
1083 3635 1329 3686 emndem
1361 3632 1560 3694 virum,
1606 3631 1747 3699 quod
1783 3641 1934 3684 tanto

358 3726 589 3794 negetio,
620 3726 787 3781 solius
813 3727 980 3796 ipsius
1012 3726 1304 3779 :estimaret
1331 3724 1577 3779 sutliceie
1608 3738 1763 3792 posse
1807 3740 1936 3778 cott-

357 3834 593 3885 cursum,
624 3819 749 3873 licet
778 3820 1077 3873 ditissimus
1112 3829 1276 3879 esset,
1309 3827 1362 3869 et
1392 3831 1641 3886 magnam
1678 3815 1935 3872 valuisset

357 3909 591 3965 conﬂare
623 3925 858 3975 iuanum,
889 3912 981 3965 sed
1026 3910 1286 3979 quianon
1341 3909 1622 3978 ignorabat
1672 3909 1838 3977 quod,
1887 3910 1933 3965 si

358 4004 438 4058 vir
464 4004 599 4058 adeo
626 4012 815 4073 potens
860 4004 1087 4073 idipsum
1115 4004 1503 4074 aggrederetur
1554 4002 1673 4065 iter,
1733 4014 1933 4058 nostrae

359 4112 535 4154 secum
566 4098 741 4169 gentis
770 4097 969 4152 auxiia
1004 4096 1231 4166 plurima
1281 4111 1378 4165 pro
1424 4095 1535 4150 Sola
1573 4097 1812 4150 novitate
1858 4098 1932 4152 rei

360 4194 721 4249 contraheret.
750 4192 869 4246 Fuit
900 4207 1026 4245 vero
1050 4205 1230 4244 comes
1261 4190 1454 4255 isdem,
1478 4200 1738 4259 quantum
1768 4206 1931 4261 sagax

360 4286 410 4340 itt
460 4284 620 4339 rebus
665 4284 894 4346 bellicis,
946 4292 1150 4336 tantum
1190 4283 1477 4351 perspicax
1522 4292 1576 4335 et
1621 4282 1829 4336 facetus
1879 4284 1932 4337 in

360 4377 567 4431 litteris.
598 4377 646 4430 .ls
673 4376 1059 4445 Jerosolymam
1110 4375 1368 4428 orationis
1420 4376 1592 4445 gratia
1641 4376 1932 4445 aliquando

1970 1758 2010 1815 Β

2042 479 2240 534 frustra
2272 494 2512 547 agerem,
2548 497 2668 533 eum
2694 481 2923 534 mortuis
2958 481 3009 535 in
3044 482 3165 544 fide,
3197 483 3317 537 vittc
3354 483 3625 540 :rternalis

2041 573 2320 624 videretur
2369 573 2571 625 instare
2613 572 3017 637 cuneambium,
3049 573 3369 643 superstites
3396 576 3499 631 sub
3525 575 3628 631 min.

2041 667 2147 721 seri
2178 668 2306 736 jugo
2342 664 2634 719 famulatus
2669 666 2836 719 vitam
2869 676 3142 736 gererent,
3177 667 3332 737 ipsis,
3384 675 3443 720 ut
3484 666 3627 722 arbi-

2042 770 2179 824 tror,
2239 760 2505 813 mortibus
2552 759 2839 813 acriorem.
2890 759 3135 830 Virgines
3183 760 3327 814 enim
3389 759 3627 814 fideliam

2041 850 2418 919 deprehensae,
2437 848 2711 918 publicum
2748 850 2861 904 fieri
2890 852 3341 922 praecipiebantur
3365 860 3625 917 scortum,

2043 959 2167 998 cum
2195 958 2460 1011 nusquam
2502 942 2692 1011 pudori
2730 943 3037 998 deferretur
3079 959 3143 1000 ac
3196 945 3465 999 honestati
3494 958 3626 999 con-

2037 1033 2247 1104 jttgttm.
2278 1033 2477 1088 Matres
2501 1042 2772 1105 corruptae
2800 1036 2851 1089 in
2883 1046 3177 1105 conspectu
3206 1038 3456 1103 filiarum,
3493 1038 3630 1094 mul-

2044 1127 2299 1196 tipliciter
2330 1128 2573 1196 repetitis
2604 1128 2942 1182 diversorum
2981 1129 3239 1193 coitibus,
3268 1130 3626 1198 vexabantur,

2044 1237 2166 1277 cum
2196 1223 2317 1276 tiliae
2358 1223 2698 1286 assistentes,
2744 1224 2987 1278 carmina
3041 1224 3339 1293 praecinere
3382 1224 3631 1279 saltando

2044 1316 2254 1369 nefaria
2300 1316 2442 1369 inter
2489 1314 2797 1384 hujusmodi
2831 1324 3176 1383 cogerentur.
3212 1313 3415 1369 Eadem
3447 1316 3630 1369 statim

2044 1412 2243 1480 passio,
2280 1412 2421 1480 quod
2452 1411 2557 1465 dici
2594 1410 2813 1479 quidem
2844 1420 2897 1465 ct
2940 1409 3097 1465 dolor
3125 1420 3177 1465 et
3207 1410 3381 1481 pudor
3407 1419 3507 1473 est,
3543 1423 3632 1464 re-

2046 1504 2363 1557 volvebatur
2413 1506 2480 1556 ad
2536 1503 2697 1565 ﬁlias,
2739 1519 2859 1571 qua:
2905 1503 3071 1555 etiam
3124 1502 3339 1556 tmditas
3383 1501 3633 1557 obscenis

2046 1594 2341 1648 infelicium
2388 1603 2624 1649 matrum
2679 1596 3025 1649 cantionibus
3073 1595 3391 1649 ornabatur.
3443 1592 3633 1647 Totius

2045 1688 2278 1756 donique
2324 1688 2559 1742 nominis
2602 1688 2905 1743 reverentia
2956 1687 3273 1750 Christiani,
3335 1685 3633 1755 prostibnlo

2046 1781 2383 1835 tradebatur.
2428 1781 2674 1851 Cumque
2716 1782 2865 1835 sexui
2916 1780 3200 1843 feminino,
3256 1779 3399 1848 quod
3447 1786 3631 1832 tamen

2044 1874 2294 1926 excusari
2340 1875 2561 1943 poterit,
2600 1890 2699 1945 pro
2729 1876 3057 1944 competenti
3097 1884 3290 1927 natura
3321 1888 3425 1926 non
3457 1872 3635 1943 parci-

2044 1975 2151 2026 tur,
2188 1966 2237 2017 in
2276 1967 2629 2021 masculinum
2665 1969 2991 2037 pecnalitate
3036 1977 3394 2039 transgressa,
3442 1963 3635 2021 solutis

2043 2057 2442 2111 ltmnauitatum
2478 2058 2706 2128 legibus,
2737 2062 2862 2114 itur.
2887 2080 2905 2113 ›

2118 2150 2290 2217 Unde,
2327 2160 2383 2204 ut
2412 2152 2572 2205 unius
2610 2154 2945 2209 exsvcranda
2972 2164 3025 2209 et
3050 2154 3266 2225 penitus
3314 2148 3633 2207 intolerabili

2044 2245 2268 2299 auribus
2300 2246 2589 2316 majestate
2622 2247 2835 2318 ﬂagitii,
2869 2249 2980 2316 illa,
3013 2265 3131 2318 quae
3175 2250 3223 2302 in
3259 2248 3557 2302 mediocres
3582 2256 3635 2299 et

2044 2334 2259 2389 intimos
2293 2378 2306 2402 ,
2363 2336 2646 2391 defurcbat
2688 2340 2979 2407 petulantia
3016 2383 3031 2407 ,
3079 2342 3407 2410 panderetur
3434 2379 3446 2402 ,
3501 2338 3635 2393 dicit

2041 2429 2331 2496 quemdam
2355 2445 2447 2483 eos
2486 2432 2745 2485 abusione
2771 2432 3099 2487 Sodomitica
3128 2434 3480 2488 intervenisse
3509 2432 3631 2506 [a[.,

2041 2520 2405 2595 interemisse]
2446 2524 2777 2594 episcopum.
2837 2545 2855 2577 ‹
2896 2525 2962 2581 Εῑ
2996 2528 3267 2596 quomodo
3318 2541 3558 2597 princeps
3579 2528 3634 2582 et

2040 2614 2294 2669 omnibus
2341 2617 2563 2669 omnino
2611 2619 2848 2672 vesantis
2895 2619 3231 2689 pra-ferenda
3280 2620 3467 2686 libido,
3513 2635 3632 2691 qua:

2039 2720 2256 2775 semper
2301 2709 2509 2763 consilii
2563 2709 2864 2781 frontisque
2913 2711 3077 2784 fugax
3114 2723 3374 2785 perpetuo
3429 2715 3629 2784 impetu

2038 2801 2237 2869 agitur,
2291 2810 2345 2853 et
2387 2817 2495 2872 quo
2546 2804 2791 2857 crebrius
2839 2807 3226 2876 exstinguitur,
3288 2822 3352 2861 eo
3393 2807 3633 2861 vivacior

2038 2888 2254 2944 ﬂamina
2281 2892 2478 2946 iterato
2506 2898 2875 2963 succenditur,
2908 2912 3033 2968 erga
3071 2898 3303 2951 humana
3336 2914 3392 2953 se
3426 2908 3630 2966 tempe-

2039 2992 2143 3052 ret,
2175 3000 2295 3055 qua:
2324 2987 2604 3041 brtttorum
2640 2990 2955 3043 animalium
2988 2990 3264 3053 inauditis,
3291 3000 3344 3045 et
3365 2991 3444 3043 ori
3475 2990 3631 3045 Chri-

1965 3122 2006 3182 Ο
2042 3078 2226 3174 sti-ano.
2268 3079 2454 3133 vetitis
2509 3082 2980 3143 eommistionibns
3019 3082 3254 3137 sordet?
3302 3081 3369 3136 Et
3419 3098 3538 3136 eum
3562 3080 3632 3137 sit

2045 3162 2257 3216 miseris
2288 3167 2553 3227 permissa
2610 3184 2706 3222 suo
2734 3171 2968 3238 ipsorum
2998 3170 3221 3224 arbitrio
3259 3169 3631 3240 multiplicitas

2046 3252 2399 3321 feminarum,
2462 3277 2653 3329 parum
2705 3270 2786 3315 est
2829 3240 2965 3331 apud
3015 3276 3109 3316 eos
3158 3262 3260 3316 nisi
3300 3276 3345 3316 et
3394 3261 3631 3333 dignitas

2045 3356 2211 3403 tanta!
2255 3353 2531 3421 spurcitiae
2576 3355 2861 3409 volmalno
2905 3355 3328 3410 commaculetur
3374 3357 3626 3413 marium.

2042 3443 2153 3500 Nec
2185 3447 2379 3501 mirum
2417 3449 2459 3503 si
2493 3448 2631 3505 Deus
2677 3451 2947 3506 exoletam
2985 3466 3172 3507 eorum
3223 3450 3541 3523 nequitiam,
3573 3461 3629 3508 et

2046 3539 2099 3593 in
2122 3538 2413 3595 clamorem
2460 3558 2672 3597 versam
2734 3544 3077 3614 impatienter
3118 3544 3318 3610 tulerit,
3372 3552 3629 3614 tantaque

2043 3637 2379 3693 funestorum
2418 3640 2783 3696 habitatorum
2831 3650 3265 3711 exsecramenta,
3299 3657 3447 3697 more
3488 3640 3628 3696 anti-

2042 3746 2169 3800 quo,
2199 3741 2343 3787 terra
2376 3734 2712 3787 vomuerit.)

2113 3825 2248 3882 Cum
2281 3841 2410 3895 ergo
2444 3826 2508 3879 de
2541 3820 3141 3898 Constantinopolitana
3194 3842 3354 3896 quam
3404 3826 3625 3897 potissi-

2042 3936 2186 3975 mum
2212 3922 2521 3983 verebatur,
2555 3931 2605 3975 et
2638 3937 2754 3987 qua:
2789 3921 3014 3974 transito
3048 3920 3229 3975 Sancti
3256 3919 3466 3991 Georgii
3491 3919 3626 3974 Bra-

2041 4012 2163 4065 chio
2188 4013 2503 4067 imminebat
2537 4013 2837 4081 obsidione,
2872 4012 3038 4067 nmlta
3091 4012 3310 4082 querela
3343 4018 3621 4080 tractaret,

2042 4106 2183 4159 inter
2204 4116 2398 4160 etetera
2450 4106 2676 4160 intulit:
2723 4105 2924 4171 «Quod
2986 4105 3238 4159 videlicet
3284 4103 3327 4159 si
3382 4112 3485 4158 non
3519 4102 3623 4157 alia

2042 4196 2393 4251 subveniendi
2449 4196 2551 4250 sibi
2606 4196 2878 4251 videretur
2921 4195 3078 4249 nobis
3136 4194 3385 4260 occasio,
3435 4186 3623 4245 saltem

2040 4303 2262 4363 propter
2325 4307 2507 4354 senos,
2559 4307 2788 4359 quorum
2837 4304 3061 4356 corpora
3114 4288 3308 4341 ibidem
3363 4286 3622 4339 tumulata

2044 4383 2337 4446 habentur,
2368 4382 2661 4451 apostolos,
2692 4395 2760 4433 ne
2787 4380 2854 4433 ab
2879 4378 3080 4447 impiis,
3102 4387 3194 4430 aut
3222 4376 3467 4429 inccndio
3492 4389 3623 4428 cor.-

361 4470 650 4540 profectus,
689 4468 909 4523 forsitan
962 4466 1487 4535 (loustaotinopolim
1540 4471 1783 4537 perviam
1839 4469 1923 4523 ha-
1967 4505 2013 4563 Β
2041 4473 2358 4543 ﬂagrentur,
2390 4482 2483 4525 aut
2511 4472 2559 4525 in
2592 4470 2875 4538 voragines
2922 4468 3331 4537 demerguntur,
3378 4464 3621 4518 celeber-

361 4563 509 4625 bens,
542 4578 662 4616 cum
710 4563 825 4634 ipso
865 4572 945 4617 est
998 4564 1329 4632 imperatore
1394 4560 1624 4625 locutus,
1680 4565 1819 4617 unde
1880 4574 1933 4619 et

362 4656 495 4726 apud
538 4670 663 4710 eum
698 4667 906 4726 sumpta
942 4655 1143 4724 majore
1177 4654 1396 4719 fiducia,
1437 4655 1502 4706 de
1535 4652 1818 4721 adiutoriis
1848 4666 1933 4711 est

360 4748 667 4817 expetendis
691 4748 962 4817 appulsns.
996 4748 1167 4816 Ipsam
1196 4755 1378 4799 autem
1420 4747 1731 4814 epistolam,
1765 4764 1930 4818 quam

362 4838 595 4893 inserere
622 4838 883 4907 opusculo
914 4839 998 4894 isti
1042 4841 1265 4893 omnino
1316 4839 1507 4908 piguit,
1547 4844 1790 4909 quaedam
1832 4842 1933 4895 ibi-

361 4931 477 4987 dem
506 4931 795 4996 dictorum,
820 4932 999 4985 verbis
1040 4941 1219 4986 tamen
1252 4934 1443 4989 veStita
1490 4933 1645 4999 meis,
1690 4932 1932 5002 proferre

359 5020 531 5079 libuit.

422 5115 767 5187 Imperatoris
821 5116 1059 5188 epistola.
1105 5145 1181 5158 -
1233 5136 1249 5169 ς
1294 5118 1368 5172 De
1425 5118 1683 5174 Ecclesiis
1754 5120 1933 5187 queri-

361 5212 533 5265 monia
565 5221 670 5272 est.
696 5226 829 5280 quas
854 5210 1115 5279 siquidem
1140 5210 1414 5279 gentilitas
1444 5223 1633 5264 eversa
1671 5209 1933 5265 Cbristia-

363 5304 525 5358 nitate
580 5305 815 5367 tenebat,
872 5304 924 5355 in
974 5303 1170 5371 quibus
1209 5317 1497 5370 equoru:n,
1545 5318 1607 5355 ac
1662 5304 1933 5358 mulorum

361 5407 779 5465 cmtcrornnique
842 5396 1155 5450 animalium
1228 5395 1477 5450 catabula
1554 5398 1928 5450 construebat.

362 5488 506 5556 Quod
540 5491 591 5543 in
625 5498 829 5541 tantum
868 5505 1048 5541 \ernm
1085 5489 1183 5542 fuit
1216 5500 1271 5540 ttt
1307 5494 1467 5541 etiam
1503 5492 1621 5541 lana
1658 5506 1773 5551 sua,
1816 5505 1934 5555 qua:

362 5584 741 5642 Mathtnnarias
772 5594 986 5648 vorant,
1015 5584 1141 5639 inibi
1190 5585 1530 5637 instituerent
1582 5582 1700 5652 iul”
1731 5582 1934 5636 consti-

365 5680 611 5751 tuerent],
635 5690 685 5733 et
715 5680 937 5732 inlinitze
974 5695 1186 5749 quoque
1215 5682 1563 5749 turpitudinis
1593 5682 1920 5732 conmercia

2043 4568 2234 4621 rimam
2293 4565 2541 4634 perhibet
2592 4562 2866 4615 civitatem
2919 4558 3225 4613 onmimoda
3270 4555 3621 4627 opitulatione

2038 4657 2435 4728 dignissimam.
2462 4675 2479 4705 ι
2512 4654 2577 4708 Et
2598 4663 2746 4707 certe
2775 4648 2907 4703 nihil
2939 4647 3139 4702 Verius.
3171 4646 3311 4703 Urbs
3335 4649 3478 4702 enim
3510 4645 3618 4709 illa,

2036 4768 2141 4807 non
2173 4752 2330 4804 modo
2360 4760 2671 4803 sanctorum
2700 4746 2912 4800 illorum
2941 4743 3307 4799 monumentis
3324 4740 3618 4807 excellens,

2035 4845 2206 4901 sedet
2236 4844 2474 4898 auctoris
2508 4842 2699 4896 merito
2745 4851 2799 4896 et
2854 4841 3069 4895 nomine
3118 4840 3437 4908 prmcluens,
3481 4848 3623 4904 prte-

2036 4936 2225 4990 sertim
2258 4949 2379 4987 cum
2416 4949 2485 4989 ex
2516 4932 2852 4988 revelatione
2878 4948 3134 5002 superna,
3159 4944 3226 4984 ex
3253 4926 3618 4981 vetustissimo

2034 5025 2291 5095 oppidulo
2320 5040 2437 5079 eam
2489 5024 2584 5079 toti
2619 5024 2817 5077 mumlo
2855 5020 3225 5093 spectabilem,
3281 5015 3625 5086 Romamtu

2038 5118 2330 5172 secundum
2374 5118 2591 5184 fecerit,
2632 5115 2895 5179 universi,
2947 5114 2991 5167 si
3036 5112 3152 5165 fieri
3206 5116 3411 5180 posset,
3468 5108 3617 5165 orbis

2035 5222 2300 5266 Concursu
2330 5219 2382 5263 et
2411 5210 2667 5281 sutfragio
2691 5211 2850 5278 digna
2885 5207 3005 5261 fuit.

2105 5302 2271 5367 Caput
2310 5301 2376 5355 Β.
2402 5302 2627 5357 Joannis
2664 5302 2915 5371 Baptista:
2968 5293 3439 5367 Constantinopoli.
3490 5291 3617 5350 Non

2034 5399 2217 5464 probat
2261 5410 2442 5451 auctor
2494 5412 2766 5451 sacrarum
2818 5394 3156 5461 reliquiarum
3215 5391 3627 5446 ostentationes.

2038 5490 2232 5554 Quare.
2261 5520 2328 5529 -—
2360 5490 2618 5557 Sequitur
2664 5487 2876 5540 demum
2931 5496 3049 5555 post
3089 5485 3453 5553 apostolornttt
3499 5484 3616 5538 illa-

2040 5583 2258 5643 tiunem,
2313 5589 2362 5632 cl
2396 5581 2524 5632 dicit
2560 5598 2574 5627 I
2612 5579 2746 5646 apud
2789 5594 2845 5630 sc
2896 5576 3035 5631 beati
3090 5577 3314 5632 Joannis
3361 5578 3613 5646 Baptista:

2036 5680 2197 5741 Caput
2245 5672 2450 5723 Laberi.
2485 5690 2501 5719 ι
2547 5673 2719 5736 Quod,
2768 5673 3012 5738 qtmmvis
3061 5672 3193 5727 falso
3225 5672 3365 5725 dicat
3398 5689 3410 5724 :
3448 5688 3464 5719 ι
3503 5667 3611 5724 llo-

362 5750 693 5841 oxercereut,
727 5781 786 5828 ut
813 5771 976 5845 375
1006 5788 1109 5830 non
1134 5772 1244 5842 iam
1278 5774 1533 5842 basilice,
1584 5774 1676 5828 sed
1713 5772 1929 5828 merito-
2036 5764 2249 5834 dieque,
2280 5779 2341 5820 ac
2371 5762 2413 5817 si
2442 5750 2669 5819 viventis
2695 5761 2941 5835 capillis,
2967 5775 3022 5821 et
3049 5773 3172 5821 cute
3199 5764 3445 5820 videatur
3473 5760 3607 5817 iusi-
