4012 6346
526 305 633 364 695

1282 302 1339 356 ν.
1380 302 1705 360 GUIBERTI
1746 302 2039 359 ABBATIS
2076 302 2136 360 S.
2174 301 2416 362 MARIJE
2453 304 2543 362 DE
2581 303 2975 366 NOVIGENTO

3651 318 3727 377 €96

522 427 685 498 gniri.
715 445 736 481 ι
776 422 929 494 Quod
958 422 1002 477 si
1036 435 1222 475 verum
1247 426 1351 484 est,
1392 420 1741 486 quaerendum
1778 418 1916 489 apud
1964 417 2107 489 Age—
2135 426 2182 477 A
2209 420 2427 474 encrvia
2457 435 2522 474 ac
2547 419 2858 476 effeminata
2898 420 3217 488 reddiderit,
3272 437 3392 493 qua
3432 423 3601 481 usibus
3623 433 3730 487 mili.

525 522 802 577 riacenses
830 528 912 575 est
950 515 1267 580 monachos,
1295 513 1363 569 de
1418 514 1574 583 cujus
1603 513 1856 582 Baptista:
1883 512 2107 569 Joannis

522 613 704 684 capite
724 609 1041 683 gtor-ientur.
1069 621 1191 662 cum
1237 620 1337 676 pro
1378 614 1527 659 certo
1554 605 1850 663 habeamus
1886 624 1899 660 :
1933 620 2107 675 neque

525 705 663 760 duos
685 702 923 758 Joannes
968 698 1133 754 fuisse
1159 696 1451 769 Baptistas,
1480 713 1656 767 neque
1709 714 1873 753 unum
1908 698 2104 769 ipsum,

525 795 672 867 quod
730 794 833 849 dici
889 791 1043 848 nefas
1089 800 1193 860 est,
1243 790 1358 847 fieri
1408 792 1649 862 potuisse
1696 792 1993 863 bicipitem.
2042 792 2108 846 Et

521 885 954 944 considerandus
999 885 1166 940 etiam
1220 885 1319 939 sub
1348 884 1452 940 hac
1498 885 1805 949 occasione,
1847 885 2108 955 plurimus

524 979 765 1050 quidem,
799 978 894 1034 sed
945 991 1053 1032 non
1084 976 1423 1047 perniciosus
1453 992 1625 1042 error,
1661 978 1751 1047 qui
1801 975 2109 1033 Gallicanas

523 1070 822 1143 praecipue,
855 1070 924 1127 de
953 1078 1272 1125 sanctorum
1308 1070 1627 1139 corporibus
1673 1070 1885 1124 ohseuit
1924 1070 2109 1126 Eccle-

521 1163 635 1220 sias
658 1164 813 1236 (5|);
862 1161 981 1216 istis
1010 1160 1182 1228 illum,
1223 1161 1329 1217 illis
1364 1162 1635 1229 eumdem,
1662 1177 1756 1217 seu
1790 1172 2104 1234 martyrem,

525 1272 622 1311 seu
653 1255 1024 1311 confessorem
1079 1269 1137 1309 se
1194 1255 1394 1310 habere
1434 1254 1791 1324 jactantibus,
1833 1269 1957 1309 cum
2002 1255 2107 1309 duo

526 1349 643 1404 loca
667 1363 772 1403 non
805 1345 978 1402 valeat
1014 1362 1286 1416 occupare
1321 1348 1529 1418 integer
1558 1364 1717 1403 unus.
1753 1346 1905 1414 Quod
1932 1356 2105 1402 totum

525 1440 894 1499 contentionis
920 1441 1119 1496 malum
1151 1442 1277 1497 inde
1309 1442 1474 1496 sumit
1515 1442 1777 1512 originem
1801 1441 1945 1512 quod
1984 1455 2108 1494 sau-

523 1537 596 1593 eti
622 1553 728 1593 non
751 1537 1137 1608 permittuntur
1175 1536 1375 1591 habere
1405 1535 1599 1592 debitae
1645 1544 1701 1590 et
1754 1531 2107 1589 immutabilis

523 1629 813 1699 sepultura:
842 1629 1098 1700 quietem.
1130 1628 1197 1683 Et
1244 1629 1401 1699 plane
1447 1644 1513 1684 ex
1542 1628 1742 1699 pietate
1764 1626 2108 1683 descendisse

523 1734 631 1774 non
656 1720 869 1791 ambigo
900 1721 1046 1789 quod
1079 1735 1267 1775 eorum
1316 1735 1545 1789 corpora
1601 1728 1829 1791 argento
1856 1718 2110 1787 operiun-

523 1821 612 1866 tttr
635 1822 688 1867 et
716 1826 887 1874 auro;
914 1814 1006 1867 sed
1035 1812 1142 1882 jam
1167 1812 1403 1867 evidenti
1435 1821 1488 1866 ct
1515 1812 1740 1866 nimium
1791 1812 1931 1880 turpi
1979 1826 2112 1866 ava-

524 1904 663 1960 ritia:
694 1903 948 1971 militant,
980 1915 1036 1958 et
1054 1904 1258 1959 ossium
1286 1904 1649 1972 ostensiones,
1674 1913 1728 1958 et
1759 1904 2107 1973 feretrorum,

523 1996 590 2051 ad
628 1996 887 2066 pecunias
918 1996 1288 2067 corrogandas
1320 1982 1783 2052 circumlationes.
1826 1996 1957 2064 Quae
1990 2012 2110 2051 om—

523 2087 614 2144 nia
644 2088 989 2155 desii-issent,
1023 2090 1065 2142 si
1116 2103 1325 2152 eorum,
1383 2096 1444 2141 ut
1500 2089 1667 2158 ipsius
1717 2089 1925 2143 Domini
1958 2088 2107 2154 Jesu,

522 2180 650 2236 forti
682 2182 929 2252 apposito
985 2179 1141 2236 obice
1180 2180 1443 2237 immobili
1502 2180 1884 2237 clauderentur
1931 2198 2107 2237 mem-

521 2272 621 2329 bra
686 2273 955 2345 sepulcro.
1024 2273 1132 2330 Sed
1190 2273 1276 2329 his
1334 2274 1553 2331 omissis
1608 2276 1889 2346 sequentia
1942 2275 2109 2333 attinv

521 2380 732 2438 gamus.

596 2455 769 2521 Quam
814 2473 1055 2523 perversa
1107 2456 1440 2525 imperatoris
1503 2472 1671 2511 utens.
1721 2488 1792 2500 --
1838 2457 2110 2513 Praeterea

526 2547 715 2620 adjicit
742 2556 819 2615 ut,
847 2566 865 2601 ‹
910 2548 953 2602 si
985 2563 1092 2604 non
1120 2548 1253 2601 tanti
1285 2547 1549 2602 cohibitio
1587 2548 1736 2614 mali,
1768 2550 1814 2603 si
1843 2565 1947 2603 nou
1975 2566 2109 2619 pra.»

526 2636 767 2693 fatorum
822 2648 1136 2693 sanctorum
1205 2639 1271 2692 ad
1334 2638 1434 2693 hoc
1483 2639 1657 2709 ipsum
1706 2655 1800 2696 eos
1847 2641 2112 2697 animaret

521 2744 699 2793 amor,
734 2727 926 2783 saltem
957 2728 1073 2782 auri
1117 2729 1458 2798 argentique,
1511 2745 1740 2799 quantm
1802 2731 2112 2787 innumerae

523 2822 659 2878 biles
689 2821 799 2878 illic
846 2823 1113 2877 habentur
1142 2826 1342 2893 copitc,
1389 2825 1660 2893 cupiditas
1707 2825 1954 2881 illiceret.
1978 2846 1996 2879 ι
2028 2826 2110 2880 lti-

520 2911 633 2969 fert
662 2912 893 2981 denique
919 2924 973 2967 et
997 2913 1253 2983 quiddam
1285 2915 1548 2971 bonorum
1598 2916 1837 2972 virorum
1887 2916 2109 2988 frugali-

523 3005 621 3061 tati
675 3005 1070 3077 incompetens,
1122 3017 1181 3060 ut
1228 3007 1499 3074 videlicet,
1538 3029 1555 3061 ι
1594 3026 1788 3080 praeter
1831 3010 1943 3065 hzec
1992 3010 2108 3066 uni-

2215 512 2306 566 tia:
2345 512 2457 582 jam
2490 525 2600 566 non
2638 512 2945 567 habeantur
2980 513 3156 581 utilia,
3213 514 3325 569 imo
3371 516 3436 571 ad
3480 516 3734 579 detrimenti

2210 602 2505 668 cumulum,
2537 602 2852 658 abscidatur
2880 604 2934 659 in
2975 604 3107 674 ipsis
3134 621 3379 677 propago
3404 605 3592 678 futura,
3616 612 3733 684 cuius

2210 692 2561 751 incrementis
2592 697 2805 766 sperari
2830 696 3077 753 valerent
3126 707 3325 754 contra
3356 698 3530 756 hostes
3562 704 3735 762 auxilia.

2210 787 2311 856 Qui
2340 804 2470 858 ergo
2502 789 2843 846 damnaverit
2865 790 3010 847 ultro
3031 806 3148 858 sua,
3172 791 3291 864 jam
3336 808 3569 865 quaerere
3587 798 3738 855 merito

2211 883 2424 950 cogitur
2449 880 2649 937 aliena.

2283 974 2390 1029 Sed
2418 974 2811 1031 attendendum
2838 976 3005 1032 etiam
3042 976 3184 1049 quod
3244 978 3293 1034 is
3348 978 3461 1051 ipse
3500 979 3744 1051 imperator

2212 1078 2319 1119 non
2348 1079 2414 1118 ex
2468 1063 2707 1135 legitima
2745 1080 3044 1138 purpuram
3073 1067 3426 1123 successione
3456 1074 3742 1141 susceperit;

2212 1155 2306 1209 sed
2334 1170 2456 1210 cum
2481 1157 2548 1209 de
2568 1155 2891 1212 officialibus
2915 1158 3101 1229 palatii
3136 1160 3242 1214 sub
3266 1158 3528 1231 principe,
3548 1160 3647 1232 qui,
3668 1163 3745 1220 nisi

2213 1246 2393 1317 fallor,
2449 1248 2678 1306 Michael
2732 1252 3047 1315 vocabatur,
3083 1253 3254 1327 376
3282 1264 3447 1320 esset,
3486 1263 3540 1310 et
3580 1257 3748 1315 cuidam

2211 1341 2450 1409 portioni
2488 1341 2735 1410 plurima:
2778 1343 3196 1401 occidentalium
3250 1345 3484 1402 militum
3524 1360 3750 1420 praesset,

2211 1449 2348 1505 quos
2380 1434 2793 1492 excellentiores
2821 1438 2964 1507 apud
3007 1436 3260 1494 Gnaeum
3314 1439 3691 1510 imperatorem,
3713 1454 3752 1500 et

2212 1526 2279 1580 ad
2302 1525 2417 1595 ejus
2449 1531 2752 1585 custodiam
2795 1532 2969 1603 magis
3003 1534 3296 1605 contiguos
3324 1534 3560 1605 ingenita
3600 1549 3749 1594 eorum

2212 1618 2458 1687 probitas
2508 1618 2659 1688 fecit,
2696 1621 2925 1678 collecta
2955 1638 3021 1678 ex
3053 1622 3316 1692 subjectis
3345 1625 3598 1682 militibus
3622 1628 3751 1683 auda-

2214 1712 2319 1776 cia,
2351 1727 2519 1768 novas
2543 1728 2629 1768 res
2672 1724 2862 1771 contra
2922 1716 3097 1787 ipsum
3130 1718 3435 1790 principem
3467 1719 3627 1775 moliri
3672 1736 3754 1784 αι.

2216 1805 2313 1874 pit.
2369 1804 2470 1873 Qui
2521 1805 3122 1881 Constantinopolitaua
3177 1821 3373 1867 contra
3424 1812 3755 1885 imperatorem

2214 1897 2433 1952 civitate
2460 1913 2709 1968 pervasa,
2753 1911 2973 1971 captum
3023 1904 3279 1959 eumdem
3322 1903 3607 1960 luminibus
3643 1906 3756 1965 illico

2220 1988 2465 2046 feraliter
2490 1992 2688 2061 privat,
2713 2002 2770 2048 et
2819 1994 2873 2048 in
2921 1996 3157 2065 quodam
3202 1996 3504 2067 municipio
3528 2007 3670 2053 arcta:
3687 2013 3757 2057 αα

2215 2082 2404 2137 stodia:
2436 2083 2737 2154 mancipat,
2779 2094 2834 2139 et
2854 2084 2979 2155 jura
3013 2086 3229 2157 imperii
3258 2087 3429 2143 totius
3447 2102 3628 2159 expers
3642 2088 3753 2159 juris

2215 2183 2458 2244 usurpat.
2510 2174 2613 2243 Qui
2659 2174 2900 2233 Francos
2954 2178 3195 2249 quidem,
3230 2194 3299 2236 ea
3354 2194 3516 2250 quam
3563 2179 3757 2239 diximus

2214 2265 2543 2322 necessitate
2597 2266 2950 2338 compulsus,
3013 2268 3245 2340 expetiit
3304 2285 3321 2335 ;
3386 2271 3481 2327 sed
3521 2280 3757 2341 postquam

2216 2368 2380 2412 tanta:
2427 2359 2709 2430 dignitatis
2754 2376 3011 2431 proceres
3057 2363 3384 2420 convenisse
3430 2363 3562 2419 adeo
3605 2363 3759 2420 instrn-

2214 2455 2331 2503 ctos
2358 2450 2622 2505 modestia
2659 2461 2717 2507 et
2755 2453 2943 2521 armis,
2996 2455 3211 2525 equites
3259 2454 3421 2523 vidit,
3458 2453 3743 2510 multitudini

2216 2542 2469 2613 multum,
2501 2548 2597 2601 sed
2624 2546 2797 2602 multo
2848 2546 3080 2619 amplius
3109 2548 3416 2619 prudentia
3459 2563 3633 2604 eorum
3656 2546 3759 2602 invi-

2213 2636 2313 2692 dit.
2344 2638 2444 2693 Ast
2479 2639 2571 2695 ubi
2604 2640 2671 2694 ad
2708 2639 2964 2696 effectum
2998 2656 3187 2698 eorum
3249 2641 3504 2712 pervenit
3552 2639 3758 2709 intentio,

2212 2732 2388 2784 crevit
2413 2729 2574 2799 hujus
2595 2741 2783 2786 contra
2815 2738 3125 2787 nostrorum
3151 2730 3460 2788 efficaciam
3494 2729 3758 2787 invidenti:

2214 2819 2549 2890 magnitudo,
2602 2822 2728 2876 dum
2768 2830 2892 2892 post
2941 2819 3467 2895 Jerosolymitanam
3523 2821 3760 2877 victoriam

2215 2918 2458 2976 veretur,
2511 2923 2581 2964 ne
2627 2912 2873 2967 victricia
2900 2912 2956 2966 in
2988 2927 3047 2967 se
3083 2928 3231 2967 arma
3268 2923 3631 2985 retorqueaut.
3655 2925 3761 2983 Ρη·

2213 3004 2401 3055 sertim
2424 3016 2547 3057 cum
2576 3018 2642 3059 eo
2667 3004 2934 3075 potiorem
2956 3005 3059 3060 sibi
3088 3004 3372 3073 annulum,
3401 3007 3538 3063 inter
3554 3005 3760 3061 nationes

518 3113 680 3153 versa
738 3098 1230 3169 pulcherrimarum
1285 3100 1614 3157 feminarum
1669 3104 1944 3174 voluptate
1995 3112 2107 3158 tra-
2136 3136 2182 3199 ε
2215 3106 2561 3164 nequaquam
2596 3110 2720 3151 esse
2758 3095 3087 3153 didiceram-
3128 3099 3393 3155 Αυάἱιιιω
3434 3109 3603 3155 tamen
3638 3094 3760 3153 ηοδδι

519 3191 745 3259 bantur,
789 3210 807 3243 ι
845 3192 999 3259 quasi
1025 3192 1334 3249 Grarcarum
1368 3197 1653 3251 mulierum
1701 3197 1909 3265 species
1960 3205 2108 3251 tanta

517 3290 684 3347 esset,
717 3282 1019 3339 utGallicis
1052 3287 1210 3339 modo
1242 3285 1483 3356 quolibet
1525 3285 1931 3356 praeferrentur,
1962 3287 2106 3343 sola-

518 3388 625 3445 que
645 3389 832 3429 earum
864 3390 1029 3430 causa
1064 3374 1398 3431 Francorum
1426 3379 1700 3433 exercitus
1727 3379 1779 3432 in
1811 3378 2133 3443 Thraciam,

519 3478 790 3539 ageretur.
825 3467 958 3522 Dum
992 3470 1106 3523 haec
1135 3470 1544 3525 sordidissimus
1589 3471 1675 3525 ille
1704 3480 1964 3542 tyrannus
1991 3469 2105 3525 edi-

523 3569 695 3624 ceret,
736 3562 1052 3616 meminisse
1078 3563 1330 3617 debuerat
1359 3563 1502 3633 quod
1533 3564 1602 3619 ob
1628 3566 1728 3619 hoc
1757 3565 1954 3635 ipsum,
1991 3565 2106 3621 haec

517 3653 621 3709 sibi
652 3653 871 3724 suisque
913 3655 1215 3709 adversitas
1275 3655 1617 3724 putiSsimnm
1670 3657 1949 3726 ingenerct
1980 3657 2104 3731 [al.,

517 3740 846 3814 ingrueret],
876 3746 1005 3812 quia
1043 3743 1222 3800 edicto
1252 3745 1474 3810 celebri,
1507 3748 1572 3801 de
1591 3748 1859 3816 'plurihus
1888 3752 2106 3802 univer-

516 3848 703 3888 sorum
738 3833 972 3899 filiabus,
1038 3851 1199 3890 unam
1248 3852 1345 3904 per
1386 3852 1549 3891 ornne
1606 3836 1888 3906 imperium
1948 3853 2103 3893 suum

516 3923 771 3997 prostitui
798 3923 1039 3994 juberet,
1073 3937 1123 3980 et
1150 3924 1281 3981 fisco
1317 3929 1536 3997 proprio
1556 3927 1763 3982 lucrum
1789 3926 2104 3985 letiISSinlw

513 4013 785 4085 passionis
810 4014 1055 4072 inferret.
1081 4016 1189 4073 Nec
1212 4019 1392 4075 minus
1422 4019 1574 4086 illud,
1602 4020 1741 4089 quod
1773 4022 1838 4076 de
1856 4019 2100 4091 pluribus

512 4104 664 4173 filiis,
689 4121 855 4161 unum
887 4111 1258 4178 eunucbizari,
1284 4112 1409 4167 data
1455 4113 1712 4183 praecepti
1752 4119 2096 4184 auctoritate,

508 4196 873 4267 mandaverit,
910 4210 966 4255 et
1011 4216 1240 4271 corpora
1292 4201 1524 4258 marium
1567 4203 1833 4273 ademptis
1891 4205 2098 4264 viribus

553 4345 3213 4379 Μ

2213 3194 2449 3251 constat,
2476 3195 2602 3242 ante
2652 3188 2813 3259 hujus
2845 3189 2947 3243 via!
2968 3200 3314 3261 compertum
3343 3191 3646 3261 primordia,
3671 3203 3761 3244 ma-

2211 3285 2349 3332 trem
2374 3277 2517 3332 hunc
2548 3279 2801 3336 habuisse
2825 3281 3174 3353 sortilegam;
3206 3298 3334 3353 qua:
3367 3283 3469 3339 sibi
3494 3297 3626 3354 sape
3648 3295 3763 3354 pra:-

2213 3369 2444 3434 dicerct,
2477 3369 2603 3440 quia
2639 3387 2705 3426 ex
2753 3370 2795 3426 F
2801 3373 2983 3429 raucis
3012 3374 3277 3445 originem
3338 3375 3579 3441 duceret,
3616 3374 3695 3445 qui
3719 3373 3761 3430 ei

2210 3458 2495 3529 imperium
2526 3461 2800 3533 vitamque
2823 3462 3107 3521 adimeret.
3143 3466 3315 3536 Cujus
3349 3466 3621 3522 oraculum
3649 3465 3756 3536 ipsis

2211 3551 2493 3611 effectibus
2516 3556 2733 3627 explere
2781 3557 3013 3614 forsitan
3052 3559 3406 3617 Boemundus
3430 3559 3652 3616 affectat.
3675 3556 3758 3625 Qui

2213 3654 2494 3717 tantopere
2533 3648 2613 3703 illi
2639 3650 2863 3714 insistit,
2911 3661 2971 3707 ut
3003 3667 3382 3725 smpeuumero
3428 3670 3548 3712 cum
3595 3651 3752 3709 eodem

2209 3736 2505 3809 confligens
2553 3749 2766 3795 vertere
2818 3750 2969 3814 terga
3018 3744 3373 3816 compulerit,
3414 3754 3471 3802 et
3506 3743 3756 3815 piurimatn

2208 3831 2613 3902 provinciarum
2668 3834 2786 3905 ejus
2848 3847 3056 3906 partem
3100 3853 3214 3893 suae
3260 3839 3457 3895 ditioui
3505 3835 3754 3893 addixerit.

2208 3921 2457 3990 Quicum
2494 3939 2664 3995 genus
2689 3941 2755 3979 ex
2786 3924 3188 3984 Northmannia
3231 3931 3396 3986 ducat
3421 3946 3576 4001 quam
3620 3926 3760 3982 Fran-

2209 4014 2309 4071 cia:
2328 4025 2538 4086 partem
2561 4033 2684 4075 esse
2706 4028 2940 4085 constat,
2978 4024 3048 4079 ob
3079 4024 3183 4080 hoc
3215 4026 3304 4080 vel
3361 4025 3592 4080 maxime
3616 4019 3757 4077 Fran-

2208 4127 2306 4169 cus
2337 4112 2643 4184 habebitur,
2679 4115 2806 4186 quia
2839 4118 2984 4190 regis
3026 4116 3366 4177 Francorum
3399 4119 3521 4178 filim
3544 4113 3755 4188 coniugio

2201 4202 2316 4275 jam
2333 4203 2555 4275 potitur.

3232 4351 3741 4385 —l‘—I—-

1630 4490 1988 4581 LIBER
2059 4492 2710 4587 SECUNDUS.

1931 4668 2308 4687 __——-

1020 4837 1248 4898 CAPUT
1283 4840 1575 4899 PRIMUM.

574 4971 665 5050 [L]
689 4971 893 5033 Urbani
915 4988 1066 5044 papa:
1087 4974 1370 5044 praconia.
1392 4972 1518 5029 Post
1544 4984 1764 5029 mortem
1791 4974 1967 5029 clarus
1988 4976 2091 5029 mi-

501 5071 720 5128 raculis.
743 5102 814 5112 —
846 5070 1094 5125 Urbanus
1128 5085 1287 5140 papa,
1340 5080 1463 5125 ante
1494 5082 1749 5141 papatum
1796 5070 1913 5128 Odo
1935 5088 2098 5129 voca-

502 5166 687 5229 batur,
711 5178 779 5219 (δι
808 5163 1037 5219 Francis
1061 5162 1213 5220 claro
1242 5163 1490 5234 germine
1519 5163 1802 5223 oriundus.
1835 5180 1901 5219 ex
1935 5166 2093 5220 terri-

502 5257 643 5313 torio
664 5266 718 5312 et
745 5256 899 5311 clero
932 5256 1211 5321 Demensi,
1244 5266 1301 5310 et
1348 5257 1615 5319 existens,
1650 5266 1709 5312 ut
1756 5256 1954 5317 ferunt.
1985 5253 2092 5311 nisi

2123 4798 2176 4858 D
2200 4793 2383 4863 Ostiae,
2413 4793 2658 4868 Gregorii
2684 4794 2900 4867 septimi
2926 4809 3081 4867 papas
3125 4794 3306 4867 jussu,
3333 4795 3626 4853 destinatur
3650 4786 3747 4859 epi-

2201 4904 2444 4959 scopus;
2501 4890 2568 4944 ad
2606 4899 2909 4945 extremum
2968 4889 3280 4962 apostolica:
3333 4889 3444 4946 sedi
3493 4883 3750 4960 praeficitur

2202 4983 2443 5053 pontifex
2467 4998 2732 5039 summus.
2750 4982 2916 5053 Cujus
2934 4992 3137 5054 quanta
3167 4982 3575 5055 magnanimitas
3599 4973 3746 5033 exsti-

2204 5076 2291 5138 tit,
2317 5075 2478 5143 hujns
2505 5075 2859 5147 profectionis
2888 5075 3160 5132 incentivo
3183 5075 3436 5139 innotuit,
3472 5071 3604 5145 quod
3637 5066 3746 5122 dum

2201 5167 2409 5239 primus
2438 5167 2552 5239 ipse
2579 5168 2831 5238 praebuit,
2866 5182 3103 5240 quonam
3139 5178 3300 5240 pacto
3345 5168 3397 5224 id
3439 5166 3599 5228 fieret,
3626 5168 3745 5215 tutus

2201 5260 2435 5314 mundus
2488 5259 2788 5332 obstupuit.
2842 5243 3150 5315 Attestatur
3200 5260 3365 5316 statui
3419 5256 3604 5316 mentis
3643 5248 3744 5307 finis

502 5346 786 5409 falluntur,
813 5363 948 5418 papa
977 5346 1185 5417 primus
1208 5361 1273 5402 ex
1307 5346 1554 5403 Francis.
1581 5348 1626 5403 Is
1649 5347 1887 5403 Cluuiaci
1922 5333 2095 5402 factus
2197 5353 2315 5424 ejus
2370 5352 2662 5425 Splendens
2707 5354 3006 5410 miraculis.
3061 5352 3330 5411 Defuncto
3383 5352 3573 5409 etenim
3601 5354 3743 5401 aese-

501 5455 571 5496 ει
598 5437 800 5495 cierico
832 5441 1151 5505 monachus,
1178 5448 1300 5510 post
1330 5441 1581 5496 abbatem
1608 5441 1857 5512 gloriosae
1891 5456 2093 5495 memo-
2196 5447 2345 5517 pulto
2367 5462 2456 5513 eo,
2482 5448 2624 5502 sicut
2646 5446 2945 5504 succedens
2966 5448 3015 5503 ei
3041 5445 3313 5505 Ostiensis
3336 5444 3542 5516 scripsit
3560 5438 3741 5510 episco-

502 5531 599 5590 l'ia
624 5531 714 5602 qui
746 5530 951 5598 adjuvit
976 5531 1251 5603 litigonem
1282 5549 1388 5587 nou
1422 5534 1592 5588 multo
1622 5544 1748 5604 post
1802 5533 1942 5589 rexit
1971 5533 2089 5589 olli-

497 5625 645 5681 cium
699 5623 989 5695 prioratus.
1042 5625 1167 5679 Inde
1224 5625 1541 5696 proficiente
1589 5627 1827 5693 merito,
1880 5627 2091 5684 civitati

2196 5554 2321 5612 pus,
2353 5556 2474 5595 cum
2503 5540 2733 5610 plurima
2757 5540 2907 5612 signa
2929 5541 3042 5612 jam
3090 5539 3309 5606 ﬁerent,
3348 5536 3515 5594 astitit
3554 5529 3740 5603 quidm

2195 5632 2446 5703 sepulcro
2468 5632 2617 5689 illius
2644 5634 2886 5707 juvenis,
2906 5643 2963 5693 et
2991 5633 3359 5693 membrorum
3390 5630 3627 5691 damnum
3656 5613 3741 5675 sibi

571 5759 687 5854 pi)
727 5761 1002 5824 Prolixius
1030 5763 1099 5826 do
1149 5762 1236 5841 liis
1284 5762 1338 5839 in
1367 5769 1600 5834 tractatu
1644 5763 1724 5825 De
1765 5764 2085 5841 pignoribus
2110 5778 2453 5842 sanctorum,
2479 5767 2575 5830 lib.
2602 5785 2644 5833 ι.
