4012 6346
130 330 250 394 69"

1215 329 1445 391 GESTA
1472 330 1595 389 ΒΕΓ
1616 329 1750 390 PER
1790 330 2130 393 FRANCOS.
2154 362 2224 376 --
2244 333 2371 391 LIB.
2397 332 2462 393 ll.

3333 342 3436 404 698

135 454 483 527 imprecatus
503 459 606 521 est,
640 450 686 509 si
715 466 815 524 per
841 448 1044 508 Urbani
1078 448 1292 516 merita,
1316 450 1407 520 qui
1438 448 1554 505 Odo
1579 447 1732 502 dice-
1761 451 1810 509 Α
1836 449 2034 519 aliqua:
2069 450 2285 505 munda:
2315 458 2657 507 manserunt.
2692 451 2777 508 Ilii
2809 459 2937 508 sunt
2961 452 3079 525 qni,
3105 454 3231 511 dum
3262 459 3436 516 adhuc

137 558 330 615 tatur,
365 547 578 620 signum
613 561 852 618 unquam
879 544 1081 599 factum
1106 540 1271 599 fuerit
1299 558 1364 597 ac
1397 541 1570 598 ﬁeret.
1601 540 1742 596 Nec-

133 643 280 701 dum
311 638 702 715 pedemaloco
728 638 1018 704 extulerat,
1075 652 1198 694 cum
1247 634 1425 690 oﬁiciu
1474 634 1743 690 sermonis

135 734 380 798 amisso,
425 722 481 788 et
544 730 716 786 altero
779 730 1012 785 laterum
1060 727 1293 801 paralysi
1340 726 1743 783 intercurrente

134 836 427 898 correpto,
494 823 787 896 postridie,
846 821 1049 879 Urbani
1102 822 1360 877 virtutum
1428 818 1740 876 testimonia

130 929 397 975 mortuus
418 918 530 989 ipse
552 914 847 987 perhibuit.

219 1009 503 1082 Suppetias
536 1009 601 1063 ab
629 1008 846 1081 antiquo
895 1006 1039 1063 soliti
1064 1016 1183 1063 sunt
1216 1005 1442 1061 Romani
1466 1003 1742 1077 pontiﬁces

130 1119 173 1159 ο
226 1100 455 1157 Francis
512 1111 769 1172 expetere.
799 1098 941 1155 —-ls
973 1099 1157 1171 itaque
1192 1098 1277 1154 vir
1322 1097 1577 1164 eximius,
1615 1110 1740 1151 cum

130 1193 216 1249 ab
264 1192 420 1249 Alexi
454 1190 767 1248 Graecorum
813 1189 1058 1263 principe
1115 1190 1327 1262 magnis
1378 1189 1742 1244 bonorarctur

126 1287 442 1358 exsequiis,
474 1294 529 1341 et
557 1283 807 1357 precibus
828 1284 1072 1356 quidem,
1103 1284 1199 1339 sed
1231 1282 1398 1340 multo
1421 1280 1741 1354 propensius

126 1381 385 1455 generali
446 1378 879 1436 Christianitatis
945 1376 1187 1450 periculo
1245 1376 1555 1448 puis-aretur
1612 1389 1733 1445 quae

124 1470 476 1546 quotidianis
492 1469 787 1527 Gentilium
814 1472 1155 1525 minuebatur
1181 1469 1489 1525 incursibus
1508 1467 1527 1533 (
1532 1477 1588 1523 et
1605 1465 1738 1523 Sar-

127 1580 472 1622 racenorum
521 1577 757 1634 namque
802 1562 1196 1634 irruptionibns
1242 1559 1529 1632 llispanias
1554 1560 1741 1616 audie-

124 1659 237 1715 bat
258 1658 558 1731 szrpissitne
598 1655 958 1728 conturbari),
986 1671 1088 1728 pro
1120 1654 1226 1710 hoc
1256 1654 1392 1725 ipso,
1421 1667 1531 1709 suae
1560 1651 1739 1725 gentis

126 1752 540 1809 sollicitatnrus
571 1750 845 1814 homines,
895 1759 1258 1805 commeatum
1290 1747 1474 1803 facere
1496 1746 1739 1802 destina-

126 1846 220 1903 vit
245 1845 302 1900 in
332 1843 638 1911 Franciam,
660 1842 973 1915 apostolica:
1001 1857 1196 1913 nempe
1226 1840 1370 1897 sedis
1392 1837 1738 1912 pontiﬁcibus

126 1938 209 1995 ab
263 1939 492 2009 antiquo
530 1937 1071 1993 consuetudinarinm
1125 1934 1246 2001 fuit,
1301 1935 1346 1989 si
1398 1949 1561 2004 quam
1612 1940 1739 1988 sunt

126 2030 289 2106 passi
337 2045 368 2086 a
412 2030 641 2085 ﬁnitima
689 2039 853 2102 gente
902 2028 1229 2093 molestiam,
1286 2026 1488 2082 auxilia
1518 2041 1738 2098 semper

129 2138 401 2198 espctere
424 2141 454 2180 a
480 2124 731 2182 Francis.
763 2122 1071 2195 Stephanus
1094 2131 1148 2178 et
1190 2122 1487 2179 Zacharias
1515 2121 1737 2194 pontiﬁ-

129 2237 252 2288 cas,
286 2230 515 2293 uterque
538 2221 638 2277 sub
666 2219 895 2292 Pippino
946 2226 1003 2273 et
1060 2217 1254 2275 Carolo
1280 2217 1500 2292 regibus
1545 2216 1739 2274 confu-

129 2316 288 2389 giunt
330 2314 464 2371 fecit
513 2313 580 2369 ad
615 2313 782 2387 ipsos.
829 2313 1071 2381 Quorum
1120 2314 1295 2385 prior,
1326 2328 1356 2369 e
1384 2312 1736 2384 pontiﬁcibus

136 2417 486 2479 sequentem,
530 2405 669 2461 facta
710 2420 885 2476 usque
931 2402 1184 2460 Ticinum
1229 2404 1591 2476 expeditione,
1626 2402 1732 2458 Ec-

134 2498 325 2554 clesia:
352 2512 508 2551 suum
540 2495 928 2567 patrimonium
978 2494 1304 2565 reparando,
1340 2493 1576 2565 propriae
1617 2491 1733 2548 sedi

133 2590 421 2655 restituit;
459 2588 795 2645 Desiderium
819 2604 1022 2660 regem,
1053 2589 1149 2660 qui
1188 2587 1498 2643 violentiam
1533 2586 1733 2642 intule-

130 2690 247 2747 rat,
282 2679 351 2734 ad
381 2694 568 2735 eorum
600 2694 721 2751 qua:
755 2679 1054 2749 diripuerat
1090 2680 1451 2735 redditioncm
1502 2677 1617 2734 sola
1647 2693 1733 2733 ar-

133 2791 356 2835 atorum
392 2776 754 2833 intentatione
785 2777 981 2848 coegit.
1019 2775 1246 2832 Ceteris
1298 2774 1444 2830 enim
1475 2774 1732 2847 gentibus

128 2885 267 2944 erga
309 2871 531 2926 beatum
572 2868 797 2927 Petrum
842 2884 1079 2944 ergaque
1125 2868 1459 2941 pontiﬁcalia
1489 2869 1729 2937 decreta,

133 2963 455 3023 timoratins
484 2962 853 3035 humiliusqne
878 2979 938 3020 se
997 2962 1189 3020 habuit
1238 2977 1370 3035 gens
1392 2961 1605 3027 eadem,
1631 2975 1732 3017 nec

130 3057 469 3123 temeritate,
503 3071 611 3127 qua
661 3053 753 3111 alii
798 3054 1060 3121 assolent,
1103 3054 1352 3110 velamen
1402 3051 1622 3109 malitiae
1648 3066 1733 3108 ar-

127 3151 319 3225 ripere
347 3158 535 3206 contra
571 3149 738 3207 Deum
766 3150 939 3207 voluit
962 3149 1299 3207 libertatem.

204 3241 546 3300 Francorum
575 3261 699 3316 ergo
734 3259 997 3300 summum
1019 3243 1320 3315 pontiﬁcem
1367 3242 1575 3299 devotio
1603 3260 1732 3298 con-

129 3340 373 3398 tinuata.
414 3369 483 3382 --
528 3338 792 3398 Vidimus.
838 3338 954 3410 jam
994 3339 1155 3397 annis
1201 3339 1439 3396 emensis
1462 3339 1729 3410 pluribus,

129 3431 487 3498 Teutonicos,
542 3432 651 3488 imo
679 3433 845 3490 totius
891 3432 1262 3504 Lnthariugia:
1291 3447 1539 3502 regnum,
1584 3431 1731 3487 beati

129 3515 290 3592 Petri
319 3531 546 3603 ejusque
597 3527 916 3600 pontiﬁcum
948 3527 1238 3600 praeceptis
1290 3525 1574 3582 barbarica
1595 3540 1733 3596 qna-

130 3626 261 3683 dum
307 3623 677 3683 obstinatione
726 3622 911 3689 reniti,
961 3630 1018 3678 et
1063 3621 1369 3678 ambientes
1415 3620 1579 3676 malle
1631 3627 1728 3675 aut

132 3717 402 3776 diuturno
466 3715 584 3772 sive
646 3715 985 3787 sempiterno
1048 3714 1385 3770 anathemati
1447 3711 1732 3783 subiacere

129 3826 298 3884 quam
323 3808 536 3879 subjici.
574 3807 768 3865 Audivi
809 3822 954 3864 anno
982 3806 1284 3878 praeterito,
1313 3806 1440 3862 dum
1483 3821 1605 3861 cum
1636 3820 1728 3860 aro

129 3903 465 3961 cbidiacono
490 3902 728 3972 quodam
766 3898 1082 3972 Magontino
1130 3914 1298 3971 super
1337 3914 1435 3954 sua
1487 3898 1729 3969 ipsorum

129 3994 436 4051 rebellione
468 3992 856 4065 congrederer,
898 3992 1043 4063 quod
1090 4007 1272 4063 regem
1324 3999 1568 4047 nostrum
1604 4005 1728 4045 cum

127 4087 337 4160 populo
364 4088 416 4142 in
459 4096 666 4143 tantum
720 4085 1084 4157 vilipenderit,
1113 4084 1182 4140 ob
1223 4084 1327 4141 hoc
1375 4085 1550 4141 solum
1599 4084 1727 4155 quia

129 4181 417 4242 dominum
446 4196 640 4254 papam
666 4178 986 4236 Paschalem
1019 4178 1183 4251 377
1235 4195 1358 4235 cum
1382 4181 1495 4236 suis
1523 4182 1729 4252 princi-

128 4275 299 4350 pibus
340 4284 494 4347 grate
532 4274 733 4345 ubique
772 4273 1098 4344 susceperit,
1158 4281 1217 4328 ut
1263 4288 1356 4331 eos
1409 4289 1519 4330 non
1567 4276 1729 4333 modo

126 4368 380 4426 Francos
408 4367 706 4424 vocaverit.
729 4366 828 4424 Cui
855 4367 1077 4437 inquam
1112 4381 1127 4423 :
1175 4385 1193 4423 t
1226 4367 1282 4423 Si
1312 4369 1384 4423 ita
1406 4383 1502 4426 eos
1524 4370 1729 4427 inertes

130 4444 425 4518 arbitraris
453 4469 509 4516 et
558 4459 832 4515 marcidos
880 4467 940 4513 ut
991 4457 1410 4515 celeberrimum
1463 4477 1634 4533 usque
1674 4462 1727 4518 in

1847 545 1948 599 sub
1977 559 2163 599 errore
2196 543 2381 615 gentili
2414 544 2605 615 positi,
2631 543 2931 611 Gallorum,
2965 546 3059 602 sed
3096 546 3437 607 Christiano-

1849 653 1967 691 rum
2013 652 2142 691 arva
2197 637 2425 707 pugnari
2483 637 2785 693 intentione
2833 637 3173 711 subigerent,
3229 644 3433 700 nemini

1846 742 2083 798 unquam
2123 742 2222 799 pro
2264 728 2468 783 Christi
2514 728 2619 783 ﬁde
2647 739 2742 785 aut
2781 746 2971 801 poenas
3012 732 3311 789 intulerunt
3340 745 3437 793 aut

1845 828 2115 885 mortem;
2145 818 2238 876 sed
2268 835 2362 874 eos
2387 834 2525 889 quos
2556 819 2801 876 Romana
2830 824 3095 879 severitas
3124 822 3271 880 ferro
3299 826 3435 898 igni-

1844 928 1951 983 que
1991 911 2264 983 punierat.
2303 927 2441 966 auro
2475 923 2809 984 argentoque
2844 917 3169 983 recondidit,
3205 920 3436 990 gemmis

1844 1007 2158 1078 electroque
2196 1005 2438 1061 contexit
2484 1006 2723 1077 ingenita
2767 1008 3064 1065 liberalitas
3093 1011 3289 1081 gentis.
3323 1010 3435 1069 Nec

1844 1100 2019 1157 solum
2053 1101 2193 1155 intra
2222 1115 2281 1155 se
2308 1114 2521 1170 passos,
2554 1099 2641 1155 his
2668 1100 2968 1157 honoribus
2997 1104 3276 1159 contendit
3315 1120 3433 1160 am-

1844 1193 1994 1259 bire;
2042 1194 2135 1247 sed
2181 1202 2237 1247 et
2288 1191 2565 1263 Hispaniis
2614 1201 2707 1248 aut
2757 1192 2910 1248 Italia
2961 1209 3056 1250 seu
3107 1195 3434 1265 quibuslibet

1842 1287 2096 1358 gentibus
2133 1286 2413 1352 advectos,
2449 1295 2611 1341 tanta:
2642 1286 2913 1343 desiderio
2942 1285 3247 1344 affectionis
3274 1305 3433 1345 exco-

1843 1377 1960 1443 luit,
2004 1387 2063 1432 ut
2104 1387 2404 1449 martyrum
2430 1393 2524 1433 seu
2552 1375 2948 1443 confessornm,
2978 1394 3115 1450 quos
3152 1388 3435 1450 tantopere

1842 1479 2044 1535 servat,
2086 1486 2242 1525 amor
2284 1481 2341 1526 et
2389 1469 2663 1526 celebrem
2704 1470 3001 1527 reddiderit
3041 1481 3097 1527 et
3140 1472 3434 1541 illustrem,

1844 1563 2081 1635 ﬁdeique
2116 1565 2395 1620 irremisse
2423 1572 2615 1620 tenore
2660 1564 2973 1630 donaverit;
3020 1566 3086 1621 ad
3129 1576 3432 1625 extremum

1842 1658 2003 1729 hujus
2040 1657 2509 1732 JerOSulymitana:
2553 1661 2796 1717 victoriae
2829 1662 3120 1734 tritnupbis
3154 1664 3430 1720 extulerit.

1841 1751 1980 1820 Quia
2010 1753 2154 1808 enim
2186 1754 2422 1825 portavit
2461 1754 2650 1827 jngum
2695 1755 2762 1809 ab
2807 1754 3194 1825 adolescentia,
3225 1757 3435 1814 sedebit

1769 1820 1815 1882 Β
1844 1847 2110 1914 solitaria,
2145 1847 2287 1903 inter
2327 1849 2569 1905 omnium
2613 1848 2863 1906 videlicet
2901 1851 3142 1921 gentium
3184 1851 3433 1923 proprie-

1844 1950 2003 2007 tates,
2037 1958 2168 2015 gcns
2214 1942 2432 2010 nobilis,
2466 1944 2739 2014 prudens,
2774 1943 3028 2000 bellicosa
3054 1985 3068 2009 ,
3112 1942 3336 2014 dapsilis
3370 1960 3433 2001 ac

1840 2035 2032 2092 nitida.
2064 2035 2272 2104 Quibus
2311 2037 2591 2108 proprium
2636 2052 2758 2093 cum
2803 2038 2875 2093 sit
2916 2053 3110 2094 nomen
3134 2078 3150 2105 ,
3177 2053 3433 2109 quarum-

1839 2145 2055 2201 cunque
2098 2132 2384 2186 nationum
2428 2132 2703 2198 homines,
2745 2142 2992 2189 mutnato
3040 2134 3149 2189 imo
3190 2134 3434 2204 prtestito

1839 2227 2081 2300 ipsorum
2111 2228 2399 2298 agnomine
2423 2228 2783 2284 honorantur.
2814 2228 2961 2297 Quos
2983 2229 3128 2285 enim
3159 2229 3431 2293 Britones,

1836 2321 2061 2393 Anglos,
2084 2320 2331 2394 Ligures.
2357 2323 2402 2377 si
2427 2323 2586 2387 bonis
2608 2338 2703 2380 eos
2730 2323 2973 2379 moribus
2995 2324 3291 2387 videamus,
3325 2339 3434 2380 non

1836 2414 1983 2470 illico
2008 2414 2252 2471 Francos
2285 2416 2536 2475 homines
2561 2417 2927 2489 appellemus?
2953 2417 3060 2475 Sed
3080 2418 3194 2491 jam
3218 2417 3285 2474 ad
3306 2433 3435 2492 pro-

1834 2509 2013 2584 posita
2051 2508 2356 2567 redeamus.

2472 2604 2703 2663 CAPUT
2740 2604 2803 2663 ll.

1907 2696 2019 2772 [ll.]
2058 2696 2206 2769 Papa
2229 2700 2362 2755 venit
2390 2700 2445 2756 in
2473 2697 2704 2756 Galliam
2733 2710 3082 2775 eonvocatque
3104 2699 3432 2759 Claroutonti

1834 2790 2136 2848 concilium.
2185 2790 2323 2858 Quot
2372 2792 2506 2847 inibi
2553 2794 2831 2849 antistites.
2875 2793 3039 2866 Papae
3080 2793 3337 2866 facundia
3379 2802 3433 2853 et

1833 2884 2073 2956 wquitas.
2103 2913 2176 2925 -——
2205 2883 2350 2955 Papa
2391 2884 2557 2956 igitur
2588 2885 2859 2953 Urbanus,
2891 2889 3041 2959 regni
3082 2888 3252 2944 nostri
3294 2886 3432 2947 ﬁnes

1834 2972 2167 3047 ingrediens,
2218 2984 2365 3031 tanta
2411 2976 2649 3044 urbium,
2690 2976 3033 3047 oppidorum,
3070 2977 3431 3051 villarumque

1835 3064 2022 3123 laetitia
2052 3076 2106 3123 et
2138 3068 2500 3124 concursione
2535 3069 2806 3141 excipitur
2831 3078 3036 3141 quanto
3063 3071 3308 3127 omnium
3334 3071 3429 3142 qui

1838 3161 2155 3217 adviverent
2186 3161 2464 3217 memoriis
2494 3160 2891 3233 incompertum
2921 3161 3124 3229 fuerat,
3158 3165 3301 3236 quod
3331 3164 3429 3222 ali-

1837 3255 2055 3328 quando
2099 3252 2410 3325 apostolicae
2456 3254 2603 3311 sedis
2650 3254 2881 3310 antistes
2934 3256 2988 3311 in
3033 3258 3282 3327 regiones
3330 3258 3428 3314 bas

1836 3348 2052 3405 venisse
2106 3347 2404 3403 videretur.
2464 3347 2656 3402 Annus
2709 3346 2895 3418 itaque
2946 3348 3217 3404 incarnati
3265 3347 3427 3405 Verbi

1835 3442 2157 3498 millesimus
2197 3443 2583 3514 nonagesimus
2611 3442 2834 3514 quintus
2862 3445 3188 3515 properabat
3229 3443 3428 3512 evolvi,

1834 3551 1956 3592 cum
1982 3535 2177 3607 pra-sul
2213 3535 2380 3603 idem,
2406 3536 2563 3591 valde
2593 3534 2848 3607 frequens
2874 3536 3201 3594 acceleravit
3230 3550 3428 3593 convo-

1834 3641 1963 3683 care
1990 3624 2303 3692 concilium,
2332 3626 2418 3682 cui
2444 3625 2661 3682 tandem
2692 3627 2743 3682 in
2772 3628 2906 3685 urbe
2927 3627 3245 3695 Arvernica,
3268 3628 3427 3684 scho-

1834 3719 2182 3776 lasticissimo
2211 3720 2453 3775 omnium
2483 3719 2775 3792 prtesulutu
2807 3719 3032 3776 Sidonio
3054 3719 3309 3792 gloriosa,
3338 3704 3427 3775 de-

1834 3812 1915 3869 dit
1950 3812 2151 3878 locum,
2190 3813 2275 3869 cui
2318 3821 2495 3869 tamen
2529 3814 2827 3870 immutata:
2851 3812 3188 3871 Claromouti
3216 3821 3427 3871 constat

1834 3922 1957 3964 esse
1993 3907 2339 3964 vocabulum.
2382 3907 2539 3975 Quod
2578 3906 2680 3963 fuit
2726 3918 2877 3964 tanto
2921 3907 3186 3964 celebrius
3226 3916 3427 3979 quanto

1833 3994 2149 4052 excellentis
2187 4003 2244 4051 et
2277 3994 2550 4051 inusitata:
2588 4010 2836 4066 personae
2862 4011 2959 4052 ora
2985 4010 3231 4061 cernere,
3262 3996 3426 4053 verba

1834 4086 2023 4143 audire
2045 4096 2165 4142 erat
2188 4085 2628 4142 desiderabilius.
2660 4084 2794 4150 Illic,
2820 4096 3020 4159 praeter
3048 4090 3424 4159 episcoporum

1833 4188 1890 4236 et
1932 4179 2185 4236 abbatum
2233 4180 2506 4245 examina,
2565 4195 2705 4251 quos
2742 4180 2964 4237 circiter
3001 4179 3425 4251 quadringentos

1832 4286 1929 4343 per
1951 4272 2323 4342 prominentes
2350 4270 2551 4327 ferulas
2605 4271 2772 4328 fuisse
2797 4271 2963 4342 aliqui
2986 4278 3425 4336 numeraveram,

1835 4363 2000 4421 totius
2040 4362 2287 4419 Francia:
2326 4374 2381 4420 et
2417 4364 2797 4435 appendicium
2827 4363 3181 4418 comitatuum
3220 4361 3424 4419 littera-

1835 4459 1955 4509 tura
2003 4453 2284 4510 conlluxit.
2330 4453 2460 4510 Erat
2490 4454 2564 4509 ibi
2596 4463 2847 4525 spectare
2876 4467 3040 4525 quam
3073 4467 3265 4508 serena
3296 4468 3425 4525 gra-

128 4551 413 4611 Oeeanum
466 4550 709 4606 Indicum
755 4564 975 4616 nomen,
1036 4547 1179 4605 fmde
1225 4550 1511 4622 garriendo
1541 4551 1726 4608 detor-
1762 4573 1806 4629 ι)
1833 4550 2025 4616 vitate,
2056 4548 2358 4620 ponderosa
2388 4548 2645 4603 comitate
2675 4547 3010 4621 praesideret,
3045 4556 3099 4603 et
3130 4556 3190 4602 ut
3218 4546 3423 4618 pra'fati

128 4660 326 4719 queas,
347 4644 435 4702 dic
456 4643 587 4700 mihi
613 4642 680 4698 ad
706 4658 844 4715 quos
868 4658 1005 4715 papa
1030 4642 1283 4700 Urbanus
1307 4653 1496 4699 contra
1521 4643 1729 4701 Turcos

128 4736 390 4813 praesidia
416 4744 800 4793 contracturus
821 4735 1044 4792 divertit
1071 4735 1095 4791 ?
1121 4750 1302 4792 nonne
1331 4736 1399 4792 ad
1433 4736 1674 4794 Francos
1707 4739 1731 4796 ?

130 4830 350 4889 hiinisi
401 4829 691 4902 praeissent
744 4836 798 4883 et
823 4827 1138 4885 barbariem
1174 4829 1538 4900 undecunque
1591 4845 1729 4886 con-

129 4923 417 4983 ﬂuentium
444 4924 686 4994 gentium
720 4923 894 4979 vivaci
935 4922 1198 4979 industria
1248 4931 1304 4979 et
1341 4922 1627 4994 impavidis
1650 4923 1730 4981 vi-

132 5018 292 5077 ribus
341 5016 838 5081 constrinxissent,
886 5014 1315 5072 Teutonicornm
1362 5025 1668 5073 vestrorum
1708 5059 1725 5086 ,

137 5125 376 5184 quorum
406 5126 474 5166 ne
502 5126 697 5167 nomen
727 5107 951 5179 quidem
1001 5107 1075 5163 ibi
1103 5108 1307 5176 sonuit,
1349 5108 1549 5166 auxilia
1577 5110 1726 5167 nulla

135 5203 390 5260 fuissent.
413 5222 432 5257 ι
471 5202 596 5259 Haec
621 5202 688 5258 ad
716 5201 886 5257 illum.

208 5295 384 5364 Quam
442 5295 618 5365 ﬁrmia
678 5309 1110 5366 perseveramque
1170 5290 1504 5350 Francorum
1570 5295 1725 5365 ﬁdes.

132 5420 203 5434 -
236 5388 439 5446 Fateor
475 5403 602 5446 vero
630 5395 685 5444 et
716 5386 971 5443 omnibus
1015 5385 1275 5442 credibile
1300 5396 1385 5442 est
1416 5386 1543 5443 huic
1573 5396 1725 5445 tanto

133 5493 353 5555 gentem
420 5482 578 5538 istam
641 5480 810 5536 Deum
886 5494 1197 5535 reservasse
1273 5480 1521 5551 negotio,
1589 5496 1725 5552 pra:-

131 5580 325 5640 sertim
350 5596 472 5635 cum
494 5594 591 5652 pro
618 5586 768 5633 certo
798 5574 1110 5633 noverimus
1132 5577 1256 5647 quia
1282 5591 1348 5633 ex
1385 5592 1494 5647 quo
1509 5574 1632 5635 ﬁdei
1649 5576 1726 5633 si-

131 5688 321 5749 gnum,
356 5672 514 5729 beato
546 5669 791 5741 Remigio
822 5670 1089 5736 tradente,
1121 5678 1493 5743 sumpserunt,
1523 5670 1722 5728 nullius

131 5782 372 5839 unquam
399 5762 638 5838 perﬁdiae
665 5762 940 5834 suscipere
970 5761 1283 5835 contagium
1319 5761 1403 5820 vel
1428 5763 1495 5819 ad
1526 5762 1718 5821 harant

124 5860 548 5942 nequiuerant,
591 5871 701 5936 quo
736 5856 853 5932 vix,
898 5864 995 5917 ant
1041 5855 1191 5917 nullo
1241 5857 1422 5933 modo,
1465 5858 1718 5921 nationes

1836 4642 2046 4700 Sidonii
2081 4640 2262 4697 verbis
2288 4650 2435 4707 utar,
2466 4655 2629 4712 quam
2669 4659 2687 4693 t
2724 4640 2968 4712 piperata
3000 4639 3274 4706 facundia,
3306 4658 3326 4693 ι
3358 4640 3424 4697 ad

1832 4734 2045 4805 objecta
2077 4733 2335 4806 quislibet
2364 4748 2503 4806 papa
2534 4733 2928 4791 disertissimus
2982 4733 3288 4791 detonaret.
3317 4733 3423 4790 No-

1833 4829 2055 4885 tabatur
2097 4838 2302 4899 quanta
2349 4829 2433 4883 vir
2480 4826 2816 4885 clarissimus
2860 4828 3123 4886 modestia
3157 4828 3423 4885 tolerabat

1832 4938 1960 4980 suas
1998 4922 2328 4981 tumultuose
2363 4938 2559 4979 causas
2584 4922 2971 4995 ingerentium,
3004 4923 3419 4995 loquacitatem;

1831 5032 1996 5088 quam
2044 5031 2234 5089 parum
2281 5014 2718 5087 appretiabatur,
2769 5014 2872 5072 nisi
2911 5015 3206 5072 secundum
3252 5014 3421 5070 Deum

1830 5107 2128 5178 cuiuspiam
2170 5106 2641 5179 personalitalem.

1902 5195 2037 5273 [ΙΙΙ]
2070 5195 2371 5269 Philippum
2398 5214 2577 5269 regem
2596 5215 2628 5251 α
2649 5198 2858 5269 piorum
2883 5206 3016 5251 coetu
3041 5197 3202 5267 ejicit.
3222 5195 3420 5253 —lntle

1829 5292 2135 5367 Philippum
2178 5309 2360 5365 regem
2401 5292 2758 5358 Francorum,
2794 5288 2946 5360 cujn's
2977 5291 3289 5362 trigesimus
3333 5306 3419 5349 se-

1828 5390 2033 5460 ptimus
2061 5397 2190 5444 tunc
2224 5387 2372 5459 regni
2406 5386 2794 5444 recensebatur
2818 5400 3015 5452 annus,
3043 5386 3132 5455 qui
3173 5387 3417 5463 propria,

1829 5480 2027 5538 Bertha
2056 5482 2294 5545 nomine,
2326 5495 2493 5536 uxore
2524 5479 2739 5543 relicta,
2769 5479 3175 5549 Andegavensis
3200 5481 3416 5539 comitis

1828 5589 2054 5632 uxorem
2085 5575 2209 5636 sibi,
2239 5574 2557 5628 Bertradam
2588 5572 2870 5637 vocabulo,
2895 5574 3238 5638 devinxerat,
3267 5585 3416 5632 tanta

1826 5670 2151 5729 auctoritate
2176 5668 2670 5724 excommunicavit
2691 5677 2748 5723 ut
2773 5668 3192 5731 intercessiones
3212 5680 3417 5741 specta-

1825 5764 2014 5822 bilium
2061 5776 2439 5836 personarum,
2465 5773 2520 5819 et
2555 5761 2930 5836 multiplicium
2964 5779 3249 5821 munerum
3290 5764 3412 5820 illa-

1827 5859 2003 5922 tionos
2029 5858 2445 5936 contempserit,
2474 5866 2532 5918 et
2569 5858 2716 5934 quod
2758 5858 2901 5919 intra
2946 5858 3094 5934 regni
3124 5858 3295 5933 ipsius
3321 5860 3417 5929 dor
