4012 6346
193 312 334 372 ’101

1275 304 1507 365 GESTA
1545 304 1661 363 DEI
1698 302 1837 362 PER
1871 298 2216 363 FBANCOS.
2244 334 2316 349 -
2343 304 2476 363 LIB.
2503 305 2561 367 ll.

3432 321 3537 378 702

199 437 597 504 propagetur,
621 430 764 501 quod
800 428 1121 486 Antichristi
1172 427 1839 497 Antichristianornmque
1870 426 1913 485 A
1947 422 2233 493 pensiones
2280 433 2550 495 coguntur
2575 432 2629 482 et
2661 428 2861 485 tributa
2893 428 3219 502 dependere,
3245 450 3344 506 per
3374 418 3541 509 quas;

202 520 487 593 perfidia:
518 519 841 591 refragetur.
873 520 1007 589 Quis
1038 536 1143 576 non
1171 519 1441 587 conjicere
1485 529 1658 591 potest
1690 519 1835 591 quod

206 614 410 677 Deus,
455 612 546 680 qui
595 613 971 666 universorum
1022 628 1173 681 spem
1217 612 1571 667 exuberantia
1620 612 1837 666 virtutis

205 715 560 779 exsuperat,
593 721 690 776 per
720 705 1014 760 scintillam
1044 716 1279 761 vestram
1314 714 1474 759 tantm
1504 705 1837 776 paganitatis

205 799 567 855 arundineta
589 808 893 861 consumat,
917 806 974 851 ut
998 795 1309 868 ngyptum,
1354 794 1591 850 Africam
1623 794 1835 851 Ethio-

160 932 175 943 .
204 894 529 965 piamque,
569 908 689 962 quae
735 906 765 944 a
818 902 1016 945 nostra:
1065 889 1405 945 credulitatis
1454 891 1836 946 con'inmnionc

206 986 575 1050 desciscunt,
607 986 749 1040 intra
790 984 948 1055 hujus
981 986 1288 1040 rudimenta
1320 985 1453 1057 legis
1485 984 1750 1049 includat,
1781 992 1838 1041 et

207 1078 408 1134 homo
458 1086 733 1149 peccator,
780 1077 924 1134 ﬁlius
974 1079 1297 1149 perditionis
1347 1080 1559 1149 aliquos
1610 1077 1836 1134 rebelles

207 1171 518 1226 inveniat?

307 1285 331 1317 ι
378 1266 446 1321 Ει
475 1281 603 1321 ecce
636 1266 991 1337 Evangelium
1038 1267 1239 1323 clamat
1274 1266 1573 1322 Jerusalem
1612 1267 1831 1322 calcan-

207 1361 366 1415 (lam
396 1375 424 1413 a
455 1360 713 1429 gentibus,
747 1361 913 1415 donec
943 1360 1264 1431 impleantur
1293 1363 1568 1415 nationum
1599 1370 1834 1431 tempora

211 1452 395 1524 (Luc.
437 1468 547 1513 xxi,
587 1452 698 1521 24).
744 1452 1005 1508 Bifariam
1059 1454 1283 1525 intelligi
1334 1462 1560 1523 possunt
1600 1463 1835 1524 tempora

214 1545 540 1609 nationum,
581 1554 674 1599 aut
723 1546 849 1615 quia
894 1545 1222 1601 Christianis
1272 1546 1561 1599 dominata:
1602 1554 1731 1599 sunt
1765 1545 1834 1600 ad

214 1636 521 1704 placitum,
549 1647 603 1691 et
647 1653 746 1708 pro
785 1638 898 1693 suis
940 1637 1257 1693 libidinibus
1297 1639 1691 1708 turpitmlinmn
1718 1654 1837 1695 om-

216 1732 390 1784 nium
420 1730 705 1786 volutabra
743 1741 964 1787 sectatae
1007 1741 1153 1796 sunt,
1182 1740 1237 1786 et
1276 1732 1330 1785 in
1359 1733 1569 1787 cunctis
1600 1733 1685 1787 his
1716 1732 1833 1786 nul-

1944 532 2050 586 que
2079 516 2314 570 civitatis
2352 531 2567 588 portas,
2600 537 2695 591 per
2724 523 3078 579 ecclesiarum
3117 537 3169 579 et
3211 530 3531 598 templormn

1944 610 2222 679 ingressus
2272 612 2677 683 redemptiones
2721 617 3037 681 exsolvere;
3089 619 3154 673 ad
3194 637 3434 692 quasque
3466 626 3532 681 de

1941 700 2073 755 locis
2116 703 2182 756 ad
2216 701 2331 757 loca
2364 704 2819 775 demigrationes,
2852 709 3051 765 inllicta
3098 713 3335 781 qualibet
3369 710 3538 772 acra?

1939 796 2171 862 Satione,
2222 797 2290 850 ad
2346 798 2772 867 redemptionem
2826 803 3183 873 compellere?
3229 808 3357 861 dare
3402 826 3532 867 vero

1940 901 2164 940 munera
2216 888 2611 952 detrectantes,
2645 892 2913 960 quomodo
2962 894 3241 964 gentilium
3289 899 3531 968 prmfecti

1940 982 2345 1047 consueverint,
2379 983 2699 1038 verberibus
2750 985 3084 1042 trueulcnter
3129 993 3352 1059 urgere?
3392 993 3531 1060 Quid

1939 1074 2007 1130 de
2052 1075 2137 1129 bis
2170 1076 2363 1130 dicturi
2414 1092 2633 1142 smnus,
2678 1078 2769 1147 qui
2824 1078 2954 1133 nihil
3006 1098 3227 1149 prorsus
3271 1085 3531 1143 habentes

1939 1165 2098 1219 nuda:
2132 1164 2328 1219 ﬁducia
2376 1167 2736 1237 paupertatis,
2787 1169 2913 1221 dmn
2957 1171 3031 1223 nil
3077 1186 3271 1240 prmtcr
3304 1194 3529 1248 corpora

1936 1258 2195 1312 videntur
2227 1258 2426 1314 habere
2456 1262 2597 1330 quod
2633 1262 2894 1331 perdant,
2932 1263 3033 1317 iter
3072 1264 3196 1318 illud
3230 1270 3530 1338 arripiunt?

1939 1351 2076 1406 Dum
2106 1352 2173 1406 ab
2205 1353 2285 1405 eis
2314 1353 2567 1423 pecunia,
2600 1370 2720 1423 qum
2746 1370 2851 1408 non
2881 1365 2995 1423 est,
3030 1358 3305 1427 suppliciis
3344 1362 3532 1418 intole.

1940 1444 2127 1500 ra‘ndis
2151 1445 2407 1517 exigitur,
2439 1446 2563 1500 dum
2596 1447 2762 1501 callos
2797 1449 3051 1515 talorum,
3094 1467 3160 1505 ne
3208 1452 3346 1507 forte
3378 1456 3531 1526 quid-

1937 1538 2083 1609 piam
2119 1539 2189 1594 ibi
2223 1539 2513 1603 iusuerint,
2551 1540 2873 1596 dissecando
2906 1557 2966 1596 ac
2998 1544 3304 1599 revcllendo
3334 1548 3531 1603 riman-

1938 1647 2047 1704 tur,
2082 1636 2376 1691 crudelitas
2408 1634 2765 1691 nefandorum
2789 1637 2855 1690 ad
2884 1638 2986 1693 hoc
3020 1655 3189 1708 usque
3218 1642 3531 1710 perducitur

1938 1741 1999 1787 ut
2027 1746 2219 1785 aurum
2252 1729 2335 1807 vel
2362 1738 2645 1801 argentum
2685 1728 2917 1785 miseros
2947 1732 3293 1789 absorbuisse
3340 1746 3530 1805 putan-

214 1819 348 1875 lnm
381 1821 590 1877 obicem
633 1821 959 1888 habuerunt,
996 1834 1207 1894 tempus
1241 1823 1385 1877 enim
1435 1840 1589 1878 suum
1632 1825 1831 1880 habere
1862 1822 1910 1883 B
1942 1834 2042 1891 tes,
2072 1834 2167 1878 aut
2189 1824 2314 1878 data
2342 1823 2395 1877 in
2421 1833 2605 1892 potum
2636 1824 2914 1879 scamonia
2949 1841 3119 1896 usque
3150 1827 3215 1880 ad
3243 1829 3526 1896 vomitum,

217 1913 495 1968 dicantur
524 1915 719 1985 quibus
760 1916 826 1971 ad
859 1928 1039 1971 votum
1081 1927 1273 1971 cuncta
1314 1926 1630 1986 suppetunt,
1661 1928 1718 1971 ut
1748 1927 1834 1974 est

218 2004 365 2059 illud
392 2021 406 2060 :
436 2005 656 2077 Tempus
679 2024 849 2062 meum
878 2010 1109 2064 nondum
1134 2009 1377 2072 advenit;
1430 2019 1629 2079 tempus
1655 2021 1831 2065 autem

217 2108 463 2151 uestrum
494 2116 694 2168 semper
717 2110 964 2170 paratum
1001 2110 1075 2157 est
1123 2100 1308 2172 (Jonn.
1344 2119 1443 2167 vtl,
1476 2104 1553 2171 6),
1585 2106 1729 2160 unde
1776 2114 1832 2161 et

216 2191 573 2260 voluptuosis
600 2193 737 2248 solet
764 2194 905 2262 dici;
947 2211 1044 2250 vos
1084 2197 1298 2251 habetis
1325 2206 1534 2268 tempus
1566 2207 1825 2253 vestrum.

217 2282 341 2337 Ant
390 2300 609 2349 rursus,
663 2284 918 2357 Tempora
974 2288 1245 2343 nationum
1294 2299 1419 2344 sunt
1465 2290 1829 2359 pleuitudines

220 2376 510 2446 Gentium,
542 2396 660 2449 qua:
688 2390 979 2450 antequam
1008 2380 1175 2437 Israel
1201 2382 1383 2438 salvus
1411 2383 1524 2448 fiat,
1557 2383 1827 2439 subintra—

225 2482 370 2527 tum:
401 2484 544 2528 sunt.
588 2474 712 2531 llaec
752 2485 1013 2546 tempora,
1059 2477 1256 2531 fratres
1293 2478 1626 2542 Clltll‘iFSlllll,
1668 2478 1827 2533 modo

225 2566 459 2623 forsitan
501 2567 887 2638 implebuntur,
915 2570 1040 2624 dum
1088 2586 1185 2640 per
1222 2586 1338 2634 vos,
1369 2570 1533 2641 379
1573 2573 1682 2625 Deo
1727 2586 1824 2627 c0-

223 2672 513 2734 operante,
557 2681 888 2737 paganorum
935 2668 1190 2737 potentia:
1236 2667 1586 2739 repellentur,
1622 2677 1678 2723 et
1717 2668 1824 2725 ﬁne

226 2756 415 2812 saeculi
437 2755 548 2825 jam
580 2760 902 2830 propinquo,
931 2770 985 2814 et
1014 2762 1057 2815 si
1086 2771 1273 2832 gentes
1300 2760 1549 2815 desinent
1580 2761 1821 2816 converti

226 2846 300 2900 ad
344 2846 653 2915 Dominum,
696 2851 840 2918 quia,
878 2851 1032 2921 juxta
1081 2852 1421 2922 Apostolmn,
1463 2862 1663 2922 Oportet
1705 2852 1821 2922 ﬁeri

228 2955 262 2990 η
296 2937 399 3006 ﬁde
437 2939 803 2995 discessionem
834 2941 917 3007 (II
960 2942 1135 2998 Thess.
1170 2960 1229 3009 ll,
1260 2944 1338 3012 3).
1371 2943 1608 2997 Primum
1640 2954 1819 3000 tamen

229 3046 455 3087 necesse
484 3043 586 3095 est,
626 3032 781 3101 juxta
820 3035 1133 3105 prophetas,
1169 3045 1295 3091 ante
1335 3035 1627 3091 adventum
1666 3036 1820 3091 Anti-

230 3125 443 3190 christi,
480 3125 530 3180 in
578 3125 683 3181 illis
714 3129 981 3196 partibus,
1012 3138 1105 3182 aut
1137 3144 1233 3199 per
1263 3144 1383 3195 vos,
1423 3138 1517 3183 aut
1561 3144 1658 3199 per
1680 3145 1818 3199 quos

234 3215 347 3272 Deo
373 3218 656 3286 placuerit,
694 3223 940 3276 renovari
968 3221 1389 3277 Christianitatis
1421 3222 1728 3294 imperium,
1760 3234 1820 3280 ut

231 3312 470 3365 omnium
501 3313 765 3369 malorum
805 3325 991 3386 caput,
1031 3317 1121 3387 qui
1155 3317 1351 3371 ibidem
1385 3317 1535 3388 regni
1566 3318 1819 3373 thronum

231 3402 517 3459 habiturus
546 3416 648 3469 est,
686 3407 808 3462 fidei
834 3408 1035 3480 aliquid
1063 3418 1251 3465 contra
1274 3409 1416 3480 quod
1443 3416 1640 3479 pugnet
1668 3424 1820 3482 repe-

230 3496 338 3551 riat
370 3501 781 3556 nutrimentum.

310 3606 328 3639 ‹
366 3588 610 3659 Cogitate
638 3592 819 3662 itaque
855 3594 997 3664 apud
1034 3610 1129 3650 vos
1157 3595 1298 3665 quod
1330 3612 1422 3652 vos
1453 3598 1815 3671 Omnipotens

232 3680 302 3734 ad
328 3680 431 3734 hoc
468 3680 695 3736 fortasse
727 3684 1045 3751 provideat,
1075 3696 1343 3755 quatenus
1370 3688 1673 3746 Jerusalem
1723 3708 1820 3763 per

232 3788 329 3829 vos
350 3791 375 3825 a
407 3783 550 3827 tanta
575 3774 985 3831 conculcatione
1009 3777 1281 3834 restituat.
1306 3780 1474 3849 Rogo,
1500 3785 1819 3854 perpendite

232 3865 428 3937 quibus
468 3866 721 3921 cordibus
752 3868 943 3938 gaudia
998 3868 1086 3923 illa
1141 3878 1396 3941 poterunt
1428 3876 1664 3946 concipi,
1691 3891 1815 3933 cum

236 3967 473 4013 sanctam
533 3959 813 4015 civitatem
885 3971 1068 4017 vestro
1135 3965 1463 4021 adminiculo
1521 3970 1817 4027 viderimus

237 4051 520 4115 suscitari,
570 4061 624 4107 et
666 4054 980 4122 prophetica
1033 4056 1235 4110 nostris
1283 4060 1651 4129 temporibus,
1706 4064 1817 4121 imo

233 4142 449 4199 oracula
474 4143 675 4209 divina,
699 4145 978 4215 compleri.
1005 4145 1217 4202 Moveat
1244 4152 1559 4207 memoriam
1579 4164 1815 4211 vestram

233 4236 373 4307 quod
396 4250 524 4292 voce
551 4236 719 4305 ipsius
742 4236 952 4293 Domini
977 4239 1043 4294 ad
1072 4239 1369 4296 Ecclesium
1404 4243 1602 4299 dicitur
1635 4261 1649 4300 :
1684 4265 1703 4299 ι
1732 4246 1814 4303 Ab

234 4327 450 4384 Oriente
481 4329 746 4384 adducam
773 4344 955 4387 semen
986 4342 1134 4387 tuum
1152 4374 1168 4401 ,
1195 4343 1249 4389 et
1276 4336 1343 4390 ab
1364 4333 1658 4395 Occidente
1686 4358 1814 4397 con-

236 4422 460 4495 gregatio
492 4432 543 4477 tc
590 4423 725 4489 (Isa.
772 4441 929 4491 XLIII,
969 4425 1092 4499 5).»
1134 4426 1331 4483 Semen
1380 4440 1625 4486 nostrum
1674 4435 1812 4491 Deus

238 4514 455 4567 adduxit
500 4517 568 4571 ab
599 4514 822 4572 Oriente
848 4560 862 4582 ,
908 4520 1035 4587 quia
1085 4519 1285 4590 duplici
1334 4523 1494 4576 modo
1533 4525 1813 4582 orientalis
1846 4544 1891 4598 ι)

236 4602 324 4658 illa
352 4605 624 4673 provincia
663 4608 833 4663 edidit
856 4610 1133 4678 primitiva
1163 4610 1496 4669 incrementa
1528 4616 1684 4672 nobis
1717 4618 1818 4673 Ec-

234 4693 429 4749 clesia.
463 4694 569 4751 Sed
611 4699 679 4751 ab
703 4698 999 4756 Occidente
1033 4717 1154 4757 eam
1202 4714 1517 4776 congregat,
1550 4706 1676 4760 dum
1719 4726 1817 4780 per

236 4802 331 4843 eos
353 4789 437 4857 qui
466 4789 661 4855 ultimi,
694 4790 813 4845 fidei
845 4791 1167 4848 doemnenta
1202 4806 1512 4866 coeperunt,
1556 4800 1818 4856 occiden~

241 4883 367 4938 tales
406 4883 612 4939 scilicet
637 4884 801 4955 (quod
845 4900 942 4954 per
988 4902 1109 4952 vos,
1159 4899 1451 4957 praestante
1504 4892 1652 4958 Deo,
1698 4894 1816 4951 fieri

242 4991 392 5049 posse
419 4976 721 5047 putamus),
745 4975 1197 5050 Jerosolymitana
1228 4984 1423 5037 damna
1449 4995 1739 5042 restaurat.

315 5089 332 5123 ι
367 5071 423 5125 Si
456 5071 863 5141 Scripturarum
909 5089 1006 5128 vos
1054 5090 1161 5130 non
1214 5076 1459 5131 excitant
1500 5079 1673 5144 dicta,
1715 5096 1817 5141 nec

244 5175 416 5223 nostra
463 5175 676 5221 vestros
721 5167 937 5223 animos
984 5178 1270 5239 penetrant
1320 5173 1551 5233 monita,
1618 5175 1818 5232 excitet

245 5256 422 5315 saltem
461 5274 557 5314 vos
587 5275 775 5314 eormn
819 5259 910 5330 qui
957 5270 1143 5315 saneta
1183 5261 1298 5317 loca
1331 5264 1480 5319 adire
1510 5265 1819 5324 desiderant

247 5365 426 5421 magna
453 5349 692 5404 miseria.
722 5349 1047 5421 Perpendite
1069 5368 1163 5408 eos
1187 5355 1279 5424 qui
1309 5358 1743 5427 peregrinantur.
1764 5369 1819 5415 et

246 5457 335 5513 per
384 5439 780 5497 Mediterranea
827 5442 952 5498 illuc
1002 5444 1226 5509 vadunt,
1276 5445 1540 5516 siquidem
1595 5449 1819 5518 opulen-

251 5534 400 5588 tiores
446 5541 604 5599 sunt,
659 5535 879 5604 quantis
916 5535 1396 5603 redhibitionibus,
1440 5540 1656 5611 quantis
1706 5543 1819 5597 vio-

250 5626 417 5683 'entiis
456 5623 765 5697 subjacent,
818 5628 943 5684 dum
985 5643 1125 5701 pene
1170 5645 1267 5701 per
1312 5631 1522 5703 singula
1570 5633 1817 5694 milliaria

312 5809 441 5882 {31"
470 5808 772 5869 Metaurus
799 5812 904 5869 sive
923 5811 1193 5885 Aymarus
1218 5814 1639 5902 nuncupabatur.

1938 1918 2022 1974 vel
2048 1918 2213 1973 etiam
2244 1919 2584 1984 eruptionem
2616 1933 2709 1972 eos
2731 1917 2976 1972 vitaliuin
3003 1929 3219 1990 urgent,
3248 1921 3329 1975 vel
3363 1920 3528 1989 ferro,

1936 2012 2079 2083 quod
2105 2011 2207 2065 dici
2239 2010 2391 2066 nefas
2414 2020 2517 2073 est,
2541 2011 2783 2067 discissis
2812 2012 3115 2077 ventribus,
3146 2014 3527 2071 intestinorum

1935 2119 2386 2174 quorumcumque
2447 2104 2724 2158 involucra
2792 2105 3198 2170 distendentes,
3269 2109 3527 2178 quidquid

1937 2196 2102 2251 habet
2143 2210 2333 2253 natttra
2373 2198 2592 2260 secreti,
2630 2196 2873 2251 horribili
2905 2198 3215 2252 concisione
3254 2202 3524 2269 aperiunt.

1934 2272 2199 2352 liccolite,
2235 2304 2449 2358 precor,
2477 2304 2663 2344 eorum
2694 2287 2859 2341 millia
2890 2289 2978 2359 qui
3010 2284 3404 2343 detestabiliter
3436 2272 3526 2360 pe-

1932 2381 2165 2445 rierunt,
2202 2390 2256 2436 et
2291 2396 2390 2450 pro
2420 2382 2623 2435 sanctis
2663 2379 2796 2435 locis
2835 2379 2977 2447 agite
3003 2423 3016 2447 ,
3052 2381 3192 2435 unde
3229 2382 3381 2435 vobis
3412 2382 3525 2452 pie-

1934 2473 2059 2526 tatis
2111 2472 2415 2526 rudimenta
2468 2480 2760 2535 venerunt,
2809 2480 2935 2525 ante
2984 2486 3110 2532 vos,
3144 2472 3196 2524 iu
3246 2488 3338 2523 sua
3388 2472 3523 2528 bella

1930 2568 2260 2633 mittendos,
2290 2566 2566 2621 Christum
2617 2565 2731 2621 fore
2786 2564 3105 2636 signiferum
3156 2564 3524 2624 indubitanter

1930 2660 2154 2722 credite,
2181 2667 2233 2713 et
2263 2672 2655 2728 praecursorem
2684 2656 3042 2710 individuum.
3079 2675 3098 2708 ι

2000 2752 2117 2826 με]
2144 2751 2290 2807 Crux
2326 2752 2549 2806 militum
2588 2750 2900 2807 vestimentis
2925 2751 3172 2820 aﬁigitur.
3196 2784 3267 2792 —
3294 2752 3522 2809 Perora-

1926 2858 2081 2901 verat
2124 2848 2208 2902 vir
2251 2846 2758 2910 excellentissimus,
2802 2854 2855 2900 et
2881 2861 3069 2901 onmcs
3118 2847 3207 2917 qui
3242 2861 3302 2902 se
3352 2848 3522 2903 ituros

1926 2950 2208 3007 voverant,
2241 2941 2556 3001 beatiPetri
2588 2948 2855 3010 potestate
2883 2941 3134 3006 absolvit,
3158 2942 3370 3007 eadem,
3403 2943 3513 3013 ipsa

1925 3035 2221 3106 apostolica
2247 3046 2372 3091 auct
2413 3037 2573 3090 ritate
2602 3035 2867 3100 firmavit,
2895 3044 2949 3089 et
2978 3035 3189 3104 signum
3225 3036 3358 3090 satis
3390 3049 3521 3089 con-

1923 3125 2149 3181 veniens
2175 3127 2333 3196 bujus
2361 3135 2467 3180 tam
2492 3127 2737 3180 honesta:
2774 3124 3133 3195 professioais
3180 3126 3432 3190 instituit,
3465 3136 3519 3181 ct

1926 3217 2091 3272 veluti
2126 3218 2401 3288 cingulum
2444 3218 2648 3272 militiae
2669 3259 2683 3283 ,
2715 3217 2796 3273 vel
2836 3217 3016 3287 potius
3047 3217 3356 3271 militaturis
3386 3216 3495 3271 Deo

1925 3310 2194 3381 passionis
2234 3310 2531 3365 Dominicze
2560 3311 2760 3380 stigma
2793 3310 3033 3375 tradens,
3060 3308 3238 3363 crucis
3270 3308 3516 3379 figurant,

1924 3417 1991 3457 ex
2015 3400 2300 3470 cujuslibet
2327 3402 2567 3456 materia:
2599 3406 2783 3472 panni,
2814 3402 3029 3467 tunicis,
3065 3401 3244 3472 byrris
3266 3411 3318 3455 et
3343 3402 3518 3471 palliis

1924 3496 2213 3560 iturormu,
2253 3496 2397 3551 assui
2439 3495 2738 3550 mandavit.
2774 3494 2924 3563 Quod
2958 3495 3000 3549 si
3030 3495 3171 3564 quis,
3200 3503 3321 3564 post
3356 3494 3515 3562 hujus

1925 3588 2064 3658 signi
2096 3588 2492 3658 acceptionem,
2524 3597 2619 3641 aut
2648 3596 2769 3658 post
2799 3586 3065 3642 evidentis
3097 3586 3204 3640 voti
3244 3585 3516 3656 pollicita-

1925 3683 2150 3747 tionem,
2180 3683 2246 3737 ab
2279 3683 2377 3736 ista
2418 3680 2816 3745 benevolentia,
2848 3696 3012 3751 prava
3042 3678 3400 3749 pmnitndiue,
3424 3662 3517 3733 aut

1922 3776 2227 3846 aliquormn
2261 3774 2380 3847 [al.,
2413 3774 2618 3848 aliqua]
2656 3789 2873 3830 suorum
2918 3771 3203 3837 affectione
3251 3772 3508 3839 resilitcr,

1922 3879 1983 3924 ut
2008 3869 2163 3926 exlex
2207 3880 2469 3939 perpetuo
2500 3868 2795 3923 haberetur
2834 3868 3054 3923 omnino
3088 3868 3374 3939 prmcepit,
3410 3868 3514 3923 nisi

1922 3963 2304 4035 reSipisc-eret;
2330 3962 2581 4033 idemque
2606 3962 2747 4032 quod
2772 3961 3033 4017 omiserat
3059 3960 3201 4015 finde
3226 3968 3511 4030 repeteret.

1920 4056 2194 4112 Prmterea
2228 4072 2417 4112 omnes
2461 4056 2581 4111 illos
2620 4056 2789 4111 atroci
2833 4056 3109 4111 damnavit
3142 4056 3510 4120 anathemate,

1922 4147 2013 4218 qui
2043 4163 2232 4202 eorum
2276 4148 2571 4211 uxoribus,
2617 4146 2763 4212 filiis,
2797 4157 2888 4202 aut
2936 4147 3389 4219 possessionibus,
3422 4145 3514 4216 qui

1919 4240 2027 4296 hoc
2069 4240 2161 4294 Dei
2213 4240 2315 4294 iter
2356 4240 2818 4311 aggrederentur,
2848 4255 2945 4309 per
2986 4240 3252 4309 integrum
3291 4239 3511 4293 triennii

1923 4340 2151 4400 tempus,
2190 4330 2496 4385 molestiam
2530 4329 2794 4385 auderent
2821 4331 3043 4384 inferre.
3075 4330 3154 4383 Ad
3185 4339 3510 4395 extremum,

1918 4423 2130 4478 cuidam
2158 4422 2273 4476 viro
2294 4422 2622 4477 onmimodis
2643 4422 2890 4477 laudibus
2913 4420 3204 4483 efferendo,
3228 4420 3511 4475 Podicnsis

1918 4515 2071 4571 urbis
2102 4516 2377 4586 episcopo,
2421 4517 2575 4586 cujus
2608 4532 2802 4570 nomen
2855 4515 3009 4570 doleo
3050 4516 3174 4585 quia
3216 4531 3390 4585 neque
3421 4532 3513 4568 us-

1920 4624 2081 4679 quam
2108 4608 2284 4679 reperi
2321 4609 2479 4679 (51‘),
2510 4626 2611 4685 nec
2644 4609 2859 4673 audivi,
2892 4626 3077 4663 curam
3116 4606 3280 4680 super
3319 4609 3509 4665 eadem

1922 4704 2270 4775 expeditione
2321 4704 2553 4774 regemla
2607 4704 2867 4769 contulit,
2918 4716 2971 4761 et
3015 4705 3162 4759 vices
3214 4720 3338 4758 suas
3389 4700 3506 4773 ipsi,

1922 4812 2085 4867 super
2114 4795 2412 4850 Cltristiani
2444 4796 2623 4866 populi
2658 4813 2979 4868 quocunque
3012 4796 3259 4851 venirent
3290 4795 3511 4849 institu-

1922 4887 2089 4950 tione,
2128 4886 2422 4941 commisit.
2454 4884 2607 4941 Unde
2636 4897 2691 4942 et
2722 4903 2919 4943 manus
2949 4888 3026 4952 ei,
3065 4902 3212 4941 more
3247 4880 3510 4953 apostolo-

1920 4996 2062 5045 rum,
2090 4979 2213 5034 data
2244 4980 2446 5050 pariter
2487 4980 2899 5049 benedictione,
2942 4980 3217 5052 imposuit.
3245 4978 3395 5044 Quod
3425 4974 3509 5034 ille

1919 5089 2081 5144 quam
2110 5072 2380 5143 sagaciter
2411 5073 2480 5129 sit
2508 5086 2818 5143 exsecutus,
2848 5076 3003 5131 docet
3034 5056 3302 5127 mirabilis
3332 5069 3508 5139 operis

1924 5164 2057 5220 tanti
2087 5165 2286 5219 exitus.

2535 5257 2762 5315 CAPUT
2809 5259 2893 5313 111.

1992 5346 2131 5424 [VL]
2168 5346 2445 5419 Expeditio
2476 5351 2941 5422 Jerosolymitaaa.
2965 5382 3035 5391 —
3063 5346 3372 5405 Terminato
3400 5346 3503 5403 ita-
3592 5394 3595 5397 λ

1920 5458 2024 5512 que
2052 5442 2312 5506 concilio,
2345 5444 2484 5512 quod
2518 5442 2846 5497 Claromonti
2883 5443 3144 5508 habitum,
3182 5442 3325 5496 circa
3361 5440 3503 5496 Beat'

1921 5535 2141 5593 Martini
2173 5549 2422 5601 octavas,
2454 5535 2744 5592 Novembri
2793 5554 2978 5593 mense
3015 5538 3355 5602 consederat,
3390 5552 3501 5590 tua-

1920 5648 2059 5703 gnus
2098 5647 2197 5703 per
2228 5632 2519 5690 universas
2543 5632 2787 5696 Francia:
2832 5643 3013 5707 partes
3052 5648 3236 5690 rumor
3271 5637 3500 5701 emanat,
