4014 6324
551 270 655 334 705

1340 273 1401 328 V.
1442 270 1768 367 GUlBERTl
1807 268 2100 327 ABBATIS
2130 268 2188 325 S.
2218 268 2461 326 ΜΔΗΙᾸΞ
2494 268 2582 326 DE
2614 264 3008 326 NOVIGENTO

3670 277 3758 338 70$

543 400 600 448 et
637 390 865 464 quisque
913 385 981 442 ad
1024 400 1184 457 quem
1227 385 1402 456 primo
1450 384 1724 454 pontificis
1772 393 2123 454 praeceptum,
2154 390 2203 450 Α
2302 382 2410 437 Nec
2457 383 2584 436 illud
2619 382 2796 436 minus
2827 380 3108 436 ridiculum
3152 382 3293 451 quod
3342 383 3415 438 itii
3459 385 3758 463 plerumque,

545 484 845 555 praevolans
888 479 1031 535 fauni
1064 478 1363 544 detulerat,
1392 478 1459 531 de
1503 480 1850 549 proponenda
1891 479 1983 534 Via
2030 478 2122 533 Dei

545 577 648 653 (sic
688 577 833 630 enim
879 573 1284 626 antonomasice
1330 569 1673 641 vocabatur),
1704 570 1986 641 contiguos
2025 568 2125 623 sibi

545 683 610 723 ac
655 665 952 721 familiares
993 677 1237 732 quosque
1280 660 1558 716 sollicitat.
1606 660 1724 715 Jam
1759 660 2126 714 Palatinorum

547 756 804 811 comitum
847 753 1125 823 pruriebat
1171 753 1432 817 intentio,
1465 761 1519 807 et
1569 751 1916 806 mediocritas
1965 766 2129 821 eque-

546 849 740 908 atrium
773 850 1013 904 virorum
1042 849 1313 919 parturire
1343 848 1455 918 jam
1497 856 1739 918 eruperat
1762 888 1775 911 ,
1808 861 1930 901 cum
1968 863 2126 913 ecce,

546 958 846 1017 pauperum
872 942 1193 997 animositas
1224 942 1391 996 tantis
1420 941 1486 996 ad
1518 941 1620 995 hoc
1651 942 1821 1009 ipsum
1846 940 2131 996 desideriis

546 1036 843 1109 aspiravit,
893 1046 954 1091 ut
997 1051 1183 1091 eorum
1232 1050 1392 1090 nemo
1434 1035 1500 1090 de
1552 1049 1810 1089 censuum
1864 1027 2132 1113 parvitate

550 1136 829 1195 tractaret,
864 1129 931 1182 de
961 1129 1267 1195 domorum,
1297 1129 1576 1182 vinearum
1619 1136 1673 1181 et
1714 1142 1979 1197 agrorum
2001 1142 2131 1181 con—

553 1222 768 1297 gruenti
796 1222 1152 1276 distractione
1178 1230 1413 1285 curaret,
1447 1222 1539 1275 sed
1576 1220 1810 1291 Optimos
1832 1222 2132 1291 possessio-

551 1330 683 1372 num
729 1328 1004 1385 quteStus,
1060 1314 1228 1369 multo
1281 1314 1525 1385 pauciori
1579 1313 1752 1383 pretio
1806 1314 2130 1380 venditaret,

554 1422 715 1478 quam
766 1406 809 1463 si
851 1422 1039 1463 eorum
1087 1421 1360 1477 quemque
1408 1406 1756 1461 ferocissima:
1804 1406 2135 1476 captivitatis

553 1515 743 1556 carcer
778 1499 1095 1565 includeret,
1142 1500 1232 1571 qui
1282 1499 1660 1554 necessitatem
1702 1498 2002 1553 celerrimae
2054 1513 2137 1553 rc-

556 1590 879 1662 dcmptionis
909 1590 1189 1645 indiceret.
1224 1590 1353 1646 Erat
1382 1606 1443 1645 ea
1479 1598 1821 1661 tempestate,
1848 1604 1948 1659 pro
1978 1603 2139 1661 gene-

557 1682 654 1738 rali
687 1682 1019 1748 defectione,
1050 1682 1265 1754 frugum
1301 1684 1467 1739 etiam
1512 1682 1650 1751 apud
1693 1682 1916 1737 ditiores
1945 1697 2137 1754 magna

556 1777 721 1852 380
748 1778 993 1847 penuria,
1039 1793 1188 1843 cum,
1217 1777 1317 1832 etsi
1359 1776 1629 1846 aliquibus
1674 1776 1871 1844 passim
1913 1773 2137 1828 emenda
2174 1784 2216 1839 Β

557 1880 931 1942 suppeterent,
965 1870 1106 1924 nulla
1140 1880 1319 1926 tamen
1350 1881 1443 1923 aut
1480 1870 1569 1923 vix
1607 1868 1785 1938 aliqua
1817 1866 1957 1921 unde
1992 1880 2139 1920 eme-

559 1971 752 2018 rentur
786 1961 1069 2016 baberent.
1117 1960 1233 2016 Jam
1266 1962 1482 2030 inopum
1529 1974 1720 2030 greges
1768 1957 2141 2011 addidicerant

560 2051 849 2108 herbarum
901 2061 1091 2124 sponte
1141 2054 1478 2107 nascentium
1533 2051 1784 2105 victitare
1830 2048 2139 2112 radicibus,

563 2147 687 2201 dum
722 2149 874 2217 panis
912 2145 1174 2200 rarissimi
1207 2145 1557 2215 parcitatem,
1595 2143 1944 2213 quaesitarum
1975 2138 2144 2194 unde-

561 2254 773 2309 cunque
823 2254 1071 2294 escarum
1124 2237 1303 2293 edulio
1365 2236 1716 2308 pr0pensiore
1767 2241 2141 2303 compensant.

561 2329 881 2386 lmminebat
908 2330 1065 2400 plane
1109 2329 1272 2385 etiam
1319 2327 1685 2399 potentiorum
1717 2325 1998 2382 obtutibus
2024 2340 2144 2379 orn-

562 2424 711 2480 nium
738 2424 1097 2479 insinuatione
1129 2423 1465 2479 conclamata
1511 2421 1756 2484 miseria,
1792 2429 1846 2476 et
1884 2420 2008 2474 dum
2036 2418 2148 2473 sin-

566 2513 722 2587 gulns
751 2514 996 2583 quilibet,
1022 2512 1163 2584 vulgi
1214 2512 1421 2566 minimi
1467 2526 1563 2581 per
1606 2509 1880 2565 crudelem
1912 2507 2148 2562 inediam

567 2607 873 2663 considerat
899 2605 1190 2669 torsiones,
1220 2605 1425 2659 indicta
1449 2604 1549 2659 sibi
1574 2603 1907 2674 parcimonia
1939 2600 2150 2671 magnis

570 2697 853 2754 elaborare.
883 2695 1170 2751 sudoribus
1212 2695 1438 2763 metuit,
1474 2710 1539 2749 ne
1570 2703 1786 2765 sumptu
1832 2692 1974 2747 facili
2019 2691 2147 2745 dila-

569 2791 823 2861 pidentnr
863 2804 1011 2860 opes.
1052 2791 1353 2843 Avarorum
1394 2789 1667 2843 sitibunda
1704 2786 2024 2858 prrecordia,
2061 2785 2152 2855 qui

573 2895 815 2956 tempora
865 2884 1184 2939 Iretabantur
1236 2884 1478 2937 cruentis
1536 2882 1779 2937 arridere
1828 2881 2152 2945 frenoribus,

574 2976 700 3060 dum
747 2977 953 3033 modios
976 2977 1065 3031 ditt
1113 2984 1341 3031 servata:
1388 2975 1558 3047 frugis
1597 2973 1908 3039 intendunt,
1948 2972 2155 3028 crebris

575 3085 839 3127 annorum
870 3085 1157 3126 numerare
1188 3069 1497 3125 recursibus
1529 3079 1785 3139 pensant,
1814 3067 1940 3139 quid
1962 3081 2154 3137 snper-

2228 492 2363 546 quos
2387 476 2530 530 nulla
2563 476 2736 530 adhuc
2769 476 2929 530 eundi
2963 475 3211 531 voluntas
3243 479 3511 549 attigerat,
3545 483 3658 539 dum
3686 489 3763 545 ho-

2229 571 2314 624 die
2341 585 2503 639 super
2524 569 2832 622 omnimodo
2867 567 3097 621 aliorttnt
3122 568 3427 623 venditione
3456 572 3764 646 cachinnant,

2228 660 2354 717 dum
2387 677 2480 717 eos
2511 663 2705 717 misere.
2736 662 2906 716 ituros
2954 661 3315 732 miseriusqnc
3356 664 3614 721 redituros
3649 670 3764 724 allir-

2230 762 2401 818 ntant,
2435 755 2488 810 in
2519 755 2817 809 crastirunn
2860 753 3141 823 repentino
3184 754 3439 808 instinctu
3480 771 3574 825 pro
3616 764 3769 827 paucis

2232 845 2524 902 nummulis
2570 862 2663 899 sua
2712 856 2821 900 tota
2875 845 3164 911 tradentes,
3214 860 3334 900 cum
3378 845 3455 901 eis
3499 848 3767 917 proﬁcisce.

2232 938 2429 993 bantur
2451 951 2583 1008 quos
2614 937 2863 992 riserunt.

2234 1093 2363 1162 Quis
2391 1108 2605 1165 pueros,
2638 1093 2760 1164 quis
2787 1093 2936 1148 dicat
2961 1108 3100 1147 anus
3127 1094 3195 1148 ad
3224 1092 3359 1148 bella
3394 1096 3626 1152 moveri?

2305 1184 2437 1252 Quis
2475 1185 2591 1255 quit
2616 1185 2889 1255 virgineas
2920 1199 3280 1241 annumerare
3305 1187 3531 1241 manus?

2236 1274 2367 1343 Quis
2394 1274 2593 1329 referat
2620 1276 2833 1330 senium
2865 1275 3075 1345 trepida
3109 1276 3379 1346 gravitate
3408 1276 3688 1337 fatiscens?

2236 1370 2381 1425 Bella
2423 1376 2624 1424 canunt
2651 1383 2862 1432 carnes,
2897 1384 2996 1423 nec
3022 1384 3082 1423 se
3118 1384 3357 1439 pugnare
3390 1369 3641 1426 fatentur.

2239 1458 2553 1529 Martyrium
2582 1458 2868 1528 spondent,
2897 1457 3091 1527 gladiis
3114 1459 3196 1512 vel
3225 1458 3363 1514 colla
3396 1460 3633 1517 daturos.

2243 1571 2261 1604 ι
2290 1550 2398 1605 Vos
2420 1549 2665 1618 juvenes,
2705 1550 2878 1614 aiunt,
2910 1550 3161 1605 manibus
3185 1551 3489 1607 tractabilis
3518 1568 3664 1610 enses

2237 1641 2308 1697 At
2336 1658 2433 1698 nos
2459 1643 2547 1698 hic
2571 1643 2728 1698 liceat
2759 1642 3036 1698 Christum
3063 1642 3343 1700 tolerando
3374 1646 3591 1701 mereri.
3625 1664 3642 1698 ι

2314 1778 2462 1833 Licet
2495 1778 2635 1833 enim
2678 1778 3074 1835 :cmulationem
3115 1778 3206 1835 Dei
3254 1779 3461 1835 habere
3496 1781 3789 1850 viderentur,

2244 1872 2337 1926 sed
2376 1887 2480 1925 non
2505 1872 2799 1926 secundum
2826 1872 3139 1938 scientiam,
3167 1882 3346 1927 tamen
3371 1875 3517 1930 Deus
3544 1875 3627 1945 qui
3656 1876 3794 1934 multa

2243 1980 2382 2019 vane
2427 1973 2604 2035 coepta
2644 1965 2710 2019 ad
2753 1965 2900 2036 pium
2948 1965 3263 2037 intorquere
3310 1968 3594 2023 consuevit
3640 1968 3793 2039 finem,

2245 2055 2580 2125 simplicibus
2612 2055 2823 2110 illorunt
2858 2056 3052 2112 animis
3077 2058 3434 2127 comparavit,
3463 2073 3529 2113 ex
3556 2075 3643 2113 sua
3674 2060 3794 2128 ipso-

2246 2164 2365 2203 rum
2398 2149 2537 2203 boua
2565 2148 2884 2214 intentione,
2918 2149 3167 2203 salutem.
3193 2147 3424 2205 Videres
3458 2151 3647 2205 mirum
3676 2153 3801 2222 quiil-

2248 2240 2393 2306 dam,
2424 2248 2478 2295 et
2520 2240 2675 2311 plane
2699 2240 2823 2307 joco
2854 2241 3193 2311 aptissimum
3217 2281 3230 2304 ,
3272 2255 3545 2311 pauperes
3590 2242 3803 2299 videlicet

2249 2330 2509 2399 quosdam
2549 2330 2721 2385 bobus
2755 2330 2936 2384 biroto
2970 2329 3266 2401 applieitis,
3298 2330 3613 2402 eisdemque
3642 2333 3687 2386 in
3714 2350 3806 2388 mo-

2252 2426 2377 2478 dum
2407 2438 2669 2493 equorum
2715 2421 2962 2486 ferratis,
2993 2423 3385 2479 substantiolas
3433 2440 3561 2478 cum
3609 2425 3807 2494 parvulis

2254 2516 2309 2572 itt
2346 2532 2572 2571 carruca
2601 2518 2935 2583 convehere;
2968 2528 3023 2573 et
3065 2518 3208 2588 ipsos
3239 2517 3566 2583 infantulos,
3603 2518 3714 2571 dum
3737 2520 3808 2573 ulto

2252 2610 2397 2664 viam
2448 2610 2650 2664 habent
2695 2610 2949 2679 quaelibet
2989 2610 3210 2666 castella
3263 2610 3348 2665 vel
3399 2611 3588 2673 urbes,
3632 2611 3671 2665 si
3714 2610 3809 2666 lucc

2255 2709 2399 2756 esset
2422 2698 2744 2766 Jerusalem,
2785 2703 3037 2772 adquam
3075 2702 3364 2758 tenderent
3394 2702 3651 2774 rogitare.

2328 2791 2486 2866 [VIL]
2511 2791 2641 2846 Cum
2676 2802 2860 2847 cuncta
2889 2792 3020 2846 bello
3042 2794 3315 2860 arderent,
3343 2804 3615 2859 actutum,
3644 2794 3811 2848 indicta

2256 2903 2289 2943 α
2320 2903 2521 2941 summa
2551 2887 2795 2956 pontiﬁce
2822 2887 3149 2956 expeditione
3179 2888 3655 2957 Jerosolymitana,
3687 2888 3808 2956 fuere

2258 2980 2533 3034 exstincto.
2572 3009 2643 3018 —
2682 2978 2812 3033 Erat
2857 2994 2921 3034 eo
2969 2987 3214 3049 tempore
3263 2989 3559 3049 antequam
3606 2979 3813 3049 gentium

2262 3071 2415 3126 fieret
2448 3080 2594 3125 tanta
2625 3070 2912 3142 profectio,
2946 3071 3199 3125 maximis
3226 3071 3291 3124 ad
3325 3066 3564 3125 invicem
3587 3068 3818 3125 hostilita-

573 3164 771 3221 addere
822 3165 1064 3237 possint,
1090 3179 1154 3219 ea
1177 3163 1417 3229 vendita,
1442 3161 1783 3217 cumulandis
1805 3160 2157 3232 pecuniarum
2185 3144 2231 3206 (ἶ
2266 3165 2409 3221 tibus
2441 3166 2607 3220 totius
2635 3163 2971 3221 Francorum
3001 3164 3151 3234 regni
3184 3163 3323 3219 facta
3360 3164 3631 3229 turbatio,
3659 3163 3819 3216 crebra

576 3260 868 3318 montibus.

646 3351 856 3408 interea
885 3350 1013 3407 dum
1043 3351 1114 3408 illi
1144 3351 1476 3415 cruciantur,
1507 3350 1579 3406 hii
1606 3349 1870 3415 ambiunt,
1898 3356 2119 3419 repente
2146 3365 2159 3402 :

581 3463 606 3501 ι
658 3449 715 3503 in
761 3448 954 3519 spiritu
1021 3448 1329 3503 vehementi
1389 3458 1679 3502 conterens
1725 3458 1892 3498 naves
1940 3441 2163 3497 Tharsis

578 3536 755 3613 (Pani.
785 3554 951 3604 ιινιι,
986 3538 1063 3607 6).
1101 3558 1119 3592 t
1153 3554 1250 3610 per
1284 3538 1525 3593 omnium
1554 3552 1691 3609 pene
1734 3535 2038 3590 animorum
2071 3550 2169 3588 au-

581 3647 673 3689 res
701 3632 949 3688 Christus
982 3632 1249 3696 intonuit,
1280 3642 1335 3686 et
1383 3633 1429 3686 is
1471 3631 1561 3702 qui
1614 3629 1796 3685 educit
1848 3629 2058 3682 vinctos
2111 3627 2164 3681 in

582 3724 898 3783 fortitudine
924 3724 1095 3796 (Psal.
1124 3741 1291 3792 vatr,
1322 3727 1374 3798 7)
1404 3726 1774 3792 adamantina,
1805 3725 1999 3795 quibus
2030 3723 2168 3777 irre-

587 3819 862 3876 tiebantur
892 3822 1297 3889 desperatorum
1325 3819 1604 3875 hominum
1645 3818 1830 3882 corda,
1858 3813 2169 3886 cupiditatis

588 3910 763 3967 vincla
801 3910 1051 3981 disrnpit.
1085 3912 1219 3966 Cum
1261 3911 1440 3977 enim,
1472 3920 1531 3965 ut
1578 3909 1825 3982 superius
1875 3907 2007 3972 dixi,
2041 3904 2168 3960 illud

592 4003 774 4060 minus
806 4001 981 4057 fertile
1020 4012 1228 4074 tempus
1273 4003 1517 4057 omnium
1561 4000 1889 4057 substantias
1930 4005 2171 4052 coarcta-

594 4109 699 4167 ret,
730 4101 856 4157 dum
901 4101 965 4155 ad
997 4110 1355 4172 spontaneum
1408 4095 1832 4154 inunnrerabiles
1881 4094 2173 4147 animasset

597 4194 873 4261 exsilium,
908 4195 1134 4249 diversm
1168 4193 1523 4265 plurimorum
1559 4191 1729 4261 capia:
1771 4187 2090 4243 deferuntur
2120 4184 2173 4239 in

595 4287 829 4343 medium
861 4295 915 4343 ct
948 4302 1067 4357 qua:
1110 4287 1275 4342 chara
1313 4284 1651 4346 videbantur,
1691 4282 1816 4337 dum
1847 4279 2022 4334 nullus
2060 4293 2176 4333 mo-

593 4391 749 4437 vetur
798 4380 1101 4446 hominum,
1148 4378 1435 4435 commetis
1482 4376 1549 4430 ad
1597 4376 1698 4430 hoc
1746 4374 1850 4429 iter
1892 4373 2175 4435 erunibus,

2265 3259 2464 3329 ubique
2493 3258 2800 3325 latrocinia,
2843 3259 3052 3313 viarum
3086 3258 3354 3312 obsessio.
3404 3255 3617 3311 Passim
3662 3254 3823 3309 audie-

2264 3356 2484 3418 bantur,
2516 3354 2625 3407 irno
2666 3353 2867 3409 fiebant
2909 3353 3156 3409 incendia
3202 3352 3435 3420 infinita,
3469 3352 3631 3407 nullis
3656 3360 3825 3422 praeter

2268 3445 2380 3501 sola
2436 3454 2489 3500 et
2544 3444 2805 3499 indomita
2873 3443 3169 3515 cupiditate
3241 3443 3607 3498 existentibus
3675 3442 3828 3496 causis

2268 3540 2691 3596 exstruebantur
2719 3540 2931 3612 prmlia,
2975 3547 3115 3593 etut
3160 3537 3312 3594 brevi
3363 3549 3541 3593 totum
3586 3537 3825 3601 (laudata,

2268 3633 2529 3703 quidquid
2561 3632 2838 3687 obtutibus
2865 3632 3182 3701 cupidorum
3214 3627 3558 3698 subiacebat,
3593 3645 3829 3700 nusquam

2273 3725 2599 3780 attendendo
2638 3724 2792 3791 cujus
2846 3734 3010 3787 esset,
3054 3723 3246 3793 praedae
3285 3723 3530 3790 patebat.
3579 3722 3695 3777 Mox
3722 3733 3830 3791 ergo

2271 3830 2327 3877 et
2354 3821 2488 3875 mira
2521 3831 2573 3873 et
2605 3818 2903 3874 incredibili
2929 3818 2997 3870 ob
3023 3815 3530 3887 insperabilitatem,
3557 3816 3833 3870 animorum

2275 3912 2648 3968 immutatione
2696 3910 2987 3973 commoti,
3033 3910 3245 3978 signum
3295 3909 3571 3978 pontilieis
3620 3904 3833 3977 puerticti

2274 4005 2634 4077 prmceptione
2664 4003 2948 4064 indictum,
2977 4016 3170 4055 cruces
3196 4000 3467 4063 videlicet,
3500 4000 3571 4055 ab
3603 3998 3839 4069 episcopis

2275 4107 2329 4154 et
2359 4095 2692 4167 presbyteris
2730 4094 2829 4149 sibi
2876 4100 3173 4163 precantur
3216 4091 3441 4160 imponi.
3478 4089 3543 4143 Et
3576 4088 3727 4143 sicuti
3763 4103 3838 4139 ra-

2276 4188 2546 4262 pidissimi
2604 4185 2747 4240 venti
2803 4184 3037 4255 impetus
3082 4181 3217 4238 solet
3276 4197 3380 4236 non
3430 4195 3627 4249 magna
3674 4177 3841 4249 piavite

2278 4283 2419 4338 ttnda
2467 4278 2739 4350 restringi,
2774 4279 2845 4333 ita
2875 4276 3018 4332 illico
3047 4275 3276 4347 contigit
3301 4275 3367 4330 ad
3408 4274 3641 4329 invicem
3677 4267 3840 4325 simul-

2282 4386 2421 4433 tates
2462 4376 2835 4429 universorum
2872 4383 2926 4426 et
2957 4371 3093 4428 bella
3131 4369 3326 4439 sopiri,
3363 4385 3462 4440 per
3502 4369 3724 4423 inditam
3757 4361 3844 4420 sibi

591 4474 683 4529 vili
725 4474 898 4545 pretio
937 4473 1222 4528 traduntur
1263 4485 1485 4524 venum.
1529 4466 1771 4537 Cumque
1809 4463 1959 4519 multi
2008 4476 2174 4531 nego-
2205 4507 2255 4567 Β
2285 4469 2690 4541 aspirationem,
2728 4466 2870 4522 haud
2909 4464 3131 4519 dubium
3159 4464 3287 4535 quin
3315 4460 3544 4518 Christi.

592 4567 726 4626 tium
775 4567 937 4639 hujus
978 4566 1333 4637 profectionis
1383 4563 1723 4627 accelerant,
1774 4569 1833 4616 ut
1879 4560 2052 4616 unica:
2098 4560 2176 4614 rei

594 4660 843 4733 exemplo
867 4675 1055 4716 eorum
1099 4677 1219 4732 quae
1257 4658 1637 4714 vendebantur
1680 4655 1887 4711 subitas
1917 4662 1971 4709 et
2001 4653 2179 4721 inspe-

600 4764 749 4811 ratas
774 4755 1008 4811 vilitates
1036 4755 1357 4826 exprimam,
1402 4753 1544 4822 quod
1578 4749 1850 4806 insolitum
1899 4748 2044 4801 dictu
2074 4753 2177 4808 est,

598 4848 840 4920 quinque
881 4848 1228 4904 denariorum
1268 4845 1465 4917 pretio,
1509 4854 1715 4913 septem
1742 4838 2183 4895 distrahebantur

599 4958 750 4999 oves.
789 4941 1209 4997 Frumentornm
1247 4940 1335 4994 illa
1365 4938 1624 4998 defectio,
1656 4932 1969 4987 vertebatur
2007 4934 2058 4984 in
2092 4945 2185 4984 co-

602 5034 769 5108 piam,
799 5042 857 5090 et
882 5032 1171 5089 dummodo
1214 5038 1467 5100 suppetat
1509 5026 1702 5096 cuique
1737 5021 2185 5095 quantularneun-

601 5150 707 5204 que
750 5149 967 5205 quoque
1010 5141 1167 5203 pacto
1193 5140 1526 5197 congregare
1567 5121 1877 5195 pecuniam,
1905 5119 1993 5174 dat
2029 5116 2187 5188 quid-

607 5229 736 5300 quid
767 5228 966 5282 ltabere
988 5224 1222 5285 videtur,
1254 5235 1361 5274 non
1390 5234 1487 5289 pro
1510 5232 1631 5277 sua.
1660 5216 1753 5273 sed
1782 5230 1880 5287 pro
1912 5214 2187 5269 taxatione

604 5323 858 5386 ementis,
906 5335 975 5375 ne
1021 5316 1118 5372 Dei
1172 5314 1441 5387 posterior
1487 5311 1832 5385 aggrediatur
1860 5311 2024 5364 viam.
2056 5307 2189 5363 Erat

608 5416 792 5488 itaque
824 5413 893 5469 ibi
930 5410 1111 5465 videre
1158 5405 1478 5463 miraculum
1521 5421 1652 5460 caro
1695 5417 1883 5457 omnes
1908 5415 2109 5466 emere,
2136 5407 2191 5453 et

610 5484 987 5568 vili'vendere,
1011 5519 1139 5557 caro
1165 5501 1404 5572 quidem,
1434 5514 1553 5570 quae
1582 5497 1646 5550 ad
1678 5511 1830 5549 usum
1855 5484 2193 5548 delbrrentur

614 5607 846 5667 itineris,
895 5600 1020 5654 dum
1065 5602 1505 5670 prreproperant;
1554 5592 1645 5646 vili
1685 5606 1833 5656 vero,
1874 5588 2000 5643 dum
2046 5601 2193 5640 sum-

613 5709 805 5770 ptuunt
839 5693 1106 5765 impendia
1142 5696 1498 5760 coaggerant,
1524 5694 1577 5740 et
1601 5698 1718 5753 qua:
1752 5680 1909 5752 paulo
1938 5687 2062 5733 ante
2095 5691 2195 5731 aee

619 5803 877 5850 carceres
904 5802 1002 5841 nec
1035 5794 1302 5841 tormenta
1333 5782 1399 5836 ab
1438 5780 1517 5835 eis
1557 5788 1881 5845 extorquere
1912 5777 2194 5843 poterant,

612 5881 769 5947 brevi
797 5894 1139 5940 nummorum
1178 5888 1405 5941 numero
1428 5878 1625 5932 cuneta
1644 5867 1983 5927 constabant.

2894 4598 3123 4657 CAPUT
3170 4596 3260 4654 IV.
3282 4641 3291 4648 .

2356 4722 2546 4777 Petrus
2577 4718 2812 4778 eremitrt,
2845 4716 2955 4770 dux
2975 4713 3254 4769 exercitus.
3282 4708 3390 4766 Per
3409 4709 3639 4766 Galliam
3664 4705 3848 4763 verba.

2285 4817 2382 4872 Dei
2406 4816 2731 4870 dissentiunt.
2765 4811 2940 4883 Ipsius
2980 4812 3095 4864 vita:
3135 4822 3319 4879 genus.
3354 4803 3465 4858 Pili
3486 4821 3554 4859 ea:
3583 4803 3698 4873 ejus
3725 4799 3851 4854 mulo

2286 4929 2381 4983 pro
2421 4908 2652 4978 reliquiis
2697 4906 3127 4962 extraltebantur.
3174 4932 3247 4943 -—
3285 4898 3627 4969 Principibus
3676 4894 3852 4966 igitur,

2289 5005 2379 5074 qui
2412 5002 2594 5058 multis
2623 5000 2876 5071 expensis
2917 5006 2973 5053 et
3010 4994 3222 5067 magnis
3249 4991 3661 5063 obsequentium
3706 4984 3855 5042 mini-

2289 5096 2469 5152 steriis
2514 5094 2845 5163 indigebant,
2876 5105 2971 5145 sua
3020 5101 3234 5142 morose
3267 5100 3332 5140 ac
3371 5081 3735 5155 dispensative
3762 5086 3856 5130 tra-

2291 5188 2598 5247 ctantibus,
2646 5197 2805 5240 tenue
2834 5182 2959 5237 illud
2991 5180 3214 5252 quidem
3258 5177 3583 5242 substantia,
3626 5174 3723 5229 sed
3770 5183 3860 5224 nu-

2293 5298 2445 5340 mero
2484 5278 2981 5351 frequentissimum
3027 5275 3247 5345 vulgus,
3289 5271 3451 5327 Petro
3492 5267 3705 5325 cuidam
3749 5262 3862 5318 Ere-

2294 5377 2442 5434 mita:
2467 5373 2709 5439 cohaesit,
2746 5371 2902 5439 eique
2947 5368 3163 5423 interim
3185 5407 3200 5431 ,
3226 5364 3352 5422 dum
3390 5362 3580 5437 adhuc
3608 5372 3694 5413 res
3731 5355 3861 5409 intra

2295 5489 2393 5529 nos
2433 5471 2629 5542 agitur,
2677 5482 2741 5522 ae
2777 5466 2820 5522 si
2867 5463 3129 5534 magistro
3163 5459 3361 5531 paruit.
3404 5456 3575 5524 Quem
3606 5467 3671 5508 ex
3712 5449 3859 5508 urbe.

2297 5568 2400 5623 nisi
2434 5566 2613 5625 fallor,
2652 5558 3001 5615 Ambianensi
3047 5563 3245 5617 ortum,
3281 5554 3334 5605 in
3379 5546 3642 5621 superiori
3695 5538 3869 5598 nescio

2299 5679 2401 5734 qtta
2429 5660 2721 5716 Galliarum
2770 5663 2942 5726 parte,
2976 5648 3273 5706 solitariam
3321 5645 3422 5701 sub
3461 5643 3641 5699 habitu
3685 5648 3862 5691 mona—

2302 5757 2461 5814 chico
2489 5754 2656 5808 vitant
2683 5751 2927 5813 duxisse,
2958 5743 3343 5813 comperimus.
3378 5737 3529 5795 Unde
3555 5736 3867 5804 digressum,

2302 5869 2408 5931 qua
2434 5850 2620 5911 nescio
2651 5845 2974 5913 intentione,
3002 5841 3167 5900 urbes
3210 5844 3267 5898 et
3308 5832 3593 5907 municipia
3618 5824 3864 5902 praedica-
