4014 6324
192 388 282 447 205

1182 369 1407 429 GESTA
1448 366 1555 426 DEI
1585 365 1722 425 PER
1750 362 2085 429 FRANCOS.
2111 366 2321 425 -—LlB.
2347 362 2413 424 ll.

3309 366 3418 433 706

197 499 337 559 ιίοηίε
377 493 581 549 oblenlll
612 484 899 542 circumire
924 484 1084 557 381
1118 486 1384 551 vidimus,
1435 486 1600 540 tantis
1629 501 1725 555 po-
1752 489 1798 547 Α
1829 501 1956 557 gus,
2012 495 2198 556 utpote
2240 486 2508 556 mancipia
2564 490 2619 541 et
2665 482 2882 555 publica
2939 484 3157 545 seruitia
3182 529 3198 557 ,
3254 490 3422 550 nullis

195 594 408 667 palorum
459 580 883 639 multitudinihus
935 578 1155 639 vallari.
1206 579 1371 634 tantis
1413 578 1731 633 muneribus

196 680 387 743 donari,
433 683 571 730 tanto
626 672 933 726 sanctitatis
983 673 1254 739 praeconio
1298 672 1625 728 conclamari
1677 680 1734 725 ut

192 775 431 834 neminem
461 766 793 823 meminerim
821 765 1049 819 similem
1092 767 1298 821 honore
1328 766 1533 821 haberi.
1572 765 1730 821 Multa

193 869 315 926 enim
344 864 524 924 fuerat,
555 874 617 913 ex
654 858 738 913 his
771 873 891 927 qua:
934 857 1035 912 sibi
1076 858 1364 919 dabantm.’
1396 857 1736 928 dilargilione

193 975 300 1031 erga
340 965 583 1027 pauperes
632 950 894 1015 liberalis,
948 948 1270 1020 prostitutas
1323 949 1579 1005 mulieres
1629 965 1735 1004 non

194 1053 292 1109 sine
323 1063 411 1104 suo
445 1058 663 1100 munere
694 1044 903 1098 maritis
948 1043 1273 1107 honestatis,
1310 1043 1362 1097 iu
1395 1044 1735 1099 discordibus

193 1144 364 1212 ubique
384 1152 534 1209 paces
556 1145 608 1190 et
633 1135 859 1199 foedera,
884 1135 1019 1190 mira
1043 1137 1387 1201 auctoritate,
1418 1137 1735 1192 restituens.

194 1230 430 1302 θθίίίφήδ
479 1229 668 1301 agebat
717 1243 979 1299 ηθιηιιυθ,
1029 1244 1122 1284 Seu
1180 1228 1524 1301 loquebatur,
1582 1230 1739 1299 quasi

193 1324 417 1396 quiddam
481 1321 823 1377 subdiviuum
885 1322 1192 1388 videbatur,
1253 1324 1552 1393 praesertim
1616 1338 1741 1378 cum

193 1416 333 1471 etiam
374 1414 435 1468 de
479 1413 593 1483 ejus
647 1412 793 1467 mulo
833 1413 923 1484 pili
963 1429 1061 1483 pro
1110 1415 1356 1485 reliquiis
1400 1425 1741 1485 raperentur,

194 1504 316 1577 quod
358 1519 450 1559 nos
497 1518 600 1557 non
650 1504 717 1557 ad
767 1505 1074 1571 veritatem,
1118 1506 1210 1560 sed
1258 1506 1416 1577 vulgo
1457 1505 1744 1561 referimus

194 1596 369 1653 amanti
400 1595 708 1649 novitatem.
754 1595 931 1651 Lanea
978 1598 1156 1651 tunica
1193 1597 1259 1651 ad
1290 1612 1504 1667 purtuu,
1533 1596 1745 1653 cucullo

195 1705 335 1760 super
363 1690 600 1759 utrisque
629 1687 908 1755 talaribus,
935 1689 1101 1761 byrro
1131 1691 1363 1760 desuper
1390 1690 1743 1757 induebatur;
1784 1700 1787 1701 '

194 1782 380 1838 braccis
426 1781 666 1847 minime,
719 1783 945 1853 nudipes
993 1793 1204 1852 autem;
1250 1799 1421 1856 pane,
1450 1784 1536 1839 vix
1577 1785 1746 1856 pisce,

193 1891 441 1943 nunquam
472 1875 597 1929 vino
625 1875 891 1931 alebatur.

224 1966 387 2039 [VllL]
405 1966 630 2022 Militum
645 1969 1011 2027 dissolutione:
1026 1988 1117 2043 per
1130 1971 1176 2026 Η
1186 1973 1405 2043 auguria
1421 1973 1753 2044 proﬁciscen-

192 2061 389 2113 lium.—
404 2058 453 2114 ls
476 2059 657 2131 itaque
679 2062 778 2127 vir,
801 2064 997 2133 partim
1015 2065 1288 2135 opinione,
1308 2067 1504 2136 partim
1526 2084 1622 2121 suo
1639 2081 1755 2122 mo-

190 2152 287 2207 nitu
313 2167 429 2206 cum
457 2152 747 2209 immanem
784 2154 1073 2213 conﬂasset
1099 2159 1430 2225 exercitum,
1480 2174 1576 2230 per
1601 2159 1752 2215 Hun-

189 2257 415 2314 garorum
437 2253 640 2300 terram
663 2245 860 2317 delegit
887 2248 1056 2305 abire.
1089 2249 1332 2317 Quorum
1357 2253 1608 2324 regiones
1631 2267 1753 2308 cum

188 2349 350 2389 earum
378 2350 553 2391 rerum
583 2351 705 2406 qua:
747 2337 813 2391 ad
864 2338 1176 2395 alimentum
1230 2342 1505 2412 pertinent
1533 2343 1755 2414 opulen-

189 2426 433 2493 tissimas,
472 2429 615 2484 idem
647 2429 835 2501 vulgus
865 2432 1099 2487 indocile
1126 2434 1439 2504 reperisset,
1472 2445 1758 2505 coeperunt

188 2519 392 2579 luxuriis
433 2525 752 2582 enormibus
791 2535 980 2583 contra
1033 2527 1405 2598 indigenarum
1439 2545 1755 2590 mansuetu-

189 2615 344 2671 dinem
367 2617 715 2675 debacchari.
745 2620 878 2676 Cum
917 2621 1061 2677 enim
1104 2622 1458 2691 plurimorum
1490 2641 1755 2683 annorum

186 2715 374 2771 segetes
404 2707 672 2775 triticeas,
702 2708 836 2763 utin
858 2724 921 2766 ea
946 2719 1090 2764 terra
1114 2711 1283 2765 moris
1313 2721 1417 2779 est,
1452 2713 1505 2768 in
1536 2715 1757 2769 modum

187 2797 392 2852 turrimn
430 2815 527 2870 per
580 2816 745 2873 agros
798 2801 1068 2857 stabilitas
1103 2814 1425 2871 cernerent,
1486 2822 1620 2876 quas
1657 2822 1758 2862 nos

185 2899 328 2945 metas
345 2891 495 2963 vulga
505 2892 645 2948 riter
665 2908 859 2950 vocare
872 2894 1108 2951 solemus
1129 2912 1144 2961 ;
1166 2911 1287 2951 cum
1310 2898 1556 2953 carnium
1582 2900 1762 2954 diver-

185 2993 346 3036 sarum
375 2983 721 3054 aliorumque
753 2985 1062 3041 victualium
1087 3027 1105 3053 ,
1154 3003 1382 3058 quorum
1415 2989 1502 3044 illa
1535 2989 1761 3047 feracis-

184 3072 304 3129 sima
343 3074 496 3131 tellus
542 3087 668 3144 est,
704 3080 875 3151 copia:
926 3088 1315 3151 suppeterent,
1364 3098 1473 3137 non
1520 3085 1763 3140 contenti

185 3165 502 3225 humanitate
529 3185 754 3236 eorum,
794 3172 931 3228 mira
968 3175 1270 3242 dementia,
1314 3176 1412 3246 ipsi
1448 3176 1763 3249 alienigena:

181 3274 443 3332 ceperunt
471 3265 802 3322 conculcare
829 3266 1079 3339 gentiles,
1112 3280 1166 3323 et
1194 3284 1315 3324 cum
1347 3269 1522 3335 idem,
1576 3280 1763 3341 utpote

182 3354 456 3414 Christiani
479 3358 822 3417 Christianis
848 3361 1059 3417 venalia
1083 3372 1275 3418 cuncta
1310 3373 1591 3434 gratanter
1618 3365 1767 3436 iuge-

181 3458 381 3527 rerent,
408 3451 535 3522 ipsi,
567 3453 815 3509 libidinis
843 3454 1217 3525 impatientes,
1247 3455 1349 3527 piae
1385 3456 1768 3527 hospitalitatis

182 3554 237 3594 ac
255 3526 634 3602 beneficentiae
661 3547 1030 3615 immemores,
1070 3549 1212 3605 bello
1248 3550 1421 3622 gratis
1448 3566 1542 3606 eos
1572 3567 1766 3623 aggre-

176 3630 419 3702 diuntur;
453 3637 585 3692 dum
638 3637 758 3694 illos
786 3639 1078 3711 opinantur
1106 3640 1241 3696 nihil
1284 3657 1511 3699 ausuros
1540 3654 1764 3713 contra,

178 3739 235 3779 ac
248 3729 459 3796 penitus
490 3729 715 3787 futuros
741 3732 1001 3789 imbelles.
1028 3733 1199 3790 Rabie
1223 3736 1387 3808 igitur
1406 3739 1763 3805 exsecranda,

177 3819 411 3889 publicis'
438 3839 585 3895 quos
619 3825 857 3882 diximus
900 3828 1113 3883 horreis
1154 3843 1253 3900 per
1293 3844 1388 3886 eos
1419 3830 1767 3901 ingerebatur

178 3910 510 3983 incendium,
570 3918 769 3988 puellis
827 3921 1195 3991 eripiebatur,
1252 3922 1513 3978 violentia
1573 3922 1764 3990 allata,

178 4002 482 4076 virginitas,
508 4009 1017 4066 dehonestabantur
1067 4012 1320 4084 conjugia
1361 4013 1569 4069 crebris
1600 4013 1767 4085 rapti-

176 4093 268 4152 bus
320 4100 699 4170 feminarum;
750 4104 1049 4172 vellebant,
1112 4107 1227 4163 sive
1274 4106 1588 4169 ustulabant
1653 4108 1766 4164 suis

176 4188 361 4250 barbas
386 4196 747 4268 hospitibus;
796 4214 894 4255 nec
913 4198 1025 4267 jam
1055 4200 1121 4256 de
1160 4201 1403 4257 emendis
1424 4200 1546 4257 usui
1573 4216 1764 4258 neces-

178 4283 325 4338 sariis
375 4287 670 4356 quidpiam
721 4290 1087 4356 tractabatur;
1137 4291 1235 4346 sed
1263 4292 1492 4363 quisque
1534 4307 1765 4364 eorum,

173 4380 325 4440 prout
348 4382 579 4444 poterat
600 4416 618 4442 ,
666 4377 871 4447 rapinis
895 4385 949 4433 et
975 4378 1213 4433 caedibus
1240 4379 1515 4435 nitebatur
1539 4421 1554 4447 ,
1588 4382 1666 4437 sic
1707 4398 1766 4439 se

174 4470 384 4523 acturos
412 4468 560 4523 mira
615 4467 837 4525 lascivia
885 4479 1076 4527 contra
1118 4470 1325 4528 Turcos
1371 4472 1540 4530 libere
1585 4474 1761 4529 mina-

173 4553 385 4613 bantur.

237 4648 495 4707 Castrum
521 4653 800 4723 quoddam
823 4654 1030 4711 interea
1058 4654 1295 4711 habuere
1318 4656 1585 4728 pervium,
1614 4658 1771 4730 cujus

173 4742 316 4801 nullo
351 4747 522 4803 modo
572 4758 831 4819 poterant
876 4750 1084 4807 evitare
1140 4751 1467 4818 transitum,
1527 4752 1573 4808 is
1623 4753 1769 4808 enim

172 4842 327 4892 terrae
347 4838 495 4896 situs
526 4849 649 4908 est,
682 4851 741 4897 ut
768 4841 823 4897 in
864 4843 1083 4897 modum
1111 4842 1379 4915 angiporti
1427 4858 1768 4914 nequaquam

172 4927 233 4983 ad
249 4929 543 4988 dexteram
564 4932 652 4989 vel
666 4933 944 4990 sinistram
970 4944 1152 5006 pateat
1172 4933 1573 4990 diverticulum.
1590 4934 1770 5006 Ipsum

168 5019 323 5078 solita
380 5024 688 5081 insolentia
735 5023 985 5081 obsidere
1020 5025 1258 5095 aggressi
1313 5033 1466 5090 sunt,
1517 5025 1612 5081 sed
1647 5040 1771 5080 cum

168 5126 333 5185 prepe
374 5115 715 5185 capiendum
769 5126 943 5180 esset,
1001 5126 1253 5185 repente,
1312 5131 1419 5170 non
1474 5131 1607 5173 curo
1664 5131 1773 5187 quo

167 5218 398 5273 eventu,
437 5210 516 5263 ita
556 5208 740 5263 obruti
769 5218 891 5265 sunt
921 5216 979 5263 ut
1007 5223 1134 5277 pars
1169 5207 1365 5277 gladiis
1401 5209 1771 5273 occumberet,

166 5309 375 5369 partem
419 5301 671 5357 ﬂuvialis
701 5302 840 5357 nuda
869 5303 1269 5371 submergeret,
1323 5317 1446 5372 pars
1495 5302 1612 5357 sine
1654 5303 1775 5359 ullis

166 5394 486 5463 stipendiis,
522 5394 638 5450 into
662 5395 805 5465 turpi
832 5394 1107 5466 pauperie,
1140 5392 1315 5464 magis
1336 5404 1516 5449 autem
1547 5395 1771 5465 pudore,

166 5483 217 5539 in
242 5486 550 5544 l-‘ranciant
566 5498 888 5558 censumpta
906 5488 1124 5543 rediret.
1151 5487 1216 5542 Et
1231 5488 1354 5557 quia
1377 5488 1516 5541 idem
1536 5498 1773 5544 castrum

163 5572 523 5650 Moyssonem
560 5579 860 5644 vocabant,
888 5590 943 5635 et
970 5580 1169 5636 reversi
1196 5580 1263 5635 ad
1294 5595 1423 5634 suos
1448 5581 1511 5633 ad
1538 5578 1777 5651 Moysso-

163 5683 287 5724 nem
321 5686 508 5741 usque
533 5685 599 5725 se
624 5670 789 5728 fuisse
819 5672 1103 5737 dicebant,
1153 5687 1345 5743 magna
1382 5671 1623 5727 omnium
1655 5673 1780 5727 irri-

161 5762 315 5820 sione
344 5763 580 5835 excepti
606 5774 751 5821 sunt.

231 5855 383 5932 [IL]
424 5856 640 5915 Petrus
667 5866 848 5915 autem
874 5872 1001 5917 cum
1024 5855 1156 5915 illud
1176 5857 1632 5932 indisciplinatum
1660 5862 1778 5917 vul-

1836 577 2193 630 hortamentis
2241 577 2495 633 cohibere
2547 574 2779 641 valeret,
2818 592 2937 632 cum
2993 580 3416 639 Alcmaunorum

1837 666 2013 737 aliqua
2060 667 2366 736 frequentia
2414 680 2469 724 et
2515 682 2826 730 nostrorum
2872 672 3004 729 ﬂere
3038 675 3282 741 residua,
3314 691 3422 747 qua

1838 762 2014 830 potuit
2037 761 2160 815 inde
2184 762 2493 829 provisione
2523 766 2765 837 elapsus,
2800 766 2851 821 in
2883 766 3138 824 Kalendis
3157 769 3426 840 Augusta-

1840 851 1980 907 libus
2010 852 2665 924 Coustautinopolitanam
2696 860 2873 931 attigit
2903 862 3110 916 urbem.
3139 862 3245 919 Sed
3282 866 3427 922 hunc

1839 944 1954 1013 ejus
1976 946 2284 1009 adventum,
2309 945 2585 1012 Italorum,
2614 949 2894 1019 Ligurum,
2921 952 3425 1026 Longobardorum,

1840 1048 1963 1090 cum
2019 1036 2498 1107 Transalpinarum
2538 1039 2789 1096 videlicet
2839 1044 3069 1111 partium
3122 1045 3428 1104 hominibus

1845 1143 2096 1197 magnum
2128 1140 2480 1200 prmccsserat
2510 1147 2732 1204 agmen,
2767 1133 2858 1204 qui
2890 1132 3003 1202 ejus
3033 1146 3086 1191 ct
3107 1147 3429 1196 caeterorum
3502 1152 3511 1159 ·

1845 1219 2091 1277 Francire
2151 1224 2455 1295 principum
2494 1225 2692 1281 ibidem
2739 1229 3094 1284 decreverant
3132 1232 3431 1299 praestolari

1847 1314 2162 1370 comitiam:
2202 1332 2308 1371 non
2341 1317 2488 1372 enim
2527 1333 2645 1373 eam
2690 1320 3098 1376 arbitrabantur
3141 1336 3199 1379 sc
3233 1323 3437 1381 habere

1849 1407 2053 1461 militia:
2078 1408 2467 1480 frequentiam,
2497 1421 2555 1466 ut
2583 1411 2893 1468 Graecorum
2926 1414 3222 1482 auderent,
3244 1426 3437 1474 contra

1850 1497 2056 1554 Turcos
2078 1500 2317 1568 exituri,
2374 1502 2651 1573 praeterire
2680 1505 3037 1574 provinciam.
3088 1506 3439 1578 Imperatoris

1850 1598 2029 1646 autem
2075 1592 2252 1648 edicto
2273 1592 2410 1662 jussi
2459 1603 2585 1648 sunt
2618 1596 2858 1651 omnium
2898 1613 3018 1667 quae
3070 1601 3442 1659 vendebantur

1852 1679 1906 1735 in
1939 1682 2105 1746 urbe,
2146 1684 2222 1737 uti
2254 1683 2481 1750 vellent,
2535 1686 2738 1741 habere
2767 1691 3124 1757 commercia;
3179 1693 3274 1747 sed
3310 1692 3442 1749 Bra-

1853 1775 2034 1829 chium
2068 1775 2251 1831 Sancti
2289 1775 2537 1849 Georgii,
2583 1778 2728 1848 quod
2771 1796 2800 1833 a
2843 1779 3143 1838 Turcorum
3193 1786 3440 1855 partibus

1781 1850 2192 1924 Blimitaneum
2254 1879 2373 1926 erat
2426 1887 2607 1936 mare,
2666 1872 2835 1943 ipsius
2888 1875 3149 1948 principis
3211 1878 3440 1936 consilio

1855 1958 2007 2013 vetiti
2037 1967 2161 2015 sunt
2198 1969 2558 2029 transmeare,
2590 1966 2716 2032 quia
2744 1980 2945 2036 paucos
2974 1967 3272 2028 innumeris
3314 1986 3443 2044 pex-

1856 2048 2124 2105 niciosum
2155 2050 2369 2106 dixerat
2390 2053 2632 2109 obviare.

1928 2142 2261 2200 Francorum
2292 2147 2589 2204 insolentia.
2617 2181 2689 2192 —
2727 2152 2799 2208 At
2847 2153 2948 2225 ipsi
2998 2171 3099 2214 nec
3135 2158 3443 2228 provincia-

1857 2233 1986 2291 lium
2016 2249 2141 2292 sunt
2173 2238 2511 2298 humanitate
2537 2241 2773 2311 detenti,
2804 2263 2903 2303 nec
2934 2242 3275 2320 imperatoria
3309 2251 3444 2310 ulla-

1859 2334 2019 2383 tenus
2038 2326 2353 2386 aﬂ'abilitate
2375 2331 2598 2400 molliti,
2644 2335 2740 2390 sed
2788 2338 2948 2394 nimis
3000 2341 3295 2399 insolenter
3317 2362 3440 2417 age-

1858 2418 2019 2487 bant,
2074 2420 2224 2478 urbis
2266 2422 2464 2494 palatia
2516 2426 2903 2497 devolvebant,
2970 2434 3199 2502 publicis
3241 2438 3448 2496 {edibus

1861 2512 2012 2583 ignes
2040 2512 2422 2582 subjiciebant,
2447 2526 2503 2572 et
2523 2518 2749 2575 detectis
2778 2523 3054 2593 ecclesiis,
3079 2542 3198 2596 quae
3227 2528 3446 2599 plumbo

1860 2606 2275 2673 operiebantur,
2307 2606 2582 2676 plumbum
2610 2609 2751 2667 idem
2778 2610 2984 2669 Graacis
3024 2617 3213 2672 venale
3238 2619 3447 2689 prabe-

1860 2693 2010 2749 baut.
2055 2694 2169 2750 Hac
2217 2696 2512 2767 imperator
2551 2707 2660 2754 tam
2712 2700 2854 2757 foeda
2885 2708 3303 2778 praasumplione
3335 2719 3449 2766 tur-

1862 2784 2041 2851 batus,
2073 2788 2327 2858 prmcepit
2347 2830 2361 2853 ,
2386 2792 2876 2861 procrastinatione
2900 2806 3128 2863 remota,
3161 2810 3219 2855 ut
3248 2817 3450 2860 memo-

1864 2879 1967 2932 rati
1989 2878 2204 2934 Brachii
2226 2896 2444 2950 aequora
2469 2890 2889 2941 trausmearent.
2921 2886 3018 2944 Cui
3035 2889 3174 2947 freto
3202 2902 3453 2966 transpo-

1863 2970 1983 3037 siti,
2015 2971 2232 3038 eadem,
2290 2988 2411 3043 quae
2438 2973 2577 3030 citra
2610 2987 2877 3045 egerant,
2928 2995 3268 3053 nequaquam
3309 2986 3449 3044 ultra

1865 3061 2064 3117 iterare
2091 3064 2405 3129 cessabant,
2442 3074 2495 3121 et
2518 3067 2608 3137 qui
2645 3077 2831 3125 contra
2861 3085 3101 3142 paganos
3127 3084 3250 3131 voto
3275 3089 3451 3135 certa—

1869 3168 1991 3209 men
2044 3156 2475 3229 insumpserant,
2534 3162 2733 3230 passim
2776 3162 3125 3222 ecclesiarum
3182 3170 3452 3243 excidiis,

1871 3247 2305 3305 Christianorum
2331 3251 2618 3308 involando
2649 3254 2968 3312 substantiis
2991 3298 3006 3323 ,
3038 3268 3226 3315 contra
3250 3274 3452 3322 nostra

1874 3341 1994 3397 fidei
2022 3343 2269 3401 homines
2294 3346 2557 3402 factorum
2584 3347 2922 3406 immanitate
2940 3352 3270 3423 pugnabant.
3312 3355 3454 3416 Dum

1871 3433 2015 3488 enim
2071 3434 2268 3492 nullius
2326 3438 2681 3508 experiuntur
2742 3442 3090 3501 severitatem
3136 3448 3316 3521 regis,
3357 3449 3453 3521 qui

1866 3526 2106 3598 judiciali
2141 3530 2325 3587 devios
2347 3533 2533 3605 vigore
2563 3544 2905 3606 retorqueat,
2957 3555 3057 3596 nec
3078 3542 3272 3599 divinae
3300 3561 3454 3603 reve-

1871 3625 2101 3681 rentiam
2147 3628 2459 3700 concipiunt
2501 3630 2663 3702 legis,
2704 3647 2823 3703 qua:
2866 3636 3128 3692 mentium
3179 3639 3455 3698 levitatem

1871 3726 2084 3774 matura
2113 3722 2502 3794 recogitatione
2530 3724 2832 3796 deprimat,
2860 3729 3144 3799 repentino
3164 3733 3455 3803 prolabun-

1871 3820 1960 3867 tur
2007 3814 2268 3882 iuteritu,
2327 3816 2455 3887 quia
2504 3817 2908 3889 indisciplinalis
2958 3838 3098 3876 mors
3151 3825 3363 3892 obviat,
3404 3836 3455 3883 et

1868 3907 2123 3979 quidquid
2142 3909 2289 3980 pensi
2314 3909 2673 3976 moderatique
2700 3910 2834 3966 nihil
2868 3913 3036 3980 habet,
3064 3932 3251 3987 parum
3272 3920 3452 3977 durat.

2497 4070 2726 4128 CAPUT
2767 4071 2833 4128 V.

1943 4185 2060 4261 [X.]
2102 4184 2341 4242 Tandem
2375 4184 2747 4242 Nicomediam
2779 4187 3277 4261 attingentesltali,
3314 4190 3458 4250 Lon.

1870 4281 2121 4352 gobardi,
2150 4289 2204 4334 et
2228 4278 2516 4335 Alemanni
2544 4279 2882 4335 Francorum
2899 4280 3242 4351 impatientes
3261 4299 3455 4355 super-

1869 4372 1974 4429 biae
1997 4372 2325 4427 divelluntur
2348 4370 2415 4427 ab
2443 4372 2591 4442 ipsis.
2623 4370 2823 4426 Franci
2843 4388 3100 4443 namque,
3120 4373 3274 4442 juxta
3301 4386 3459 4432 natu-

1872 4480 1989 4519 ram
2026 4465 2260 4521 nominis
2292 4505 2306 4531 ,
2337 4481 2544 4536 magna:
2568 4464 2783 4534 quidem
2809 4473 2934 4520 sunt
2966 4466 3117 4521 titulo
3152 4468 3460 4527 vivacitatis

1796 4570 1851 4631 1)
1875 4558 2040 4630 382
2069 4558 2335 4628 insignes,
2362 4561 2455 4612 sed
2480 4597 2495 4621 ,
2535 4556 2634 4611 nisi
2668 4556 2841 4628 rigido
2876 4556 3157 4614 frenentur
3184 4559 3458 4629 dominio,

1876 4655 2017 4710 inter
2061 4652 2288 4708 aliarum
2323 4653 2563 4724 gentium
2626 4652 2845 4715 turbas.
2891 4662 3017 4708 sunt
3052 4652 3256 4725 justius
3304 4671 3462 4728 :equo

1874 4746 2103 4804 feroces.
2133 4744 2475 4815 Transalpini
2506 4748 2710 4816 itaque,
2727 4760 2864 4817 quos
2883 4745 3232 4816 praediximus
3252 4748 3458 4806 direm-

1876 4850 1997 4911 ptos
2020 4856 2050 4894 a
2083 4837 2338 4903 Francis,
2388 4832 2653 4895 Raiualdo
2678 4840 2914 4908 quodam
2942 4838 3047 4895 sibi
3073 4841 3211 4897 duce
3235 4851 3420 4899 creato
3443 4881 3461 4909 ,

1875 4946 1994 4986 eam
2036 4949 2156 5003 quae
2190 4931 2387 4987 dicitur
2414 4931 2672 4987 Romania
2722 4932 3035 5002 provincia,
3085 4933 3462 5003 intraverunt,

1876 5034 1932 5082 et
1954 5035 2189 5097 quatuor
2227 5025 2435 5083 dierum
2467 5025 2659 5081 itinere
2680 5024 3046 5081 Nicomedem
3069 5027 3457 5099 praetergressi,

1878 5120 2019 5175 inter
2062 5120 2313 5176 eumdem
2340 5128 2578 5176 castrum
2636 5117 2908 5175 oﬂeudere
2964 5121 3264 5188 quoddam,
3318 5119 3463 5191 quod

1878 5215 2086 5269 auctori
2109 5214 2308 5285 placito
2341 5213 2556 5269 nomine
2586 5222 2811 5268 vocatur
2840 5210 3248 5282 Exoregorgum
3272 5252 3289 5277 ,
3318 5213 3463 5284 quod

1878 5306 2244 5360 habitatorum
2300 5319 2519 5360 suorum
2573 5302 2811 5357 omnium
2856 5310 3143 5357 vacuatum
3185 5303 3463 5372 praesidio,

1877 5398 1993 5452 sine
2024 5415 2173 5453 mora
2202 5398 2370 5454 turba:
2408 5397 2581 5468 patuit
2623 5394 2884 5449 inﬂuenti.
2915 5393 3103 5449 Incolae
3131 5404 3312 5451 autem
3338 5410 3466 5466 pro-

1879 5491 2163 5559 fugerant,
2210 5489 2706 5561 supervenientium
2739 5488 2933 5543 timore
2959 5488 3205 5553 extrusi,
3252 5498 3308 5545 et
3336 5489 3462 5545 dum

1879 5583 1945 5639 de
1972 5601 2066 5638 sua
2102 5584 2200 5655 ipsi
2233 5583 2407 5638 salute
2439 5583 2756 5652 desperant,
2820 5582 2885 5637 de
2932 5582 3468 5653 substantiarumque

1880 5693 2099 5732 suarum
2129 5676 2300 5746 capiis
2321 5716 2337 5742 ,
2395 5692 2515 5746 quae
2541 5675 2788 5745 plurimm
2816 5685 2973 5731 erant
2993 5715 3009 5739 ,
3051 5675 3469 5747 trauspoueudis

1880 5771 2104 5827 omnino
2134 5785 2236 5823 non
2265 5752 2479 5825 curant.
2528 5767 2707 5830 llude,
2740 5768 2961 5822 multum
2995 5767 3308 5824 victualium
3329 5780 3468 5841 opu-

1882 5863 2104 5923 lentiam
2136 5863 2332 5921 ibidem
2362 5860 2726 5935 reperientes,
2749 5860 2816 5917 ad
2839 5858 3055 5932 plenum
3078 5858 3230 5916 fuere
3259 5852 3467 5914 refecti.
