  <div class='ocr_page' id='page_1' title='image "/cluster/home/n/w/nwhite01/storage/ocr_20150623/156/hvd.32044010683712/359.png"; bbox 0 0 4012 6346; ppageno 0'>
   <div class='ocr_carea' id='block_1_1' title="bbox 667 326 2252 408">
    <p class='ocr_par' dir='ltr' id='par_1_1' title="bbox 667 326 2252 408">
     <span class='ocr_line' id='line_1_1' title="bbox 667 326 2252 408; baseline -0.001 -11"><span class='ocrx_word' id='word_1_1' title='bbox 667 338 773 400; x_wconf 78' lang='lat'><strong>707</strong></span> <span class='ocrx_word' id='word_1_2' title='bbox 1495 332 1555 388; x_wconf 88' lang='lat' dir='ltr'><strong>v.</strong></span> <span class='ocrx_word' id='word_1_3' title='bbox 1594 329 1923 392; x_wconf 79' lang='lat' dir='ltr'><strong>GUlBERTl</strong></span> <span class='ocrx_word' id='word_1_4' title='bbox 1952 326 2252 408; x_wconf 76' lang='lat' dir='ltr'><strong>ABBATIS</strong></span> 
     </span>
    </p>
   </div>
   <div class='ocr_carea' id='block_1_2' title="bbox 2270 329 3842 424">
    <p class='ocr_par' dir='ltr' id='par_1_2' title="bbox 2270 329 3842 424">
     <span class='ocr_line' id='line_1_2' title="bbox 2270 329 3842 424; baseline 0.004 -29"><span class='ocrx_word' id='word_1_5' title='bbox 2270 333 2331 395; x_wconf 84' lang='lat' dir='ltr'><strong>S.</strong></span> <span class='ocrx_word' id='word_1_6' title='bbox 2359 329 2603 398; x_wconf 65' lang='lat' dir='ltr'><strong>MANE</strong></span> <span class='ocrx_word' id='word_1_7' title='bbox 2637 335 2730 396; x_wconf 78' lang='lat' dir='ltr'><strong>DE</strong></span> <span class='ocrx_word' id='word_1_8' title='bbox 2767 333 3166 397; x_wconf 79' lang='lat' dir='ltr'><strong>NOVIGENTO</strong></span> <span class='ocrx_word' id='word_1_9' title='bbox 3773 359 3842 424; x_wconf 63' lang='grc' dir='ltr'><strong>η</strong></span> 
     </span>
    </p>
   </div>
   <div class='ocr_carea' id='block_1_3' title="bbox 739 449 3843 540">
    <p class='ocr_par' dir='ltr' id='par_1_3' title="bbox 739 449 3843 540">
     <span class='ocr_line' id='line_1_3' title="bbox 739 449 3843 540; baseline 0.004 -28"><span class='ocrx_word' id='word_1_10' title='bbox 739 454 1028 526; x_wconf 68' lang='lat' dir='ltr'><strong>Con/littus</strong></span> <span class='ocrx_word' id='word_1_11' title='bbox 1084 466 1201 510; x_wconf 85' lang='lat' dir='ltr'><strong>cum</strong></span> <span class='ocrx_word' id='word_1_12' title='bbox 1252 449 1469 516; x_wconf 78' lang='lat' dir='ltr'><strong>Turcis,</strong></span> <span class='ocrx_word' id='word_1_13' title='bbox 1505 451 1595 522; x_wconf 79' lang='lat' dir='ltr'><strong>qui</strong></span> <span class='ocrx_word' id='word_1_14' title='bbox 1647 450 1822 523; x_wconf 84' lang='lat' dir='ltr'><strong>plures</strong></span> <span class='ocrx_word' id='word_1_15' title='bbox 1863 469 1891 508; x_wconf 87' lang='lat' dir='ltr'><strong>e</strong></span> <span class='ocrx_word' id='word_1_16' title='bbox 1938 451 2254 508; x_wconf 75' lang='lat' dir='ltr'><strong>Christianis</strong></span> <span class='ocrx_word' id='word_1_17' title='bbox 2283 457 2331 518; x_wconf 76' lang='grc' dir='ltr'>Α</span> <span class='ocrx_word' id='word_1_18' title='bbox 2361 453 2653 519; x_wconf 76' lang='lat' dir='ltr'><strong>dabantur,</strong></span> <span class='ocrx_word' id='word_1_19' title='bbox 2685 455 2776 511; x_wconf 87' lang='lat' dir='ltr'><strong>alii</strong></span> <span class='ocrx_word' id='word_1_20' title='bbox 2807 458 3198 514; x_wconf 78' lang='lat' dir='ltr'><strong>vendebantur.</strong></span> <span class='ocrx_word' id='word_1_21' title='bbox 3245 458 3452 528; x_wconf 79' lang='lat' dir='ltr'><strong>Quibus</strong></span> <span class='ocrx_word' id='word_1_22' title='bbox 3480 463 3580 522; x_wconf 85' lang='lat' dir='ltr'><strong>dati</strong></span> <span class='ocrx_word' id='word_1_23' title='bbox 3605 468 3843 540; x_wconf 54' lang='lat' dir='ltr'><strong>foenum“</strong></span> 
     </span>
    </p>
   </div>
   <div class='ocr_carea' id='block_1_4' title="bbox 666 547 2254 622">
    <p class='ocr_par' dir='ltr' id='par_1_4' title="bbox 666 547 2254 622">
     <span class='ocr_line' id='line_1_4' title="bbox 666 547 2254 622; baseline -0.004 -15"><span class='ocrx_word' id='word_1_24' title='bbox 666 552 1007 622; x_wconf 74' lang='lat' dir='ltr'><strong>interﬁciunt.</strong></span> <span class='ocrx_word' id='word_1_25' title='bbox 1045 549 1207 612; x_wconf 77' lang='lat' dir='ltr'><strong>Aqua:</strong></span> <span class='ocrx_word' id='word_1_26' title='bbox 1245 547 1466 618; x_wconf 81' lang='lat' dir='ltr'><strong>penuria</strong></span> <span class='ocrx_word' id='word_1_27' title='bbox 1489 548 1542 606; x_wconf 81' lang='lat' dir='ltr'><strong>in</strong></span> <span class='ocrx_word' id='word_1_28' title='bbox 1578 550 1762 601; x_wconf 75' lang='lat' dir='ltr'><strong>castris</strong></span> <span class='ocrx_word' id='word_1_29' title='bbox 1791 548 2043 618; x_wconf 84' lang='lat' dir='ltr'><strong>ipsorum.</strong></span> <span class='ocrx_word' id='word_1_30' title='bbox 2083 579 2151 589; x_wconf 90' lang='lat'><strong>—</strong></span> <span class='ocrx_word' id='word_1_31' title='bbox 2185 548 2254 602; x_wconf 86' lang='lat' dir='ltr'><strong>At</strong></span> 
     </span>
    </p>
   </div>
   <div class='ocr_carea' id='block_1_5' title="bbox 665 639 2249 710">
    <p class='ocr_par' dir='ltr' id='par_1_5' title="bbox 665 639 2249 710">
     <span class='ocr_line' id='line_1_5' title="bbox 665 639 2249 710; baseline -0.005 -8"><span class='ocrx_word' id='word_1_32' title='bbox 665 644 825 702; x_wconf 88' lang='lat' dir='ltr'><strong>Turci</strong></span> <span class='ocrx_word' id='word_1_33' title='bbox 850 641 1242 710; x_wconf 86' lang='lat' dir='ltr'><strong>comperieutcs</strong></span> <span class='ocrx_word' id='word_1_34' title='bbox 1265 640 1603 694; x_wconf 86' lang='lat' dir='ltr'><strong>Christianos</strong></span> <span class='ocrx_word' id='word_1_35' title='bbox 1623 639 1920 695; x_wconf 90' lang='lat' dir='ltr'><strong>obtinuisse</strong></span> <span class='ocrx_word' id='word_1_36' title='bbox 1939 639 2249 705; x_wconf 73' lang='lat' dir='ltr'><strong>castellum,</strong></span> 
     </span>
    </p>
   </div>
   <div class='ocr_carea' id='block_1_6' title="bbox 665 730 2251 806">
    <p class='ocr_par' dir='ltr' id='par_1_6' title="bbox 665 730 2251 806">
     <span class='ocr_line' id='line_1_6' title="bbox 665 730 2251 806; baseline -0.003 -17"><span class='ocrx_word' id='word_1_37' title='bbox 665 751 857 806; x_wconf 82' lang='lat' dir='ltr'><strong>magna</strong></span> <span class='ocrx_word' id='word_1_38' title='bbox 913 732 1043 786; x_wconf 89' lang='lat' dir='ltr'><strong>illud</strong></span> <span class='ocrx_word' id='word_1_39' title='bbox 1095 731 1377 787; x_wconf 76' lang='lat' dir='ltr'><strong>obsidione</strong></span> <span class='ocrx_word' id='word_1_40' title='bbox 1429 731 1743 786; x_wconf 85' lang='lat' dir='ltr'><strong>cinxerunt.</strong></span> <span class='ocrx_word' id='word_1_41' title='bbox 1791 731 1932 786; x_wconf 87' lang='lat' dir='ltr'><strong>Ante</strong></span> <span class='ocrx_word' id='word_1_42' title='bbox 1974 730 2251 800; x_wconf 85' lang='lat' dir='ltr'><strong>municipii</strong></span> 
     </span>
    </p>
   </div>
   <div class='ocr_carea' id='block_1_7' title="bbox 661 821 2254 899">
    <p class='ocr_par' dir='ltr' id='par_1_7' title="bbox 661 821 2254 899">
     <span class='ocr_line' id='line_1_7' title="bbox 661 821 2254 899; baseline -0.003 -19"><span class='ocrx_word' id='word_1_43' title='bbox 661 835 875 899; x_wconf 89' lang='lat' dir='ltr'><strong>portam</strong></span> <span class='ocrx_word' id='word_1_44' title='bbox 903 834 1125 894; x_wconf 86' lang='lat' dir='ltr'><strong>puteus,</strong></span> <span class='ocrx_word' id='word_1_45' title='bbox 1165 833 1218 878; x_wconf 89' lang='lat' dir='ltr'><strong>et</strong></span> <span class='ocrx_word' id='word_1_46' title='bbox 1249 823 1437 878; x_wconf 80' lang='lat' dir='ltr'><strong>subter</strong></span> <span class='ocrx_word' id='word_1_47' title='bbox 1468 823 1608 878; x_wconf 90' lang='lat' dir='ltr'><strong>idem</strong></span> <span class='ocrx_word' id='word_1_48' title='bbox 1641 863 1656 888; x_wconf 93' lang='lat'><strong>,</strong></span> <span class='ocrx_word' id='word_1_49' title='bbox 1690 837 1794 876; x_wconf 92' lang='lat' dir='ltr'><strong>non</strong></span> <span class='ocrx_word' id='word_1_50' title='bbox 1820 822 1976 892; x_wconf 87' lang='lat' dir='ltr'><strong>longe</strong></span> <span class='ocrx_word' id='word_1_51' title='bbox 1997 838 2026 875; x_wconf 91' lang='lat' dir='ltr'><strong>a</strong></span> <span class='ocrx_word' id='word_1_52' title='bbox 2061 821 2254 876; x_wconf 68' lang='lat' dir='ltr'><strong>moeni-</strong></span> 
     </span>
    </p>
   </div>
   <div class='ocr_carea' id='block_1_8' title="bbox 661 915 2251 988">
    <p class='ocr_par' dir='ltr' id='par_1_8' title="bbox 661 915 2251 988">
     <span class='ocr_line' id='line_1_8' title="bbox 661 915 2251 988; baseline -0.004 -14"><span class='ocrx_word' id='word_1_53' title='bbox 661 919 799 984; x_wconf 87' lang='lat' dir='ltr'><strong>bus,</strong></span> <span class='ocrx_word' id='word_1_54' title='bbox 835 918 1133 988; x_wconf 82' lang='lat' dir='ltr'><strong>proﬂuebat</strong></span> <span class='ocrx_word' id='word_1_55' title='bbox 1161 917 1336 979; x_wconf 83' lang='lat' dir='ltr'><strong>altcr.,</strong></span> <span class='ocrx_word' id='word_1_56' title='bbox 1377 916 1465 972; x_wconf 91' lang='lat' dir='ltr'><strong>ubi</strong></span> <span class='ocrx_word' id='word_1_57' title='bbox 1513 915 1701 986; x_wconf 85' lang='lat' dir='ltr'><strong>positis</strong></span> <span class='ocrx_word' id='word_1_58' title='bbox 1747 915 1863 983; x_wconf 89' lang='lat' dir='ltr'><strong>ipse</strong></span> <span class='ocrx_word' id='word_1_59' title='bbox 1909 915 2018 970; x_wconf 78' lang='lat' dir='ltr'><strong>dux</strong></span> <span class='ocrx_word' id='word_1_60' title='bbox 2062 930 2251 969; x_wconf 87' lang='lat' dir='ltr'><strong>eorum</strong></span> 
     </span>
    </p>
   </div>
   <div class='ocr_carea' id='block_1_9' title="bbox 649 1001 2248 1079">
    <p class='ocr_par' dir='ltr' id='par_1_9' title="bbox 649 1001 2248 1079">
     <span class='ocr_line' id='line_1_9' title="bbox 649 1001 2248 1079; baseline -0.004 -12"><span class='ocrx_word' id='word_1_61' title='bbox 649 1001 958 1067; x_wconf 46' lang='lat' dir='ltr'><strong>&#39;l‘xainaldus</strong></span> <span class='ocrx_word' id='word_1_62' title='bbox 988 1011 1218 1075; x_wconf 81' lang='lat' dir='ltr'><strong>insidiis,</strong></span> <span class='ocrx_word' id='word_1_63' title='bbox 1245 1009 1454 1064; x_wconf 89' lang='lat' dir='ltr'><strong>Turcos</strong></span> <span class='ocrx_word' id='word_1_64' title='bbox 1475 1009 1630 1079; x_wconf 90' lang='lat' dir='ltr'><strong>quasi</strong></span> <span class='ocrx_word' id='word_1_65' title='bbox 1655 1008 1882 1062; x_wconf 91' lang='lat' dir='ltr'><strong>callidus</strong></span> <span class='ocrx_word' id='word_1_66' title='bbox 1904 1009 2248 1062; x_wconf 84' lang='lat' dir='ltr'><strong>observabat.</strong></span> 
     </span>
    </p>
   </div>
   <div class='ocr_carea' id='block_1_10' title="bbox 657 1100 2248 1170">
    <p class='ocr_par' dir='ltr' id='par_1_10' title="bbox 657 1100 2248 1170">
     <span class='ocr_line' id='line_1_10' title="bbox 657 1100 2248 1170; baseline -0.004 -10"><span class='ocrx_word' id='word_1_67' title='bbox 657 1104 770 1162; x_wconf 78' lang='lat' dir='ltr'><strong>Nec</strong></span> <span class='ocrx_word' id='word_1_68' title='bbox 803 1121 982 1168; x_wconf 90' lang='lat' dir='ltr'><strong>mora,</strong></span> <span class='ocrx_word' id='word_1_69' title='bbox 1015 1103 1106 1169; x_wconf 86' lang='lat' dir='ltr'><strong>qui</strong></span> <span class='ocrx_word' id='word_1_70' title='bbox 1137 1102 1571 1157; x_wconf 80' lang='lat' dir='ltr'><strong>observabuntur</strong></span> <span class='ocrx_word' id='word_1_71' title='bbox 1599 1109 1911 1165; x_wconf 88' lang='lat' dir='ltr'><strong>occurrunt,</strong></span> <span class='ocrx_word' id='word_1_72' title='bbox 1944 1115 2118 1170; x_wconf 87' lang='lat' dir='ltr'><strong>eaque</strong></span> <span class='ocrx_word' id='word_1_73' title='bbox 2140 1100 2248 1167; x_wconf 91' lang='lat' dir='ltr'><strong>die,</strong></span> 
     </span>
    </p>
   </div>
   <div class='ocr_carea' id='block_1_11' title="bbox 659 1196 2250 1270">
    <p class='ocr_par' dir='ltr' id='par_1_11' title="bbox 659 1196 2250 1270">
     <span class='ocr_line' id='line_1_11' title="bbox 659 1196 2250 1270; baseline -0.001 -17"><span class='ocrx_word' id='word_1_74' title='bbox 659 1215 764 1270; x_wconf 87' lang='lat' dir='ltr'><strong>qua</strong></span> <span class='ocrx_word' id='word_1_75' title='bbox 821 1199 962 1254; x_wconf 84' lang='lat' dir='ltr'><strong>beati</strong></span> <span class='ocrx_word' id='word_1_76' title='bbox 1012 1197 1290 1253; x_wconf 81' lang='lat' dir='ltr'><strong>Michaelis</strong></span> <span class='ocrx_word' id='word_1_77' title='bbox 1339 1197 1598 1251; x_wconf 84' lang='lat' dir='ltr'><strong>memoria</strong></span> <span class='ocrx_word' id='word_1_78' title='bbox 1651 1196 1988 1262; x_wconf 82' lang='lat' dir='ltr'><strong>celebratur,</strong></span> <span class='ocrx_word' id='word_1_79' title='bbox 2019 1211 2250 1266; x_wconf 83' lang='lat' dir='ltr'><strong>pervaso</strong></span> 
     </span>
    </p>
   </div>
   <div class='ocr_carea' id='block_1_12' title="bbox 660 1287 2250 1358">
    <p class='ocr_par' dir='ltr' id='par_1_12' title="bbox 660 1287 2250 1358">
     <span class='ocr_line' id='line_1_12' title="bbox 660 1287 2250 1358; baseline -0.001 -12"><span class='ocrx_word' id='word_1_80' title='bbox 660 1305 783 1346; x_wconf 88' lang='lat' dir='ltr'><strong>cum</strong></span> <span class='ocrx_word' id='word_1_81' title='bbox 816 1289 928 1343; x_wconf 82' lang='lat' dir='ltr'><strong>suis</strong></span> <span class='ocrx_word' id='word_1_82' title='bbox 951 1289 1241 1344; x_wconf 84' lang='lat' dir='ltr'><strong>comitibus</strong></span> <span class='ocrx_word' id='word_1_83' title='bbox 1287 1289 1455 1352; x_wconf 88' lang='lat' dir='ltr'><strong>duce,</strong></span> <span class='ocrx_word' id='word_1_84' title='bbox 1505 1287 1766 1358; x_wconf 90' lang='lat' dir='ltr'><strong>plurimos</strong></span> <span class='ocrx_word' id='word_1_85' title='bbox 1811 1302 1875 1342; x_wconf 83' lang='lat' dir='ltr'><strong>ex</strong></span> <span class='ocrx_word' id='word_1_86' title='bbox 1913 1289 1993 1342; x_wconf 85' lang='lat' dir='ltr'><strong>eis</strong></span> <span class='ocrx_word' id='word_1_87' title='bbox 2025 1290 2115 1358; x_wconf 90' lang='lat' dir='ltr'><strong>qui</strong></span> <span class='ocrx_word' id='word_1_88' title='bbox 2146 1287 2250 1344; x_wconf 86' lang='lat' dir='ltr'><strong>sibi</strong></span> 
     </span>
    </p>
   </div>
   <div class='ocr_carea' id='block_1_13' title="bbox 660 1381 2246 1446">
    <p class='ocr_par' dir='ltr' id='par_1_13' title="bbox 660 1381 2246 1446">
     <span class='ocr_line' id='line_1_13' title="bbox 660 1381 2246 1446; baseline -0.002 -9"><span class='ocrx_word' id='word_1_89' title='bbox 660 1382 1055 1438; x_wconf 88' lang='lat' dir='ltr'><strong>insidiabantur</strong></span> <span class='ocrx_word' id='word_1_90' title='bbox 1108 1382 1451 1446; x_wconf 88' lang='lat' dir='ltr'><strong>interimunt,</strong></span> <span class='ocrx_word' id='word_1_91' title='bbox 1517 1381 1652 1436; x_wconf 88' lang='lat' dir='ltr'><strong>alios</strong></span> <span class='ocrx_word' id='word_1_92' title='bbox 1701 1381 1862 1435; x_wconf 88' lang='lat' dir='ltr'><strong>castri</strong></span> <span class='ocrx_word' id='word_1_93' title='bbox 1913 1382 2246 1436; x_wconf 86' lang='lat' dir='ltr'><strong>munimenta</strong></span> 
     </span>
    </p>
   </div>
   <div class='ocr_carea' id='block_1_14' title="bbox 662 1468 2249 1542">
    <p class='ocr_par' dir='ltr' id='par_1_14' title="bbox 662 1468 2249 1542">
     <span class='ocr_line' id='line_1_14' title="bbox 662 1468 2249 1542; baseline -0.001 -17"><span class='ocrx_word' id='word_1_94' title='bbox 662 1473 891 1542; x_wconf 86' lang='lat' dir='ltr'><strong>turpiter</strong></span> <span class='ocrx_word' id='word_1_95' title='bbox 944 1473 1252 1527; x_wconf 90' lang='lat' dir='ltr'><strong>subintrarc</strong></span> <span class='ocrx_word' id='word_1_96' title='bbox 1301 1470 1648 1541; x_wconf 87' lang='lat' dir='ltr'><strong>compellunt.</strong></span> <span class='ocrx_word' id='word_1_97' title='bbox 1711 1468 1864 1536; x_wconf 88' lang='lat' dir='ltr'><strong>Quod</strong></span> <span class='ocrx_word' id='word_1_98' title='bbox 1912 1470 2055 1524; x_wconf 84' lang='lat' dir='ltr'><strong>illico</strong></span> <span class='ocrx_word' id='word_1_99' title='bbox 2088 1468 2249 1524; x_wconf 84' lang='lat' dir='ltr'><strong>Turci</strong></span> 
     </span>
    </p>
   </div>
   <div class='ocr_carea' id='block_1_15' title="bbox 643 1551 2248 1636">
    <p class='ocr_par' dir='ltr' id='par_1_15' title="bbox 643 1551 2248 1636">
     <span class='ocr_line' id='line_1_15' title="bbox 643 1551 2248 1636; baseline -0.003 -15"><span class='ocrx_word' id='word_1_100' title='bbox 643 1551 1131 1624; x_wconf 67' lang='lat' dir='ltr'><strong>~circumvallantes</strong></span> <span class='ocrx_word' id='word_1_101' title='bbox 1160 1575 1306 1620; x_wconf 88' lang='lat' dir='ltr'><strong>tanta</strong></span> <span class='ocrx_word' id='word_1_102' title='bbox 1332 1565 1639 1619; x_wconf 65' lang='lat' dir='ltr'><strong>incursione</strong></span> <span class='ocrx_word' id='word_1_103' title='bbox 1669 1572 1988 1636; x_wconf 87' lang='lat' dir='ltr'><strong>presserunt</strong></span> <span class='ocrx_word' id='word_1_104' title='bbox 2025 1571 2080 1616; x_wconf 89' lang='lat' dir='ltr'><strong>ut</strong></span> <span class='ocrx_word' id='word_1_105' title='bbox 2113 1563 2248 1617; x_wconf 88' lang='lat' dir='ltr'><strong>bau-</strong></span> 
     </span>
    </p>
   </div>
   <div class='ocr_carea' id='block_1_16' title="bbox 659 1654 2250 1726">
    <p class='ocr_par' dir='ltr' id='par_1_16' title="bbox 659 1654 2250 1726">
     <span class='ocr_line' id='line_1_16' title="bbox 659 1654 2250 1726; baseline 0.001 -18"><span class='ocrx_word' id='word_1_106' title='bbox 659 1655 966 1710; x_wconf 81' lang='lat' dir='ltr'><strong>rientlarum</strong></span> <span class='ocrx_word' id='word_1_107' title='bbox 1018 1654 1303 1720; x_wconf 87' lang='lat' dir='ltr'><strong>facultate,</strong></span> <span class='ocrx_word' id='word_1_108' title='bbox 1354 1656 1570 1726; x_wconf 90' lang='lat' dir='ltr'><strong>penitus</strong></span> <span class='ocrx_word' id='word_1_109' title='bbox 1617 1655 1862 1722; x_wconf 78' lang='lat' dir='ltr'><strong>obsessi,</strong></span> <span class='ocrx_word' id='word_1_110' title='bbox 1908 1655 2250 1723; x_wconf 80' lang='lat' dir='ltr'><strong>privarentur</strong></span> 
     </span>
    </p>
   </div>
   <div class='ocr_carea' id='block_1_17' title="bbox 657 1744 2248 1815">
    <p class='ocr_par' dir='ltr' id='par_1_17' title="bbox 657 1744 2248 1815">
     <span class='ocr_line' id='line_1_17' title="bbox 657 1744 2248 1815; baseline -0.001 -15"><span class='ocrx_word' id='word_1_111' title='bbox 657 1760 936 1815; x_wconf 83' lang='lat' dir='ltr'><strong>aquarum.</strong></span> <span class='ocrx_word' id='word_1_112' title='bbox 977 1744 1090 1800; x_wconf 87' lang='lat' dir='ltr'><strong>Sibi</strong></span> <span class='ocrx_word' id='word_1_113' title='bbox 1120 1744 1218 1798; x_wconf 81' lang='lat' dir='ltr'><strong>fuit</strong></span> <span class='ocrx_word' id='word_1_114' title='bbox 1256 1757 1400 1799; x_wconf 88' lang='lat' dir='ltr'><strong>tanta</strong></span> <span class='ocrx_word' id='word_1_115' title='bbox 1426 1745 1545 1799; x_wconf 86' lang='lat' dir='ltr'><strong>sitis</strong></span> <span class='ocrx_word' id='word_1_116' title='bbox 1583 1745 1808 1798; x_wconf 85' lang='lat' dir='ltr'><strong>ariditas</strong></span> <span class='ocrx_word' id='word_1_117' title='bbox 1839 1756 1924 1811; x_wconf 85' lang='lat' dir='ltr'><strong>ut,</strong></span> <span class='ocrx_word' id='word_1_118' title='bbox 1959 1745 2248 1799; x_wconf 86' lang='lat' dir='ltr'><strong>llehotomo</strong></span> 
     </span>
    </p>
   </div>
   <div class='ocr_carea' id='block_1_18' title="bbox 663 1835 2246 1908">
    <p class='ocr_par' dir='ltr' id='par_1_18' title="bbox 663 1835 2246 1908">
     <span class='ocr_line' id='line_1_18' title="bbox 663 1835 2246 1908; baseline -0.002 -14"><span class='ocrx_word' id='word_1_119' title='bbox 663 1839 818 1908; x_wconf 84' lang='lat' dir='ltr'><strong>equis</strong></span> <span class='ocrx_word' id='word_1_120' title='bbox 855 1838 967 1892; x_wconf 89' lang='lat' dir='ltr'><strong>suis</strong></span> <span class='ocrx_word' id='word_1_121' title='bbox 997 1837 1271 1906; x_wconf 87' lang='lat' dir='ltr'><strong>asinisque</strong></span> <span class='ocrx_word' id='word_1_122' title='bbox 1323 1837 1506 1902; x_wconf 88' lang='lat' dir='ltr'><strong>illato,</strong></span> <span class='ocrx_word' id='word_1_123' title='bbox 1565 1835 1878 1890; x_wconf 87' lang='lat' dir='ltr'><strong>animalium</strong></span> <span class='ocrx_word' id='word_1_124' title='bbox 1917 1846 2246 1907; x_wconf 76' lang='lat' dir='ltr'><strong>cogerentur</strong></span> 
     </span>
    </p>
   </div>
   <div class='ocr_carea' id='block_1_19' title="bbox 657 1926 2246 1998">
    <p class='ocr_par' dir='ltr' id='par_1_19' title="bbox 657 1926 2246 1998">
     <span class='ocr_line' id='line_1_19' title="bbox 657 1926 2246 1998; baseline -0.001 -14"><span class='ocrx_word' id='word_1_125' title='bbox 657 1929 881 1984; x_wconf 86' lang='lat' dir='ltr'><strong>haurire</strong></span> <span class='ocrx_word' id='word_1_126' title='bbox 905 1942 1174 1982; x_wconf 86' lang='lat' dir='ltr'><strong>cruorem.</strong></span> <span class='ocrx_word' id='word_1_127' title='bbox 1199 1927 1322 1988; x_wconf 83' lang='lat' dir='ltr'><strong>Alii,</strong></span> <span class='ocrx_word' id='word_1_128' title='bbox 1350 1927 1399 1980; x_wconf 93' lang='lat' dir='ltr'><strong>in</strong></span> <span class='ocrx_word' id='word_1_129' title='bbox 1427 1927 1690 1998; x_wconf 78' lang='lat' dir='ltr'><strong>piscinam</strong></span> <span class='ocrx_word' id='word_1_130' title='bbox 1711 1942 1876 1981; x_wconf 88' lang='lat' dir='ltr'><strong>zonas</strong></span> <span class='ocrx_word' id='word_1_131' title='bbox 1897 1926 2246 1983; x_wconf 87' lang='lat' dir='ltr'><strong>demittentes</strong></span> 
     </span>
    </p>
   </div>
   <div class='ocr_carea' id='block_1_20' title="bbox 659 2017 2244 2089">
    <p class='ocr_par' dir='ltr' id='par_1_20' title="bbox 659 2017 2244 2089">
     <span class='ocr_line' id='line_1_20' title="bbox 659 2017 2244 2089; baseline 0.001 -16"><span class='ocrx_word' id='word_1_132' title='bbox 659 2028 820 2089; x_wconf 91' lang='lat' dir='ltr'><strong>atque</strong></span> <span class='ocrx_word' id='word_1_133' title='bbox 845 2017 1181 2089; x_wconf 76' lang='lat' dir='ltr'><strong>panniculus,</strong></span> <span class='ocrx_word' id='word_1_134' title='bbox 1233 2033 1404 2088; x_wconf 85' lang='lat' dir='ltr'><strong>eaque</strong></span> <span class='ocrx_word' id='word_1_135' title='bbox 1461 2019 1514 2072; x_wconf 90' lang='lat' dir='ltr'><strong>in</strong></span> <span class='ocrx_word' id='word_1_136' title='bbox 1554 2035 1616 2073; x_wconf 86' lang='lat' dir='ltr'><strong>os</strong></span> <span class='ocrx_word' id='word_1_137' title='bbox 1666 2019 2019 2088; x_wconf 80' lang='lat' dir='ltr'><strong>exprimendo</strong></span> <span class='ocrx_word' id='word_1_138' title='bbox 2056 2035 2244 2086; x_wconf 88' lang='lat' dir='ltr'><strong>sumn,</strong></span> 
     </span>
    </p>
   </div>
   <div class='ocr_carea' id='block_1_21' title="bbox 661 2108 2243 2178">
    <p class='ocr_par' dir='ltr' id='par_1_21' title="bbox 661 2108 2243 2178">
     <span class='ocr_line' id='line_1_21' title="bbox 661 2108 2243 2178; baseline -0.001 -14"><span class='ocrx_word' id='word_1_139' title='bbox 661 2111 883 2166; x_wconf 61' lang='lat' dir='ltr'><strong>remedii</strong></span> <span class='ocrx_word' id='word_1_140' title='bbox 939 2108 1041 2164; x_wconf 91' lang='lat' dir='ltr'><strong>sibi</strong></span> <span class='ocrx_word' id='word_1_141' title='bbox 1096 2109 1299 2178; x_wconf 86' lang='lat' dir='ltr'><strong>aliquid</strong></span> <span class='ocrx_word' id='word_1_142' title='bbox 1345 2111 1668 2164; x_wconf 87' lang='lat' dir='ltr'><strong>contrahere</strong></span> <span class='ocrx_word' id='word_1_143' title='bbox 1713 2109 2052 2162; x_wconf 86' lang='lat' dir='ltr'><strong>videbantur.</strong></span> <span class='ocrx_word' id='word_1_144' title='bbox 2110 2109 2243 2174; x_wconf 88' lang='lat' dir='ltr'><strong>Alii,</strong></span> 
     </span>
    </p>
   </div>
   <div class='ocr_carea' id='block_1_22' title="bbox 659 2201 2247 2272">
    <p class='ocr_par' dir='ltr' id='par_1_22' title="bbox 659 2201 2247 2272">
     <span class='ocr_line' id='line_1_22' title="bbox 659 2201 2247 2272; baseline 0.001 -16"><span class='ocrx_word' id='word_1_145' title='bbox 659 2203 801 2272; x_wconf 91' lang='lat' dir='ltr'><strong>quod</strong></span> <span class='ocrx_word' id='word_1_146' title='bbox 828 2203 1036 2258; x_wconf 90' lang='lat' dir='ltr'><strong>horrori</strong></span> <span class='ocrx_word' id='word_1_147' title='bbox 1065 2213 1147 2260; x_wconf 89' lang='lat' dir='ltr'><strong>est</strong></span> <span class='ocrx_word' id='word_1_148' title='bbox 1173 2203 1374 2268; x_wconf 80' lang='lat' dir='ltr'><strong>dicere,</strong></span> <span class='ocrx_word' id='word_1_149' title='bbox 1409 2201 1641 2272; x_wconf 87' lang='lat' dir='ltr'><strong>idipsum</strong></span> <span class='ocrx_word' id='word_1_150' title='bbox 1665 2201 1806 2270; x_wconf 86' lang='lat' dir='ltr'><strong>quod</strong></span> <span class='ocrx_word' id='word_1_151' title='bbox 1835 2201 2076 2256; x_wconf 79' lang='lat' dir='ltr'><strong>minxere</strong></span> <span class='ocrx_word' id='word_1_152' title='bbox 2099 2202 2247 2258; x_wconf 88' lang='lat' dir='ltr'><strong>bibe-</strong></span> 
     </span>
    </p>
   </div>
   <div class='ocr_carea' id='block_1_23' title="bbox 656 2293 2248 2364">
    <p class='ocr_par' dir='ltr' id='par_1_23' title="bbox 656 2293 2248 2364">
     <span class='ocr_line' id='line_1_23' title="bbox 656 2293 2248 2364; baseline 0.001 -14"><span class='ocrx_word' id='word_1_153' title='bbox 656 2293 805 2350; x_wconf 86' lang='lat' dir='ltr'><strong>bant.</strong></span> <span class='ocrx_word' id='word_1_154' title='bbox 834 2295 939 2350; x_wconf 80' lang='lat' dir='ltr'><strong>Alii</strong></span> <span class='ocrx_word' id='word_1_155' title='bbox 970 2297 1283 2362; x_wconf 86' lang='lat' dir='ltr'><strong>fodiebant,</strong></span> <span class='ocrx_word' id='word_1_156' title='bbox 1335 2305 1391 2350; x_wconf 90' lang='lat' dir='ltr'><strong>et</strong></span> <span class='ocrx_word' id='word_1_157' title='bbox 1436 2310 1495 2350; x_wconf 90' lang='lat' dir='ltr'><strong>se</strong></span> <span class='ocrx_word' id='word_1_158' title='bbox 1538 2295 1684 2350; x_wconf 88' lang='lat' dir='ltr'><strong>intra</strong></span> <span class='ocrx_word' id='word_1_159' title='bbox 1723 2295 1775 2350; x_wconf 91' lang='lat' dir='ltr'><strong>id</strong></span> <span class='ocrx_word' id='word_1_160' title='bbox 1817 2297 1958 2364; x_wconf 87' lang='lat' dir='ltr'><strong>quod</strong></span> <span class='ocrx_word' id='word_1_161' title='bbox 1999 2295 2248 2352; x_wconf 73' lang='lat' dir='ltr'><strong>foderant</strong></span> 
     </span>
    </p>
   </div>
   <div class='ocr_carea' id='block_1_24' title="bbox 657 2387 2245 2460">
    <p class='ocr_par' dir='ltr' id='par_1_24' title="bbox 657 2387 2245 2460">
     <span class='ocr_line' id='line_1_24' title="bbox 657 2387 2245 2460; baseline 0.001 -18"><span class='ocrx_word' id='word_1_162' title='bbox 657 2387 1044 2458; x_wconf 87' lang='lat' dir='ltr'><strong>immergentes</strong></span> <span class='ocrx_word' id='word_1_163' title='bbox 1062 2429 1076 2454; x_wconf 94' lang='lat'><strong>,</strong></span> <span class='ocrx_word' id='word_1_164' title='bbox 1105 2389 1313 2444; x_wconf 86' lang='lat' dir='ltr'><strong>arentia</strong></span> <span class='ocrx_word' id='word_1_165' title='bbox 1337 2399 1555 2459; x_wconf 83' lang='lat' dir='ltr'><strong>pectora</strong></span> <span class='ocrx_word' id='word_1_166' title='bbox 1583 2398 1727 2452; x_wconf 79' lang='lat' dir='ltr'><strong>terra</strong></span> <span class='ocrx_word' id='word_1_167' title='bbox 1754 2390 1868 2460; x_wconf 88' lang='lat' dir='ltr'><strong>ipsa</strong></span> <span class='ocrx_word' id='word_1_168' title='bbox 1889 2405 2079 2448; x_wconf 88' lang='lat' dir='ltr'><strong>recens</strong></span> <span class='ocrx_word' id='word_1_169' title='bbox 2101 2387 2245 2444; x_wconf 78' lang='lat' dir='ltr'><strong>fossa</strong></span> 
     </span>
    </p>
   </div>
   <div class='ocr_carea' id='block_1_25' title="bbox 657 2479 2247 2550">
    <p class='ocr_par' dir='ltr' id='par_1_25' title="bbox 657 2479 2247 2550">
     <span class='ocr_line' id='line_1_25' title="bbox 657 2479 2247 2550; baseline 0 -16"><span class='ocrx_word' id='word_1_170' title='bbox 657 2479 1010 2550; x_wconf 78' lang='lat' dir='ltr'><strong>aperiebant,</strong></span> <span class='ocrx_word' id='word_1_171' title='bbox 1059 2479 1139 2532; x_wconf 87' lang='lat' dir='ltr'><strong>sic</strong></span> <span class='ocrx_word' id='word_1_172' title='bbox 1171 2479 1482 2533; x_wconf 89' lang='lat' dir='ltr'><strong>interiorem</strong></span> <span class='ocrx_word' id='word_1_173' title='bbox 1511 2489 1702 2534; x_wconf 59' lang='lat' dir='ltr'><strong>aestum</strong></span> <span class='ocrx_word' id='word_1_174' title='bbox 1755 2494 1911 2536; x_wconf 91' lang='lat' dir='ltr'><strong>suum</strong></span> <span class='ocrx_word' id='word_1_175' title='bbox 1945 2491 2247 2548; x_wconf 87' lang='lat' dir='ltr'><strong>temperare</strong></span> 
     </span>
    </p>
   </div>
   <div class='ocr_carea' id='block_1_26' title="bbox 658 2569 2242 2641">
    <p class='ocr_par' dir='ltr' id='par_1_26' title="bbox 658 2569 2242 2641">
     <span class='ocr_line' id='line_1_26' title="bbox 658 2569 2242 2641; baseline 0.001 -17"><span class='ocrx_word' id='word_1_176' title='bbox 658 2570 996 2640; x_wconf 82' lang='lat' dir='ltr'><strong>aliquantulo</strong></span> <span class='ocrx_word' id='word_1_177' title='bbox 1019 2571 1246 2626; x_wconf 83' lang='lat' dir='ltr'><strong>lunuore</strong></span> <span class='ocrx_word' id='word_1_178' title='bbox 1277 2583 1335 2624; x_wconf 89' lang='lat' dir='ltr'><strong>sc</strong></span> <span class='ocrx_word' id='word_1_179' title='bbox 1364 2585 1520 2639; x_wconf 83' lang='lat' dir='ltr'><strong>posse</strong></span> <span class='ocrx_word' id='word_1_180' title='bbox 1547 2569 1861 2625; x_wconf 80' lang='lat' dir='ltr'><strong>credebant.</strong></span> <span class='ocrx_word' id='word_1_181' title='bbox 1897 2572 2003 2626; x_wconf 85' lang='lat' dir='ltr'><strong>Sed</strong></span> <span class='ocrx_word' id='word_1_182' title='bbox 2035 2571 2242 2641; x_wconf 88' lang='lat' dir='ltr'><strong>episco-</strong></span> 
     </span>
    </p>
   </div>
   <div class='ocr_carea' id='block_1_27' title="bbox 656 2660 2246 2733">
    <p class='ocr_par' dir='ltr' id='par_1_27' title="bbox 656 2660 2246 2733">
     <span class='ocr_line' id='line_1_27' title="bbox 656 2660 2246 2733; baseline 0.003 -20"><span class='ocrx_word' id='word_1_183' title='bbox 656 2675 848 2732; x_wconf 88' lang='lat' dir='ltr'><strong>pormn</strong></span> <span class='ocrx_word' id='word_1_184' title='bbox 879 2661 1426 2733; x_wconf 83' lang='lat' dir='ltr'><strong>prcsbytcrorumque</strong></span> <span class='ocrx_word' id='word_1_185' title='bbox 1453 2660 1831 2732; x_wconf 64' lang='lat' dir='ltr'><strong>praesentium,</strong></span> <span class='ocrx_word' id='word_1_186' title='bbox 1872 2661 2122 2731; x_wconf 86' lang='lat' dir='ltr'><strong>idemque</strong></span> <span class='ocrx_word' id='word_1_187' title='bbox 2151 2678 2246 2732; x_wconf 90' lang='lat' dir='ltr'><strong>pa-</strong></span> 
     </span>
    </p>
   </div>
   <div class='ocr_carea' id='block_1_28' title="bbox 659 2753 2245 2826">
    <p class='ocr_par' dir='ltr' id='par_1_28' title="bbox 659 2753 2245 2826">
     <span class='ocr_line' id='line_1_28' title="bbox 659 2753 2245 2826; baseline 0.003 -19"><span class='ocrx_word' id='word_1_188' title='bbox 659 2753 936 2820; x_wconf 89' lang='lat' dir='ltr'><strong>tientium,</strong></span> <span class='ocrx_word' id='word_1_189' title='bbox 988 2770 1092 2807; x_wconf 92' lang='lat' dir='ltr'><strong>non</strong></span> <span class='ocrx_word' id='word_1_190' title='bbox 1125 2753 1196 2808; x_wconf 91' lang='lat' dir='ltr'><strong>ibi</strong></span> <span class='ocrx_word' id='word_1_191' title='bbox 1231 2753 1448 2808; x_wconf 78' lang='lat' dir='ltr'><strong>deluere</strong></span> <span class='ocrx_word' id='word_1_192' title='bbox 1486 2755 1712 2822; x_wconf 89' lang='lat' dir='ltr'><strong>solatia,</strong></span> <span class='ocrx_word' id='word_1_193' title='bbox 1738 2755 1828 2826; x_wconf 88' lang='lat' dir='ltr'><strong>qui</strong></span> <span class='ocrx_word' id='word_1_194' title='bbox 1863 2765 2065 2826; x_wconf 84' lang='lat' dir='ltr'><strong>quanto</strong></span> <span class='ocrx_word' id='word_1_195' title='bbox 2095 2755 2245 2811; x_wconf 81' lang='lat' dir='ltr'><strong>vide-</strong></span> 
     </span>
    </p>
   </div>
   <div class='ocr_carea' id='block_1_29' title="bbox 655 2844 2244 2920">
    <p class='ocr_par' dir='ltr' id='par_1_29' title="bbox 655 2844 2244 2920">
     <span class='ocr_line' id='line_1_29' title="bbox 655 2844 2244 2920; baseline 0.002 -20"><span class='ocrx_word' id='word_1_196' title='bbox 655 2845 789 2900; x_wconf 85' lang='lat' dir='ltr'><strong>bant</strong></span> <span class='ocrx_word' id='word_1_197' title='bbox 817 2844 1083 2900; x_wconf 90' lang='lat' dir='ltr'><strong>atrociora</strong></span> <span class='ocrx_word' id='word_1_198' title='bbox 1113 2844 1350 2914; x_wconf 85' lang='lat' dir='ltr'><strong>pericula</strong></span> <span class='ocrx_word' id='word_1_199' title='bbox 1376 2885 1390 2910; x_wconf 88' lang='lat'><strong>,</strong></span> <span class='ocrx_word' id='word_1_200' title='bbox 1433 2853 1485 2900; x_wconf 88' lang='lat' dir='ltr'><strong>et</strong></span> <span class='ocrx_word' id='word_1_201' title='bbox 1531 2847 1762 2900; x_wconf 90' lang='lat' dir='ltr'><strong>humana</strong></span> <span class='ocrx_word' id='word_1_202' title='bbox 1796 2848 1978 2920; x_wconf 64' lang='lat' dir='ltr'><strong>negati</strong></span> <span class='ocrx_word' id='word_1_203' title='bbox 2009 2845 2208 2904; x_wconf 59' lang='lat' dir='ltr'><strong>auxilia</strong></span> <span class='ocrx_word' id='word_1_204' title='bbox 2228 2887 2244 2916; x_wconf 87' lang='lat'><strong>,</strong></span> 
     </span>
    </p>
   </div>
   <div class='ocr_carea' id='block_1_30' title="bbox 657 2935 2244 3013">
    <p class='ocr_par' dir='ltr' id='par_1_30' title="bbox 657 2935 2244 3013">
     <span class='ocr_line' id='line_1_30' title="bbox 657 2935 2244 3013; baseline 0.006 -25"><span class='ocrx_word' id='word_1_205' title='bbox 657 2943 808 2989; x_wconf 89' lang='lat' dir='ltr'><strong>tanto</strong></span> <span class='ocrx_word' id='word_1_206' title='bbox 839 2935 1009 3007; x_wconf 86' lang='lat' dir='ltr'><strong>magis</strong></span> <span class='ocrx_word' id='word_1_207' title='bbox 1033 2937 1142 3004; x_wconf 88' lang='lat' dir='ltr'><strong>eis,</strong></span> <span class='ocrx_word' id='word_1_208' title='bbox 1176 2949 1246 2991; x_wconf 89' lang='lat' dir='ltr'><strong>ne</strong></span> <span class='ocrx_word' id='word_1_209' title='bbox 1271 2936 1601 3005; x_wconf 88' lang='lat' dir='ltr'><strong>deﬁcerent,</strong></span> <span class='ocrx_word' id='word_1_210' title='bbox 1633 2941 1952 3010; x_wconf 79' lang='lat' dir='ltr'><strong>satagebant</strong></span> <span class='ocrx_word' id='word_1_211' title='bbox 1976 2941 2244 3013; x_wconf 79' lang='lat' dir='ltr'><strong>Spondere</strong></span> 
     </span>
    </p>
   </div>
   <div class='ocr_carea' id='block_1_31' title="bbox 658 3027 927 3084">
    <p class='ocr_par' dir='ltr' id='par_1_31' title="bbox 658 3027 927 3084">
     <span class='ocr_line' id='line_1_31' title="bbox 658 3027 927 3084; baseline 0.007 -2"><span class='ocrx_word' id='word_1_212' title='bbox 658 3027 927 3084; x_wconf 73' lang='lat' dir='ltr'><strong>cmlestia.</strong></span> 
     </span>
    </p>
   </div>
   <div class='ocr_carea' id='block_1_32' title="bbox 635 3113 2242 3205">
    <p class='ocr_par' dir='ltr' id='par_1_32' title="bbox 635 3113 2242 3205">
     <span class='ocr_line' id='line_1_32' title="bbox 635 3113 2242 3205; baseline 0.011 -30"><span class='ocrx_word' id='word_1_213' title='bbox 635 3113 644 3116; x_wconf 69' lang='grc'><em>’</em></span> <span class='ocrx_word' id='word_1_214' title='bbox 728 3120 821 3195; x_wconf 83' lang='lat' dir='ltr'><strong>[XI</strong></span> <span class='ocrx_word' id='word_1_215' title='bbox 850 3122 870 3196; x_wconf 76' lang='lat' dir='ltr'>J</span> <span class='ocrx_word' id='word_1_216' title='bbox 896 3122 1020 3177; x_wconf 74' lang='lat' dir='ltr'><strong>Dux</strong></span> <span class='ocrx_word' id='word_1_217' title='bbox 1041 3123 1352 3191; x_wconf 78' lang='lat' dir='ltr'><strong>Rniualdus,</strong></span> <span class='ocrx_word' id='word_1_218' title='bbox 1373 3127 1575 3198; x_wconf 81' lang='lat' dir='ltr'><strong>objecta</strong></span> <span class='ocrx_word' id='word_1_219' title='bbox 1603 3129 1708 3200; x_wconf 82' lang='lat' dir='ltr'><strong>ﬁde</strong></span> <span class='ocrx_word' id='word_1_220' title='bbox 1730 3147 1845 3186; x_wconf 84' lang='lat' dir='ltr'><strong>cum</strong></span> <span class='ocrx_word' id='word_1_221' title='bbox 1871 3131 2053 3187; x_wconf 82' lang='lat' dir='ltr'><strong>Turcis</strong></span> <span class='ocrx_word' id='word_1_222' title='bbox 2075 3134 2242 3205; x_wconf 68' lang='lat' dir='ltr'><strong>fartus</strong></span> 
     </span>
    </p>
   </div>
   <div class='ocr_carea' id='block_1_33' title="bbox 652 3214 2240 3287">
    <p class='ocr_par' dir='ltr' id='par_1_33' title="bbox 652 3214 2240 3287">
     <span class='ocr_line' id='line_1_33' title="bbox 652 3214 2240 3287; baseline 0.012 -20"><span class='ocrx_word' id='word_1_223' title='bbox 652 3215 771 3279; x_wconf 81' lang='lat' dir='ltr'><strong>init,</strong></span> <span class='ocrx_word' id='word_1_224' title='bbox 789 3214 1081 3287; x_wconf 81' lang='lat' dir='ltr'><strong>eisdemque</strong></span> <span class='ocrx_word' id='word_1_225' title='bbox 1092 3234 1241 3271; x_wconf 86' lang='lat' dir='ltr'><strong>suum</strong></span> <span class='ocrx_word' id='word_1_226' title='bbox 1264 3221 1424 3274; x_wconf 77' lang='lat' dir='ltr'><strong>tradit</strong></span> <span class='ocrx_word' id='word_1_227' title='bbox 1447 3222 1748 3276; x_wconf 71' lang='lat' dir='ltr'><strong>exercitum.</strong></span> <span class='ocrx_word' id='word_1_228' title='bbox 1767 3255 1836 3264; x_wconf 90' lang='lat'><strong>—</strong></span> <span class='ocrx_word' id='word_1_229' title='bbox 1850 3224 1974 3282; x_wconf 69' lang='lat' dir='ltr'><strong>llatc</strong></span> <span class='ocrx_word' id='word_1_230' title='bbox 1994 3229 2240 3286; x_wconf 76' lang='lat' dir='ltr'><strong>octodie-</strong></span> 
     </span>
    </p>
   </div>
   <div class='ocr_carea' id='block_1_34' title="bbox 654 3309 2242 3388">
    <p class='ocr_par' dir='ltr' id='par_1_34' title="bbox 654 3309 2242 3388">
     <span class='ocr_line' id='line_1_34' title="bbox 654 3309 2242 3388; baseline 0.011 -27"><span class='ocrx_word' id='word_1_231' title='bbox 654 3323 774 3362; x_wconf 89' lang='lat' dir='ltr'><strong>rum</strong></span> <span class='ocrx_word' id='word_1_232' title='bbox 804 3309 977 3380; x_wconf 80' lang='lat' dir='ltr'><strong>spatio</strong></span> <span class='ocrx_word' id='word_1_233' title='bbox 1007 3311 1147 3379; x_wconf 91' lang='lat' dir='ltr'><strong>apud</strong></span> <span class='ocrx_word' id='word_1_234' title='bbox 1172 3310 1292 3367; x_wconf 89' lang='lat' dir='ltr'><strong>illos</strong></span> <span class='ocrx_word' id='word_1_235' title='bbox 1322 3315 1692 3388; x_wconf 80' lang='lat' dir='ltr'><strong>perseveravit</strong></span> <span class='ocrx_word' id='word_1_236' title='bbox 1717 3318 1990 3388; x_wconf 76' lang='lat' dir='ltr'><strong>angustia.</strong></span> <span class='ocrx_word' id='word_1_237' title='bbox 2029 3319 2242 3378; x_wconf 83' lang='lat' dir='ltr'><strong>interea</strong></span> 
     </span>
    </p>
   </div>
   <div class='ocr_carea' id='block_1_35' title="bbox 653 3397 2241 3479">
    <p class='ocr_par' dir='ltr' id='par_1_35' title="bbox 653 3397 2241 3479">
     <span class='ocr_line' id='line_1_35' title="bbox 653 3397 2241 3479; baseline 0.01 -27"><span class='ocrx_word' id='word_1_238' title='bbox 653 3397 780 3453; x_wconf 91' lang='lat' dir='ltr'><strong>dttm</strong></span> <span class='ocrx_word' id='word_1_239' title='bbox 809 3401 899 3454; x_wconf 83' lang='grc' dir='ltr'>ιιιιὶ</span> <span class='ocrx_word' id='word_1_240' title='bbox 923 3401 1130 3472; x_wconf 90' lang='lat' dir='ltr'><strong>pariter</strong></span> <span class='ocrx_word' id='word_1_241' title='bbox 1153 3403 1406 3458; x_wconf 86' lang='lat' dir='ltr'><strong>videntur</strong></span> <span class='ocrx_word' id='word_1_242' title='bbox 1428 3405 1712 3474; x_wconf 83' lang='lat' dir='ltr'><strong>subjacei‘e</strong></span> <span class='ocrx_word' id='word_1_243' title='bbox 1739 3409 1992 3479; x_wconf 71' lang='lat' dir='ltr'><strong>miseriae,</strong></span> <span class='ocrx_word' id='word_1_244' title='bbox 2017 3427 2122 3466; x_wconf 90' lang='lat' dir='ltr'><strong>non</strong></span> <span class='ocrx_word' id='word_1_245' title='bbox 2148 3413 2241 3470; x_wconf 88' lang='lat' dir='ltr'><strong>ttui</strong></span> 
     </span>
    </p>
   </div>
   <div class='ocr_carea' id='block_1_36' title="bbox 654 3498 2236 3574">
    <p class='ocr_par' dir='ltr' id='par_1_36' title="bbox 654 3498 2236 3574">
     <span class='ocr_line' id='line_1_36' title="bbox 654 3498 2236 3574; baseline 0.011 -28"><span class='ocrx_word' id='word_1_246' title='bbox 654 3501 833 3548; x_wconf 90' lang='lat' dir='ltr'><strong>tamen</strong></span> <span class='ocrx_word' id='word_1_247' title='bbox 862 3509 1051 3551; x_wconf 85' lang='lat' dir='ltr'><strong>omnes</strong></span> <span class='ocrx_word' id='word_1_248' title='bbox 1079 3498 1286 3567; x_wconf 87' lang='lat' dir='ltr'><strong>pariter</strong></span> <span class='ocrx_word' id='word_1_249' title='bbox 1334 3500 1608 3570; x_wconf 88' lang='lat' dir='ltr'><strong>suspirant</strong></span> <span class='ocrx_word' id='word_1_250' title='bbox 1657 3501 1752 3556; x_wconf 90' lang='lat' dir='ltr'><strong>Dei</strong></span> <span class='ocrx_word' id='word_1_251' title='bbox 1802 3504 2236 3574; x_wconf 62' lang='lat' dir='ltr'><strong>misericordia);</strong></span> 
     </span>
    </p>
   </div>
   <div class='ocr_carea' id='block_1_37' title="bbox 657 3584 2244 3666">
    <p class='ocr_par' dir='ltr' id='par_1_37' title="bbox 657 3584 2244 3666">
     <span class='ocr_line' id='line_1_37' title="bbox 657 3584 2244 3666; baseline 0.011 -28"><span class='ocrx_word' id='word_1_252' title='bbox 657 3584 750 3638; x_wconf 88' lang='lat' dir='ltr'><strong>sed</strong></span> <span class='ocrx_word' id='word_1_253' title='bbox 780 3587 957 3656; x_wconf 90' lang='lat' dir='ltr'><strong>potius</strong></span> <span class='ocrx_word' id='word_1_254' title='bbox 990 3589 1370 3644; x_wconf 85' lang='lat' dir='ltr'><strong>machinantur</strong></span> <span class='ocrx_word' id='word_1_255' title='bbox 1395 3591 1640 3658; x_wconf 87' lang='lat' dir='ltr'><strong>sibimet,</strong></span> <span class='ocrx_word' id='word_1_256' title='bbox 1672 3593 1743 3648; x_wconf 90' lang='lat' dir='ltr'><strong>bii</strong></span> <span class='ocrx_word' id='word_1_257' title='bbox 1778 3597 1867 3666; x_wconf 85' lang='lat' dir='ltr'><strong>qui</strong></span> <span class='ocrx_word' id='word_1_258' title='bbox 1894 3598 2057 3656; x_wconf 89' lang='lat' dir='ltr'><strong>duces</strong></span> <span class='ocrx_word' id='word_1_259' title='bbox 2078 3599 2244 3654; x_wconf 78' lang='lat' dir='ltr'><strong>exsti-</strong></span> 
     </span>
    </p>
   </div>
   <div class='ocr_carea' id='block_1_38' title="bbox 650 3679 2238 3762">
    <p class='ocr_par' dir='ltr' id='par_1_38' title="bbox 650 3679 2238 3762">
     <span class='ocr_line' id='line_1_38' title="bbox 650 3679 2238 3762; baseline 0.012 -34"><span class='ocrx_word' id='word_1_260' title='bbox 650 3681 873 3744; x_wconf 84' lang='lat' dir='ltr'><strong>terant,</strong></span> <span class='ocrx_word' id='word_1_261' title='bbox 901 3679 1211 3748; x_wconf 59' lang='lat' dir='ltr'><strong>pravsidium</strong></span> <span class='ocrx_word' id='word_1_262' title='bbox 1249 3682 1506 3750; x_wconf 75' lang='lat' dir='ltr'><strong>perﬁdiae.</strong></span> <span class='ocrx_word' id='word_1_263' title='bbox 1553 3685 1846 3744; x_wconf 79' lang='lat' dir='ltr'><strong>Baiualdus</strong></span> <span class='ocrx_word' id='word_1_264' title='bbox 1872 3692 2106 3758; x_wconf 88' lang='lat' dir='ltr'><strong>etenim,</strong></span> <span class='ocrx_word' id='word_1_265' title='bbox 2148 3692 2238 3762; x_wconf 88' lang='lat' dir='ltr'><strong>qtti</strong></span> 
     </span>
    </p>
   </div>
   <div class='ocr_carea' id='block_1_39' title="bbox 649 3764 2238 3842">
    <p class='ocr_par' dir='ltr' id='par_1_39' title="bbox 649 3764 2238 3842">
     <span class='ocr_line' id='line_1_39' title="bbox 649 3764 2238 3842; baseline 0.015 -23"><span class='ocrx_word' id='word_1_266' title='bbox 649 3764 730 3819; x_wconf 88' lang='lat' dir='ltr'><strong>eis</strong></span> <span class='ocrx_word' id='word_1_267' title='bbox 758 3766 808 3818; x_wconf 85' lang='lat' dir='ltr'><strong>in</strong></span> <span class='ocrx_word' id='word_1_268' title='bbox 838 3771 1192 3839; x_wconf 80' lang='lat' dir='ltr'><strong>prosperitate</strong></span> <span class='ocrx_word' id='word_1_269' title='bbox 1224 3773 1538 3841; x_wconf 66' lang='lat' dir='ltr'><strong>praefuerat,</strong></span> <span class='ocrx_word' id='word_1_270' title='bbox 1571 3777 1708 3832; x_wconf 73' lang='lat' dir='ltr'><strong>clum</strong></span> <span class='ocrx_word' id='word_1_271' title='bbox 1735 3780 1836 3838; x_wconf 86' lang='lat' dir='ltr'><strong>sibi</strong></span> <span class='ocrx_word' id='word_1_272' title='bbox 1864 3782 2070 3840; x_wconf 84' lang='lat' dir='ltr'><strong>Turcos</strong></span> <span class='ocrx_word' id='word_1_273' title='bbox 2093 3783 2238 3842; x_wconf 61' lang='lat' dir='ltr'><strong>foede</strong></span> 
     </span>
    </p>
   </div>
   <div class='ocr_carea' id='block_1_40' title="bbox 653 3857 2237 3940">
    <p class='ocr_par' dir='ltr' id='par_1_40' title="bbox 653 3857 2237 3940">
     <span class='ocr_line' id='line_1_40' title="bbox 653 3857 2237 3940; baseline 0.014 -30"><span class='ocrx_word' id='word_1_274' title='bbox 653 3857 940 3926; x_wconf 86' lang='lat' dir='ltr'><strong>conciliat,</strong></span> <span class='ocrx_word' id='word_1_275' title='bbox 996 3873 1186 3930; x_wconf 89' lang='lat' dir='ltr'><strong>pactus</strong></span> <span class='ocrx_word' id='word_1_276' title='bbox 1215 3863 1416 3934; x_wconf 86' lang='lat' dir='ltr'><strong>eisdem</strong></span> <span class='ocrx_word' id='word_1_277' title='bbox 1450 3868 1593 3937; x_wconf 91' lang='lat' dir='ltr'><strong>quod</strong></span> <span class='ocrx_word' id='word_1_278' title='bbox 1644 3871 1807 3940; x_wconf 86' lang='lat' dir='ltr'><strong>totius</strong></span> <span class='ocrx_word' id='word_1_279' title='bbox 1839 3875 2042 3929; x_wconf 78' lang='lat' dir='ltr'><strong>militia.-</strong></span> <span class='ocrx_word' id='word_1_280' title='bbox 2068 3878 2237 3933; x_wconf 87' lang='lat' dir='ltr'><strong>comi-</strong></span> 
     </span>
    </p>
   </div>
   <div class='ocr_carea' id='block_1_41' title="bbox 656 3947 2238 4035">
    <p class='ocr_par' dir='ltr' id='par_1_41' title="bbox 656 3947 2238 4035">
     <span class='ocr_line' id='line_1_41' title="bbox 656 3947 2238 4035; baseline 0.013 -34"><span class='ocrx_word' id='word_1_281' title='bbox 656 3953 826 4001; x_wconf 89' lang='lat' dir='ltr'><strong>tatum</strong></span> <span class='ocrx_word' id='word_1_282' title='bbox 863 3947 966 4000; x_wconf 87' lang='lat' dir='ltr'><strong>sibi</strong></span> <span class='ocrx_word' id='word_1_283' title='bbox 998 3951 1246 4018; x_wconf 88' lang='lat' dir='ltr'><strong>proderet</strong></span> <span class='ocrx_word' id='word_1_284' title='bbox 1270 3967 1428 4020; x_wconf 87' lang='lat' dir='ltr'><strong>quem</strong></span> <span class='ocrx_word' id='word_1_285' title='bbox 1469 3957 1703 4026; x_wconf 82' lang='lat' dir='ltr'><strong>regebat.</strong></span> <span class='ocrx_word' id='word_1_286' title='bbox 1743 3959 2030 4028; x_wconf 71' lang='lat' dir='ltr'><strong>Egreditur</strong></span> <span class='ocrx_word' id='word_1_287' title='bbox 2055 3964 2238 4035; x_wconf 86' lang='lat' dir='ltr'><strong>itaque</strong></span> 
     </span>
    </p>
   </div>
   <div class='ocr_carea' id='block_1_42' title="bbox 653 4037 2237 4124">
    <p class='ocr_par' dir='ltr' id='par_1_42' title="bbox 653 4037 2237 4124">
     <span class='ocr_line' id='line_1_42' title="bbox 653 4037 2237 4124; baseline 0.012 -32"><span class='ocrx_word' id='word_1_288' title='bbox 653 4040 720 4092; x_wconf 91' lang='lat' dir='ltr'><strong>ad</strong></span> <span class='ocrx_word' id='word_1_289' title='bbox 751 4037 868 4092; x_wconf 90' lang='lat' dir='ltr'><strong>illos</strong></span> <span class='ocrx_word' id='word_1_290' title='bbox 901 4040 1054 4108; x_wconf 87' lang='lat' dir='ltr'><strong>quasi</strong></span> <span class='ocrx_word' id='word_1_291' title='bbox 1108 4053 1482 4115; x_wconf 82' lang='lat' dir='ltr'><strong>pugnaturus;</strong></span> <span class='ocrx_word' id='word_1_292' title='bbox 1535 4047 1629 4102; x_wconf 87' lang='lat' dir='ltr'><strong>sed</strong></span> <span class='ocrx_word' id='word_1_293' title='bbox 1682 4049 1733 4103; x_wconf 91' lang='lat' dir='ltr'><strong>in</strong></span> <span class='ocrx_word' id='word_1_294' title='bbox 1785 4050 1896 4120; x_wconf 91' lang='lat' dir='ltr'><strong>ipsa</strong></span> <span class='ocrx_word' id='word_1_295' title='bbox 1948 4053 2237 4124; x_wconf 79' lang='lat' dir='ltr'><strong>dirigenda:</strong></span> 
     </span>
    </p>
   </div>
   <div class='ocr_carea' id='block_1_43' title="bbox 651 4131 2237 4218">
    <p class='ocr_par' dir='ltr' id='par_1_43' title="bbox 651 4131 2237 4218">
     <span class='ocr_line' id='line_1_43' title="bbox 651 4131 2237 4218; baseline 0.012 -34"><span class='ocrx_word' id='word_1_296' title='bbox 651 4131 787 4185; x_wconf 89' lang='lat' dir='ltr'><strong>aciei</strong></span> <span class='ocrx_word' id='word_1_297' title='bbox 819 4131 1067 4186; x_wconf 69' lang='lat' dir='ltr'><strong>affectata</strong></span> <span class='ocrx_word' id='word_1_298' title='bbox 1099 4136 1278 4204; x_wconf 84' lang='lat' dir='ltr'><strong>specie</strong></span> <span class='ocrx_word' id='word_1_299' title='bbox 1301 4174 1316 4200; x_wconf 94' lang='lat'><strong>,</strong></span> <span class='ocrx_word' id='word_1_300' title='bbox 1365 4152 1486 4192; x_wconf 89' lang='lat' dir='ltr'><strong>cum</strong></span> <span class='ocrx_word' id='word_1_301' title='bbox 1522 4139 1704 4196; x_wconf 83' lang='lat' dir='ltr'><strong>multis</strong></span> <span class='ocrx_word' id='word_1_302' title='bbox 1734 4156 1956 4198; x_wconf 87' lang='lat' dir='ltr'><strong>suorum</strong></span> <span class='ocrx_word' id='word_1_303' title='bbox 2003 4146 2237 4218; x_wconf 75' lang='lat' dir='ltr'><strong>profugit</strong></span> 
     </span>
    </p>
   </div>
   <div class='ocr_carea' id='block_1_44' title="bbox 651 4217 2233 4302">
    <p class='ocr_par' dir='ltr' id='par_1_44' title="bbox 651 4217 2233 4302">
     <span class='ocr_line' id='line_1_44' title="bbox 651 4217 2233 4302; baseline 0.011 -32"><span class='ocrx_word' id='word_1_304' title='bbox 651 4217 718 4270; x_wconf 90' lang='lat' dir='ltr'><strong>ad</strong></span> <span class='ocrx_word' id='word_1_305' title='bbox 747 4217 892 4286; x_wconf 85' lang='lat' dir='ltr'><strong>ipsos</strong></span> <span class='ocrx_word' id='word_1_306' title='bbox 922 4259 935 4283; x_wconf 95' lang='lat'><strong>,</strong></span> <span class='ocrx_word' id='word_1_307' title='bbox 969 4229 1230 4288; x_wconf 88' lang='lat' dir='ltr'><strong>perpetuo</strong></span> <span class='ocrx_word' id='word_1_308' title='bbox 1261 4237 1624 4279; x_wconf 88' lang='lat' dir='ltr'><strong>remansurus.</strong></span> <span class='ocrx_word' id='word_1_309' title='bbox 1666 4226 1927 4282; x_wconf 79' lang='lat' dir='ltr'><strong>Residuos</strong></span> <span class='ocrx_word' id='word_1_310' title='bbox 1957 4240 2038 4286; x_wconf 88' lang='lat' dir='ltr'><strong>est</strong></span> <span class='ocrx_word' id='word_1_311' title='bbox 2065 4217 2233 4302; x_wconf 84' lang='lat' dir='ltr'><strong>capti-</strong></span> 
     </span>
    </p>
   </div>
   <div class='ocr_carea' id='block_1_45' title="bbox 643 4305 2232 4392">
    <p class='ocr_par' dir='ltr' id='par_1_45' title="bbox 643 4305 2232 4392">
     <span class='ocr_line' id='line_1_45' title="bbox 643 4305 2232 4392; baseline 0.014 -33"><span class='ocrx_word' id='word_1_312' title='bbox 643 4305 785 4361; x_wconf 81' lang='lat' dir='ltr'><strong>vitas</strong></span> <span class='ocrx_word' id='word_1_313' title='bbox 829 4318 1143 4363; x_wconf 87' lang='lat' dir='ltr'><strong>consecuta.</strong></span> <span class='ocrx_word' id='word_1_314' title='bbox 1203 4309 1531 4377; x_wconf 85' lang='lat' dir='ltr'><strong>Quibusdam</strong></span> <span class='ocrx_word' id='word_1_315' title='bbox 1583 4332 1766 4388; x_wconf 83' lang='lat' dir='ltr'><strong>eorum</strong></span> <span class='ocrx_word' id='word_1_316' title='bbox 1820 4323 1991 4392; x_wconf 88' lang='lat' dir='ltr'><strong>captis</strong></span> <span class='ocrx_word' id='word_1_317' title='bbox 2043 4325 2106 4378; x_wconf 90' lang='lat' dir='ltr'><strong>de</strong></span> <span class='ocrx_word' id='word_1_318' title='bbox 2137 4339 2232 4381; x_wconf 89' lang='lat' dir='ltr'><strong>sua</strong></span> 
     </span>
    </p>
   </div>
   <div class='ocr_carea' id='block_1_46' title="bbox 647 4399 2233 4488">
    <p class='ocr_par' dir='ltr' id='par_1_46' title="bbox 647 4399 2233 4488">
     <span class='ocr_line' id='line_1_46' title="bbox 647 4399 2233 4488; baseline 0.011 -32"><span class='ocrx_word' id='word_1_319' title='bbox 647 4399 750 4458; x_wconf 80' lang='lat' dir='ltr'><strong>ﬁde</strong></span> <span class='ocrx_word' id='word_1_320' title='bbox 782 4413 865 4457; x_wconf 83' lang='lat' dir='ltr'><strong>cst</strong></span> <span class='ocrx_word' id='word_1_321' title='bbox 903 4403 1042 4458; x_wconf 84' lang='lat' dir='ltr'><strong>facta</strong></span> <span class='ocrx_word' id='word_1_322' title='bbox 1073 4405 1368 4472; x_wconf 78' lang='lat' dir='ltr'><strong>discussit),</strong></span> <span class='ocrx_word' id='word_1_323' title='bbox 1419 4409 1804 4484; x_wconf 83' lang='lat' dir='ltr'><strong>Christumque</strong></span> <span class='ocrx_word' id='word_1_324' title='bbox 1831 4430 2026 4488; x_wconf 88' lang='lat' dir='ltr'><strong>negare</strong></span> <span class='ocrx_word' id='word_1_325' title='bbox 2046 4417 2233 4488; x_wconf 84' lang='lat' dir='ltr'><strong>juben-</strong></span> 
     </span>
    </p>
   </div>
   <div class='ocr_carea' id='block_1_47' title="bbox 631 4494 2231 4570">
    <p class='ocr_par' dir='ltr' id='par_1_47' title="bbox 631 4494 2231 4570">
     <span class='ocr_line' id='line_1_47' title="bbox 631 4494 2231 4570; baseline 0.013 -23"><span class='ocrx_word' id='word_1_326' title='bbox 631 4501 772 4559; x_wconf 74' lang='lat' dir='ltr'><strong>tur;</strong></span> <span class='ocrx_word' id='word_1_327' title='bbox 807 4495 901 4550; x_wconf 86' lang='lat' dir='ltr'><strong>sed</strong></span> <span class='ocrx_word' id='word_1_328' title='bbox 933 4494 1203 4549; x_wconf 87' lang='lat' dir='ltr'><strong>Christum</strong></span> <span class='ocrx_word' id='word_1_329' title='bbox 1240 4495 1514 4553; x_wconf 79' lang='lat' dir='ltr'><strong>inﬂexibili</strong></span> <span class='ocrx_word' id='word_1_330' title='bbox 1545 4516 1760 4570; x_wconf 87' lang='lat' dir='ltr'><strong>amore,</strong></span> <span class='ocrx_word' id='word_1_331' title='bbox 1801 4505 1982 4562; x_wconf 88' lang='lat' dir='ltr'><strong>animo</strong></span> <span class='ocrx_word' id='word_1_332' title='bbox 2015 4518 2069 4564; x_wconf 90' lang='lat' dir='ltr'><strong>et</strong></span> <span class='ocrx_word' id='word_1_333' title='bbox 2097 4525 2231 4567; x_wconf 87' lang='lat' dir='ltr'><strong>voce</strong></span> 
     </span>
    </p>
   </div>
   <div class='ocr_carea' id='block_1_48' title="bbox 651 4581 1554 4655">
    <p class='ocr_par' dir='ltr' id='par_1_48' title="bbox 651 4581 1554 4655">
     <span class='ocr_line' id='line_1_48' title="bbox 651 4581 1554 4655; baseline 0.01 -22"><span class='ocrx_word' id='word_1_334' title='bbox 651 4581 953 4638; x_wconf 88' lang='lat' dir='ltr'><strong>fatentibus</strong></span> <span class='ocrx_word' id='word_1_335' title='bbox 977 4584 1156 4653; x_wconf 82' lang='lat' dir='ltr'><strong>capita</strong></span> <span class='ocrx_word' id='word_1_336' title='bbox 1186 4595 1554 4655; x_wconf 88' lang='lat' dir='ltr'><strong>amputantur.</strong></span> 
     </span>
    </p>
   </div>
   <div class='ocr_carea' id='block_1_49' title="bbox 643 4670 2225 4762">
    <p class='ocr_par' dir='ltr' id='par_1_49' title="bbox 643 4670 2225 4762">
     <span class='ocr_line' id='line_1_49' title="bbox 643 4670 2225 4762; baseline 0.017 -37"><span class='ocrx_word' id='word_1_337' title='bbox 643 4670 716 4726; x_wconf 85' lang='lat' dir='ltr'><strong>Et</strong></span> <span class='ocrx_word' id='word_1_338' title='bbox 735 4683 973 4728; x_wconf 87' lang='lat' dir='ltr'><strong>veterum</strong></span> <span class='ocrx_word' id='word_1_339' title='bbox 999 4675 1202 4732; x_wconf 82' lang='lat' dir='ltr'><strong>similes</strong></span> <span class='ocrx_word' id='word_1_340' title='bbox 1232 4680 1392 4734; x_wconf 90' lang='lat' dir='ltr'><strong>modo</strong></span> <span class='ocrx_word' id='word_1_341' title='bbox 1421 4678 1666 4750; x_wconf 87' lang='lat' dir='ltr'><strong>Christus</strong></span> <span class='ocrx_word' id='word_1_342' title='bbox 1703 4687 1924 4746; x_wconf 86' lang='lat' dir='ltr'><strong>habebit</strong></span> <span class='ocrx_word' id='word_1_343' title='bbox 1953 4690 2187 4752; x_wconf 86' lang='lat' dir='ltr'><strong>honores</strong></span> <span class='ocrx_word' id='word_1_344' title='bbox 2210 4735 2225 4762; x_wconf 91' lang='lat'><strong>,</strong></span> 
     </span>
    </p>
   </div>
   <div class='ocr_carea' id='block_1_50' title="bbox 726 4764 1978 4840">
    <p class='ocr_par' dir='ltr' id='par_1_50' title="bbox 726 4764 1978 4840">
     <span class='ocr_line' id='line_1_50' title="bbox 726 4764 1978 4840; baseline 0.018 -22"><span class='ocrx_word' id='word_1_345' title='bbox 726 4764 1050 4837; x_wconf 76' lang='lat' dir='ltr'><strong>Martyribns</strong></span> <span class='ocrx_word' id='word_1_346' title='bbox 1081 4771 1344 4828; x_wconf 87' lang='lat' dir='ltr'><strong>decorans</strong></span> <span class='ocrx_word' id='word_1_347' title='bbox 1370 4776 1562 4830; x_wconf 66' lang='lat' dir='ltr'><strong>szccula</strong></span> <span class='ocrx_word' id='word_1_348' title='bbox 1593 4790 1777 4836; x_wconf 90' lang='lat' dir='ltr'><strong>nostra</strong></span> <span class='ocrx_word' id='word_1_349' title='bbox 1808 4785 1978 4840; x_wconf 80' lang='lat' dir='ltr'><strong>novis.</strong></span> 
     </span>
    </p>
   </div>
   <div class='ocr_carea' id='block_1_51' title="bbox 637 4847 2080 4945">
    <p class='ocr_par' dir='ltr' id='par_1_51' title="bbox 637 4847 2080 4945">
     <span class='ocr_line' id='line_1_51' title="bbox 637 4847 2080 4945; baseline 0.021 -40"><span class='ocrx_word' id='word_1_350' title='bbox 637 4852 816 4922; x_wconf 84' lang='lat' dir='ltr'><strong>Quam</strong></span> <span class='ocrx_word' id='word_1_351' title='bbox 849 4847 1122 4913; x_wconf 86' lang='lat' dir='ltr'><strong>redolente</strong></span> <span class='ocrx_word' id='word_1_352' title='bbox 1149 4861 1326 4918; x_wconf 88' lang='lat' dir='ltr'><strong>ferunt</strong></span> <span class='ocrx_word' id='word_1_353' title='bbox 1357 4866 1583 4938; x_wconf 88' lang='lat' dir='ltr'><strong>insignia</strong></span> <span class='ocrx_word' id='word_1_354' title='bbox 1619 4879 1859 4943; x_wconf 89' lang='lat' dir='ltr'><strong>tempora</strong></span> <span class='ocrx_word' id='word_1_355' title='bbox 1895 4876 2046 4934; x_wconf 87' lang='lat' dir='ltr'><strong>lauro</strong></span> <span class='ocrx_word' id='word_1_356' title='bbox 2067 4919 2080 4945; x_wconf 93' lang='lat'><strong>,</strong></span> 
     </span>
    </p>
   </div>
   <div class='ocr_carea' id='block_1_52' title="bbox 714 4946 2018 5038">
    <p class='ocr_par' dir='ltr' id='par_1_52' title="bbox 714 4946 2018 5038">
     <span class='ocr_line' id='line_1_52' title="bbox 714 4946 2018 5038; baseline 0.019 -37"><span class='ocrx_word' id='word_1_357' title='bbox 714 4946 816 5016; x_wconf 88' lang='lat' dir='ltr'><strong>Qui</strong></span> <span class='ocrx_word' id='word_1_358' title='bbox 844 4949 1006 5004; x_wconf 87' lang='lat' dir='ltr'><strong>breve</strong></span> <span class='ocrx_word' id='word_1_359' title='bbox 1034 4952 1196 5022; x_wconf 88' lang='lat' dir='ltr'><strong>quid,</strong></span> <span class='ocrx_word' id='word_1_360' title='bbox 1229 4965 1377 5011; x_wconf 87' lang='lat' dir='ltr'><strong>secto</strong></span> <span class='ocrx_word' id='word_1_361' title='bbox 1402 4957 1547 5016; x_wconf 89' lang='lat' dir='ltr'><strong>ferre</strong></span> <span class='ocrx_word' id='word_1_362' title='bbox 1577 4977 1768 5031; x_wconf 83' lang='lat' dir='ltr'><strong>parant</strong></span> <span class='ocrx_word' id='word_1_363' title='bbox 1791 4968 1978 5038; x_wconf 78' lang='lat' dir='ltr'><strong>jugulo</strong></span> <span class='ocrx_word' id='word_1_364' title='bbox 2005 4971 2018 5025; x_wconf 86' lang='lat' dir='ltr'><strong>l</strong></span> 
     </span>
    </p>
   </div>
   <div class='ocr_carea' id='block_1_53' title="bbox 639 5041 1837 5119">
    <p class='ocr_par' dir='ltr' id='par_1_53' title="bbox 639 5041 1837 5119">
     <span class='ocr_line' id='line_1_53' title="bbox 639 5041 1837 5119; baseline 0.014 -22"><span class='ocrx_word' id='word_1_365' title='bbox 639 5041 839 5098; x_wconf 79' lang='lat' dir='ltr'><strong>Dixere</strong></span> <span class='ocrx_word' id='word_1_366' title='bbox 859 5042 1042 5100; x_wconf 85' lang='lat' dir='ltr'><strong>felices</strong></span> <span class='ocrx_word' id='word_1_367' title='bbox 1064 5086 1078 5111; x_wconf 89' lang='lat'><strong>,</strong></span> <span class='ocrx_word' id='word_1_368' title='bbox 1111 5047 1202 5117; x_wconf 89' lang='lat' dir='ltr'><strong>qui</strong></span> <span class='ocrx_word' id='word_1_369' title='bbox 1234 5064 1331 5119; x_wconf 86' lang='lat' dir='ltr'><strong>per</strong></span> <span class='ocrx_word' id='word_1_370' title='bbox 1367 5066 1634 5109; x_wconf 89' lang='lat' dir='ltr'><strong>momenta</strong></span> <span class='ocrx_word' id='word_1_371' title='bbox 1668 5059 1837 5114; x_wconf 88' lang='lat' dir='ltr'><strong>tulere</strong></span> 
     </span>
    </p>
   </div>
   <div class='ocr_carea' id='block_1_54' title="bbox 712 5133 1870 5206">
    <p class='ocr_par' dir='ltr' id='par_1_54' title="bbox 712 5133 1870 5206">
     <span class='ocr_line' id='line_1_54' title="bbox 712 5133 1870 5206; baseline 0.016 -19"><span class='ocrx_word' id='word_1_372' title='bbox 712 5133 820 5188; x_wconf 86' lang='lat' dir='ltr'><strong>Hos</strong></span> <span class='ocrx_word' id='word_1_373' title='bbox 854 5143 1000 5192; x_wconf 89' lang='lat' dir='ltr'><strong>tenet</strong></span> <span class='ocrx_word' id='word_1_374' title='bbox 1025 5147 1290 5194; x_wconf 43' lang='lat' dir='ltr'><strong>atternum</strong></span> <span class='ocrx_word' id='word_1_375' title='bbox 1331 5143 1514 5200; x_wconf 91' lang='lat' dir='ltr'><strong>vivere</strong></span> <span class='ocrx_word' id='word_1_376' title='bbox 1537 5157 1683 5203; x_wconf 89' lang='lat' dir='ltr'><strong>certa</strong></span> <span class='ocrx_word' id='word_1_377' title='bbox 1718 5151 1870 5206; x_wconf 86' lang='lat' dir='ltr'><strong>ﬁdes.</strong></span> 
     </span>
    </p>
   </div>
   <div class='ocr_carea' id='block_1_55' title="bbox 636 5223 1892 5311">
    <p class='ocr_par' dir='ltr' id='par_1_55' title="bbox 636 5223 1892 5311">
     <span class='ocr_line' id='line_1_55' title="bbox 636 5223 1892 5311; baseline 0.014 -31"><span class='ocrx_word' id='word_1_378' title='bbox 636 5223 760 5282; x_wconf 69' lang='lat' dir='ltr'><strong>3am</strong></span> <span class='ocrx_word' id='word_1_379' title='bbox 782 5226 943 5284; x_wconf 67' lang='lat' dir='ltr'><strong>faeces</strong></span> <span class='ocrx_word' id='word_1_380' title='bbox 971 5241 1190 5288; x_wconf 87' lang='lat' dir='ltr'><strong>nostras</strong></span> <span class='ocrx_word' id='word_1_381' title='bbox 1227 5251 1330 5290; x_wconf 91' lang='lat' dir='ltr'><strong>non</strong></span> <span class='ocrx_word' id='word_1_382' title='bbox 1365 5237 1656 5308; x_wconf 85' lang='lat' dir='ltr'><strong>desperare</strong></span> <span class='ocrx_word' id='word_1_383' title='bbox 1681 5242 1892 5311; x_wconf 80' lang='lat' dir='ltr'><strong>licebit,</strong></span> 
     </span>
    </p>
   </div>
   <div class='ocr_carea' id='block_1_56' title="bbox 712 5317 1865 5396">
    <p class='ocr_par' dir='ltr' id='par_1_56' title="bbox 712 5317 1865 5396">
     <span class='ocr_line' id='line_1_56' title="bbox 712 5317 1865 5396; baseline 0.017 -25"><span class='ocrx_word' id='word_1_384' title='bbox 712 5317 884 5374; x_wconf 82' lang='lat' dir='ltr'><strong>Ausas</strong></span> <span class='ocrx_word' id='word_1_385' title='bbox 909 5328 1051 5392; x_wconf 86' lang='lat' dir='ltr'><strong>quod</strong></span> <span class='ocrx_word' id='word_1_386' title='bbox 1082 5325 1335 5396; x_wconf 91' lang='lat' dir='ltr'><strong>cuiquam</strong></span> <span class='ocrx_word' id='word_1_387' title='bbox 1375 5345 1461 5384; x_wconf 75' lang='lat' dir='ltr'><strong>vnx</strong></span> <span class='ocrx_word' id='word_1_388' title='bbox 1484 5331 1744 5389; x_wconf 86' lang='lat' dir='ltr'><strong>imitabile</strong></span> <span class='ocrx_word' id='word_1_389' title='bbox 1776 5338 1865 5391; x_wconf 91' lang='lat' dir='ltr'><strong>sit.</strong></span> 
     </span>
    </p>
   </div>
   <div class='ocr_carea' id='block_1_57' title="bbox 639 5407 2225 5498">
    <p class='ocr_par' dir='ltr' id='par_1_57' title="bbox 639 5407 2225 5498">
     <span class='ocr_line' id='line_1_57' title="bbox 639 5407 2225 5498; baseline 0.023 -39"><span class='ocrx_word' id='word_1_390' title='bbox 639 5431 642 5434; x_wconf 58' lang='grc' dir='ltr'><strong><em>η</em></strong></span> <span class='ocrx_word' id='word_1_391' title='bbox 711 5407 1055 5478; x_wconf 78' lang='lat' dir='ltr'><strong>Captivorum</strong></span> <span class='ocrx_word' id='word_1_392' title='bbox 1093 5418 1251 5486; x_wconf 90' lang='lat' dir='ltr'><strong>alios,</strong></span> <span class='ocrx_word' id='word_1_393' title='bbox 1309 5423 1430 5478; x_wconf 89' lang='lat' dir='ltr'><strong>data</strong></span> <span class='ocrx_word' id='word_1_394' title='bbox 1480 5426 1733 5494; x_wconf 88' lang='lat' dir='ltr'><strong>vivendi,</strong></span> <span class='ocrx_word' id='word_1_395' title='bbox 1795 5430 1903 5486; x_wconf 86' lang='lat' dir='ltr'><strong>imo</strong></span> <span class='ocrx_word' id='word_1_396' title='bbox 1955 5439 2225 5498; x_wconf 88' lang='lat' dir='ltr'><strong>morosius</strong></span> 
     </span>
    </p>
   </div>
   <div class='ocr_carea' id='block_1_58' title="bbox 635 5501 2224 5591">
    <p class='ocr_par' dir='ltr' id='par_1_58' title="bbox 635 5501 2224 5591">
     <span class='ocr_line' id='line_1_58' title="bbox 635 5501 2224 5591; baseline 0.021 -35"><span class='ocrx_word' id='word_1_397' title='bbox 635 5501 934 5572; x_wconf 73' lang='lat' dir='ltr'><strong>metiendi,</strong></span> <span class='ocrx_word' id='word_1_398' title='bbox 967 5508 1325 5582; x_wconf 83' lang='lat' dir='ltr'><strong>indulgentia,</strong></span> <span class='ocrx_word' id='word_1_399' title='bbox 1358 5519 1450 5572; x_wconf 86' lang='lat' dir='ltr'><strong>sed</strong></span> <span class='ocrx_word' id='word_1_400' title='bbox 1484 5522 1653 5590; x_wconf 84' lang='lat' dir='ltr'><strong>magis</strong></span> <span class='ocrx_word' id='word_1_401' title='bbox 1682 5523 1959 5590; x_wconf 80' lang='lat' dir='ltr'><strong>violentia,</strong></span> <span class='ocrx_word' id='word_1_402' title='bbox 1993 5530 2134 5585; x_wconf 86' lang='lat' dir='ltr'><strong>inter</strong></span> <span class='ocrx_word' id='word_1_403' title='bbox 2165 5551 2224 5591; x_wconf 87' lang='lat' dir='ltr'><strong>se</strong></span> 
     </span>
    </p>
   </div>
   <div class='ocr_carea' id='block_1_59' title="bbox 637 5593 2222 5682">
    <p class='ocr_par' dir='ltr' id='par_1_59' title="bbox 637 5593 2222 5682">
     <span class='ocr_line' id='line_1_59' title="bbox 637 5593 2222 5682; baseline 0.02 -33"><span class='ocrx_word' id='word_1_404' title='bbox 637 5593 915 5662; x_wconf 85' lang='lat' dir='ltr'><strong>dividunt,</strong></span> <span class='ocrx_word' id='word_1_405' title='bbox 947 5599 1159 5659; x_wconf 86' lang='lat' dir='ltr'><strong>funesta</strong></span> <span class='ocrx_word' id='word_1_406' title='bbox 1191 5609 1290 5662; x_wconf 86' lang='lat' dir='ltr'><strong>sub</strong></span> <span class='ocrx_word' id='word_1_407' title='bbox 1337 5614 1578 5667; x_wconf 86' lang='lat' dir='ltr'><strong>cruentis</strong></span> <span class='ocrx_word' id='word_1_408' title='bbox 1621 5616 1855 5670; x_wconf 81' lang='lat' dir='ltr'><strong>dominis</strong></span> <span class='ocrx_word' id='word_1_409' title='bbox 1885 5623 2222 5682; x_wconf 74' lang='lat' dir='ltr'><strong>cxbibituros</strong></span> 
     </span>
    </p>
   </div>
   <div class='ocr_carea' id='block_1_60' title="bbox 627 5689 2220 5786">
    <p class='ocr_par' dir='ltr' id='par_1_60' title="bbox 627 5689 2220 5786">
     <span class='ocr_line' id='line_1_60' title="bbox 627 5689 2220 5786; baseline 0.023 -48"><span class='ocrx_word' id='word_1_410' title='bbox 627 5689 881 5786; x_wconf 73' lang='lat' dir='ltr'><strong>servitia.</strong></span> <span class='ocrx_word' id='word_1_411' title='bbox 935 5694 1206 5759; x_wconf 86' lang='lat' dir='ltr'><strong>Quosdam</strong></span> <span class='ocrx_word' id='word_1_412' title='bbox 1246 5701 1442 5758; x_wconf 89' lang='lat' dir='ltr'><strong>alicubi</strong></span> <span class='ocrx_word' id='word_1_413' title='bbox 1490 5709 1874 5775; x_wconf 77' lang='lat' dir='ltr'><strong>prostituerites</strong></span> <span class='ocrx_word' id='word_1_414' title='bbox 1905 5755 1918 5779; x_wconf 91' lang='lat'><strong>,</strong></span> <span class='ocrx_word' id='word_1_415' title='bbox 1957 5719 2113 5786; x_wconf 87' lang='lat' dir='ltr'><strong>quasi</strong></span> <span class='ocrx_word' id='word_1_416' title='bbox 2153 5721 2220 5776; x_wconf 89' lang='lat' dir='ltr'><strong>ad</strong></span> 
     </span>
    </p>
   </div>
   <div class='ocr_carea' id='block_1_61' title="bbox 629 5779 2219 5874">
    <p class='ocr_par' dir='ltr' id='par_1_61' title="bbox 629 5779 2219 5874">
     <span class='ocr_line' id='line_1_61' title="bbox 629 5779 2219 5874; baseline 0.024 -42"><span class='ocrx_word' id='word_1_417' title='bbox 629 5779 852 5867; x_wconf 52' lang='lat' dir='ltr'><strong>signum</strong></span> <span class='ocrx_word' id='word_1_418' title='bbox 873 5823 890 5852; x_wconf 84' lang='lat'><strong>,</strong></span> <span class='ocrx_word' id='word_1_419' title='bbox 924 5785 1137 5851; x_wconf 67' lang='lat' dir='ltr'><strong>sagittis</strong></span> <span class='ocrx_word' id='word_1_420' title='bbox 1148 5789 1480 5864; x_wconf 71' lang='lat' dir='ltr'><strong>iaculantur,</strong></span> <span class='ocrx_word' id='word_1_421' title='bbox 1523 5798 1610 5852; x_wconf 88' lang='lat' dir='ltr'><strong>alii</strong></span> <span class='ocrx_word' id='word_1_422' title='bbox 1639 5803 1792 5872; x_wconf 85' lang='lat' dir='ltr'><strong>quasi</strong></span> <span class='ocrx_word' id='word_1_423' title='bbox 1831 5820 1930 5874; x_wconf 86' lang='lat' dir='ltr'><strong>pro</strong></span> <span class='ocrx_word' id='word_1_424' title='bbox 1965 5779 2219 5870; x_wconf 83' lang='lat' dir='ltr'><strong>donativo</strong></span> 
     </span>
    </p>
   </div>
   <div class='ocr_carea' id='block_1_62' title="bbox 2359 545 3843 638">
    <p class='ocr_par' dir='ltr' id='par_1_62' title="bbox 2359 545 3843 638">
     <span class='ocr_line' id='line_1_62' title="bbox 2359 545 3843 638; baseline 0.017 -43"><span class='ocrx_word' id='word_1_425' title='bbox 2359 545 2608 614; x_wconf 81' lang='lat' dir='ltr'><strong>proprias</strong></span> <span class='ocrx_word' id='word_1_426' title='bbox 2646 548 2987 604; x_wconf 71' lang='lat' dir='ltr'><strong>ali-ducebant</strong></span> <span class='ocrx_word' id='word_1_427' title='bbox 3009 566 3104 606; x_wconf 88' lang='lat' dir='ltr'><strong>eos</strong></span> <span class='ocrx_word' id='word_1_428' title='bbox 3131 552 3327 619; x_wconf 86' lang='lat' dir='ltr'><strong>sedes;</strong></span> <span class='ocrx_word' id='word_1_429' title='bbox 3351 553 3482 610; x_wconf 86' lang='lat' dir='ltr'><strong>alios</strong></span> <span class='ocrx_word' id='word_1_430' title='bbox 3518 557 3567 613; x_wconf 89' lang='lat' dir='ltr'><strong>in</strong></span> <span class='ocrx_word' id='word_1_431' title='bbox 3601 576 3700 618; x_wconf 82' lang='lat' dir='ltr'><strong>eam</strong></span> <span class='ocrx_word' id='word_1_432' title='bbox 3738 586 3843 638; x_wconf 72' lang='lat' dir='ltr'><strong>qua.</strong></span> 
     </span>
    </p>
   </div>
   <div class='ocr_carea' id='block_1_63' title="bbox 2358 635 3844 720">
    <p class='ocr_par' dir='ltr' id='par_1_63' title="bbox 2358 635 3844 720">
     <span class='ocr_line' id='line_1_63' title="bbox 2358 635 3844 720; baseline 0.017 -29"><span class='ocrx_word' id='word_1_433' title='bbox 2358 635 2716 694; x_wconf 81' lang='lat' dir='ltr'><strong>Corozaniam</strong></span> <span class='ocrx_word' id='word_1_434' title='bbox 2737 641 2924 697; x_wconf 90' lang='lat' dir='ltr'><strong>dicunt</strong></span> <span class='ocrx_word' id='word_1_435' title='bbox 2956 644 3230 716; x_wconf 79' lang='lat' dir='ltr'><strong>regionem</strong></span> <span class='ocrx_word' id='word_1_436' title='bbox 3258 663 3272 700; x_wconf 89' lang='lat'><strong>:</strong></span> <span class='ocrx_word' id='word_1_437' title='bbox 3301 646 3432 702; x_wconf 85' lang='lat' dir='ltr'><strong>alios</strong></span> <span class='ocrx_word' id='word_1_438' title='bbox 3463 651 3524 704; x_wconf 85' lang='lat' dir='ltr'><strong>ad</strong></span> <span class='ocrx_word' id='word_1_439' title='bbox 3548 635 3844 720; x_wconf 63' lang='lat' dir='ltr'><strong>Antiochenam</strong></span> 
     </span>
    </p>
   </div>
   <div class='ocr_carea' id='block_1_64' title="bbox 2357 723 3844 811">
    <p class='ocr_par' dir='ltr' id='par_1_64' title="bbox 2357 723 3844 811">
     <span class='ocr_line' id='line_1_64' title="bbox 2357 723 3844 811; baseline 0.015 -28"><span class='ocrx_word' id='word_1_440' title='bbox 2357 723 2688 800; x_wconf 86' lang='lat' dir='ltr'><strong>pertrahunt</strong></span> <span class='ocrx_word' id='word_1_441' title='bbox 2714 737 2932 799; x_wconf 89' lang='lat' dir='ltr'><strong>urbem,</strong></span> <span class='ocrx_word' id='word_1_442' title='bbox 2984 738 3244 794; x_wconf 87' lang='lat' dir='ltr'><strong>miseram</strong></span> <span class='ocrx_word' id='word_1_443' title='bbox 3273 756 3372 810; x_wconf 87' lang='lat' dir='ltr'><strong>pro</strong></span> <span class='ocrx_word' id='word_1_444' title='bbox 3391 742 3707 810; x_wconf 75' lang='lat' dir='ltr'><strong>qualitatibus</strong></span> <span class='ocrx_word' id='word_1_445' title='bbox 3732 754 3844 811; x_wconf 71' lang='lat' dir='ltr'><strong>scele-</strong></span> 
     </span>
    </p>
   </div>
   <div class='ocr_carea' id='block_1_65' title="bbox 2359 827 3730 902">
    <p class='ocr_par' dir='ltr' id='par_1_65' title="bbox 2359 827 3730 902">
     <span class='ocr_line' id='line_1_65' title="bbox 2359 827 3730 902; baseline 0.011 -20"><span class='ocrx_word' id='word_1_446' title='bbox 2359 827 2726 883; x_wconf 88' lang='lat' dir='ltr'><strong>stissimorum</strong></span> <span class='ocrx_word' id='word_1_447' title='bbox 2758 830 3102 886; x_wconf 87' lang='lat' dir='ltr'><strong>dominorum</strong></span> <span class='ocrx_word' id='word_1_448' title='bbox 3146 849 3408 902; x_wconf 86' lang='lat' dir='ltr'><strong>passuros</strong></span> <span class='ocrx_word' id='word_1_449' title='bbox 3435 840 3730 897; x_wconf 75' lang='lat' dir='ltr'><strong>servitutem.</strong></span> 
     </span>
    </p>
   </div>
   <div class='ocr_carea' id='block_1_66' title="bbox 2355 918 3602 995">
    <p class='ocr_par' dir='ltr' id='par_1_66' title="bbox 2355 918 3602 995">
     <span class='ocr_line' id='line_1_66' title="bbox 2355 918 3602 995; baseline 0.01 -21"><span class='ocrx_word' id='word_1_450' title='bbox 2355 918 2468 975; x_wconf 83' lang='lat' dir='ltr'><strong>Hos</strong></span> <span class='ocrx_word' id='word_1_451' title='bbox 2496 923 2548 974; x_wconf 90' lang='lat' dir='ltr'><strong>in</strong></span> <span class='ocrx_word' id='word_1_452' title='bbox 2579 923 2902 992; x_wconf 88' lang='lat' dir='ltr'><strong>supplicium</strong></span> <span class='ocrx_word' id='word_1_453' title='bbox 2933 924 3110 980; x_wconf 79' lang='lat' dir='ltr'><strong>fateor</strong></span> <span class='ocrx_word' id='word_1_454' title='bbox 3137 927 3450 984; x_wconf 87' lang='lat' dir='ltr'><strong>diuturnius</strong></span> <span class='ocrx_word' id='word_1_455' title='bbox 3479 930 3602 995; x_wconf 83' lang='lat' dir='ltr'><strong>isse;</strong></span> 
     </span>
    </p>
   </div>
   <div class='ocr_carea' id='block_1_67' title="bbox 2428 1011 3764 1088">
    <p class='ocr_par' dir='ltr' id='par_1_67' title="bbox 2428 1011 3764 1088">
     <span class='ocr_line' id='line_1_67' title="bbox 2428 1011 3764 1088; baseline 0.013 -25"><span class='ocrx_word' id='word_1_456' title='bbox 2428 1011 2602 1078; x_wconf 88' lang='lat' dir='ltr'><strong>Quam</strong></span> <span class='ocrx_word' id='word_1_457' title='bbox 2626 1013 2823 1083; x_wconf 85' lang='lat' dir='ltr'><strong>quibus</strong></span> <span class='ocrx_word' id='word_1_458' title='bbox 2841 1015 2912 1070; x_wconf 88' lang='lat' dir='ltr'><strong>ad</strong></span> <span class='ocrx_word' id='word_1_459' title='bbox 2942 1015 3180 1072; x_wconf 88' lang='lat' dir='ltr'><strong>subitum</strong></span> <span class='ocrx_word' id='word_1_460' title='bbox 3207 1033 3402 1074; x_wconf 89' lang='lat' dir='ltr'><strong>mucro</strong></span> <span class='ocrx_word' id='word_1_461' title='bbox 3427 1032 3582 1088; x_wconf 88' lang='lat' dir='ltr'><strong>caput</strong></span> <span class='ocrx_word' id='word_1_462' title='bbox 3601 1021 3764 1081; x_wconf 84' lang='lat' dir='ltr'><strong>tulerit.</strong></span> 
     </span>
    </p>
   </div>
   <div class='ocr_carea' id='block_1_68' title="bbox 2355 1102 3652 1181">
    <p class='ocr_par' dir='ltr' id='par_1_68' title="bbox 2355 1102 3652 1181">
     <span class='ocr_line' id='line_1_68' title="bbox 2355 1102 3652 1181; baseline 0.01 -25"><span class='ocrx_word' id='word_1_463' title='bbox 2355 1102 2510 1158; x_wconf 81' lang='lat' dir='ltr'><strong>Hunc</strong></span> <span class='ocrx_word' id='word_1_464' title='bbox 2536 1104 2702 1175; x_wconf 81' lang='lat' dir='ltr'><strong>agitat</strong></span> <span class='ocrx_word' id='word_1_465' title='bbox 2741 1108 2976 1163; x_wconf 90' lang='lat' dir='ltr'><strong>crudelis</strong></span> <span class='ocrx_word' id='word_1_466' title='bbox 3000 1109 3196 1174; x_wconf 89' lang='lat' dir='ltr'><strong>herus,</strong></span> <span class='ocrx_word' id='word_1_467' title='bbox 3228 1110 3476 1181; x_wconf 84' lang='lat' dir='ltr'><strong>duroque</strong></span> <span class='ocrx_word' id='word_1_468' title='bbox 3499 1113 3652 1169; x_wconf 87' lang='lat' dir='ltr'><strong>labori</strong></span> 
     </span>
    </p>
   </div>
   <div class='ocr_carea' id='block_1_69' title="bbox 2425 1195 3579 1274">
    <p class='ocr_par' dir='ltr' id='par_1_69' title="bbox 2425 1195 3579 1274">
     <span class='ocr_line' id='line_1_69' title="bbox 2425 1195 3579 1274; baseline 0.009 -26"><span class='ocrx_word' id='word_1_469' title='bbox 2425 1195 2694 1268; x_wconf 81' lang='lat' dir='ltr'><strong>Mancipat</strong></span> <span class='ocrx_word' id='word_1_470' title='bbox 2719 1238 2734 1262; x_wconf 95' lang='lat'><strong>,</strong></span> <span class='ocrx_word' id='word_1_471' title='bbox 2775 1197 2986 1270; x_wconf 82' lang='lat' dir='ltr'><strong>ingrato</strong></span> <span class='ocrx_word' id='word_1_472' title='bbox 3021 1202 3190 1256; x_wconf 86' lang='lat' dir='ltr'><strong>servit</strong></span> <span class='ocrx_word' id='word_1_473' title='bbox 3216 1203 3422 1272; x_wconf 88' lang='lat' dir='ltr'><strong>ubique</strong></span> <span class='ocrx_word' id='word_1_474' title='bbox 3447 1204 3579 1274; x_wconf 88' lang='lat' dir='ltr'><strong>pius.</strong></span> 
     </span>
    </p>
   </div>
   <div class='ocr_carea' id='block_1_70' title="bbox 2357 1285 3506 1358">
    <p class='ocr_par' dir='ltr' id='par_1_70' title="bbox 2357 1285 3506 1358">
     <span class='ocr_line' id='line_1_70' title="bbox 2357 1285 3506 1358; baseline 0.006 -16"><span class='ocrx_word' id='word_1_475' title='bbox 2357 1285 2593 1358; x_wconf 82' lang='lat' dir='ltr'><strong>Vapulat</strong></span> <span class='ocrx_word' id='word_1_476' title='bbox 2619 1289 2888 1346; x_wconf 80' lang='lat' dir='ltr'><strong>olliriosus</strong></span> <span class='ocrx_word' id='word_1_477' title='bbox 2918 1307 3018 1347; x_wconf 87' lang='lat' dir='ltr'><strong>nec</strong></span> <span class='ocrx_word' id='word_1_478' title='bbox 3051 1301 3326 1350; x_wconf 88' lang='lat' dir='ltr'><strong>tormenta</strong></span> <span class='ocrx_word' id='word_1_479' title='bbox 3365 1295 3506 1349; x_wconf 78' lang='lat' dir='ltr'><strong>ﬁdeli</strong></span> 
     </span>
    </p>
   </div>
   <div class='ocr_carea' id='block_1_71' title="bbox 2426 1380 3572 1459">
    <p class='ocr_par' dir='ltr' id='par_1_71' title="bbox 2426 1380 3572 1459">
     <span class='ocr_line' id='line_1_71' title="bbox 2426 1380 3572 1459; baseline 0.007 -25"><span class='ocrx_word' id='word_1_480' title='bbox 2426 1380 2664 1447; x_wconf 90' lang='lat' dir='ltr'><strong>Desunt,</strong></span> <span class='ocrx_word' id='word_1_481' title='bbox 2691 1398 2799 1452; x_wconf 86' lang='lat' dir='ltr'><strong>quo</strong></span> <span class='ocrx_word' id='word_1_482' title='bbox 2825 1384 3004 1439; x_wconf 86' lang='lat' dir='ltr'><strong>studio</strong></span> <span class='ocrx_word' id='word_1_483' title='bbox 3029 1388 3404 1442; x_wconf 85' lang='lat' dir='ltr'><strong>commodiore</strong></span> <span class='ocrx_word' id='word_1_484' title='bbox 3425 1388 3572 1459; x_wconf 78' lang='lat' dir='ltr'><strong>gerit.</strong></span> 
     </span>
    </p>
   </div>
   <div class='ocr_carea' id='block_1_72' title="bbox 2353 1469 3844 1552">
    <p class='ocr_par' dir='ltr' id='par_1_72' title="bbox 2353 1469 3844 1552">
     <span class='ocr_line' id='line_1_72' title="bbox 2353 1469 3844 1552; baseline 0.009 -25"><span class='ocrx_word' id='word_1_485' title='bbox 2353 1469 2506 1540; x_wconf 82' lang='lat' dir='ltr'><strong>Quod</strong></span> <span class='ocrx_word' id='word_1_486' title='bbox 2540 1476 2684 1530; x_wconf 84' lang='lat' dir='ltr'><strong>videt</strong></span> <span class='ocrx_word' id='word_1_487' title='bbox 2707 1485 2800 1530; x_wconf 85' lang='lat' dir='ltr'><strong>aut</strong></span> <span class='ocrx_word' id='word_1_488' title='bbox 2827 1477 3008 1540; x_wconf 89' lang='lat' dir='ltr'><strong>audit,</strong></span> <span class='ocrx_word' id='word_1_489' title='bbox 3037 1494 3202 1547; x_wconf 85' lang='lat' dir='ltr'><strong>quem</strong></span> <span class='ocrx_word' id='word_1_490' title='bbox 3236 1481 3492 1550; x_wconf 81' lang='lat' dir='ltr'><strong>transigit</strong></span> <span class='ocrx_word' id='word_1_491' title='bbox 3519 1483 3567 1536; x_wconf 91' lang='lat' dir='ltr'><strong>in</strong></span> <span class='ocrx_word' id='word_1_492' title='bbox 3588 1483 3844 1552; x_wconf 77' lang='lat' dir='ltr'><strong>tliesactun,</strong></span> 
     </span>
    </p>
   </div>
   <div class='ocr_carea' id='block_1_73' title="bbox 2423 1568 3599 1642">
    <p class='ocr_par' dir='ltr' id='par_1_73' title="bbox 2423 1568 3599 1642">
     <span class='ocr_line' id='line_1_73' title="bbox 2423 1568 3599 1642; baseline 0.005 -18"><span class='ocrx_word' id='word_1_493' title='bbox 2423 1570 2574 1637; x_wconf 89' lang='lat' dir='ltr'><strong>Quod</strong></span> <span class='ocrx_word' id='word_1_494' title='bbox 2597 1568 2793 1626; x_wconf 69' lang='lat' dir='ltr'><strong>caelebs</strong></span> <span class='ocrx_word' id='word_1_495' title='bbox 2829 1580 2912 1626; x_wconf 89' lang='lat' dir='ltr'><strong>est</strong></span> <span class='ocrx_word' id='word_1_496' title='bbox 2940 1571 3008 1626; x_wconf 87' lang='lat' dir='ltr'><strong>ad</strong></span> <span class='ocrx_word' id='word_1_497' title='bbox 3041 1573 3220 1642; x_wconf 86' lang='lat' dir='ltr'><strong>turpia</strong></span> <span class='ocrx_word' id='word_1_498' title='bbox 3249 1571 3310 1628; x_wconf 84' lang='lat' dir='ltr'><strong>ﬁt</strong></span> <span class='ocrx_word' id='word_1_499' title='bbox 3342 1573 3444 1628; x_wconf 88' lang='lat' dir='ltr'><strong>sibi</strong></span> <span class='ocrx_word' id='word_1_500' title='bbox 3471 1589 3599 1630; x_wconf 80' lang='lat' dir='ltr'><strong>crux</strong></span> 
     </span>
    </p>
   </div>
   <div class='ocr_carea' id='block_1_74' title="bbox 2354 1661 3704 1734">
    <p class='ocr_par' dir='ltr' id='par_1_74' title="bbox 2354 1661 3704 1734">
     <span class='ocr_line' id='line_1_74' title="bbox 2354 1661 3704 1734; baseline 0.004 -18"><span class='ocrx_word' id='word_1_501' title='bbox 2354 1661 2462 1722; x_wconf 80' lang='lat' dir='ltr'><strong>llos</strong></span> <span class='ocrx_word' id='word_1_502' title='bbox 2495 1677 2594 1732; x_wconf 87' lang='lat' dir='ltr'><strong>ego</strong></span> <span class='ocrx_word' id='word_1_503' title='bbox 2617 1679 2724 1717; x_wconf 89' lang='lat' dir='ltr'><strong>non</strong></span> <span class='ocrx_word' id='word_1_504' title='bbox 2756 1663 2996 1718; x_wconf 89' lang='lat' dir='ltr'><strong>dubitem</strong></span> <span class='ocrx_word' id='word_1_505' title='bbox 3021 1665 3154 1718; x_wconf 84' lang='lat' dir='ltr'><strong>satis</strong></span> <span class='ocrx_word' id='word_1_506' title='bbox 3181 1666 3366 1722; x_wconf 88' lang='lat' dir='ltr'><strong>acrius</strong></span> <span class='ocrx_word' id='word_1_507' title='bbox 3393 1667 3672 1723; x_wconf 67' lang='lat' dir='ltr'><strong>excruciari</strong></span> <span class='ocrx_word' id='word_1_508' title='bbox 3691 1709 3704 1734; x_wconf 85' lang='lat'><strong>,</strong></span> 
     </span>
    </p>
   </div>
   <div class='ocr_carea' id='block_1_75' title="bbox 2421 1754 3645 1828">
    <p class='ocr_par' dir='ltr' id='par_1_75' title="bbox 2421 1754 3645 1828">
     <span class='ocr_line' id='line_1_75' title="bbox 2421 1754 3645 1828; baseline 0.007 -22"><span class='ocrx_word' id='word_1_509' title='bbox 2421 1754 2594 1822; x_wconf 88' lang='lat' dir='ltr'><strong>Quam</strong></span> <span class='ocrx_word' id='word_1_510' title='bbox 2619 1765 2783 1825; x_wconf 90' lang='lat' dir='ltr'><strong>queat</strong></span> <span class='ocrx_word' id='word_1_511' title='bbox 2803 1757 3066 1826; x_wconf 86' lang='lat' dir='ltr'><strong>equuleus</strong></span> <span class='ocrx_word' id='word_1_512' title='bbox 3095 1773 3192 1828; x_wconf 89' lang='lat' dir='ltr'><strong>per</strong></span> <span class='ocrx_word' id='word_1_513' title='bbox 3213 1759 3449 1828; x_wconf 79' lang='lat' dir='ltr'><strong>spatium</strong></span> <span class='ocrx_word' id='word_1_514' title='bbox 3481 1760 3645 1814; x_wconf 87' lang='lat' dir='ltr'><strong>tridui.</strong></span> 
     </span>
    </p>
   </div>
   <div class='ocr_carea' id='block_1_76' title="bbox 2422 1847 3845 1926">
    <p class='ocr_par' dir='ltr' id='par_1_76' title="bbox 2422 1847 3845 1926">
     <span class='ocr_line' id='line_1_76' title="bbox 2422 1847 3845 1926; baseline 0.005 -24"><span class='ocrx_word' id='word_1_515' title='bbox 2422 1847 2531 1902; x_wconf 91' lang='lat' dir='ltr'><strong>llos</strong></span> <span class='ocrx_word' id='word_1_516' title='bbox 2559 1849 2762 1916; x_wconf 87' lang='lat' dir='ltr'><strong>primos</strong></span> <span class='ocrx_word' id='word_1_517' title='bbox 2800 1851 3026 1904; x_wconf 71' lang='lat' dir='ltr'><strong>novitati</strong></span> <span class='ocrx_word' id='word_1_518' title='bbox 3056 1861 3258 1906; x_wconf 64' lang='lat' dir='ltr'><strong>nostra:</strong></span> <span class='ocrx_word' id='word_1_519' title='bbox 3281 1893 3298 1916; x_wconf 91' lang='lat'><em>.</em></span> <span class='ocrx_word' id='word_1_520' title='bbox 3352 1862 3408 1910; x_wconf 86' lang='lat' dir='ltr'><strong>et</strong></span> <span class='ocrx_word' id='word_1_521' title='bbox 3454 1854 3708 1922; x_wconf 74' lang='lat' dir='ltr'><strong>desperato</strong></span> <span class='ocrx_word' id='word_1_522' title='bbox 3740 1869 3845 1926; x_wconf 60' lang='lat' dir='ltr'><strong>prop</strong></span> 
     </span>
    </p>
   </div>
   <div class='ocr_carea' id='block_1_77' title="bbox 2349 1941 3686 2015">
    <p class='ocr_par' dir='ltr' id='par_1_77' title="bbox 2349 1941 3686 2015">
     <span class='ocr_line' id='line_1_77' title="bbox 2349 1941 3686 2015; baseline 0.001 -19"><span class='ocrx_word' id='word_1_523' title='bbox 2349 1941 2511 2012; x_wconf 85' lang='lat' dir='ltr'><strong>hujus</strong></span> <span class='ocrx_word' id='word_1_524' title='bbox 2536 1942 2659 1995; x_wconf 77' lang='lat' dir='ltr'><strong>vita:</strong></span> <span class='ocrx_word' id='word_1_525' title='bbox 2688 1953 2886 1998; x_wconf 68' lang='lat' dir='ltr'><strong>nostra:</strong></span> <span class='ocrx_word' id='word_1_526' title='bbox 2913 1943 3078 1998; x_wconf 90' lang='lat' dir='ltr'><strong>statui</strong></span> <span class='ocrx_word' id='word_1_527' title='bbox 3105 1955 3380 2015; x_wconf 78' lang='lat' dir='ltr'><strong>martyres</strong></span> <span class='ocrx_word' id='word_1_528' title='bbox 3401 1943 3529 2000; x_wconf 87' lang='lat' dir='ltr'><strong>fecit</strong></span> <span class='ocrx_word' id='word_1_529' title='bbox 3548 1944 3686 2000; x_wconf 78' lang='lat' dir='ltr'><strong>Deus.</strong></span> 
     </span>
    </p>
   </div>
   <div class='ocr_carea' id='block_1_78' title="bbox 2422 2033 3843 2108">
    <p class='ocr_par' dir='ltr' id='par_1_78' title="bbox 2422 2033 3843 2108">
     <span class='ocr_line' id='line_1_78' title="bbox 2422 2033 3843 2108; baseline 0.003 -20"><span class='ocrx_word' id='word_1_530' title='bbox 2422 2033 2620 2089; x_wconf 86' lang='lat' dir='ltr'><strong>Petrus</strong></span> <span class='ocrx_word' id='word_1_531' title='bbox 2650 2033 2739 2088; x_wconf 90' lang='lat' dir='ltr'><strong>ille</strong></span> <span class='ocrx_word' id='word_1_532' title='bbox 2763 2035 2967 2090; x_wconf 88' lang='lat' dir='ltr'><strong>interea</strong></span> <span class='ocrx_word' id='word_1_533' title='bbox 2993 2037 3082 2105; x_wconf 85' lang='lat' dir='ltr'><strong>qui</strong></span> <span class='ocrx_word' id='word_1_534' title='bbox 3108 2052 3136 2090; x_wconf 83' lang='lat' dir='ltr'><strong>a</strong></span> <span class='ocrx_word' id='word_1_535' title='bbox 3167 2038 3328 2092; x_wconf 91' lang='lat' dir='ltr'><strong>nobis</strong></span> <span class='ocrx_word' id='word_1_536' title='bbox 3356 2053 3515 2107; x_wconf 88' lang='lat' dir='ltr'><strong>supra</strong></span> <span class='ocrx_word' id='word_1_537' title='bbox 3543 2039 3843 2108; x_wconf 76' lang='lat' dir='ltr'><strong>expositusest,</strong></span> 
     </span>
    </p>
   </div>
   <div class='ocr_carea' id='block_1_79' title="bbox 2350 2125 3840 2199">
    <p class='ocr_par' dir='ltr' id='par_1_79' title="bbox 2350 2125 3840 2199">
     <span class='ocr_line' id='line_1_79' title="bbox 2350 2125 3840 2199; baseline 0.005 -19"><span class='ocrx_word' id='word_1_538' title='bbox 2350 2141 2415 2180; x_wconf 86' lang='lat' dir='ltr'><strong>oe</strong></span> <span class='ocrx_word' id='word_1_539' title='bbox 2451 2125 2615 2180; x_wconf 82' lang='lat' dir='ltr'><strong>multa</strong></span> <span class='ocrx_word' id='word_1_540' title='bbox 2653 2128 2911 2184; x_wconf 89' lang='lat' dir='ltr'><strong>comitum</strong></span> <span class='ocrx_word' id='word_1_541' title='bbox 2943 2143 3165 2184; x_wconf 89' lang='lat' dir='ltr'><strong>suorum</strong></span> <span class='ocrx_word' id='word_1_542' title='bbox 3226 2129 3482 2184; x_wconf 84' lang='lat' dir='ltr'><strong>vecordia</strong></span> <span class='ocrx_word' id='word_1_543' title='bbox 3513 2143 3641 2199; x_wconf 65' lang='lat' dir='ltr'><strong>saepe</strong></span> <span class='ocrx_word' id='word_1_544' title='bbox 3665 2137 3840 2188; x_wconf 76' lang='lat' dir='ltr'><strong>lentus.</strong></span> 
     </span>
    </p>
   </div>
   <div class='ocr_carea' id='block_1_80' title="bbox 2349 2218 3840 2289">
    <p class='ocr_par' dir='ltr' id='par_1_80' title="bbox 2349 2218 3840 2289">
     <span class='ocr_line' id='line_1_80' title="bbox 2349 2218 3840 2289; baseline 0.001 -16"><span class='ocrx_word' id='word_1_545' title='bbox 2349 2227 2406 2273; x_wconf 85' lang='lat' dir='ltr'><strong>et</strong></span> <span class='ocrx_word' id='word_1_546' title='bbox 2431 2219 2621 2272; x_wconf 89' lang='lat' dir='ltr'><strong>crebra</strong></span> <span class='ocrx_word' id='word_1_547' title='bbox 2661 2229 2843 2289; x_wconf 80' lang='lat' dir='ltr'><strong>strage</strong></span> <span class='ocrx_word' id='word_1_548' title='bbox 2865 2218 3156 2286; x_wconf 86' lang='lat' dir='ltr'><strong>confusus,</strong></span> <span class='ocrx_word' id='word_1_549' title='bbox 3215 2222 3437 2276; x_wconf 85' lang='lat' dir='ltr'><strong>tandem</strong></span> <span class='ocrx_word' id='word_1_550' title='bbox 3469 2221 3664 2276; x_wconf 81' lang='lat' dir='ltr'><strong>cuidam</strong></span> <span class='ocrx_word' id='word_1_551' title='bbox 3689 2219 3840 2276; x_wconf 75' lang='grc' dir='ltr'><strong>Τηιιεο-</strong></span> 
     </span>
    </p>
   </div>
   <div class='ocr_carea' id='block_1_81' title="bbox 2351 2307 3837 2379">
    <p class='ocr_par' dir='ltr' id='par_1_81' title="bbox 2351 2307 3837 2379">
     <span class='ocr_line' id='line_1_81' title="bbox 2351 2307 3837 2379; baseline 0.001 -19"><span class='ocrx_word' id='word_1_552' title='bbox 2351 2322 2530 2376; x_wconf 85' lang='lat' dir='ltr'><strong>quano</strong></span> <span class='ocrx_word' id='word_1_553' title='bbox 2551 2347 2564 2370; x_wconf 91' lang='lat'><strong>,</strong></span> <span class='ocrx_word' id='word_1_554' title='bbox 2597 2316 2652 2361; x_wconf 88' lang='lat' dir='ltr'><strong>et</strong></span> <span class='ocrx_word' id='word_1_555' title='bbox 2679 2307 2878 2376; x_wconf 77' lang='lat' dir='ltr'><strong>cogniti</strong></span> <span class='ocrx_word' id='word_1_556' title='bbox 2907 2309 3128 2378; x_wconf 76' lang='lat' dir='ltr'><strong>generis</strong></span> <span class='ocrx_word' id='word_1_557' title='bbox 3174 2309 3298 2368; x_wconf 85' lang='lat' dir='ltr'><strong>viro</strong></span> <span class='ocrx_word' id='word_1_558' title='bbox 3325 2350 3341 2374; x_wconf 90' lang='lat'><strong>,</strong></span> <span class='ocrx_word' id='word_1_559' title='bbox 3386 2311 3546 2366; x_wconf 80' lang='lat' dir='ltr'><strong>armis</strong></span> <span class='ocrx_word' id='word_1_560' title='bbox 3578 2309 3837 2379; x_wconf 77' lang='lat' dir='ltr'><strong>quantnmau&#39;</strong></span> 
     </span>
    </p>
   </div>
   <div class='ocr_carea' id='block_1_82' title="bbox 2351 2399 3840 2475">
    <p class='ocr_par' dir='ltr' id='par_1_82' title="bbox 2351 2399 3840 2475">
     <span class='ocr_line' id='line_1_82' title="bbox 2351 2399 3840 2475; baseline 0.001 -23"><span class='ocrx_word' id='word_1_561' title='bbox 2351 2412 2409 2452; x_wconf 84' lang='lat' dir='ltr'><strong>se</strong></span> <span class='ocrx_word' id='word_1_562' title='bbox 2434 2408 2655 2454; x_wconf 89' lang='lat' dir='ltr'><strong>strenuo</strong></span> <span class='ocrx_word' id='word_1_563' title='bbox 2673 2439 2688 2462; x_wconf 89' lang='lat'><strong>,</strong></span> <span class='ocrx_word' id='word_1_564' title='bbox 2714 2399 2930 2456; x_wconf 89' lang='lat' dir='ltr'><strong>nomine</strong></span> <span class='ocrx_word' id='word_1_565' title='bbox 2952 2399 3234 2457; x_wconf 84' lang='lat' dir='ltr'><strong>Gualterio</strong></span> <span class='ocrx_word' id='word_1_566' title='bbox 3253 2399 3382 2475; x_wconf 82' lang='lat' dir='ltr'><strong>[at.,</strong></span> <span class='ocrx_word' id='word_1_567' title='bbox 3397 2399 3684 2473; x_wconf 84' lang='lat' dir='ltr'><strong>Gualtero].</strong></span> <span class='ocrx_word' id='word_1_568' title='bbox 3710 2402 3840 2470; x_wconf 75' lang='lat' dir='ltr'><strong>prima-</strong></span> 
     </span>
    </p>
   </div>
   <div class='ocr_carea' id='block_1_83' title="bbox 2351 2493 3835 2572">
    <p class='ocr_par' dir='ltr' id='par_1_83' title="bbox 2351 2493 3835 2572">
     <span class='ocr_line' id='line_1_83' title="bbox 2351 2493 3835 2572; baseline 0 -24"><span class='ocrx_word' id='word_1_569' title='bbox 2351 2499 2464 2548; x_wconf 84' lang='lat' dir='ltr'><strong>tum</strong></span> <span class='ocrx_word' id='word_1_570' title='bbox 2495 2507 2605 2548; x_wconf 85' lang='lat' dir='ltr'><strong>suae</strong></span> <span class='ocrx_word' id='word_1_571' title='bbox 2630 2494 2806 2564; x_wconf 84' lang='lat' dir='ltr'><strong>gentis</strong></span> <span class='ocrx_word' id='word_1_572' title='bbox 2831 2494 3088 2561; x_wconf 86' lang='lat' dir='ltr'><strong>dederat,</strong></span> <span class='ocrx_word' id='word_1_573' title='bbox 3133 2504 3192 2550; x_wconf 91' lang='lat' dir='ltr'><strong>ut</strong></span> <span class='ocrx_word' id='word_1_574' title='bbox 3227 2513 3390 2572; x_wconf 22' lang='lat' dir='ltr'><strong>quos.</strong></span> <span class='ocrx_word' id='word_1_575' title='bbox 3413 2495 3720 2555; x_wconf 77' lang='lat' dir='ltr'><strong>documentis</strong></span> 
     </span>
    </p>
   </div>
   <div class='ocr_carea' id='block_1_84' title="bbox 2351 2587 3838 2658">
    <p class='ocr_par' dir='ltr' id='par_1_84' title="bbox 2351 2587 3838 2658">
     <span class='ocr_line' id='line_1_84' title="bbox 2351 2587 3838 2658; baseline -0.001 -18"><span class='ocrx_word' id='word_1_576' title='bbox 2351 2601 2481 2640; x_wconf 85' lang='lat' dir='ltr'><strong>nere</strong></span> <span class='ocrx_word' id='word_1_577' title='bbox 2518 2601 2621 2640; x_wconf 90' lang='lat' dir='ltr'><strong>non</strong></span> <span class='ocrx_word' id='word_1_578' title='bbox 2659 2596 2905 2655; x_wconf 84' lang='lat' dir='ltr'><strong>poterat,</strong></span> <span class='ocrx_word' id='word_1_579' title='bbox 2965 2587 3050 2658; x_wconf 85' lang='lat' dir='ltr'><strong>ille</strong></span> <span class='ocrx_word' id='word_1_580' title='bbox 3100 2589 3292 2645; x_wconf 88' lang='lat' dir='ltr'><strong>saltem</strong></span> <span class='ocrx_word' id='word_1_581' title='bbox 3355 2589 3565 2645; x_wconf 84' lang='lat' dir='ltr'><strong>militari</strong></span> <span class='ocrx_word' id='word_1_582' title='bbox 3607 2587 3838 2642; x_wconf 77' lang='lat' dir='ltr'><strong>auctoritate</strong></span> 
     </span>
    </p>
   </div>
   <div class='ocr_carea' id='block_1_85' title="bbox 2351 2678 3836 2757">
    <p class='ocr_par' dir='ltr' id='par_1_85' title="bbox 2351 2678 3836 2757">
     <span class='ocr_line' id='line_1_85' title="bbox 2351 2678 3836 2757; baseline 0.001 -23"><span class='ocrx_word' id='word_1_583' title='bbox 2351 2678 2726 2751; x_wconf 79' lang='lat' dir='ltr'><strong>restringeret.</strong></span> <span class='ocrx_word' id='word_1_584' title='bbox 2759 2679 2811 2735; x_wconf 88' lang='lat' dir='ltr'><strong>ls</strong></span> <span class='ocrx_word' id='word_1_585' title='bbox 2836 2681 3016 2751; x_wconf 87' lang='lat' dir='ltr'><strong>itaque</strong></span> <span class='ocrx_word' id='word_1_586' title='bbox 3043 2682 3296 2740; x_wconf 85' lang='lat' dir='ltr'><strong>Civizum</strong></span> <span class='ocrx_word' id='word_1_587' title='bbox 3327 2683 3447 2757; x_wconf 84' lang='lat' dir='ltr'><strong>[al.,</strong></span> <span class='ocrx_word' id='word_1_588' title='bbox 3480 2678 3836 2748; x_wconf 76' lang='lat' dir='ltr'><strong>Cizicum],ciri-</strong></span> 
     </span>
    </p>
   </div>
   <div class='ocr_carea' id='block_1_86' title="bbox 2354 2773 3836 2846">
    <p class='ocr_par' dir='ltr' id='par_1_86' title="bbox 2354 2773 3836 2846">
     <span class='ocr_line' id='line_1_86' title="bbox 2354 2773 3836 2846; baseline 0.001 -19"><span class='ocrx_word' id='word_1_589' title='bbox 2354 2782 2514 2828; x_wconf 84' lang='lat' dir='ltr'><strong>tatem</strong></span> <span class='ocrx_word' id='word_1_590' title='bbox 2541 2775 2856 2843; x_wconf 86' lang='lat' dir='ltr'><strong>quamdam,</strong></span> <span class='ocrx_word' id='word_1_591' title='bbox 2908 2792 3028 2846; x_wconf 62' lang='lat' dir='ltr'><strong>qua}</strong></span> <span class='ocrx_word' id='word_1_592' title='bbox 3057 2776 3240 2836; x_wconf 67' lang='lat' dir='ltr'><strong>Nicen:</strong></span> <span class='ocrx_word' id='word_1_593' title='bbox 3286 2778 3442 2844; x_wconf 87' lang='lat' dir='ltr'><strong>urbi,</strong></span> <span class='ocrx_word' id='word_1_594' title='bbox 3482 2775 3733 2833; x_wconf 78' lang='lat' dir='ltr'><strong>secundum</strong></span> <span class='ocrx_word' id='word_1_595' title='bbox 3748 2773 3836 2842; x_wconf 70' lang='lat' dir='ltr'><strong>poti-</strong></span> 
     </span>
    </p>
   </div>
   <div class='ocr_carea' id='block_1_87' title="bbox 2352 2859 3834 2936">
    <p class='ocr_par' dir='ltr' id='par_1_87' title="bbox 2352 2859 3834 2936">
     <span class='ocr_line' id='line_1_87' title="bbox 2352 2859 3834 2936; baseline -0.001 -19"><span class='ocrx_word' id='word_1_596' title='bbox 2352 2864 2550 2918; x_wconf 89' lang='lat' dir='ltr'><strong>tionem</strong></span> <span class='ocrx_word' id='word_1_597' title='bbox 2566 2863 2692 2933; x_wconf 84' lang='lat' dir='ltr'><strong>loci,</strong></span> <span class='ocrx_word' id='word_1_598' title='bbox 2733 2869 3058 2936; x_wconf 71' lang='lat' dir='ltr'><strong>prantninere</strong></span> <span class='ocrx_word' id='word_1_599' title='bbox 3081 2859 3302 2934; x_wconf 83' lang='lat' dir='ltr'><strong>dicitur,</strong></span> <span class='ocrx_word' id='word_1_600' title='bbox 3326 2887 3448 2926; x_wconf 86' lang='lat' dir='ltr'><strong>cum</strong></span> <span class='ocrx_word' id='word_1_601' title='bbox 3470 2883 3562 2924; x_wconf 86' lang='lat' dir='ltr'><strong>suo</strong></span> <span class='ocrx_word' id='word_1_602' title='bbox 3585 2867 3662 2921; x_wconf 89' lang='lat' dir='ltr'><strong>illo</strong></span> <span class='ocrx_word' id='word_1_603' title='bbox 3677 2861 3834 2920; x_wconf 64' lang='lat' dir='ltr'><strong>dementi</strong></span> 
     </span>
    </p>
   </div>
   <div class='ocr_carea' id='block_1_88' title="bbox 2345 2957 3833 3035">
    <p class='ocr_par' dir='ltr' id='par_1_88' title="bbox 2345 2957 3833 3035">
     <span class='ocr_line' id='line_1_88' title="bbox 2345 2957 3833 3035; baseline 0.001 -19"><span class='ocrx_word' id='word_1_604' title='bbox 2345 2959 2591 3022; x_wconf 74' lang='lat' dir='ltr'><strong>exercitu</strong></span> <span class='ocrx_word' id='word_1_605' title='bbox 2616 2963 2941 3029; x_wconf 75' lang='lat' dir='ltr'><strong>properabat</strong></span> <span class='ocrx_word' id='word_1_606' title='bbox 2971 2965 3262 3035; x_wconf 78' lang='lat' dir='ltr'><strong>attingere.</strong></span> <span class='ocrx_word' id='word_1_607' title='bbox 3325 2963 3486 3034; x_wconf 71' lang='lat'><strong>383</strong></span> <span class='ocrx_word' id='word_1_608' title='bbox 3543 2961 3673 3028; x_wconf 82' lang='lat' dir='ltr'><strong>Quod</strong></span> <span class='ocrx_word' id='word_1_609' title='bbox 3701 2957 3833 3018; x_wconf 72' lang='lat' dir='ltr'><strong>Terei.</strong></span> 
     </span>
    </p>
   </div>
   <div class='ocr_carea' id='block_1_89' title="bbox 2348 3050 3833 3130">
    <p class='ocr_par' dir='ltr' id='par_1_89' title="bbox 2348 3050 3833 3130">
     <span class='ocr_line' id='line_1_89' title="bbox 2348 3050 3833 3130; baseline -0.007 -18"><span class='ocrx_word' id='word_1_610' title='bbox 2348 3069 2661 3114; x_wconf 89' lang='lat' dir='ltr'><strong>nostrorum</strong></span> <span class='ocrx_word' id='word_1_611' title='bbox 2686 3055 2912 3130; x_wconf 61' lang='lat' dir='ltr'><strong>‘v’Cstigia</strong></span> <span class='ocrx_word' id='word_1_612' title='bbox 2937 3068 3270 3130; x_wconf 82' lang='lat' dir='ltr'><strong>aucupantes</strong></span> <span class='ocrx_word' id='word_1_613' title='bbox 3302 3058 3392 3112; x_wconf 82' lang='lat' dir='ltr'><strong>ubi</strong></span> <span class='ocrx_word' id='word_1_614' title='bbox 3422 3054 3733 3124; x_wconf 70' lang='lat' dir='ltr'><strong>competierat,</strong></span> <span class='ocrx_word' id='word_1_615' title='bbox 3757 3050 3833 3103; x_wconf 78' lang='lat' dir='ltr'><strong>illuc</strong></span> 
     </span>
    </p>
   </div>
   <div class='ocr_carea' id='block_1_90' title="bbox 2271 3142 3832 3238">
    <p class='ocr_par' dir='ltr' id='par_1_90' title="bbox 2271 3142 3832 3238">
     <span class='ocr_line' id='line_1_90' title="bbox 2271 3142 3832 3238; baseline 0.008 -37"><span class='ocrx_word' id='word_1_616' title='bbox 2271 3181 2312 3238; x_wconf 66' lang='grc' dir='ltr'>Ο</span> <span class='ocrx_word' id='word_1_617' title='bbox 2347 3163 2472 3204; x_wconf 90' lang='lat' dir='ltr'><strong>cum</strong></span> <span class='ocrx_word' id='word_1_618' title='bbox 2507 3149 2676 3204; x_wconf 88' lang='lat' dir='ltr'><strong>multa</strong></span> <span class='ocrx_word' id='word_1_619' title='bbox 2708 3166 2773 3218; x_wconf 87' lang='lat' dir='ltr'><strong>pe</strong></span> <span class='ocrx_word' id='word_1_620' title='bbox 2789 3153 2954 3208; x_wconf 71' lang='lat' dir='ltr'><strong>sima:</strong></span> <span class='ocrx_word' id='word_1_621' title='bbox 2981 3152 3276 3211; x_wconf 74' lang='lat' dir='ltr'><strong>voluntatis</strong></span> <span class='ocrx_word' id='word_1_622' title='bbox 3302 3147 3549 3211; x_wconf 67' lang='grc' dir='ltr'>ςινὶάίιιηθ</span> <span class='ocrx_word' id='word_1_623' title='bbox 3573 3142 3832 3238; x_wconf 48' lang='lat' dir='ltr'><strong>“ﬁdem”</strong></span> 
     </span>
    </p>
   </div>
   <div class='ocr_carea' id='block_1_91' title="bbox 2346 3236 3832 3316">
    <p class='ocr_par' dir='ltr' id='par_1_91' title="bbox 2346 3236 3832 3316">
     <span class='ocr_line' id='line_1_91' title="bbox 2346 3236 3832 3316; baseline 0.01 -20"><span class='ocrx_word' id='word_1_624' title='bbox 2346 3240 2546 3296; x_wconf 70' lang='lat' dir='ltr'><strong>Euntes</strong></span> <span class='ocrx_word' id='word_1_625' title='bbox 2573 3244 2733 3315; x_wconf 80' lang='lat' dir='ltr'><strong>igitur</strong></span> <span class='ocrx_word' id='word_1_626' title='bbox 2755 3247 3035 3316; x_wconf 73' lang='lat' dir='ltr'><strong>praefatum</strong></span> <span class='ocrx_word' id='word_1_627' title='bbox 3059 3249 3398 3306; x_wconf 80' lang='lat' dir='ltr'><strong>Gualterium</strong></span> <span class='ocrx_word' id='word_1_628' title='bbox 3420 3262 3540 3306; x_wconf 73' lang='lat' dir='ltr'><strong>cum</strong></span> <span class='ocrx_word' id='word_1_629' title='bbox 3553 3253 3640 3299; x_wconf 69' lang='grc' dir='ltr'><strong>ειη</strong></span> <span class='ocrx_word' id='word_1_630' title='bbox 3659 3236 3832 3310; x_wconf 51' lang='lat' dir='ltr'><strong>imi”</strong></span> 
     </span>
    </p>
   </div>
   <div class='ocr_carea' id='block_1_92' title="bbox 2345 3327 3829 3412">
    <p class='ocr_par' dir='ltr' id='par_1_92' title="bbox 2345 3327 3829 3412">
     <span class='ocr_line' id='line_1_92' title="bbox 2345 3327 3829 3412; baseline -0.003 -24"><span class='ocrx_word' id='word_1_631' title='bbox 2345 3333 2438 3399; x_wconf 84' lang='lat' dir='ltr'><strong>tia,</strong></span> <span class='ocrx_word' id='word_1_632' title='bbox 2472 3335 2649 3390; x_wconf 87' lang='lat' dir='ltr'><strong>medio</strong></span> <span class='ocrx_word' id='word_1_633' title='bbox 2675 3337 2868 3392; x_wconf 88' lang='lat' dir='ltr'><strong>itinere</strong></span> <span class='ocrx_word' id='word_1_634' title='bbox 2881 3338 3181 3408; x_wconf 71' lang='lat' dir='ltr'><strong>offendunt,</strong></span> <span class='ocrx_word' id='word_1_635' title='bbox 3196 3357 3432 3412; x_wconf 83' lang='lat' dir='ltr'><strong>eumque</strong></span> <span class='ocrx_word' id='word_1_636' title='bbox 3443 3355 3558 3395; x_wconf 78' lang='lat' dir='ltr'><strong>cuin</strong></span> <span class='ocrx_word' id='word_1_637' title='bbox 3572 3347 3750 3392; x_wconf 73' lang='lat' dir='ltr'><strong>suorum</strong></span> <span class='ocrx_word' id='word_1_638' title='bbox 3760 3327 3829 3397; x_wconf 71' lang='lat' dir='ltr'><strong>plu-</strong></span> 
     </span>
    </p>
   </div>
   <div class='ocr_carea' id='block_1_93' title="bbox 2343 3422 3828 3504">
    <p class='ocr_par' dir='ltr' id='par_1_93' title="bbox 2343 3422 3828 3504">
     <span class='ocr_line' id='line_1_93' title="bbox 2343 3422 3828 3504; baseline -0.006 -24"><span class='ocrx_word' id='word_1_639' title='bbox 2343 3425 2478 3480; x_wconf 84' lang='lat' dir='ltr'><strong>rima</strong></span> <span class='ocrx_word' id='word_1_640' title='bbox 2502 3436 2657 3497; x_wconf 83' lang='lat' dir='ltr'><strong>parte</strong></span> <span class='ocrx_word' id='word_1_641' title='bbox 2683 3430 3017 3488; x_wconf 85' lang='lat' dir='ltr'><strong>interimunt.</strong></span> <span class='ocrx_word' id='word_1_642' title='bbox 3051 3433 3241 3492; x_wconf 84' lang='lat' dir='ltr'><strong>Petrus</strong></span> <span class='ocrx_word' id='word_1_643' title='bbox 3267 3449 3423 3499; x_wconf 76' lang='lat' dir='ltr'><strong>vero,</strong></span> <span class='ocrx_word' id='word_1_644' title='bbox 3447 3445 3594 3504; x_wconf 80' lang='lat' dir='ltr'><strong>quem</strong></span> <span class='ocrx_word' id='word_1_645' title='bbox 3617 3422 3828 3482; x_wconf 72' lang='lat' dir='ltr'><strong>Etenim</strong></span> 
     </span>
    </p>
   </div>
   <div class='ocr_carea' id='block_1_94' title="bbox 2343 3510 3829 3596">
    <p class='ocr_par' dir='ltr' id='par_1_94' title="bbox 2343 3510 3829 3596">
     <span class='ocr_line' id='line_1_94' title="bbox 2343 3510 3829 3596; baseline 0.006 -26"><span class='ocrx_word' id='word_1_646' title='bbox 2343 3519 2704 3588; x_wconf 86' lang='lat' dir='ltr'><strong>agnominant</strong></span> <span class='ocrx_word' id='word_1_647' title='bbox 2741 3560 2757 3586; x_wconf 96' lang='lat'><strong>,</strong></span> <span class='ocrx_word' id='word_1_648' title='bbox 2809 3522 2936 3578; x_wconf 89' lang='lat' dir='ltr'><strong>dum</strong></span> <span class='ocrx_word' id='word_1_649' title='bbox 2987 3526 3259 3580; x_wconf 84' lang='lat' dir='ltr'><strong>vesaniam</strong></span> <span class='ocrx_word' id='word_1_650' title='bbox 3318 3527 3464 3596; x_wconf 81' lang='lat' dir='ltr'><strong>ejus,</strong></span> <span class='ocrx_word' id='word_1_651' title='bbox 3513 3532 3655 3592; x_wconf 67' lang='lat' dir='ltr'><strong>quali</strong></span> <span class='ocrx_word' id='word_1_652' title='bbox 3681 3510 3829 3579; x_wconf 50' lang='grc' dir='ltr'><strong>τουέκ·</strong></span> 
     </span>
    </p>
   </div>
   <div class='ocr_carea' id='block_1_95' title="bbox 2343 3605 3828 3687">
    <p class='ocr_par' dir='ltr' id='par_1_95' title="bbox 2343 3605 3828 3687">
     <span class='ocr_line' id='line_1_95' title="bbox 2343 3605 3828 3687; baseline 0.001 -26"><span class='ocrx_word' id='word_1_653' title='bbox 2343 3621 2677 3674; x_wconf 87' lang='lat' dir='ltr'><strong>meraverat,</strong></span> <span class='ocrx_word' id='word_1_654' title='bbox 2733 3615 2912 3685; x_wconf 78' lang='lat' dir='ltr'><strong>gentis</strong></span> <span class='ocrx_word' id='word_1_655' title='bbox 2957 3632 3308 3687; x_wconf 88' lang='lat' dir='ltr'><strong>compescere</strong></span> <span class='ocrx_word' id='word_1_656' title='bbox 3340 3633 3444 3675; x_wconf 91' lang='lat' dir='ltr'><strong>non</strong></span> <span class='ocrx_word' id='word_1_657' title='bbox 3495 3613 3697 3672; x_wconf 84' lang='lat' dir='ltr'><strong>valeret,</strong></span> <span class='ocrx_word' id='word_1_658' title='bbox 3737 3605 3828 3656; x_wconf 64' lang='lat' dir='ltr'><strong>CW</strong></span> 
     </span>
    </p>
   </div>
   <div class='ocr_carea' id='block_1_96' title="bbox 2340 3701 3824 3780">
    <p class='ocr_par' dir='ltr' id='par_1_96' title="bbox 2340 3701 3824 3780">
     <span class='ocr_line' id='line_1_96' title="bbox 2340 3701 3824 3780; baseline 0.008 -22"><span class='ocrx_word' id='word_1_659' title='bbox 2340 3703 2742 3774; x_wconf 83' lang='lat' dir='ltr'><strong>Stantinopolim</strong></span> <span class='ocrx_word' id='word_1_660' title='bbox 2819 3711 3042 3779; x_wconf 86' lang='lat' dir='ltr'><strong>provide</strong></span> <span class='ocrx_word' id='word_1_661' title='bbox 3105 3721 3440 3776; x_wconf 82' lang='lat' dir='ltr'><strong>secesserat,</strong></span> <span class='ocrx_word' id='word_1_662' title='bbox 3506 3707 3618 3780; x_wconf 62' lang='lat' dir='ltr'><strong>Qui:</strong></span> <span class='ocrx_word' id='word_1_663' title='bbox 3660 3701 3824 3770; x_wconf 64' lang='lat' dir='ltr'><strong>iam”</strong></span> 
     </span>
    </p>
   </div>
   <div class='ocr_carea' id='block_1_97' title="bbox 2340 3791 3822 3871">
    <p class='ocr_par' dir='ltr' id='par_1_97' title="bbox 2340 3791 3822 3871">
     <span class='ocr_line' id='line_1_97' title="bbox 2340 3791 3822 3871; baseline 0.002 -24"><span class='ocrx_word' id='word_1_664' title='bbox 2340 3791 2532 3849; x_wconf 75' lang='lat' dir='ltr'><strong>ellreni</strong></span> <span class='ocrx_word' id='word_1_665' title='bbox 2587 3806 2644 3851; x_wconf 91' lang='lat' dir='ltr'><strong>et</strong></span> <span class='ocrx_word' id='word_1_666' title='bbox 2669 3797 3122 3871; x_wconf 88' lang='lat' dir='ltr'><strong>incircumspecta</strong></span> <span class='ocrx_word' id='word_1_667' title='bbox 3152 3803 3374 3860; x_wconf 84' lang='lat' dir='ltr'><strong>levitate</strong></span> <span class='ocrx_word' id='word_1_668' title='bbox 3409 3797 3592 3858; x_wconf 86' lang='lat' dir='ltr'><strong>involvi</strong></span> <span class='ocrx_word' id='word_1_669' title='bbox 3620 3793 3822 3849; x_wconf 47' lang='lat' dir='ltr'><strong>metuent.</strong></span> 
     </span>
    </p>
   </div>
   <div class='ocr_carea' id='block_1_98' title="bbox 2342 3881 3822 3965">
    <p class='ocr_par' dir='ltr' id='par_1_98' title="bbox 2342 3881 3822 3965">
     <span class='ocr_line' id='line_1_98' title="bbox 2342 3881 3822 3965; baseline 0.005 -24"><span class='ocrx_word' id='word_1_670' title='bbox 2342 3883 2503 3942; x_wconf 86' lang='lat' dir='ltr'><strong>Turci</strong></span> <span class='ocrx_word' id='word_1_671' title='bbox 2535 3904 2665 3961; x_wconf 85' lang='lat' dir='ltr'><strong>ergo</strong></span> <span class='ocrx_word' id='word_1_672' title='bbox 2714 3892 2767 3946; x_wconf 80' lang='lat' dir='ltr'><strong>in</strong></span> <span class='ocrx_word' id='word_1_673' title='bbox 2819 3909 2914 3948; x_wconf 89' lang='lat' dir='ltr'><strong>eos</strong></span> <span class='ocrx_word' id='word_1_674' title='bbox 2945 3895 3218 3965; x_wconf 84' lang='lat' dir='ltr'><strong>inopinate</strong></span> <span class='ocrx_word' id='word_1_675' title='bbox 3247 3899 3434 3964; x_wconf 68' lang='lat' dir='ltr'><strong>effusi,</strong></span> <span class='ocrx_word' id='word_1_676' title='bbox 3488 3889 3706 3964; x_wconf 74' lang='lat' dir='ltr'><strong>quosdam</strong></span> <span class='ocrx_word' id='word_1_677' title='bbox 3743 3881 3822 3935; x_wconf 58' lang='grc' dir='ltr'><strong>ἀπ’</strong></span> 
     </span>
    </p>
   </div>
   <div class='ocr_carea' id='block_1_99' title="bbox 2339 3981 3820 4054">
    <p class='ocr_par' dir='ltr' id='par_1_99' title="bbox 2339 3981 3820 4054">
     <span class='ocr_line' id='line_1_99' title="bbox 2339 3981 3820 4054; baseline 0.009 -20"><span class='ocrx_word' id='word_1_678' title='bbox 2339 3981 2570 4043; x_wconf 83' lang='lat' dir='ltr'><strong>utientes</strong></span> <span class='ocrx_word' id='word_1_679' title='bbox 2602 3985 2911 4054; x_wconf 89' lang='lat' dir='ltr'><strong>reperiunt;</strong></span> <span class='ocrx_word' id='word_1_680' title='bbox 2944 3988 3084 4046; x_wconf 89' lang='lat' dir='ltr'><strong>alios</strong></span> <span class='ocrx_word' id='word_1_681' title='bbox 3136 4007 3244 4046; x_wconf 83' lang='lat' dir='ltr'><strong>non</strong></span> <span class='ocrx_word' id='word_1_682' title='bbox 3294 3992 3458 4048; x_wconf 77' lang='lat' dir='ltr'><strong>modo</strong></span> <span class='ocrx_word' id='word_1_683' title='bbox 3497 3984 3668 4046; x_wconf 65' lang='lat' dir='ltr'><strong>armis,</strong></span> <span class='ocrx_word' id='word_1_684' title='bbox 3697 3983 3820 4030; x_wconf 60' lang='lat' dir='ltr'><strong>ml&quot;</strong></span> 
     </span>
    </p>
   </div>
   <div class='ocr_carea' id='block_1_100' title="bbox 2337 4066 3820 4150">
    <p class='ocr_par' dir='ltr' id='par_1_100' title="bbox 2337 4066 3820 4150">
     <span class='ocr_line' id='line_1_100' title="bbox 2337 4066 3820 4150; baseline 0.008 -20"><span class='ocrx_word' id='word_1_685' title='bbox 2337 4073 2500 4130; x_wconf 88' lang='lat' dir='ltr'><strong>etiam</strong></span> <span class='ocrx_word' id='word_1_686' title='bbox 2551 4079 2724 4133; x_wconf 87' lang='lat' dir='ltr'><strong>nudos</strong></span> <span class='ocrx_word' id='word_1_687' title='bbox 2780 4082 3122 4144; x_wconf 78' lang='lat' dir='ltr'><strong>vestimentis</strong></span> <span class='ocrx_word' id='word_1_688' title='bbox 3184 4085 3492 4148; x_wconf 79' lang='lat' dir='ltr'><strong>inveniunt,</strong></span> <span class='ocrx_word' id='word_1_689' title='bbox 3527 4091 3646 4150; x_wconf 78' lang='lat' dir='ltr'><strong>quos</strong></span> <span class='ocrx_word' id='word_1_690' title='bbox 3683 4066 3820 4142; x_wconf 58' lang='grc' dir='ltr'><strong>Ρπίίθτ</strong></span> 
     </span>
    </p>
   </div>
   <div class='ocr_carea' id='block_1_101' title="bbox 2340 4165 3819 4250">
    <p class='ocr_par' dir='ltr' id='par_1_101' title="bbox 2340 4165 3819 4250">
     <span class='ocr_line' id='line_1_101' title="bbox 2340 4165 3819 4250; baseline 0.001 -30"><span class='ocrx_word' id='word_1_691' title='bbox 2340 4165 2598 4222; x_wconf 89' lang='lat' dir='ltr'><strong>continuo</strong></span> <span class='ocrx_word' id='word_1_692' title='bbox 2624 4171 2741 4224; x_wconf 87' lang='lat' dir='ltr'><strong>neci</strong></span> <span class='ocrx_word' id='word_1_693' title='bbox 2771 4173 3004 4230; x_wconf 89' lang='lat' dir='ltr'><strong>tradunt.</strong></span> <span class='ocrx_word' id='word_1_694' title='bbox 3039 4175 3184 4236; x_wconf 86' lang='lat' dir='ltr'><strong>lnter</strong></span> <span class='ocrx_word' id='word_1_695' title='bbox 3209 4193 3305 4234; x_wconf 86' lang='lat' dir='ltr'><strong>eos</strong></span> <span class='ocrx_word' id='word_1_696' title='bbox 3335 4177 3674 4250; x_wconf 81' lang='lat' dir='ltr'><strong>presbyterum</strong></span> <span class='ocrx_word' id='word_1_697' title='bbox 3695 4171 3819 4250; x_wconf 54' lang='lat' dir='ltr'><strong>ut”</strong></span> 
     </span>
    </p>
   </div>
   <div class='ocr_carea' id='block_1_102' title="bbox 2340 4248 3815 4341">
    <p class='ocr_par' dir='ltr' id='par_1_102' title="bbox 2340 4248 3815 4341">
     <span class='ocr_line' id='line_1_102' title="bbox 2340 4248 3815 4341; baseline 0.005 -31"><span class='ocrx_word' id='word_1_698' title='bbox 2340 4255 2464 4312; x_wconf 90' lang='lat' dir='ltr'><strong>dam</strong></span> <span class='ocrx_word' id='word_1_699' title='bbox 2491 4261 2716 4330; x_wconf 86' lang='lat' dir='ltr'><strong>reperiri</strong></span> <span class='ocrx_word' id='word_1_700' title='bbox 2745 4265 2970 4336; x_wconf 80' lang='lat' dir='ltr'><strong>contigit</strong></span> <span class='ocrx_word' id='word_1_701' title='bbox 3007 4267 3204 4326; x_wconf 83' lang='lat' dir='ltr'><strong>missas</strong></span> <span class='ocrx_word' id='word_1_702' title='bbox 3240 4248 3512 4341; x_wconf 80' lang='lat' dir='ltr'><strong>agentem,</strong></span> <span class='ocrx_word' id='word_1_703' title='bbox 3531 4271 3666 4333; x_wconf 73' lang='lat' dir='ltr'><strong>quem</strong></span> <span class='ocrx_word' id='word_1_704' title='bbox 3685 4248 3815 4318; x_wconf 62' lang='lat' dir='ltr'><strong>MP“</strong></span> 
     </span>
    </p>
   </div>
   <div class='ocr_carea' id='block_1_103' title="bbox 2339 4345 3814 4424">
    <p class='ocr_par' dir='ltr' id='par_1_103' title="bbox 2339 4345 3814 4424">
     <span class='ocr_line' id='line_1_103' title="bbox 2339 4345 3814 4424; baseline 0.012 -18"><span class='ocrx_word' id='word_1_705' title='bbox 2339 4366 2622 4408; x_wconf 86' lang='lat' dir='ltr'><strong>sacrorum</strong></span> <span class='ocrx_word' id='word_1_706' title='bbox 2677 4357 2861 4416; x_wconf 87' lang='lat' dir='ltr'><strong>statim</strong></span> <span class='ocrx_word' id='word_1_707' title='bbox 2905 4360 3246 4422; x_wconf 78' lang='lat' dir='ltr'><strong>confectione</strong></span> <span class='ocrx_word' id='word_1_708' title='bbox 3295 4363 3627 4424; x_wconf 78' lang='lat' dir='ltr'><strong>mortiﬁcant;</strong></span> <span class='ocrx_word' id='word_1_709' title='bbox 3667 4345 3814 4405; x_wconf 58' lang='lat' dir='ltr'><strong>eum</strong></span> 
     </span>
    </p>
   </div>
   <div class='ocr_carea' id='block_1_104' title="bbox 2335 4426 3812 4521">
    <p class='ocr_par' dir='ltr' id='par_1_104' title="bbox 2335 4426 3812 4521">
     <span class='ocr_line' id='line_1_104' title="bbox 2335 4426 3812 4521; baseline -0.009 -21"><span class='ocrx_word' id='word_1_710' title='bbox 2335 4443 2583 4502; x_wconf 86' lang='lat' dir='ltr'><strong>immolat</strong></span> <span class='ocrx_word' id='word_1_711' title='bbox 2629 4448 2772 4518; x_wconf 90' lang='lat' dir='ltr'><strong>Deo,</strong></span> <span class='ocrx_word' id='word_1_712' title='bbox 2830 4451 3008 4521; x_wconf 80' lang='lat' dir='ltr'><strong>ipsum</strong></span> <span class='ocrx_word' id='word_1_713' title='bbox 3062 4457 3316 4513; x_wconf 68' lang='lat' dir='ltr'><strong>eumdem</strong></span> <span class='ocrx_word' id='word_1_714' title='bbox 3368 4467 3539 4513; x_wconf 58' lang='lat' dir='ltr'><strong>col-am</strong></span> <span class='ocrx_word' id='word_1_715' title='bbox 3583 4443 3678 4514; x_wconf 64' lang='lat' dir='ltr'><strong>ejus</strong></span> <span class='ocrx_word' id='word_1_716' title='bbox 3712 4426 3812 4490; x_wconf 75' lang='lat' dir='ltr'><strong>altari</strong></span> 
     </span>
    </p>
   </div>
   <div class='ocr_carea' id='block_1_105' title="bbox 2258 4538 2664 4617">
    <p class='ocr_par' dir='ltr' id='par_1_105' title="bbox 2258 4538 2664 4617">
     <span class='ocr_line' id='line_1_105' title="bbox 2258 4538 2664 4617; baseline 0.015 -28"><span class='ocrx_word' id='word_1_717' title='bbox 2258 4549 2308 4617; x_wconf 72' lang='grc' dir='ltr'><strong><em>υ</em></strong></span> <span class='ocrx_word' id='word_1_718' title='bbox 2336 4538 2664 4595; x_wconf 90' lang='lat' dir='ltr'><strong>sacriﬁcant.</strong></span> 
     </span>
    </p>
   </div>
   <div class='ocr_carea' id='block_1_106' title="bbox 2278 1819 2321 1879">
    <p class='ocr_par' dir='ltr' id='par_1_106' title="bbox 2278 1819 2321 1879">
     <span class='ocr_line' id='line_1_106' title="bbox 2278 1819 2321 1879; baseline 0 0"><span class='ocrx_word' id='word_1_719' title='bbox 2278 1819 2321 1879; x_wconf 87' lang='grc' dir='ltr'><strong>Β</strong></span> 
     </span>
    </p>
   </div>
   <div class='ocr_carea' id='block_1_107' title="bbox 2511 4663 3466 4748">
    <p class='ocr_par' dir='ltr' id='par_1_107' title="bbox 2511 4663 3466 4748">
     <span class='ocr_line' id='line_1_107' title="bbox 2511 4663 3466 4748; baseline 0.008 -24"><span class='ocrx_word' id='word_1_720' title='bbox 2511 4671 2644 4739; x_wconf 72' lang='lat' dir='ltr'><strong>Quae</strong></span> <span class='ocrx_word' id='word_1_721' title='bbox 2676 4671 2803 4728; x_wconf 89' lang='lat' dir='ltr'><strong>ferri</strong></span> <span class='ocrx_word' id='word_1_722' title='bbox 2838 4663 3012 4745; x_wconf 85' lang='lat' dir='ltr'><strong>potuit</strong></span> <span class='ocrx_word' id='word_1_723' title='bbox 3041 4679 3247 4748; x_wconf 86' lang='lat' dir='ltr'><strong>gratior</strong></span> <span class='ocrx_word' id='word_1_724' title='bbox 3275 4678 3466 4742; x_wconf 89' lang='lat' dir='ltr'><strong>hostia,</strong></span> 
     </span>
    </p>
   </div>
   <div class='ocr_carea' id='block_1_108' title="bbox 2511 4757 3624 4837">
    <p class='ocr_par' dir='ltr' id='par_1_108' title="bbox 2511 4757 3624 4837">
     <span class='ocr_line' id='line_1_108' title="bbox 2511 4757 3624 4837; baseline -0.001 -20"><span class='ocrx_word' id='word_1_725' title='bbox 2511 4763 2682 4832; x_wconf 82' lang='lat' dir='ltr'><strong>Qua-tn</strong></span> <span class='ocrx_word' id='word_1_726' title='bbox 2723 4766 2877 4837; x_wconf 85' lang='lat' dir='ltr'><strong>cujus</strong></span> <span class='ocrx_word' id='word_1_727' title='bbox 2907 4767 3136 4825; x_wconf 89' lang='lat' dir='ltr'><strong>Domino</strong></span> <span class='ocrx_word' id='word_1_728' title='bbox 3166 4773 3223 4827; x_wconf 90' lang='lat' dir='ltr'><strong>ﬁt</strong></span> <span class='ocrx_word' id='word_1_729' title='bbox 3246 4788 3374 4829; x_wconf 90' lang='lat' dir='ltr'><strong>caro</strong></span> <span class='ocrx_word' id='word_1_730' title='bbox 3401 4757 3624 4825; x_wconf 72' lang='lat' dir='ltr'><strong>victima?</strong></span> 
     </span>
    </p>
   </div>
   <div class='ocr_carea' id='block_1_109' title="bbox 2510 4854 3680 4934">
    <p class='ocr_par' dir='ltr' id='par_1_109' title="bbox 2510 4854 3680 4934">
     <span class='ocr_line' id='line_1_109' title="bbox 2510 4854 3680 4934; baseline -0.019 -9"><span class='ocrx_word' id='word_1_731' title='bbox 2510 4857 2650 4924; x_wconf 82' lang='lat' dir='ltr'><strong>Quid</strong></span> <span class='ocrx_word' id='word_1_732' title='bbox 2680 4869 2805 4914; x_wconf 90' lang='lat' dir='ltr'><strong>tunc</strong></span> <span class='ocrx_word' id='word_1_733' title='bbox 2837 4863 3000 4917; x_wconf 89' lang='lat' dir='ltr'><strong>corde</strong></span> <span class='ocrx_word' id='word_1_734' title='bbox 3024 4879 3241 4934; x_wconf 88' lang='lat' dir='ltr'><strong>precum</strong></span> <span class='ocrx_word' id='word_1_735' title='bbox 3270 4864 3406 4920; x_wconf 90' lang='lat' dir='ltr'><strong>fudit</strong></span> <span class='ocrx_word' id='word_1_736' title='bbox 3431 4863 3492 4916; x_wconf 88' lang='lat' dir='ltr'><strong>ab</strong></span> <span class='ocrx_word' id='word_1_737' title='bbox 3513 4854 3680 4918; x_wconf 89' lang='lat' dir='ltr'><strong>intimo,</strong></span> 
     </span>
    </p>
   </div>
   <div class='ocr_carea' id='block_1_110' title="bbox 2512 4939 3664 5027">
    <p class='ocr_par' dir='ltr' id='par_1_110' title="bbox 2512 4939 3664 5027">
     <span class='ocr_line' id='line_1_110' title="bbox 2512 4939 3664 5027; baseline -0.003 -25"><span class='ocrx_word' id='word_1_738' title='bbox 2512 4948 2646 5003; x_wconf 89' lang='lat' dir='ltr'><strong>Cum</strong></span> <span class='ocrx_word' id='word_1_739' title='bbox 2677 4952 2864 5021; x_wconf 85' lang='lat' dir='ltr'><strong>grandi</strong></span> <span class='ocrx_word' id='word_1_740' title='bbox 2898 4963 3202 5025; x_wconf 83' lang='lat' dir='ltr'><strong>streperent</strong></span> <span class='ocrx_word' id='word_1_741' title='bbox 3227 4957 3407 5027; x_wconf 71' lang='lat' dir='ltr'><strong>praalia</strong></span> <span class='ocrx_word' id='word_1_742' title='bbox 3429 4939 3664 5008; x_wconf 79' lang='lat' dir='ltr'><strong>classico?</strong></span> 
     </span>
    </p>
   </div>
   <div class='ocr_carea' id='block_1_111' title="bbox 2507 5041 3579 5112">
    <p class='ocr_par' dir='ltr' id='par_1_111' title="bbox 2507 5041 3579 5112">
     <span class='ocr_line' id='line_1_111' title="bbox 2507 5041 3579 5112; baseline -0.001 -16"><span class='ocrx_word' id='word_1_743' title='bbox 2507 5041 2754 5097; x_wconf 80' lang='lat' dir='ltr'><strong>Victores</strong></span> <span class='ocrx_word' id='word_1_744' title='bbox 2786 5042 3051 5112; x_wconf 86' lang='lat' dir='ltr'><strong>lacerant,</strong></span> <span class='ocrx_word' id='word_1_745' title='bbox 3083 5063 3232 5104; x_wconf 91' lang='lat' dir='ltr'><strong>arma</strong></span> <span class='ocrx_word' id='word_1_746' title='bbox 3263 5046 3579 5104; x_wconf 86' lang='lat' dir='ltr'><strong>retinuiunt:</strong></span> 
     </span>
    </p>
   </div>
   <div class='ocr_carea' id='block_1_112' title="bbox 2506 5129 3502 5212">
    <p class='ocr_par' dir='ltr' id='par_1_112' title="bbox 2506 5129 3502 5212">
     <span class='ocr_line' id='line_1_112' title="bbox 2506 5129 3502 5212; baseline 0.003 -26"><span class='ocrx_word' id='word_1_747' title='bbox 2506 5129 2740 5187; x_wconf 77' lang='lat' dir='ltr'><strong>Mmrens</strong></span> <span class='ocrx_word' id='word_1_748' title='bbox 2761 5135 3001 5190; x_wconf 81' lang='lat' dir='ltr'><strong>exululat</strong></span> <span class='ocrx_word' id='word_1_749' title='bbox 3041 5142 3195 5196; x_wconf 91' lang='lat' dir='ltr'><strong>turba</strong></span> <span class='ocrx_word' id='word_1_750' title='bbox 3225 5141 3502 5212; x_wconf 78' lang='lat' dir='ltr'><strong>fugacium.</strong></span> 
     </span>
    </p>
   </div>
   <div class='ocr_carea' id='block_1_113' title="bbox 2506 5223 3520 5307">
    <p class='ocr_par' dir='ltr' id='par_1_113' title="bbox 2506 5223 3520 5307">
     <span class='ocr_line' id='line_1_113' title="bbox 2506 5223 3520 5307; baseline 0.012 -31"><span class='ocrx_word' id='word_1_751' title='bbox 2506 5223 2644 5279; x_wconf 85' lang='lat' dir='ltr'><strong>Aras</strong></span> <span class='ocrx_word' id='word_1_752' title='bbox 2673 5225 2936 5282; x_wconf 89' lang='lat' dir='ltr'><strong>ambierat</strong></span> <span class='ocrx_word' id='word_1_753' title='bbox 2971 5233 3253 5305; x_wconf 88' lang='lat' dir='ltr'><strong>presbyter</strong></span> <span class='ocrx_word' id='word_1_754' title='bbox 3281 5238 3520 5307; x_wconf 89' lang='lat' dir='ltr'><strong>optimus,</strong></span> 
     </span>
    </p>
   </div>
   <div class='ocr_carea' id='block_1_114' title="bbox 2507 5317 3620 5392">
    <p class='ocr_par' dir='ltr' id='par_1_114' title="bbox 2507 5317 3620 5392">
     <span class='ocr_line' id='line_1_114' title="bbox 2507 5317 3620 5392; baseline 0.004 -21"><span class='ocrx_word' id='word_1_755' title='bbox 2507 5317 2988 5392; x_wconf 86' lang='lat' dir='ltr'><strong>Complectensque</strong></span> <span class='ocrx_word' id='word_1_756' title='bbox 3020 5324 3114 5381; x_wconf 86' lang='lat' dir='ltr'><strong>Dei</strong></span> <span class='ocrx_word' id='word_1_757' title='bbox 3137 5343 3291 5384; x_wconf 86' lang='lat' dir='ltr'><strong>sacra</strong></span> <span class='ocrx_word' id='word_1_758' title='bbox 3319 5325 3620 5385; x_wconf 85' lang='lat' dir='ltr'><strong>medullitus:</strong></span> 
     </span>
    </p>
   </div>
   <div class='ocr_carea' id='block_1_115' title="bbox 2502 5410 3553 5490">
    <p class='ocr_par' dir='ltr' id='par_1_115' title="bbox 2502 5410 3553 5490">
     <span class='ocr_line' id='line_1_115' title="bbox 2502 5410 3553 5490; baseline 0.008 -25"><span class='ocrx_word' id='word_1_759' title='bbox 2502 5410 2648 5480; x_wconf 84' lang='lat' dir='ltr'><strong>Jesu,</strong></span> <span class='ocrx_word' id='word_1_760' title='bbox 2688 5414 2842 5480; x_wconf 83' lang='lat' dir='ltr'><strong>dixit,</strong></span> <span class='ocrx_word' id='word_1_761' title='bbox 2881 5418 3010 5472; x_wconf 87' lang='lat' dir='ltr'><strong>ades</strong></span> <span class='ocrx_word' id='word_1_762' title='bbox 3046 5422 3374 5490; x_wconf 69' lang='lat' dir='ltr'><strong>praesidium,</strong></span> <span class='ocrx_word' id='word_1_763' title='bbox 3399 5424 3553 5481; x_wconf 87' lang='lat' dir='ltr'><strong>bone;</strong></span> 
     </span>
    </p>
   </div>
   <div class='ocr_carea' id='block_1_116' title="bbox 2502 5505 3612 5588">
    <p class='ocr_par' dir='ltr' id='par_1_116' title="bbox 2502 5505 3612 5588">
     <span class='ocr_line' id='line_1_116' title="bbox 2502 5505 3612 5588; baseline 0 -26"><span class='ocrx_word' id='word_1_764' title='bbox 2502 5505 2635 5562; x_wconf 90' lang='lat' dir='ltr'><strong>Cum</strong></span> <span class='ocrx_word' id='word_1_765' title='bbox 2668 5517 2718 5563; x_wconf 92' lang='lat' dir='ltr'><strong>te</strong></span> <span class='ocrx_word' id='word_1_766' title='bbox 2737 5508 2849 5577; x_wconf 89' lang='lat' dir='ltr'><strong>jam</strong></span> <span class='ocrx_word' id='word_1_767' title='bbox 2876 5519 3086 5568; x_wconf 86' lang='lat' dir='ltr'><strong>teneam</strong></span> <span class='ocrx_word' id='word_1_768' title='bbox 3116 5529 3238 5586; x_wconf 86' lang='lat' dir='ltr'><strong>spes</strong></span> <span class='ocrx_word' id='word_1_769' title='bbox 3265 5527 3440 5588; x_wconf 86' lang='lat' dir='ltr'><strong>pereat</strong></span> <span class='ocrx_word' id='word_1_770' title='bbox 3465 5513 3612 5581; x_wconf 73' lang='lat' dir='ltr'><strong>ﬁtng</strong></span> 
     </span>
    </p>
   </div>
   <div class='ocr_carea' id='block_1_117' title="bbox 2501 5597 3528 5674">
    <p class='ocr_par' dir='ltr' id='par_1_117' title="bbox 2501 5597 3528 5674">
     <span class='ocr_line' id='line_1_117' title="bbox 2501 5597 3528 5674; baseline 0.014 -22"><span class='ocrx_word' id='word_1_771' title='bbox 2501 5597 2730 5670; x_wconf 82' lang='lat' dir='ltr'><strong>Juugam</strong></span> <span class='ocrx_word' id='word_1_772' title='bbox 2773 5614 3032 5672; x_wconf 88' lang='lat' dir='ltr'><strong>perpetuo</strong></span> <span class='ocrx_word' id='word_1_773' title='bbox 3053 5605 3166 5674; x_wconf 87' lang='lat' dir='ltr'><strong>jam</strong></span> <span class='ocrx_word' id='word_1_774' title='bbox 3201 5611 3294 5664; x_wconf 91' lang='lat' dir='ltr'><strong>tibi</strong></span> <span class='ocrx_word' id='word_1_775' title='bbox 3328 5609 3528 5667; x_wconf 72' lang='lat' dir='ltr'><strong>fmdera.</strong></span> 
     </span>
    </p>
   </div>
   <div class='ocr_carea' id='block_1_118' title="bbox 2504 5690 3622 5770">
    <p class='ocr_par' dir='ltr' id='par_1_118' title="bbox 2504 5690 3622 5770">
     <span class='ocr_line' id='line_1_118' title="bbox 2504 5690 3622 5770; baseline -0.002 -26"><span class='ocrx_word' id='word_1_776' title='bbox 2504 5690 2734 5747; x_wconf 89' lang='lat' dir='ltr'><strong>Occidor</strong></span> <span class='ocrx_word' id='word_1_777' title='bbox 2763 5710 2775 5746; x_wconf 87' lang='lat'><strong>:</strong></span> <span class='ocrx_word' id='word_1_778' title='bbox 2812 5711 3036 5768; x_wconf 87' lang='lat' dir='ltr'><strong>perages</strong></span> <span class='ocrx_word' id='word_1_779' title='bbox 3067 5709 3265 5770; x_wconf 84' lang='lat' dir='ltr'><strong>coepta,</strong></span> <span class='ocrx_word' id='word_1_780' title='bbox 3295 5703 3448 5770; x_wconf 86' lang='lat' dir='ltr'><strong>Deus,</strong></span> <span class='ocrx_word' id='word_1_781' title='bbox 3477 5703 3622 5750; x_wconf 86' lang='lat' dir='ltr'><strong>sacra.</strong></span> 
     </span>
    </p>
   </div>
   <div class='ocr_carea' id='block_1_119' title="bbox 2395 5791 3785 5905">
    <p class='ocr_par' dir='ltr' id='par_1_119' title="bbox 2395 5791 3785 5905">
     <span class='ocr_line' id='line_1_119' title="bbox 2395 5791 3785 5905; baseline -0.02 -5"><span class='ocrx_word' id='word_1_782' title='bbox 2395 5821 2465 5877; x_wconf 72' lang='grc' dir='ltr'><strong>Αί</strong></span> <span class='ocrx_word' id='word_1_783' title='bbox 2489 5836 2616 5880; x_wconf 60' lang='lat' dir='ltr'><strong>vero</strong></span> <span class='ocrx_word' id='word_1_784' title='bbox 2660 5824 2706 5882; x_wconf 77' lang='lat' dir='ltr'><strong>Si</strong></span> <span class='ocrx_word' id='word_1_785' title='bbox 2737 5839 2828 5900; x_wconf 82' lang='lat' dir='ltr'><strong>qtu</strong></span> <span class='ocrx_word' id='word_1_786' title='bbox 2855 5829 3088 5892; x_wconf 82' lang='lat' dir='ltr'><strong>evadere</strong></span> <span class='ocrx_word' id='word_1_787' title='bbox 3123 5840 3434 5905; x_wconf 67' lang='lat' dir='ltr'><strong>potuerunt,</strong></span> <span class='ocrx_word' id='word_1_788' title='bbox 3453 5820 3682 5887; x_wconf 69' lang='lat' dir='ltr'><strong>‘Ciriune</strong></span> <span class='ocrx_word' id='word_1_789' title='bbox 3708 5791 3785 5860; x_wconf 61' lang='lat' dir='ltr'><strong>&quot;ibi</strong></span> 
     </span>
    </p>
   </div>
  </div>
