4012 6346
136 312 265 374 ’109

1203 311 1429 371 GESTA
1456 310 1577 373 DEI
1602 311 1738 371 PER
1770 310 2109 373 FRANCOS.
2146 343 2216 357 —-
2241 307 2371 369 LIB.
2404 308 2468 370 II.

3336 316 3445 387 7l0

141 446 281 493 sese
345 426 613 503 fugientes
683 428 944 487 inferunt.
1004 429 1175 493 Alios,
1240 446 1379 501 quos
1431 432 1570 487 tueri
1625 432 1750 503 fuga
1785 430 1951 498 ACui
1995 430 2291 487 secundum
2323 429 2591 497 divinum,
2636 442 2669 486 a
2711 443 2817 500 quo
2855 431 3185 500 intuebatur,
3236 432 3441 491 instin-

144 543 267 586 non
306 526 495 589 valuit,
534 525 889 596 praecipitium
939 527 1105 580 maris
1160 527 1457 589 absorbuit,
1501 526 1625 580 dum
1668 542 1753 582 sa-

147 618 272 673 tius
297 620 379 673 eis
410 628 494 673 est
526 629 751 672 mortem
782 620 998 690 eligere.
1034 636 1193 689 quam
1228 618 1477 673 inferenti
1512 636 1755 675 succum-

145 712 326 767 bere.
372 712 474 767 Alii
511 723 763 767 montana
795 722 1035 782 petentes
1069 712 1464 767 fovebanturin
1502 714 1752 782 rupibus;

145 804 250 858 alii
288 806 552 860 delituere
585 821 681 874 per
720 805 903 859 silvas.
934 804 1043 860 Nec
1074 823 1242 867 mora,
1272 804 1454 869 Turci,
1489 807 1758 877 correptis

142 897 245 952 his
299 908 398 951 aut
449 897 652 967 punitis
696 914 834 967 quos
866 906 1017 952 extra
1070 909 1404 969 repererant,
1436 914 1529 953 eos
1569 915 1757 970 aggre-

142 989 415 1055 diuntur,
466 1000 520 1044 et
580 991 863 1046 obsidione
918 990 1246 1045 concludunt
1291 993 1381 1061 qui
1413 992 1463 1045 in
1514 1001 1755 1047 castrum

140 1083 544 1155 confuggrant,
596 1084 647 1138 in
679 1093 903 1145 tantum,
961 1091 1018 1138 ut
1061 1084 1126 1138 ad
1153 1084 1581 1139 succendendum
1616 1084 1754 1139 idem

142 1177 453 1245 castellum
516 1179 659 1248 tigna
711 1178 1095 1233 conveherent.
1130 1178 1334 1244 Quibus
1383 1177 1634 1247 deinceps
1681 1176 1754 1230 hii

143 1273 255 1341 qui
308 1270 702 1325 obsidebantur
745 1271 922 1340 ignem
972 1268 1263 1337 subjiciunt
1292 1280 1367 1330 et,
1404 1270 1512 1323 Deo
1551 1270 1752 1340 judice,

143 1364 293 1419 dum
325 1378 419 1418 eos
447 1363 537 1431 qui
564 1363 707 1417 intus
732 1373 886 1415 erant
921 1360 1081 1416 Turci
1114 1364 1379 1416 testimanl
1404 1378 1755 1417 concreman-

144 1455 287 1518 dos,
328 1464 435 1507 tota
483 1455 563 1507 vis
607 1454 808 1523 ignium
842 1456 1111 1508 concessit
1157 1455 1208 1508 in
1240 1455 1463 1519 Turcos,
1498 1465 1551 1510 et
1578 1472 1647 1510 ex
1675 1457 1755 1510 eis

146 1545 508 1613 COtlSlltllpSll
562 1544 806 1614 aliquos;
855 1546 1156 1601 nullatenus
1208 1558 1385 1602 autem
1445 1558 1753 1603 nostrorum

144 1637 355 1707 attigit
406 1635 558 1690 ullos.
606 1636 938 1692 lnstantibus
986 1639 1179 1693 deinde
1230 1640 1352 1703 illis,
1405 1642 1752 1712 municipium

146 1730 422 1798 capitur;
476 1729 604 1794 vivi,
639 1746 774 1798 quos
804 1730 1141 1801 quaerebant,
1176 1735 1750 1802 cemprehenduntnr;

1861 532 2030 588 etum,
2075 520 2340 575 mirabilis
2371 536 2533 592 super
2564 522 2667 578 hoc
2691 526 3039 595 postmodum
3068 529 3443 596 opportunitas

1860 616 2063 670 arrisit.

1932 706 2067 761 Tres
2099 706 2283 776 itaque
2338 706 2398 773 ii,
2450 726 2568 763 max
2596 712 2698 766 mis
2750 727 2883 782 quos
2936 708 3206 766 habebant
3258 711 3441 779 oblitis

1861 799 2180 868 honoribus,
2241 816 2550 871 perrexere.
2597 803 2702 858 Sed
2758 819 2866 874 quo
2918 802 3129 858 czeteris
3182 801 3444 860 fratribus

1863 894 2203 963 prudentior,
2251 910 2316 949 eo
2349 896 2566 947 Cmb-fri
2615 912 2678 949 tis
2727 898 2833 949 dux
2871 898 3078 952 exstitit
3126 897 3313 952 militia
3345 914 3445 952 nu-

1859 987 2157 1043 merosiore
2226 988 2517 1057 potentior.
2568 988 2705 1043 Huic
2767 990 3081 1058 adjungitnr
3150 990 3444 1048 Baltluiuus

1859 1097 2042 1136 comes
2077 1083 2141 1137 de
2171 1082 2465 1145 Montibus,
2500 1082 2791 1137 Rothherti
2832 1083 3184 1139 Flandrensis
3231 1085 3445 1147 comitis

1856 1173 2091 1242 junioris
2116 1176 2293 1243 patrui
2325 1174 2483 1229 (ilius.
2520 1175 2654 1230 Cum
2686 1174 2848 1229 nobili
2878 1176 3040 1244 igitur
3066 1192 3245 1231 rerum
3274 1193 3442 1247 eque-

1864 1268 2057 1321 strimu
2090 1284 2279 1336 pompa
2311 1278 2362 1320 et
2394 1267 2674 1337 Spectabili
2722 1266 3150 1324 fortissimorum
3184 1268 3444 1335 juvenum

1858 1357 2186 1426 frequentia,
2216 1358 2591 1428 llungarorum
2647 1359 3023 1429 ingrediuntur
3073 1368 3314 1423 terram;
3350 1360 3451 1414 ha-

1858 1450 2048 1505 bentes
2082 1460 2260 1504 tamen
2294 1467 2440 1517 eam,
2477 1468 2636 1521 quam
2669 1451 2861 1507 Petrus
2895 1462 3078 1506 tenere
3111 1469 3215 1507 non
3250 1452 3444 1519 valuit,

1858 1560 1987 1615 erga
2016 1560 2143 1597 suos
2182 1544 2381 1599 milites
2408 1546 2745 1615 disciplinam
2774 1562 2789 1610 ;
2836 1555 2891 1600 et
2922 1547 3130 1600 duolus
3181 1556 3303 1599 ante
3336 1545 3445 1599 Do-

1860 1638 1989 1691 mini
2052 1636 2241 1691 Natale
2300 1639 2533 1702 dicbus,
2589 1638 2747 1707 primi
2800 1647 2926 1692 ante
2975 1652 3164 1693 onmes
3200 1636 3447 1695 Francia:

1862 1730 2163 1799 principes,
2227 1731 2415 1789 urbem
2452 1731 2686 1801 attigere
2745 1729 3396 1799 Coitstantinopolitanam
3425 1769 3442 1796 ,

147 1821 440 1889 idemque,
495 1822 570 1873 uti
617 1821 823 1889 pridem
857 1824 920 1876 de
959 1823 1080 1878 aliis
1130 1835 1375 1894 egerant,
1420 1828 1748 1896 dispertiun-
1788 1814 1827 1867 Β
1853 1822 2019 1894 384
2053 1822 2147 1876 sed
2207 1822 2461 1891 hospitali
2495 1833 2622 1877 sunt
2648 1832 2802 1877 extra
2844 1822 3038 1892 ipsam.

151 1923 273 1977 tur,
319 1923 374 1968 et
419 1915 483 1967 ad
531 1930 646 1979 eas,
685 1916 825 1969 unde
856 1916 1039 1971 hostes
1086 1929 1365 1983 venerant,
1421 1923 1749 1989 provincias,

149 2014 432 2073 perpetuo
477 2003 641 2057 futuri
698 2005 935 2069 exsules,
970 2008 1330 2062 destinantur.
1366 2009 1491 2064 Ιιιυο
1526 2021 1582 2065 ιιι
1610 2013 1750 2067 dicta

154 2105 313 2167 sunt.
355 2113 537 2152 mense
561 2107 895 2167 peraguntur
928 2096 1170 2154 Octobri.

236 2193 310 2247 At
370 2194 604 2264 perfidus
652 2194 966 2264 imperator,
998 2206 1277 2267 comperto
1323 2198 1556 2255 fidelium
1589 2202 1755 2258 infor-

159 2284 347 2347 tunio,
406 2300 639 2355 nequam
688 2288 862 2343 elatus
904 2291 1112 2355 laetitia,
1159 2291 1473 2348 facultatem
1527 2293 1756 2347 residuis

155 2372 323 2442 jubet
353 2377 597 2436 attribui.
632 2381 860 2433 transito
890 2381 1141 2436 videlicet
1169 2382 1352 2437 Sancti
1384 2383 1597 2453 Georgii
1628 2383 1757 2437 Bra-

163 2463 314 2528 chio,
375 2464 425 2517 in
468 2465 737 2522 citerioris
776 2467 1001 2524 Gra‘cia:
1056 2479 1239 2540 partes
1286 2472 1515 2541 regredi.
1568 2470 1756 2524 Retro-

163 2570 387 2625 gressos
435 2571 556 2610 cum
608 2559 656 2611 in
707 2575 818 2615 sua:
877 2560 1096 2617 ditionis
1145 2576 1285 2616 terra
1319 2563 1561 2626 vidisset,
1604 2576 1755 2615 arma

165 2659 226 2701 ut
270 2649 370 2704 sibi
401 2651 714 2705 eorumdem
744 2655 1127 2719 venderentur,
1172 2655 1293 2727 jure
1316 2654 1428 2723 jam
1463 2654 1758 2709 necessita-

166 2742 259 2808 tis,
292 2744 483 2815 exigit.
506 2744 749 2800 (Iomitia:
780 2744 924 2799 Petri
957 2745 1206 2800 Eremitae
1252 2746 1373 2800 talis
1407 2746 1507 2800 fuit
1534 2745 1753 2801 exitus:

168 2835 325 2904 Cujus
374 2838 653 2892 historiam
696 2839 815 2893 ideo
858 2839 976 2893 sine
1029 2839 1253 2894 alterius
1299 2841 1537 2895 materia:
1586 2841 1756 2894 inter-

166 2930 318 2983 stitio
365 2932 634 3001 prosecuti
669 2947 878 2996 sumus,
921 2941 977 2986 ut
1011 2949 1131 2987 eatn
1167 2932 1290 2987 aliis
1324 2932 1523 2987 nullam
1552 2934 1757 3004 impen-

168 3024 314 3079 disse
359 3039 539 3093 opem,
586 3025 680 3080 sed
730 3023 920 3080 Turcis
968 3026 1240 3081 addidisse
1277 3026 1556 3081 audaciam
1605 3044 1757 3082 mou-

165 3129 488 3173 straremus.
540 3117 693 3181 Nunc
723 3119 908 3190 itaque
940 3120 1007 3176 ad
1049 3136 1144 3176 eos
1189 3137 1325 3190 quos
1374 3122 1753 3187 omiseramus,

166 3210 261 3281 qui
305 3211 539 3278 eadem,
599 3228 705 3283 qua
768 3211 960 3269 Petrus
1016 3224 1404 3284 praecesserat,
1481 3216 1756 3270 subsecuti

163 3311 295 3357 sunt
357 3303 474 3371 via,
530 3304 622 3360 sed
671 3303 830 3376 longe
882 3303 1110 3362 feliciori
1164 3306 1463 3372 modestia,
1522 3315 1758 3364 reverta-

160 3410 309 3450 mur.

783 3488 1009 3545 CAPUT
1047 3489 1138 3550 VI.

240 3580 438 3654 [XIL]
481 3582 555 3638 De
604 3580 917 3654 Godefrido,
943 3585 1032 3656 qui
1071 3586 1275 3640 duobus
1326 3603 1444 3641 cum
1476 3586 1754 3656 fratribus,

161 3675 555 3747 Jerosolymam
588 3676 760 3732 valido
803 3679 1031 3733 exercitu
1063 3681 1291 3749 conﬂato
1329 3683 1514 3752 pergit.
1539 3713 1610 3724 —-
1638 3683 1755 3738 Dux

161 3765 520 3833 Godefiidus,
553 3767 830 3822 Eustachii
892 3756 1296 3825 Bolonieusium
1337 3773 1549 3829 comitis
1592 3776 1750 3842 filius,

165 3860 307 3913 duos
341 3861 528 3913 habttit
560 3863 774 3925 fratres,
809 3862 1155 3927 Balduinum,
1192 3865 1282 3934 qui
1321 3865 1608 3922 Edessena:
1636 3868 1754 3925 urbi

164 3951 404 4022 pt“£ltlll,
445 3962 499 4007 et
538 3964 661 4024 post
698 3955 870 4024 ipsum
920 3954 1165 4021 fratrem,
1198 3972 1290 4011 rex
1316 3958 1539 4014 effectus
1567 3959 1755 4015 Hiero-

167 4046 414 4115 solymte,
467 4063 609 4101 nunc
659 4063 826 4117 usque
877 4060 1092 4119 regnat;
1144 4059 1200 4104 et
1262 4051 1612 4108 Eustachium
1662 4054 1754 4123 qui

168 4148 399 4207 paterno
427 4140 704 4193 comitatui
739 4150 950 4210 praeest.
987 4142 1048 4195 lli
1082 4152 1288 4214 patrem
1329 4144 1634 4201 habuerunt
1662 4163 1754 4217 po-

172 4237 400 4295 tentem,
427 4239 478 4284 et
509 4232 787 4285 surcularis
830 4233 1028 4303 ingenii
1070 4234 1243 4289 virmn
1271 4252 1286 4298 ;
1326 4237 1418 4291 sed
1445 4247 1498 4291 et
1524 4247 1752 4293 matrem

174 4322 374 4376 litteris
418 4324 656 4393 quidem,
705 4326 806 4379 nisi
840 4324 1020 4390 fallor,
1052 4330 1344 4393 eruditatn,
1376 4339 1429 4383 et
1458 4346 1523 4385 ex
1553 4331 1754 4387 Lotha-

174 4414 347 4485 ringis
400 4415 633 4486 ingenue
694 4418 983 4473 admodum
1030 4421 1341 4487 oriundum,
1395 4423 1486 4477 sed
1538 4423 1755 4492 potissi-

1930 1915 1993 1967 At
2027 1913 2269 1983 perfidus
2315 1914 2610 1983 imperatur
2651 1914 2891 1979 territus,
2940 1913 3124 1969 audito
3159 1913 3445 1969 clarissimi

1859 2006 2012 2061 ducis
2073 2007 2329 2069 adventu,
2374 2008 2565 2062 detulit
2616 2008 2665 2063 ei
2715 2008 3097 2071 reverentiam,
3146 2010 3241 2063 sed
3287 2009 3445 2062 minis

1857 2099 2219 2166 extortitiam,
2259 2100 2505 2168 praebens
2532 2101 2582 2155 ei
2623 2117 2720 2171 pro
2749 2102 3041 2165 mentibus,
3083 2103 3133 2156 in
3168 2102 3336 2171 burgo
3366 2103 3447 2155 vi-

1859 2192 2051 2251 delicet
2097 2194 2268 2256 ttrbis,
2302 2194 2680 2249 commanendi
2718 2194 3015 2248 licentiam.
3056 2193 3299 2263 Hospitio
3344 2194 3449 2248 ita-

1859 2301 1963 2353 que
2004 2287 2069 2338 ad
2120 2286 2405 2355 imperium
2454 2288 2797 2356 imperatoris
2838 2296 3090 2356 accepto,
3124 2286 3189 2339 ad
3230 2296 3446 2341 contra-

1862 2379 2071 2433 bendas
2125 2379 2487 2448 undecunque
2555 2380 2742 2450 paleas
2800 2381 3062 2449 equisque
3118 2379 3439 2442 necessaria,

1860 2470 1965 2523 dux
1998 2478 2052 2523 et
2090 2469 2293 2538 quique
2339 2485 2588 2537 suorum,
2644 2471 2945 2542 armigeros
2972 2471 3223 2540 proprios
3278 2470 3441 2525 desti-

1861 2562 2082 2615 nabant.
2140 2560 2205 2613 Et
2249 2575 2370 2615 cum
2416 2563 2816 2617 arbitrarentur
2864 2562 3012 2617 licite
3042 2578 3106 2616 ac
3155 2576 3343 2617 secure
3385 2577 3446 2616 se

1860 2655 2169 2710 discurrere
2197 2670 2352 2723 posse
2378 2671 2484 2723 quo
2530 2656 2744 2719 vellent,
2775 2655 2914 2710 clam
2948 2656 3200 2725 princeps
3238 2653 3327 2708 ille
3354 2667 3447 2707 ne-

1860 2751 2173 2819 quissinms,
2207 2753 2290 2806 his
2315 2752 2406 2821 qui
2439 2754 2583 2805 circa
2617 2764 2673 2802 se
2702 2747 3057 2801 versabantur
3102 2746 3354 2817 imperat,
3386 2754 3446 2799 ut

1869 2843 2023 2897 ducis
2057 2844 2355 2907 ministros,
2407 2855 2729 2912 quocunque
2759 2840 3055 2908 pervadere
3086 2848 3319 2905 possunt.
3362 2836 3447 2890 in-

1861 2934 2177 2992 differenter
2229 2935 2560 2991 occiderent.
2620 2932 2772 2999 Quod
2818 2930 2908 2985 ubi
2959 2928 3247 2993 Balduino,
3293 2928 3446 2983 ducis

1863 3027 2016 3083 fratri
2058 3038 2394 3099 compertmn
2426 3036 2531 3090 est,
2584 3023 2829 3080 obtendit
2884 3021 3147 3086 insidias;
3208 3027 3263 3075 et
3321 3032 3449 3073 cum

1862 3136 1988 3176 suos
2018 3121 2310 3190 reperisset
2337 3115 2810 3186 Turcopolitarum
2840 3111 3095 3167 violentia
3134 3107 3440 3170 .molestari,

1861 3213 2122 3269 acerrime
2151 3228 2270 3276 eos,
2297 3210 2377 3265 uti
2415 3209 2656 3269 decebat,
2689 3204 3006 3276 aggreditur
3040 3221 3052 3256 :
3083 3211 3139 3258 et
3167 3202 3276 3257 Deo
3322 3213 3447 3269 pro-

1862 3315 2113 3376 sperante
2160 3315 2306 3361 tanta
2350 3303 2572 3358 victoria
2609 3301 2833 3372 potitur,
2864 3306 2924 3353 ut
2963 3312 3031 3351 ex
3062 3296 3142 3351 eis
3164 3293 3446 3361 sexaginta

1864 3398 2275 3466 comprehensis
2324 3395 2520 3465 partim
2565 3390 2849 3454 occiderit,
2892 3388 3092 3457 partim
3127 3386 3249 3441 duci
3288 3382 3443 3441 fratri

1859 3490 2139 3545 obtulerit.
2182 3489 2305 3544 llaec
2347 3490 2413 3543 ad
2463 3486 2612 3558 impii
2644 3483 2990 3554 imperatoris
3037 3480 3126 3536 ubi
3167 3480 3436 3535 devenere

1858 3582 2128 3645 notitiam,
2162 3579 2327 3634 nmlta
2357 3575 2827 3632 animadversione
2859 3580 3159 3645 torquetur.
3190 3569 3306 3636 Quo
3328 3567 3447 3637 ejus

1859 3680 2007 3727 motu
2064 3671 2272 3725 cautior
2299 3670 2399 3725 sibi
2459 3667 2700 3723 redditus
2737 3665 2867 3729 dux,
2915 3664 3086 3733 hurgo
3134 3659 3302 3722 urbis.
3336 3673 3444 3727 quo

1864 3775 2227 3829 successerat,
2269 3764 2455 3829 cessit,
2503 3770 2557 3817 et
2583 3770 2738 3814 extra
2772 3758 2906 3813 lines
2952 3756 3069 3827 ejus
3100 3764 3272 3809 castra
3306 3752 3461 3823 ﬁgit..

1856 3859 1924 3921 At
1968 3858 2245 3928 princeps,
2299 3855 2433 3909 illati
2459 3854 2662 3909 doloris
2688 3866 2792 3905 non
2831 3850 3136 3908 immemor,
3181 3860 3302 3899 cum
3330 3844 3445 3899 dies

1856 3961 1999 4006 esset
2037 3952 2260 4005 acclinis
2310 3952 2374 4004 ad
2429 3967 2733 4021 vesperum,
2771 3950 2980 4003 directo
3031 3962 3094 4000 eo
3144 3958 3304 4013 quem
3351 3955 3441 3994 co-

1856 4060 1983 4113 gere
2039 4053 2249 4113 poterat
2296 4044 2566 4107 exercitu,
2628 4042 2817 4096 ducem
2860 4056 2985 4095 eum
3033 4054 3127 4093 sua
3179 4044 3340 4105 gente
3374 4032 3440 4086 ad

1857 4135 1993 4188 bella
2047 4135 2281 4191 lacessit.
2329 4136 2478 4203 Quos
2508 4137 2616 4189 dux
2655 4133 2961 4191 vehementi
2994 4128 3207 4198 excepit
3238 4128 3446 4181 instan-

1860 4227 1953 4293 tia,
1990 4238 2047 4283 ct
2076 4229 2129 4282 in
2163 4228 2340 4297 fugam
2386 4230 2591 4300 pulses,
2638 4226 3011 4299 persequendo
3035 4223 3211 4292 coegit
3258 4221 3310 4273 in
3356 4234 3445 4271 ur-

1856 4321 2003 4385 bem.
2048 4330 2364 4391 septemque
2406 4322 2638 4393 peremit
2682 4334 2890 4376 eorum.
2944 4317 3039 4371 llis
3088 4316 3160 4368 ita
3214 4312 3445 4365 feliciter

1860 4411 2000 4467 actis
2032 4412 2139 4466 dux
2185 4414 2250 4467 ad
2284 4429 2380 4468 sua
2421 4423 2601 4467 castra
2630 4412 2808 4473 rediit,
2840 4426 2903 4463 ac
2936 4423 3031 4478 per
3057 4406 3300 4475 quinque
3328 4404 3443 4455 dies

178 4522 323 4561 mum
386 4507 620 4577 ingenita
676 4510 1001 4577 serenitate,
1057 4523 1111 4567 et
1161 4530 1353 4583 magna
1407 4528 1532 4585 erga
1586 4515 1753 4571 Deum
1787 4533 1832 4590 υ
1861 4503 2059 4557 resedit
2088 4503 2310 4568 ibidem,
2340 4504 2510 4559 donec
2538 4507 2648 4572 ipse
2679 4503 3080 4590 imperatorque
3105 4494 3441 4590 coal’mdera-

178 4598 338 4651 animi
390 4598 672 4655 devotione
712 4612 1055 4670 praestantem
1092 4621 1103 4657 :
1153 4602 1309 4673 cujus
1346 4605 1569 4660 diutina:
1627 4606 1755 4669 reli-

181 4690 321 4761 gioni
368 4700 474 4745 tam
516 4694 893 4763 spectabilium
947 4694 1304 4762 debebantur,
1350 4709 1409 4753 ut
1459 4700 1755 4765 credimus,

182 4782 369 4853 gaudia
400 4784 653 4840 liliorum.
696 4786 775 4841 llli
811 4788 987 4856 plane,
1022 4791 1088 4843 de
1133 4805 1241 4860 quo
1270 4790 1415 4861 loqui
1452 4792 1756 4857 adoriatur,

183 4876 490 4957 Godelrido,
525 4894 591 4932 ex
624 4892 865 4934 materna
892 4880 1205 4935 luereditate
1237 4886 1374 4953 apud
1402 4882 1757 4955 Lotharingos

186 4973 405 5026 ducatus
431 4974 833 5029 accesserat.ﬂi
860 4985 994 5039 tres,
1012 4991 1040 5030 a
1063 4976 1603 5047 matrisnequaquam
1622 4980 1724 5034 sim

184 5062 414 5132 plicitatc
438 5064 751 5135 degeneres,
775 5082 896 5120 cum
923 5068 1084 5120 multa
1117 5084 1389 5123 armorum
1422 5070 1615 5138 gloria,
1647 5081 1757 5123 tum

187 5157 441 5210 modestia
495 5175 601 5213 non
654 5161 862 5214 minore
911 5160 1231 5216 floruerunt.
1275 5163 1493 5217 Solebat
1534 5178 1759 5219 narrare

188 5242 414 5312 gloriosa
446 5245 662 5311 mulier,
698 5263 820 5301 cum
872 5248 1029 5317 hujus
1077 5246 1423 5316 profectionis
1450 5250 1653 5303 exitum
1703 5259 1759 5304 et

189 5330 411 5385 filiorum
462 5349 684 5387 suorum
735 5336 1022 5387 miraretur
1072 5345 1344 5401 eventum,
1388 5336 1655 5405 quoddam
1701 5352 1759 5390 se

188 5421 397 5474 audisse
440 5436 505 5473 ex
559 5437 652 5474 ore
704 5420 797 5475 lilii
854 5424 1004 5477 ducis
1046 5426 1150 5476 tate
1206 5425 1548 5492 priusagium,
1594 5423 1759 5478 multo

188 5522 469 5580 antequam
532 5513 684 5566 fieret
748 5514 963 5584 aliquod
1020 5514 1475 5585 peregrinationis
1526 5514 1757 5567 initium.

188 5594 404 5664 Dicebat
451 5627 681 5680 namque
722 5626 779 5664 se
830 5610 1137 5664 desiderare
1181 5610 1450 5680 proficisci
1509 5608 1761 5663 Hieroso-

186 5706 404 5778 lymam,
453 5717 506 5760 et
564 5710 663 5760 hoc
692 5723 795 5759 non
828 5706 1163 5776 simpliciter,
1235 5715 1293 5760 ιιι
1339 5706 1462 5773 alii,
1511 5708 1603 5762 sed
1638 5723 1760 5762 cum

186 5784 435 5854 violentia
465 5799 760 5870 exercitus,
806 5800 851 5854 si
880 5798 980 5856 sibi
1005 5800 1161 5871 copia
1193 5810 1529 5872 suppeteret,
1560 5801 1759 5873 magni.

1866 4604 2054 4647 rentur
2085 4594 2150 4647 ad
2193 4610 2399 4663 pacem.
2436 4594 2539 4649 Sed
2568 4593 2669 4649 sibi
2712 4586 2931 4646 timidus
2964 4592 3216 4658 prillCt‘PS
3259 4582 3443 4655 9‘93“

1861 4703 1888 4740 a
1916 4686 2051 4743 duce
2084 4687 2321 4748 monitis,
2349 4696 2404 4740 ut
2455 4686 2640 4742 Sancti
2666 4684 2882 4755 Georgii
2924 4682 3212 4737 Brachium
3260 4688 3442 4733 trans-

1863 4776 1987 4840 iret,
2041 4776 2314 4845 spondens
2369 4777 2510 4845 quod
2555 4776 2797 4833 omnium
2850 4772 3159 4829 victualium
3210 4768 3442 4841 negotia,

1864 4871 1941 4925 uti
1975 4870 2310 4933 haberentur
2338 4868 2826 4939 Constantinopoli,
2862 4869 2941 4923 eis
2986 4865 3181 4921 deferri
3203 4862 3443 4932 juberet,

1860 4974 1914 5017 ct
1950 4964 2282 5033 pauperibus
2309 4980 2526 5034 quoque
2573 4978 2762 5018 eorum
2814 4962 3211 5031 elcemesynam
3241 4958 3446 5026 impen-

1861 5057 2033 5110 deret.
2065 5055 2216 5124 Quod
2240 5066 2293 5111 et
2328 5057 2532 5111 factum
2561 5065 2661 5109 est.

2473 5146 2699 5205 CAPUT
2741 5146 2849 5200 VII.

1936 5244 1957 5317 [
1994 5243 2175 5317 Xll|.]
2224 5246 2468 5298 Aimarus
2520 5240 2797 5297 Podiensis
2849 5240 3123 5308 episcopus
3166 5233 3353 5303 pietate
3394 5237 3442 5283 et

1862 5340 2081 5393 scientia
2121 5339 2463 5392 clarissimus.
2492 5366 2559 5376 —-—
2588 5334 2857 5402 Quoniam
2889 5330 3055 5399 igitur
3095 5326 3162 5380 de
3199 5324 3333 5378 duce
3362 5320 3446 5375 di-

1861 5434 2039 5488 ximus
2071 5431 2370 5500 cujusmodi
2421 5432 2524 5485 huc
2564 5443 2736 5497 usque
2765 5430 3131 5481 cotnmeatum
3171 5416 3441 5480 habuerit,

1865 5535 2031 5589 restat
2061 5538 2117 5579 ut
2147 5532 2208 5578 at
2245 5524 2520 5578 interioris
2550 5521 2790 5577 Franciw
2832 5532 3087 5590 proceres
3119 5522 3440 5575 redeamus;

1865 5629 1913 5673 et
1940 5620 2027 5685 qui
2063 5618 2281 5673 fuerint.
2308 5632 2479 5686 quave
2502 5616 2858 5685 porrexerint,
2905 5626 3044 5682 quos
3086 5609 3246 5664 etiam
3277 5620 3443 5661 ever;-

1867 5718 1952 5765 tus
1978 5710 2279 5772 habuerint,
2317 5710 2497 5779 aliqua
2528 5726 2592 5763 ex
2634 5718 2786 5778 parte
2816 5719 3117 5778 tangamus.
3165 5700 3443 5758 I’odieusis

1862 5802 2145 5874 episc0pus
2172 5803 2276 5873 vir,
2308 5802 2716 5876 vita,_scien,tia,
2751 5798 3092 5860 documentis
3118 5806 3174 5854 et
3199 5793 3449 5852 militaris
