4012 6346
565 292 663 361 fit

574 404 945 497 dispositionis
989 410 1282 484 sagacitate
1331 408 1636 476 mirandus,

576 494 794 571 suarum
818 507 1049 582 partium
1072 512 1232 577 gente
1259 516 1357 573 per
1382 499 1700 556 Sclavornm
1728 494 2002 567 regionem
2032 506 2157 563 pro-

577 608 743 666 llcisci
774 602 985 675 delegit.
1015 598 1180 668 Cujus
1225 593 1569 659 vocabulum,
1605 591 1734 661 quia
1782 586 2033 660 superius
2071 600 2157 641 me

578 701 826 772 ignorare
854 693 1153 757 dolueram,
1182 706 1279 746 nec
1309 704 1407 760 per
1448 702 1569 743 eam
1600 685 1811 742 discere
1850 681 2020 753 potui,
2063 695 2159 735 cu-

577 793 659 864 jns
702 804 819 845 esse
860 787 1046 841 videor
1095 783 1385 854 interpres,
1417 780 1703 836 historiam
1737 795 1751 832 :
1790 791 1889 847 per
1919 790 2011 829 eos
2042 782 2161 828 tau-

580 883 697 941 dem
726 880 817 952 qui
848 879 901 935 in
951 877 1040 932 illa
1087 874 1432 945 expeditione
1484 887 1607 928 eum
1662 875 1947 932 noverant,
1989 877 2162 933 eoque

577 975 660 1032 usi
692 980 839 1039 sunt,
872 970 1152 1041 attigimus
1179 967 1297 1038 ejus
1329 963 1575 1019 notitiam
1610 958 1948 1017 :vocahatur
1980 965 2161 1011 autem

578 1065 721 1122 idem
753 1062 1024 1134 pretiosus
1050 1060 1159 1124 vir,
1189 1057 1464 1113 Aimarus.

650 1151 855 1227 [ΜΨ]
892 1150 1047 1220 Hugo
1087 1148 1313 1219 Magnus
1360 1142 1868 1201 strenuissimus.——
1894 1139 2037 1194 Inter
2062 1153 2165 1194 ete-

582 1255 734 1304 teros
790 1242 1086 1315 principes,
1146 1239 1360 1294 initium
1413 1236 1542 1290 mihi
1599 1234 1813 1288 videtur
1860 1246 1890 1285 a
1931 1227 2162 1298 Philippi

583 1337 730 1411 regis
756 1334 1089 1391 Francorum
1122 1332 1289 1386 fratre
1324 1328 1548 1400 Hugone
1583 1326 1774 1398 Magno
1800 1324 2118 1380 sumendum
2148 1338 2163 1375 :

588 1431 703 1504 qui,
730 1430 833 1486 etsi
863 1430 930 1484 ab
970 1426 1237 1496 aliquibus
1263 1422 1536 1494 opulentia
1566 1436 1629 1475 ac
1661 1426 1925 1490 potestate
1958 1430 2165 1486 praece-

589 1525 760 1588 ditur,
815 1518 949 1575 nulli
998 1528 1178 1573 tamen
1218 1523 1481 1584 quantum
1526 1512 1593 1566 ad
1652 1510 1917 1580 originem
1958 1514 2169 1576 spectat

588 1627 911 1684 morumque
958 1609 1282 1683 probitatem
1314 1605 1585 1661 secundus
1615 1604 1866 1658 habetur.
1918 1599 2083 1668 Cujus
2116 1598 2168 1652 in

589 1705 758 1763 armis
796 1702 1109 1763 Strenuitas,
1143 1714 1265 1753 cum
1309 1696 1524 1767 generis
1573 1694 1854 1764 majestate
1880 1690 2169 1755 serenitas,

592 1880 891 1952 humilitas,
922 1900 1082 1957 quam
1116 1899 1227 1939 suae
1269 1882 1439 1952 ipsius
1481 1876 1832 1933 nihilominus
1866 1884 2173 1944 temperan-

594 1982 686 2039 tiae
708 1979 994 2037 eondiebat
1019 1978 1301 2040 honestas,
1328 1969 1629 2043 justissime
1656 1966 2004 2039 praedicatur.
2040 1962 2178 2018 Huic

594 2071 813 2145 quidam
840 2082 1126 2142 procerum
1159 2063 1552 2121 innitehantur;
1591 2069 1646 2115 et
1683 2059 1726 2114 si
1756 2056 1882 2127 quid
1914 2054 2175 2111 bellorum

593 2164 716 2237 jure
763 2163 955 2220 evictis
1004 2159 1295 2234 gentilibus
1332 2172 1348 2212 :
1391 2171 1484 2212 eos
1528 2153 1778 2209 obtinere
1818 2148 2177 2221 contingeret,

596 2256 772 2327 ipsum
807 2255 909 2309 sibi
937 2266 1119 2323 regem
1148 2250 1427 2321 praslicere
1452 2244 1875 2301 meditabantur.

672 2346 863 2421 [ΧΨ]
901 2344 1198 2415 Stephanus
1231 2357 1400 2396 comes
1447 2338 1735 2393 ditissimus
1765 2351 1826 2389 ac
1876 2330 2183 2387 liberalissi-

599 2456 741 2496 τηατ.
769 2469 837 2481 -
865 2438 997 2494 Post
1028 2437 1173 2491 hunc
1198 2447 1384 2490 comes
1430 2429 1741 2501 Stephanus
1792 2426 1875 2481 vir
1905 2434 2050 2479 tanta
2085 2437 2184 2494 po-

602 2531 774 2587 tentia
819 2528 1081 2600 praeditus
1134 2524 1363 2588 exstitit,
1412 2530 1470 2575 ut
1497 2519 1641 2575 fama
1671 2525 1902 2574 testetur
1935 2524 2016 2570 tot
2058 2529 2182 2569 eum

602 2621 807 2695 pollere
861 2616 1101 2675 dominio
1155 2613 1522 2675 castellorum,
1572 2618 1707 2680 quot
1746 2623 1919 2663 annus
1970 2613 2186 2662 constat

604 2713 815 2769 honore
852 2709 1101 2765 dierum:
1132 2704 1307 2775 cujus,
1352 2702 1478 2757 dum
1525 2700 1613 2756 hic
1649 2708 1851 2771 ageret,
1898 2697 2185 2751 admodum

605 2802 876 2863 excellens
920 2798 1217 2856 liberalitas
1260 2796 1383 2861 fuit,
1426 2803 1579 2865 grata
1619 2792 1751 2849 satis
1782 2789 2185 2862 personalitas;

607 2893 960 2953 cansiliorutn
985 2905 1116 2947 vero
1141 2889 1499 2957 undecunque
1537 2885 1731 2940 librata
1775 2882 2093 2947 maturitas;
2133 2880 2188 2936 in

610 3006 794 3050 rerum
825 2986 1158 3060 equestrium
1207 2983 1493 3047 industria,
1522 2990 1671 3037 tanta
1715 2966 1998 3034 nobilitate
2043 2975 2188 3049 [al.,

608 3082 944 3156 mobilitate]
991 3080 1363 3153 praeeminuit,
1416 3087 1474 3134 ut
1518 3092 1640 3132 eum
1689 3084 1800 3131 tota
1860 3073 1945 3128 illa
2003 3080 2188 3128 sancta

610 3177 837 3242 militia,
881 3190 1004 3232 cum
1043 3173 1097 3229 in
1129 3172 1410 3244 procinctu
1456 3178 1644 3225 c0ntra
1670 3167 1874 3223 Turcos
1908 3167 2188 3232 existeret,
2217 3144 2263 3207 (ἶ

615 3270 935 3327 dictatorem
967 3266 1069 3322 sibi
1097 3281 1161 3320 ac
1196 3265 1515 3335 magistrum
1559 3261 1795 3317 elliceret
1826 3259 1968 3333 [al.,
1999 3258 2197 3315 effece-

612 3359 760 3435 rit].
794 3359 929 3415 Huic
957 3357 1308 3430 sagacissima
1352 3354 1676 3411 feminarum
1701 3368 1838 3408 uxor
1871 3359 2194 3416 accesserat,

614 3470 736 3526 quae
775 3451 1048 3509 Guilielmi
1079 3451 1310 3508 senioris
1340 3452 1502 3520 regis.
1554 3448 1645 3519 qui
1679 3448 1972 3519 Anglorum
2006 3446 2199 3501 Scoto-

616 3560 847 3612 rumque
881 3545 984 3601 sibi
1027 3560 1190 3615 regna
1223 3544 1455 3614 subegit,
1486 3544 1593 3598 lilia
1632 3542 1805 3597 fuerat
1839 3559 1852 3596 :
1884 3542 2038 3614 cujus
2067 3556 2198 3612 pru-

617 3638 882 3706 dentiam,
934 3636 1383 3702 muniﬁcentiam,
1415 3634 1801 3708 dapsilitatem,
1842 3633 2201 3703 opulentiam-

617 3745 725 3801 que
764 3731 811 3786 si
862 3729 1083 3784 laudare
1139 3726 1389 3790 velimus,
1422 3741 1615 3782 vereor
1657 3742 1726 3781 nc
1753 3726 1871 3780 viro
1916 3723 2202 3795 magniﬁco

618 3823 816 3887 nubem
863 3837 931 3877 ex
979 3822 1232 3887 feminea,
1283 3834 1446 3892 quam
1497 3828 1551 3874 et
1601 3818 1657 3874 in
1688 3818 1953 3873 viduitate
1983 3816 2200 3884 meruit,

619 3911 778 3967 laude
806 3912 1064 3968 feramus.

692 4004 772 4060 De
822 4003 1046 4060 Roberto
1098 4002 1443 4060 Flandrensi.
1521 4000 1795 4070 Principes
1861 3999 1941 4053 illi
1993 4014 2201 4066 uxores,

602 4099 994 4171 possessiones,
1019 4109 1146 4164 etc.,
1177 4098 1566 4167 derelinquunt.
1587 4125 1658 4137 —-
1682 4096 1763 4151 Ad
1795 4096 1988 4151 horum
2018 4108 2205 4149 cumu-

622 4189 813 4245 landas
851 4190 1014 4253 vires,
1040 4188 1510 4256 Robertusjunior
1536 4188 1789 4255 senioris,
1818 4190 1883 4242 ad
1910 4202 2070 4257 quem
2102 4186 2206 4242 im-

623 4281 892 4354 peratoris
919 4283 1081 4339 missa
1109 4291 1193 4338 est
1229 4282 1479 4352 epistola,
1519 4280 1680 4343 illius,
1714 4289 1826 4336 tota
1853 4280 2019 4336 anitui
2048 4280 2204 4335 viva-

623 4376 786 4431 citate
816 4376 1065 4448 dirigitur
1101 4392 1116 4430 :
1175 4386 1230 4431 et
1283 4374 1696 4431 Flandrensium
1749 4374 2089 4438 comitatum,
2117 4373 2204 4429 cui

1346 287 1776 357 VIGUIBER’I'I
1814 281 2106 347 ABBATIS
2144 281 2204 343 S.
2228 276 2469 340 MANE
2496 276 2586 337 DE
2615 266 3009 336 NOVIGENTO

1688 420 1812 463 cum
1869 404 2156 459 innumera
2186 414 2233 472 Α
2261 399 2407 455 nime
2432 395 2686 454 convenit
2735 412 2749 449 :
2781 392 2873 464 qui
2910 390 3148 459 quidem
3189 377 3465 454 corporis
3508 370 3824 451 undosius.

3740 262 3816 325 ἨΞ

2262 500 2428 547 tatem
2466 488 2588 563 [al.,
2620 484 2923 557 levitatem]
2957 497 3132 554 quam
3170 477 3277 534 hic
3311 474 3585 531 habuerat
3609 471 3828 545 δεδη-

2258 585 2505 649 lnntatis,
2537 583 2869 651 nimiamque
2893 576 3244 632 eﬂ'nsionem
3279 568 3545 643 pecunias
3570 567 3830 624 attinuissen-

2259 677 2528 743 lentioris,
2577 690 2683 730 non
2714 674 2833 728 sine
2879 669 3067 739 majori
3128 659 3560 723 somnolentia,
3608 657 3827 717 celebriori

2260 767 2581 842 petulantia,
2630 766 2858 829 ﬂuxum,
2882 777 2945 818 ca
2975 776 3078 831 qua
3113 760 3180 812 in
3215 752 3531 811 Donrinico
3559 750 3836 819 viguitexca-

2261 841 2371 916 citu
2418 855 2825 929 perseverantia
2855 862 2909 909 et
2942 853 3157 907 virtute
3185 845 3408 919 piavit.
3458 842 3558 897 Isti
3590 841 3712 896 adeo
3732 852 3838 897 nats-

2265 952 2452 1009 raliter
2482 952 2642 1006 insita
2676 946 2962 1006 clementia
2990 946 3115 1010 fuit,
3176 950 3251 996 ut
3288 939 3350 995 in
3398 952 3500 993 eos
3525 936 3616 1007 qui
3641 951 3775 1005 penes
3806 953 3843 992 se

2267 1055 2479 1103 reatum
2512 1041 2841 1117 proditionis
2881 1056 2945 1095 ac
2987 1037 3290 1107 judicium
3349 1029 3557 1085 mortis
3595 1027 3841 1092 inciderant,

2268 1137 2457 1195 ulcisci
2486 1152 2590 1192 non
2634 1135 2840 1190 sineret
2868 1149 2884 1199 ;
2934 1129 3062 1201 quin
3092 1129 3296 1182 etiam
3327 1123 3377 1178 si
3434 1136 3546 1191 qua
3573 1119 3847 1185 arciuusest,

2268 1247 2455 1289 eorum
2489 1227 2803 1285 infortuniis
2829 1225 3248 1295 illacrymaret.
3285 1215 3477 1287 Cujus
3509 1212 3717 1283 quidem
3740 1209 3780 1264 ia
3800 1224 3849 1265 ts

2269 1325 2371 1380 hus
2411 1320 2619 1376 bellicis
2644 1316 2890 1383 audacia,
2919 1326 2974 1372 et
3016 1320 3320 1386 quantum
3357 1307 3434 1362 ad
3479 1319 3675 1377 pravas
3700 1304 3849 1358 marki-

2270 1416 2561 1478 nationes,
2610 1413 2806 1483 quibus
2842 1409 3043 1466 multos
3096 1401 3329 1461 foedari
3391 1400 3709 1455 cernimus.
3753 1394 3849 1449 sub

2270 1508 2537 1573 versutia,
2561 1505 2758 1562 merito
2788 1504 3128 1568 laudaretur,
3159 1496 3291 1554 nisi
3321 1491 3661 1566 quihusdam
3687 1492 3849 1544 tacenda
3938 1491 3939 1547 1

2274 1602 2691 1676 indignitatibus
2729 1607 3058 1671 urgeretur;
3114 1592 3289 1666 quod
3338 1598 3529 1645 totum
3577 1585 3685 1653 jam
3727 1594 3851 1639 tam

2274 1698 2323 1753 ei
2355 1673 2656 1752 condonari
2689 1692 2872 1755 debet,
2905 1689 3030 1759 quia
3071 1703 3179 1759 pro
3223 1684 3327 1741 his
3384 1682 3695 1747 horumque
3718 1673 3849 1729 simili-
3938 1674 3939 1747 ξ

589 1810 787 1873 praeter
830 1797 947 1852 haec
1001 1793 1166 1848 etiam
1212 1806 1339 1861 erga
1391 1802 1607 1843 omnem
1653 1798 1868 1840 sacrum
1925 1781 2171 1838 ordinem

2285 1789 2403 1855 bus,
2447 1788 2558 1842 Deo
2584 1786 2633 1840 ei
2682 1783 3055 1855 temporaliter
3104 1779 3518 1838 retribuente,
3570 1767 3849 1831 carceraleu,
3938 1840 3939 1851 χ

2279 1882 2484 1939 amisso
2514 1880 2660 1936 omni
2688 1877 2981 1933 comitatus
3008 1876 3256 1937 honore,
3296 1866 3626 1927 custodiam
3655 1860 3772 1917 foret

2866 1967 3099 2026 CAPUT
3146 1966 3303 2023 VIII.

2353 2064 2566 2141 μίγη]
2605 2064 2741 2122 Cum
2788 2063 3016 2119 istorum
3063 2074 3206 2131 quos
3249 2058 3331 2114 de
3360 2071 3469 2111 cua
3520 2052 3735 2125 quisque
3760 2063 3843 2120 pro-

2280 2160 2460 2216 vincia
2514 2172 2698 2214 secum
2754 2162 3003 2210 traxerat
3048 2152 3290 2226 inclytis
3337 2148 3660 2207 ordinibus.
3705 2141 3848 2198 medie

2284 2251 2456 2308 crium
2487 2248 2796 2321 principum
2824 2247 2959 2303 cxiit
2989 2244 3324 2300 multitudo.
3358 2242 3615 2310 Quorum
3660 2247 3843 2290 nam

2284 2344 2441 2408 sitas,
2472 2342 2599 2412 quia
2634 2350 2876 2397 nostram
2905 2337 3127 2394 videtur
3151 2333 3517 2391 obnubilare
3555 2326 3790 2389 notitiam,
3810 2323 3843 2375 is

2292 2434 2547 2505 praesenti
2577 2432 2952 2502 suprimimus,
2992 2428 3239 2485 habituri
3295 2425 3621 2487 meliorem,
3650 2432 3837 2492 processu

2287 2528 2569 2592 historiae,
2617 2523 2885 2596 quosdam
2930 2520 3183 2593 forsitan
3237 2513 3614 2591 exprimendi
3664 2522 3841 2565 causam.

2291 2619 2463 2676 Unius
2506 2617 2674 2682 enim,
2702 2616 2889 2681 duum,
2933 2615 3120 2680 trium,
3154 2629 3258 2670 seu
3305 2620 3565 2684 quatuor
3594 2604 3837 2678 oppidorum

2289 2709 2543 2766 dominos
2573 2707 2696 2780 quis
2732 2707 3020 2762 numeret?
3051 2721 3299 2777 quorum
3345 2711 3512 2759 tanta
3558 2698 3707 2753 fuerit
3734 2691 3841 2762 copia

2292 2812 2352 2858 ut
2376 2804 2465 2857 vix
2490 2800 2713 2857 totidem
2740 2799 2987 2871 coegisse
3018 2806 3245 2870 putetur
3272 2795 3516 2853 obsidio
3547 2787 3766 2858 Troiana.

2363 2893 2443 2949 Eo
2476 2903 2718 2963 tempore
2748 2907 2873 2948 cum
2924 2891 3066 2947 inter
3099 2889 3254 2961 regni
3292 2889 3580 2961 primates
3608 2894 3747 2951 super
3771 2877 3839 2930 hac

2293 2988 2647 3060 expeditione
2693 3001 2781 3043 res
2822 2985 2999 3051 fieret,
3032 2992 3088 3040 et
3122 2983 3488 3055 colloquium
3538 2977 3607 3033 ab
3642 2975 3729 3035 eis,
3753 2984 3834 3025 cum

2295 3080 2519 3152 Ilugone
2542 3078 2757 3151 Magno,
2785 3076 2885 3135 sub
2915 3076 3150 3149 Philippi
3193 3077 3357 3148 regis
3400 3067 3707 3146 praseutia,
3731 3061 3835 3117 Pari-

2297 3174 2394 3228 siis
2424 3172 2738 3238 haberetur,
2774 3186 2960 3228 mense
2990 3170 3323 3238 Februario,
3383 3167 3555 3225 tertio
3599 3161 3708 3218 Idus
3740 3154 3835 3225 dits-

2298 3266 2443 3331 dem,
2486 3265 2612 3321 luna
2659 3265 2905 3336 eclipsim
2951 3264 3181 3336 patiens,
3230 3272 3373 3319 ante
3420 3257 3599 3317 noctis
3631 3251 3830 3311 medium,

2298 3356 2595 3430 sanguineo
2650 3356 2912 3428 paulatim
2943 3357 3111 3427 cuepit
3154 3356 3354 3412 colore
3395 3350 3593 3416 velari,
3622 3348 3764 3401 donec
3794 3339 3830 3394 il

2300 3448 2746 3505 cruentissimum
2780 3457 2891 3505 tota
2940 3448 3281 3504 horribiliter
3313 3459 3409 3504 est
3441 3455 3690 3503 conversa
3719 3432 3831 3490 rubo'

2302 3556 2441 3598 rem.
2469 3544 2540 3595 At
2567 3539 2657 3595 ubi
2685 3554 2898 3595 aurorae
2926 3540 3251 3612 crepusculo
3300 3550 3525 3596 natura:
3553 3532 3711 3591 rediit.
3731 3526 3827 3581 cim

2303 3633 2479 3705 ipsum
2506 3630 2752 3686 lunarem
2773 3632 3038 3687 circulum
3065 3632 3329 3689 insolitus
3360 3630 3619 3703 splendor
3644 3618 3825 3680 emicuit.

2302 3724 2545 3792 Quadam
2571 3733 2752 3778 autem
2780 3724 2953 3780 aestivi
2979 3723 3088 3780 diei
3117 3725 3441 3796 vespertina
3469 3724 3693 3778 irruente
3722 3714 3824 3769 b0".

2305 3829 2453 3876 tanta
2512 3820 2583 3877 ab
2635 3822 2908 3891 aquilonis
2955 3823 3112 3896 plaga
3172 3823 3484 3896 clllagratio
3543 3810 3757 3888 apparuit
3786 3810 3823 3856 nl

2305 3910 2523 3981 plurimi
2556 3926 2588 3968 e
2621 3913 2870 3969 domibus
2895 3915 3007 3971 suis
3035 3930 3156 3972 sese
3184 3917 3558 3987 proriperent,
3590 3905 3825 3978 quam!“

2306 4009 2529 4079 quinam
2568 4010 2752 4066 hostes
2799 4011 3111 4082 provincias
3156 4028 3286 4067 suas
3330 4012 3469 4067 adeo
3509 4002 3646 4077 gravi
3686 3994 3820 4051 amin-

2307 4104 2482 4160 stione
2527 4113 2826 4161 vastarent.
2870 4105 3011 4162 Visae
3055 4116 3185 4163 sunt
3237 4116 3509 4179 praeterea
3555 4112 3650 4153 non
3703 4084 3821 4145 multo

2312 4206 2435 4269 post
2459 4205 2728 4269 tempore,
2756 4213 2941 4255 mense
2969 4199 3139 4271 Aprili
3173 4176 3348 4257 stella:
3379 4204 3560 4256 noctu,
3599 4202 3656 4244 ac
3680 4182 3716 4237 si
3735 4176 3815 4271 plﬂf

2307 4290 2396 4345 via
2423 4263 2591 4346 dense
2632 4290 2699 4346 de
2728 4263 3045 4347 cmlestihus
3083 4291 3209 4347 labi.
3237 4291 3394 4359 Quod
3425 4290 3478 4345 in
3520 4289 3703 4340 utntutu
3723 4263 3817 4339 apud

2308 4384 2595 4455 plerasque
2626 4384 2900 4440 Ecclesias
2941 4394 3195 4455 portento
3239 4358 3439 4447 simile,
3496 4374 3627 4448 quod
3661 4376 3705 4423 et
3727 4358 3810 4455 init.

624 4468 793 4523 multa
818 4483 1089 4564 armorum
1122 4469 1569 4564 magnanimitate
1610 4467 1935 4564 pra-luerat,
1972 4470 2041 4523 ad
2093 4467 2200 4524 hoc
2238 4504 2287 4564 Β
2312 4453 2559 4530 habitum
2589 4483 2691 4543 est,
2719 4484 2780 4530 ttt
2811 4453 3028 4532 litanias
3049 4492 3148 4549 pro
3170 4477 3274 4533 hoc
3305 4477 3426 4549 ipso
3450 4467 3586 4544 quod
3613 4453 3815 4532 suum?“

625 4573 681 4617 ut
712 4577 897 4617 eorum
933 4563 1026 4632 qui
1082 4579 1179 4633 pro
1208 4563 1428 4619 Christo
1470 4561 1688 4618 exsules
1720 4562 1837 4617 lieri
1867 4561 2205 4630 delegerunt,

628 4655 924 4711 commilito
952 4666 1192 4724 vocetur,
1240 4657 1508 4712 immutat.
1544 4657 1646 4724 Qui
1698 4658 1824 4712 huic
1852 4657 1997 4726 quod
2020 4668 2206 4725 caspe-

628 4754 717 4802 rat
736 4746 954 4816 negodo
975 4764 1136 4818 quam
1166 4759 1581 4818 perseveranter
1621 4748 1903 4811 institerit,
1931 4760 2208 4819 gestorum

627 4838 977 4910 praesentium
1010 4840 1315 4909 prosecutio
1352 4840 1672 4895 declarabit.
1733 4837 1822 4894 Ilii
1863 4854 2060 4895 uxores
2100 4839 2211 4895 cla—

630 4930 898 4995 rissimas,
923 4945 1046 4985 cum
1100 4929 1224 4985 liliis
1270 4932 1593 5001 gratissimis
1646 4932 2033 4998 relinquentes,
2057 4932 2209 5002 quid—

628 5022 758 5094 quid
783 5022 835 5078 in
867 5021 1244 5078 adfectionibus
1292 5022 1465 5093 majus
1516 5032 1622 5091 est,
1670 5025 1949 5094 proposito
1988 5032 2209 5094 postpo-

631 5126 857 5170 sucrunt
927 5116 1141 5172 exsilio.
1191 5117 1264 5171 De
1320 5116 1619 5172 honoribus
1670 5117 2212 5189 possessionibusque

632 5206 859 5270 reticeo,
905 5225 1023 5279 qua:
1066 5208 1285 5279 quidem
1342 5217 1496 5264 extra
1550 5224 1647 5264 nos
1676 5218 1823 5263 sunt.
1852 5208 1956 5265 Sed
1988 5209 2077 5264 illa
2103 5219 2210 5266 stu-

631 5315 816 5369 porem
851 5303 1006 5357 nobis
1056 5310 1369 5373 generant:
1409 5304 1679 5372 quomodo
1720 5303 2036 5358 maritorum
2076 5317 2211 5358 uxo-

635 5405 879 5460 rumqne,
904 5393 1090 5448 sobole
1129 5396 1403 5451 mediante
1436 5394 1547 5451 into
1574 5394 1943 5467 agglutinante
1968 5395 2211 5451 Charita-

638 5496 739 5554 tes,
769 5487 886 5543 sine
906 5488 1285 5547 alterutrorum
1337 5492 1579 5565 periculo
1654 5493 1723 5549 ab
1772 5492 2005 5549 invicem
2031 5490 2214 5548 divelli

635 5588 905 5656 poterant.

707 5673 896 5749 [XVL]
914 5672 1123 5731 Roberti
1154 5677 1556 5736 Northmanuim
1578 5681 1782 5738 comitis
1809 5678 2217 5737 (arulam—De-

637 5766 803 5840 nique
838 5766 1138 5824 Bobertum
1167 5766 1571 5835 Northmanniae
1620 5773 1878 5831 comitem
1911 5781 2093 5830 tacere
2112 5770 2218 5828 mi-

2315 4574 2402 4622 tur
2434 4568 2634 4622 danmo
2682 4569 2977 4623 avertendo
3005 4567 3376 4630 instituerent,
3417 4570 3473 4620 et
3501 4553 3690 4626 aerii"is
3720 4555 3805 4598 ιω

2316 4673 2420 4729 pus
2445 4666 2499 4714 et
2543 4668 2795 4714 eventum
2831 4658 3135 4716 traderent.
3180 4660 3367 4716 Mense
3398 4665 3578 4715 rursus
3609 4645 3808 4711 Διιευδίθι

2317 4759 2476 4805 sexto
2504 4748 2627 4806 ldus
2650 4748 2915 4818 ejusdem,
2940 4760 3066 4807 ante
3086 4750 3218 4807 solis
3240 4766 3380 4822 pene
3399 4742 3689 4807 accubitum.
3707 4729 3802 4781 ¹¹³¹¹³

2312 4856 2441 4913 pars
2470 4856 2638 4913 prope
2670 4843 2848 4898 media
2872 4852 2956 4899 est
2980 4844 3034 4900 in
3067 4843 3433 4915 nigredinem,
3464 4832 3629 4897 multis
3650 4827 3805 4914 iller

2316 4934 2479 4996 tibus.
2540 4949 2720 5003 versa,
2777 4935 2866 4989 ubi
2924 4935 3232 5001 dicendum,
3286 4936 3429 5008 quod
3481 4930 3590 4985 licet
3626 4919 3721 4973 iulia
3761 4916 3796 5008 tu

2316 5026 2634 5098 pleniluniis
2684 5000 3013 5083 naturaliter
3067 5000 3322 5098 patiatur:
3364 5019 3677 5084 defectiones.
3711 5000 3799 5098 ἔξιθι

2320 5125 2501 5172 tamen
2552 5117 2745 5191 aliquae
2784 5121 2836 5174 in
2880 5119 3013 5190 ipsis
3062 5094 3306 5175 colorum
3343 5120 3457 5191 ejus
3497 5094 3793 5171 mutationibus

2315 5210 2711 5281 portensiones.
2751 5208 2903 5267 Unde
2946 5220 3001 5269 et
3036 5212 3089 5267 in
3119 5190 3560 5283 pontilicabilibus
3583 5206 3628 5255 el
3659 5190 3790 5283 τεειωᾎ

2319 5301 2487 5372 gestis
2513 5303 2711 5359 exinde
2738 5303 2916 5359 solent
2949 5304 3065 5359 ﬁeri
3096 5278 3489 5361 adnotationes.
3515 5295 3616 5350 Visa
3643 5278 3788 5340 suum

2315 5392 2422 5448 alia
2452 5393 2711 5465 pleraque
2743 5412 2865 5468 quas
2892 5412 3119 5453 narrare
3145 5398 3552 5468 supersedimus.
3722 5460 3731 5474 .

2388 5486 2623 5561 [XVIIL]
2661 5487 2991 5546 Raimundus
3017 5507 3188 5546 comes
3219 5490 3278 5546 S.
3311 5486 3504 5562 {Egidii
3527 5468 3788 5562 Ρνθιδίίπψ

2316 5597 2435 5637 cum
2492 5560 2732 5638 aliis.—
2760 5583 2842 5640 Ad
2900 5595 3205 5641 extremum
3251 5560 3437 5640 Sancti
3481 5569 3622 5648 Egidii
3657 5560 3779 5617 απυδ

2318 5674 2676 5741 Raimundus,
2718 5689 2827 5730 non
2862 5676 2929 5731 ad
2972 5676 3055 5732 sui
3086 5675 3371 5740 vilitatem,
3425 5670 3611 5738 sede
3634 5650 3781 5741 ww.“

2320 5772 2557 5845 ponitur.
2616 5735 2719 5841 Qui
2743 5813 2760 5843 ,
2826 5773 2955 5846 quia
3012 5775 3070 5831 in
3120 5735 3379 5846 supremo
3429 5735 3630 5829 Francis
3663 5735 3775 5805 Ιὶιπδο

3542 6206 3940 6322 Λ

3934 4526 3940 4581 l
