4012 6346
33 285 178 342 7-13
1118 275 1338 362 cssrs
1375 273 1484 331 mu
1522 272 1658 332 PER
1691 271 1722 354 ι

1830 270 2037 330 .NCOS.
2069 302 2138 312 —
2173 271 2302 344 LIB.
2345 270 2431 344 tu.
3275 274 3382 340 ω

43 373 448 460 morabatur,
490 402 697 466 quanto
733 391 1000 448 minorem
1047 405 1271 460 operum
1321 405 1539 444 suorum
1584 403 1681 442 no-
1711 393 1753 452 Α
1789 388 1932 441 tione
1959 399 2218 456 prospera
2271 384 2554 441 devehitur
2584 385 2962 456 Dyrrachium.
3009 387 3380 464 Consideran-

53 491 280 544 titiam
321 488 485 541 nobis
531 486 861 557 praebuerat,
911 493 1059 536 tanto
1093 481 1248 550 hujus
1280 482 1473 535 seriem
1515 481 1688 535 histo-
1797 478 1922 532 dmn
1974 491 2205 545 namque
2237 475 2336 530 sibi
2373 476 2566 539 fuerat,
2599 477 2724 546 quia
2765 479 2832 531 ad
2885 487 3159 534 tantarum
3190 497 3383 552 exspe-

55 582 199 643 riae,
261 595 293 632 a
360 577 648 647 principiis
698 591 870 644 usque
925 575 990 627 ad
1051 575 1233 637 ﬁnem,
1283 574 1533 643 maxima;
1580 588 1691 627 sure
1801 569 2094 623 elationem
2147 572 2547 638 personarum,
2591 571 2655 622 ad
2714 580 2891 625 tantas
2936 573 3176 641 equitum
3227 576 3376 645 pedi-

59 671 318 730 virtutis
375 677 429 723 et
479 668 800 722 constantia:
856 666 1188 719 monimento
1257 664 1536 718 nobilitat.
1589 663 1691 730 Qui
1799 672 2022 733 tumque
2079 662 2286 740 copias,
2345 662 2514 716 totius
2562 661 2808 730 Grzecize,
2870 675 2926 720 ut
2978 667 3052 721 ita
3113 668 3383 734 dixerim,

63 763 324 832 quidem
379 759 613 814 naturali
667 759 882 814 cuidam
929 773 1026 812 suo
1079 757 1187 810 ﬁlio
1235 756 1495 810 comitatu
1531 769 1694 823 quem
1799 753 2148 812 fundamenta
2185 762 2541 822 tremuerunt.
2577 755 2644 810 Et
2674 755 2802 810 licet
2837 757 3064 812 aliorum
3096 775 3400 829 procerum.

66 855 331 925 regebat
358 852 572 915 relicto,
609 851 885 920 propriam
914 849 1219 919 conjugem,
1252 864 1372 902 cum
1402 847 1510 902 ﬁlio
1534 863 1695 916 quem
1803 846 1974 902 multo
2023 846 2219 916 major,
2271 861 2434 914 quam
2479 846 2671 916 ipsius,
2715 849 2857 918 apud
2905 866 3003 904 nos
3041 859 3391 922 reputaretur

69 945 158 1000 ab
217 959 291 1000 ea
344 952 606 1014 exegerat
651 942 832 1008 unico,
883 955 1066 995 secum
1117 939 1291 994 duxit.
1337 939 1466 993 Erat
1515 949 1696 993 autem
1821 942 2138 1004 auctoritas,
2187 937 2327 1016 apud
2376 947 2592 993 exteros
2643 949 2844 1006 tamen,
2887 944 3188 1012 praesertim
3248 943 3393 1013 apud

71 1036 354 1106 praefatis
411 1035 616 1090 nostris
670 1032 1009 1104 principibus
1061 1041 1220 1086 aetate
1276 1031 1582 1097 maturior,
1645 1038 1701 1086 et
1815 1030 2178 1086 inertissimos
2210 1032 2488 1085 hominum
2513 1030 2755 1097 Graecos,
2777 1032 2844 1087 de
2889 1034 3031 1106 regis
3057 1034 3393 1108 Francorum

74 1129 382 1194 exercitu,
419 1128 524 1184 nisi
554 1135 816 1206 quantum
849 1125 915 1178 ad
963 1125 1215 1196 garrulas
1256 1124 1535 1179 hominum
1568 1125 1701 1178 Pro-
1813 1123 1986 1178 fratre
2017 1125 2341 1196 praevolarat
2378 1123 2586 1178 inlinita
2615 1124 2926 1180 celebritas.
2967 1125 3102 1192 Cum
3130 1142 3261 1197 ergo
3288 1127 3390 1181 dux

81 1218 427 1274 vincialium
461 1232 642 1272 mores
672 1223 902 1286 Spectat,
946 1215 1076 1269 nulli
1118 1215 1365 1270 inferior.
1411 1214 1544 1270 Cum
1573 1229 1703 1286 ergo
1813 1215 2288 1286 impcratoris,qui
2315 1215 2507 1270 ibidem
2543 1217 2941 1281 commanebat,
2966 1233 3270 1288 nonniagna
3293 1221 3394 1274 ho-

83 1309 494 1380 copiosissima
522 1307 948 1362 fortissimorum
979 1305 1210 1360 militum
1243 1321 1458 1371 manus,
1491 1321 1553 1360 ea
1598 1320 1702 1374 qua
1821 1309 2020 1363 minem
2045 1309 2391 1378 spectabilem
2416 1310 2738 1363 attendisset
2765 1309 2997 1364 cinctum
3020 1326 3205 1376 manu,
3227 1312 3402 1366 subri-

86 1403 348 1458 Romam
380 1401 656 1474 proﬁcisci
687 1401 926 1457 solemus
958 1401 1070 1466 via,
1113 1416 1283 1470 usque
1313 1402 1366 1455 in
1410 1401 1698 1472 Appuliam
1807 1401 1975 1474 puit[l
2013 1403 2326 1472 subrepsit.,
2349 1401 2665 1456 E.P.lillius
2685 1403 2866 1457 animo
2881 1420 2946 1456 ex
2971 1390 3135 1458 tanta:
3156 1403 3401 1458 solitudi-

92 1495 492 1560 devenissent,
525 1511 589 1550 ex
625 1495 806 1550 calore
836 1494 1072 1557 insolito,
1101 1509 1222 1564 qua:
1255 1506 1381 1550 tunc
1405 1505 1522 1549 erat
1549 1504 1739 1549 πείθω
1810 1495 2310 1562 ltisoppurluuilale
2333 1495 2595 1562 nequitia,
2624 1494 2880 1564 illumque
2903 1495 3398 1562 comprehenderis,

95 1589 208 1653 lis,
257 1602 326 1642 ex
377 1588 724 1658 corruptione
772 1588 934 1652 aeris,
983 1589 1049 1642 de
1091 1602 1342 1660 escarum
1396 1587 1706 1653 insolentia,
1809 1589 2069 1657 praecepit
2118 1587 2644 1656 Coris-lautinopolim
2699 1587 2764 1639 ad
2827 1587 3208 1656 imperatorem
3277 1601 3399 1640 cum

97 1681 397 1737 innumeri
426 1680 719 1751 perniciem
753 1680 934 1734 nimia:
952 1687 1343 1748 contraxerunt
1372 1679 1710 1734 inﬁrmitatis
1815 1675 1984 1729 multa
2010 1677 2320 1746 provisione
2351 1693 2414 1730 ac
2443 1677 2744 1731 reverentia
2778 1676 2934 1741 duci;
2985 1677 3052 1729 ob
3095 1677 3197 1731 hoc
3225 1676 3400 1731 solum

101 1780 192 1826 et-
234 1770 450 1824 mortis.
507 1769 590 1823 Ad
641 1768 886 1824 diversos
945 1769 1128 1839 itaque
1173 1784 1292 1824 sese
1335 1769 1708 1835 contulerunt,
1735 1794 1785 1854 Β
1815 1777 1874 1821 ut
1919 1767 2076 1820 tidem
2119 1769 2309 1822 timido
2343 1769 2572 1838 principi
2615 1769 2769 1822 daret
2821 1768 2962 1838 quod
2994 1783 3092 1838 per
3128 1784 3250 1822 eum
3279 1769 3404 1834 vitae

103 1861 406 1916 transituri
439 1875 604 1925 mare,
641 1870 849 1930 portus.

188 1949 541 2005 Brundisium
571 1950 774 2021 plures,
809 1951 907 2006 hos
927 1951 1155 2021 suscipit
1180 1950 1334 2004 avius
1357 1949 1592 2016 Ydrons,

195 2043 309 2098 Illis
335 2044 530 2114 piscosi
552 2052 846 2114 patuerunt
872 2029 1087 2116 aequora
1121 2045 1266 2100 Bari.

198 2135 397 2210 [XIX-=1
437 2135 685 2212 AtHugo
727 2136 975 2210 Magnus,
1018 2154 1122 2194 non
1151 2145 1464 2208 exspectata
1489 2153 1709 2194 suorum

114 2237 179 2283 et
211 2230 442 2284 militum
481 2232 1021 2302 comprincipumque
1055 2233 1302 2298 comitia,
1335 2232 1499 2286 nimis
1531 2233 1716 2286 incon-

120 2321 290 2389 sulte,
333 2321 492 2379 nimis
526 2338 870 2395 praaprooere
909 2325 1058 2380 adito
1097 2325 1220 2379 Bari
1262 2332 1446 2394 portu,
1487 2325 1712 2395 naviga-

134 2467 2328 2500 Μ

1814 1875 1926 1915 suae
1989 1870 2040 1915 et
2073 1860 2296 1915 honoris
2317 1875 2540 1932 prorsus
2572 1862 2844 1916 indemnis
2871 1863 3153 1917 existeret.
3185 1863 3236 1917 Is
3275 1878 3404 1934 ergo

1820 1953 2047 2006 illustris
2070 1954 2167 2006 viri
2197 1969 2382 2016 casus,
2413 1955 2705 2008 maximam
2735 1954 3080 2024 sequentium
3110 1968 3403 2024 procerum

1836 2045 2142 2113 fortitudini
2202 2048 2610 2102 enervationcm
2680 2047 2881 2103 intulit.
2954 2049 3100 2103 Idem
3167 2062 3406 2118 namque

1836 2139 2014 2194 facere
2063 2143 2202 2210 qunti
2230 2142 2296 2194 ab
2327 2142 2428 2196 isto
2451 2143 2721 2213 exigebat,
2758 2157 2854 2197 seu
2875 2142 2950 2208 vi,
2986 2156 3083 2196 seu
3113 2141 3281 2207 clam,
3309 2156 3406 2196 seu

1822 2232 2071 2299 precario
2099 2243 2324 2285 Caeteros
2374 2233 2550 2302 coegit
2583 2233 2847 2303 principis
2888 2232 3222 2288 fraudulenti
3256 2241 3408 2290 astu-

1829 2325 1922 2378 tia.
1955 2324 2060 2378 Sed
2087 2325 2197 2396 jam
2235 2326 2356 2380 ﬁnis
2383 2328 2508 2382 huic
2537 2326 2718 2382 libello
2749 2329 2991 2384 accedat.

1295 2634 1667 2724 LIBER
1735 2633 2293 2726 TERTIUS,

1599 2825 1958 2843 ψ

648 2971 880 3030 CAPUT
916 2971 1210 3032 PRIMUM.

198 3066 368 3140 386
396 3063 487 3140 [1.]
528 3065 607 3122 De
640 3065 948 3121 Boemundo
985 3067 1199 3122 Roberti
1227 3085 1319 3124 seu
1349 3069 1616 3125 Wiscardi
1645 3071 1715 3141 ﬁ-

129 3159 226 3216 lio.
251 3189 326 3202 —
351 3161 428 3215 Ex
461 3159 675 3216 cunctis
697 3159 810 3215 fere
835 3160 1252 3217 occidentalium
1278 3164 1515 3234 partium
1543 3165 1724 3236 regio-

129 3251 316 3318 nibus,
371 3266 494 3306 cum
533 3250 947 3306 innumerabilis
976 3252 1253 3309 exercitus
1284 3255 1579 3324 appulisset
1617 3256 1722 3325 Ap-

126 3343 361 3415 puliam,
409 3344 474 3398 ad
525 3341 898 3398 Boemundum
948 3342 1220 3408 Rotberti,
1269 3344 1361 3415 qui
1401 3344 1719 3402 Wiscardus

128 3435 454 3502 vocabatur,
483 3434 674 3500 tilium,
725 3433 1015 3504 singularis
1061 3433 1480 3504 magniﬁcentius
1510 3436 1714 3503 virum,

129 3526 474 3599 adventantis
513 3525 874 3582 multitudinis
918 3526 1167 3598 pervenit
1224 3529 1479 3593 verbum;
1517 3527 1564 3582 is
1595 3536 1722 3584 tunc

131 3619 394 3692 temporis
429 3607 788 3674 Amalﬁtanos
831 3619 1114 3675 obsidione
1160 3629 1578 3690 compresserat.
1621 3619 1719 3675 Cui

143 3727 270 3768 cum
299 3712 520 3784 nuntius
562 3711 629 3767 dc
669 3727 733 3766 ea
773 3727 894 3783 quas
922 3711 1229 3768 conﬂuebat
1266 3723 1427 3785 gente
1462 3727 1720 3784 superve-

137 3808 352 3873 nisset,
438 3806 747 3882 sciscitatus
823 3807 1034 3884 itineris
1088 3822 1309 3872 causas,
1383 3807 1532 3862 audit
1595 3807 1719 3878 quia

115 3885 444 3966 ’Jerusalem
467 3914 496 3953 a
523 3899 796 3972 gentibus,
835 3900 944 3954 imo
975 3898 1314 3954 Dominicum
1338 3885 1645 3969 sepulcrum
1669 3909 1720 3956 et

138 4006 297 4046 sacra
346 3979 539 4056 ibidem
587 3990 705 4046 loca
754 3991 1110 4060 ignominiose
1154 3991 1362 4056 habita,
1415 3990 1482 4044 ab
1532 4006 1720 4046 eorum

138 4072 379 4140 deminio
419 4084 664 4140 eximere
694 4093 1069 4155 properarent.
1113 4083 1223 4138 Nec
1253 4084 1303 4138 ei
1345 4084 1559 4139 demum
1591 4085 1723 4138 taci-

141 4187 256 4232 tum
302 4184 382 4231 est
426 4185 559 4247 quot
605 4188 870 4251 cujusque
901 4177 1136 4248 generis,
1183 4185 1510 4254 quantaeque
1537 4177 1722 4232 excel-

79 4277 83 4284 ‘
143 4268 325 4348 lentia:
350 4265 474 4335 viri,
506 4267 736 4334 relictis,
770 4276 826 4321 ut
849 4267 926 4324 sic
949 4267 1148 4335 dicam,
1176 4268 1444 4323 honorum
1468 4269 1722 4339 majesta-

1746 2962 1789 3022 C
1825 2984 2056 3042 mutato,
2088 2976 2290 3048 ipsum,
2340 2975 2486 3047 quod
2527 2989 2659 3031 suus
2697 2975 2938 3046 ipsorum
2989 2975 3274 3050 Dominus,
3305 2977 3412 3046 iter

1825 3069 2304 3142 aggrediebantur.
2331 3068 2505 3123 Tanta
2549 3077 2729 3124 autem
2759 3069 2826 3122 ad
2859 3069 2911 3123 id
2952 3069 3064 3124 voti
3103 3077 3230 3142 tunc
3267 3071 3415 3142 mili-

1827 3167 1939 3213 tum
1998 3159 2290 3214 multitudo
2349 3159 2610 3216 conﬂuxit
2662 3168 2723 3216 ut
2769 3159 2942 3216 frater
3001 3162 3158 3238 ejus,
3211 3162 3414 3238 Sicilia

1825 3263 2038 3314 comes,
2091 3250 2378 3322 Rogerius,
2441 3251 2733 3306 admodum
2790 3251 2999 3306 doleret
3071 3252 3200 3324 quia
3250 3252 3306 3308 in
3346 3269 3412 3310 ea

1824 3343 2112 3398 obsidione
2139 3344 2288 3399 omni
2330 3359 2471 3416 pene
2497 3359 2720 3399 suorum
2766 3344 3007 3400 ﬁdelium
3037 3345 3236 3416 solatio
3259 3345 3413 3402 frau-

1823 3434 2069 3489 daretur.
2157 3419 2166 3426 ’

1896 3523 2010 3599 [IL]
2042 3525 2336 3583 Baemundi
2361 3527 2722 3583 Northmanni
2740 3544 2821 3584 res
2843 3538 3023 3600 gestae.
3047 3560 3121 3570 —
3148 3529 3254 3587 Sed
3281 3546 3418 3604 pau-

1831 3619 1911 3673 cis
1937 3619 2336 3688 expediendum
2385 3630 2486 3684 est,
2529 3634 2636 3690 quo
2677 3622 2942 3692 sanguine
2967 3631 3186 3692 cretus;
3218 3623 3416 3694 quibus

1826 3709 1968 3790 idem
2019 3709 2365 3765 Boemundus
2415 3713 2482 3767 ad
2552 3713 2655 3768 hoc
2721 3713 2943 3768 honoris
3006 3714 3078 3792 sit
3117 3725 3418 3796 promotus

1825 3803 2158 3858 accessibus.
2186 3803 2460 3860 Robertus
2495 3821 2654 3875 quem
2687 3805 3032 3876 agnominari
3064 3805 3417 3876 Wiscardurn

1826 3896 2084 3963 diximus,
2111 3913 2174 3953 ex
2205 3898 2602 3954 Northmannia
2630 3901 2840 3955 exstitit
2866 3901 3150 3969 oriundus,
3182 3910 3238 3958 et
3267 3899 3418 3970 tenui

1829 3989 1962 4042 satis
2019 3989 2139 4044 loco
2191 3999 2368 4045 natus.
2404 3989 2453 4044 Is
2513 4005 2544 4044 a
2593 3991 2779 4046 nativa
2834 4008 2999 4062 quam
3055 3993 3420 4064 praemisimus

1828 4081 2049 4150 regione
2092 4091 2274 4136 utrum
2313 4091 2505 4152 sponte
2559 4099 2814 4152 egressus
2859 4085 3066 4151 nescio,
3105 4101 3176 4140 an
3206 4085 3419 4158 pulsus,

1828 4171 1996 4240 pedes
2026 4172 2078 4225 in
2107 4172 2354 4242 Apuliam
2389 4174 2552 4240 abiit;
2583 4175 2654 4230 ibi
2695 4190 2866 4248 equos
2921 4185 2977 4231 et
3018 4192 3195 4244 arma,
3220 4159 3420 4246 quibus

1828 4278 1995 4332 eques
2053 4264 2233 4330 ﬁeret,
2284 4281 2388 4335 qua
2445 4267 2620 4336 potuit
2676 4277 2821 4334 arte,
2883 4269 3227 4330 commeruit.
3287 4268 3417 4324 lnde

146 4345 310 4425 tibus,
353 4360 420 4415 ad
476 4361 593 4416 haec
638 4361 944 4431 peragenda
977 4375 1138 4430 quam
1173 4362 1414 4416 inaudita
1467 4363 1726 4418 aviditate
1753 4347 2053 4411 DcaStella
2103 4357 2374 4425 quaedam,
2415 4358 2712 4414 contractis
2754 4360 2867 4430 jam
2912 4351 3270 4429 undecunque
3319 4360 3414 4430 qui

146 4443 559 4505 contenderent.
588 4451 658 4504 At
699 4450 788 4506 ille
828 4437 1132 4522 interrogat
1170 4467 1238 4504 an
1267 4466 1416 4505 arma
1450 4451 1720 4516 deferant,

144 4553 328 4618 utrum
364 4557 551 4613 peras,
576 4557 643 4596 an
673 4541 852 4613 aliqua
896 4541 1056 4611 hujus
1087 4557 1237 4596 novae
1274 4543 1729 4614 peregrinationis

148 4634 375 4704 insignia
393 4628 722 4704 praeferant,
757 4649 877 4704 quae
903 4634 969 4689 ad
1002 4634 1247 4688 ultimum
1309 4635 1361 4688 in
1391 4634 1545 4690 bellis
1574 4637 1728 4706 signa

148 4719 504 4804 conclament.
552 4725 1169 4800 RespondctnrzArma
1224 4726 1383 4797 plane
1428 4725 1728 4783 Francisco

149 4833 247 4872 usu
277 4825 501 4895 gestant.
532 4817 724 4874 Crucis
754 4828 936 4874 autem
958 4817 1213 4891 ﬁguram,
1248 4827 1340 4872 aut
1367 4817 1420 4873 in
1452 4818 1718 4886 humeris,

149 4924 244 4964 seu
308 4905 551 4989 ubilibet,
606 4926 676 4966 ex
727 4927 833 4982 qua
885 4909 1070 4966 volunt
1121 4911 1352 4966 materia
1415 4911 1497 4967 vel
1546 4927 1726 4982 panno

150 5010 476 5074 praeceptum
507 5012 592 5059 est
634 5014 695 5060 ut
722 5003 968 5060 vestibus
1007 5013 1248 5060 assuant.
1285 5003 1510 5060 Remota
1546 5014 1727 5070 autem

154 5095 450 5168 arroganti,
476 5096 746 5154 varietate
787 5097 1095 5170 signorum,
1147 5097 1427 5152 humiliter
1472 5097 1526 5151 in
1573 5098 1728 5154 bellis

155 5173 487 5262 ﬁdeliterque
532 5175 970 5255 conclamabunt,
1020 5189 1164 5246 Deus
1199 5204 1253 5243 ID
1294 5204 1453 5244 vum.
1493 5189 1577 5244 Ad
1611 5190 1728 5246 haec

156 5281 244 5339 ille
271 5281 450 5338 cordis
481 5284 752 5340 excitatus
782 5299 811 5338 a
852 5281 1048 5349 fundo,
1085 5281 1195 5338 Deo
1227 5281 1552 5350 inspirante,
1582 5297 1730 5337 com-

155 5374 428 5448 pungitur,
473 5383 529 5430 et
561 5377 782 5448 pallium
813 5376 1270 5450 pretiosissimum
1312 5376 1478 5446 jussit
1523 5377 1725 5432 aﬂ'erri.

156 5467 424 5538 Idemque,
471 5484 570 5540 per
613 5470 918 5527 cruciculas
965 5467 1097 5526 l‘ecit
1141 5469 1330 5535 incidi,
1381 5487 1583 5542 suaque
1625 5471 1728 5526 sibi

157 5557 429 5632 imposita,
466 5561 598 5625 suis,
627 5561 718 5632 qui
762 5561 997 5632 idipsum
1045 5561 1192 5632 quod
1239 5572 1464 5617 voverat
1507 5562 1726 5618 allectao

157 5650 307 5716 bant,
333 5663 530 5705 cruces
552 5655 896 5721 apponendas
924 5654 1216 5725 expendit;
1254 5669 1381 5708 nam
1414 5653 1609 5708 milites
1636 5654 1729 5723 qui

157 5745 204 5800 ei
243 5744 297 5800 in
347 5742 438 5798 illa
477 5742 755 5800 obsidione
783 5746 1228 5816 obsequebantur
1274 5747 1457 5804 animo
1508 5756 1729 5822 repente

439 5834 716 5921 PATROL.
760 5835 970 5918 CLVI,

1832 4449 1936 4502 sibi
1983 4448 2377 4504 auxiliarentur
2420 4450 2799 4521 praedonibus,
2849 4466 2956 4516 non
3009 4450 3215 4520 absqhe
3263 4467 3417 4520 naevo

1831 4551 2013 4596 tamen
2044 4542 2368 4610 proditionis
2392 4557 2681 4611 usurpans,
2710 4541 2922 4612 aliaque
2951 4542 3175 4616 perinde
3202 4543 3414 4612 crebris

1830 4633 2238 4689 incursionibus
2272 4634 2496 4704 fatigata
2531 4649 2826 4703 occupans,
2869 4623 3036 4690 etiam
3081 4633 3247 4691 urbes
3277 4651 3414 4706 prie-

1829 4727 1972 4782 ditas
2007 4728 2240 4794 obsedit,
2270 4738 2322 4783 et
2351 4729 2416 4783 ad
2446 4729 2827 4784 necessitatem
2852 4727 3147 4795 deditionis
3177 4725 3412 4801 impulit.

1829 4819 1917 4884 Et,
1947 4829 2007 4874 ut
2036 4820 2225 4890 paucis
2256 4820 2557 4886 absolvam,
2588 4829 2868 4892 tantopere
2912 4836 3082 4876 novus
3113 4807 3276 4877 homo
3303 4838 3413 4878 sua:

1830 4910 1952 4967 loca
1995 4912 2384 4967 dominationis
2425 4914 2692 4978 extendit,
2740 4914 2794 4968 in
2845 4925 3059 4982 tantum
3089 4931 3208 4994 quae
3245 4915 3415 4984 voluit

1831 5020 2060 5076 quaeque
2114 5007 2446 5076 perdomuit,
2504 5015 2565 5062 ut
2619 5007 2762 5062 sicut
2813 5007 2870 5062 in
2921 5009 3248 5079 epitaphicis
3295 5008 3410 5076 ejus

1829 5099 2079 5156 versibus
2106 5101 2306 5158 dicitur
2337 5121 2349 5156 :
3045 5097 3049 5102 ’
3304 5085 3310 5094 ’

2331 5191 2468 5249 Urbe
2495 5195 2752 5265 expulerit
2781 5211 2922 5263 eum,

1905 5285 2072 5352 Quem
2103 5287 2321 5358 Ligures
2347 5303 2538 5359 regem,
2557 5285 2721 5343 Roma
2744 5290 3045 5343 Lemannue
3074 5287 3226 5342 habet
3249 5299 3270 5340 :

1907 5378 2203 5434 Henricum
2242 5381 2495 5436 videlicet
2531 5381 2854 5452 Augustum,
2887 5381 3063 5436 virum
3095 5382 3284 5453 utique
3321 5379 3409 5436 in-

1835 5472 2100 5538 numeris,
2137 5471 2247 5524 imo
2271 5469 2382 5526 fere
2404 5473 2622 5542 jugibus
2649 5472 2896 5526 victoriis
2927 5473 3281 5530 fortunatum.

1832 5559 2102 5629 Parthus,
2154 5561 2354 5628 Arabs,
2407 5561 2786 5634 Macedumque
2835 5564 3071 5634 phalanx
3126 5583 3229 5621 non
3284 5566 3410 5624 texit
3454 5606 3464 5621 .

3064 5657 3294 5730 [Alexim
3327 5712 3334 5718 _

1904 5745 2232 5813 Graecorum,
2261 5742 2351 5817 qui
2378 5743 2645 5800 nobiscum
2668 5763 2804 5818 swpe
2829 5749 2960 5819 agit,
2985 5749 3290 5818 principem.

2973 5842 3050 5904 23
