4012 6346
708 324 815 379 715

2768 224 2809 230 "<
2842 226 2931 237 ἣ...
2946 225 3023 238 -ρ-

1542 314 1611 371 ν.
1652 312 1980 373 GUlBERTl
2019 312 2313 369 ABBATIS
2349 313 2407 368 S.
2450 311 2695 367 MARUE
2733 310 2823 367 DE
2860 310 3266 371 NOVIGENTO
3816 329 3878 384 716

698 428 818 497 Sed
850 448 1220 507 smpenumero
1247 447 1372 489 eum
1397 430 1683 501 subigens,‘
1706 430 1814 485 nisi
1841 429 2033 484 veneni
2062 429 2293 483 haustus
2323 430 2371 487 Α
2397 427 2694 482 residuam.
2728 426 2882 494 Quod
2923 429 3310 497 imperatoris,
3364 430 3455 502 qui
3486 431 3601 490 inde
3639 452 3727 494 non
3758 452 3876 513 procul

709 538 756 588 ei
799 535 976 587 subito
1008 533 1174 585 vitam
1220 528 1617 598 prteripuissct,
1665 533 1829 594 caput
1859 532 2179 578 coronatum
2215 522 2294 575 in-

708 626 787 679 fra
832 638 1052 693 paucos,
1116 630 1175 675 ut
1222 602 1441 683 dicitur,
1493 617 1627 679 dies,
1674 613 2294 682 Constantinopolitanis

712 716 935 769 sedibus
984 712 1271 767 intulisset.
1319 709 1512 764 Videat
1554 706 1648 775 qui
1692 704 1805 760 vult
1851 705 2013 760 hodie
2051 704 2144 758 filii
2180 703 2296 772 ejus

707 805 1010 859 Boemuudi
1048 801 1475 873 potentiam,qui
1497 807 1742 854 veterum
1758 796 2064 852 oblitterata
2090 796 2297 853 vilitate

705 906 1013 969 parentum,
1035 896 1270 967 Philippi
1302 892 1799 965 regisFrancorum
1842 890 2010 945 filiam
2044 891 2199 945 duxit
2235 891 2293 947 in

704 990 1033 1062 coujugium,
1086 998 1141 1044 et
1173 987 1419 1059 prtedicti
1461 986 1647 1042 Alexis
1696 999 1983 1056 aggressus
2035 992 2118 1039 cst
2148 984 2293 1040 obti-

706 1102 837 1140 nere
868 1084 1138 1137 violenter
1160 1082 1468 1152 imperium.
1501 1080 1736 1151 Rogerio
1767 1080 1934 1151 igitur
1964 1078 2135 1139 fratre
2176 1078 2294 1147 ejus

703 1189 981 1236 remeante
1032 1177 1316 1242 Siciliam;
1376 1184 1431 1229 et
1474 1190 1640 1247 prope
1693 1175 2062 1230 omnimodam
2120 1174 2295 1245 gentis

705 1290 815 1330 sua:
878 1273 1255 1337 amissionem,
1312 1286 1434 1340 qua:
1487 1277 1597 1325 tota
1645 1268 1947 1325 Jerusalem
1997 1268 2291 1325 videbatur

706 1366 868 1431 itura,
896 1365 1133 1428 dolente,

779 1456 851 1510 De
885 1456 1152 1510 Tancredo
1200 1452 1492 1507 Boemuudi
1522 1462 1721 1525 nepote.
1754 1485 1825 1494 —-
1848 1453 1993 1509 Idem
2024 1453 2294 1510 Boemuu-

705 1552 803 1605 dus
842 1548 1162 1613 contractis,
1185 1562 1305 1616 qum
1332 1546 1398 1600 ad
1433 1555 1636 1601 tantam
1666 1546 2058 1617 profectionem
2086 1556 2294 1602 'neces—

702 1643 861 1697 sarize
905 1650 1084 1706 erant,
1126 1640 1327 1709 copiis,
1373 1642 1689 1697 conscensis
1737 1656 1879 1695 cum
1906 1657 2005 1697 suo
2045 1640 2292 1696 exercitu

700 1734 955 1799 navibus,
989 1747 1121 1786 aura
1139 1730 1438 1785 famulante
1479 1734 1739 1798 secunda,
1779 1733 1951 1787 littori
1980 1732 2288 1804 Bulgarico,

2399 521 2609 585 aberat,
2636 521 2763 573 dum
2795 522 3152 591 comperisset
3188 523 3486 588 exercitus,
3533 530 3766 595 comitem,
3787 536 3878 593 ducis

2400 616 2489 685 qui
2522 624 2876 685 przecesserat
2913 616 3233 671 destitutum
3266 618 3541 686 praesidio,
3570 626 3828 692 aggreditur.
3848 644 3879 686 et

2399 707 2615 769 comitis
2655 707 2789 762 socii
2829 708 3115 779 repentina
3152 709 3398 764 hostium
3430 711 3714 770 incursione
3740 722 3879 775 ιυώεη.

2388 788 2507 853 ων.
2544 798 2877 855 Perveniunt
2927 801 3044 856 haec
3077 802 3145 856 ad
3185 818 3358 858 aures
3396 802 3646 861 Taucrcdi
3675 808 3877 879 fortissimi.

2399 901 2454 947 ct
2497 893 2641 949 dicto
2668 893 2830 949 citius
2863 894 3250 965 retrogradum
3301 912 3523 952 sumens
3566 899 3678 965 iter,
3712 918 3828 973 seque
3852 910 3878 963 in

2399 986 2597 1044 flumen
2634 988 2919 1059 praefatum
2951 988 3269 1059 projiciens,
3302 990 3372 1044 ad
3402 1005 3496 1047 eos
3535 993 3620 1063 qui
3647 995 3878 1066 impelelen-

2400 1088 2487 1136 tur
2528 1082 2794 1136 tran‘ando
2841 1066 3095 1159 pervenit
3128 1101 3141 1136 :
3175 1090 3234 1137 et
3266 1082 3378 1136 duo
3406 1098 3542 1154 pene
3584 1085 3730 1140 millia
3771 1104 3879 1147 serua

2399 1175 2833 1242 auxiliariorum,
2864 1176 2957 1246 qui
2986 1184 3111 1246 post
3138 1177 3321 1246 ipsum
3365 1185 3619 1233 enatuere
3650 1176 3749 1251 [al.,
3770 1195 3879 1238 enata

2397 1267 2638 1341 verunt],
2671 1269 2967 1323 contraxit.
3020 1268 3215 1325 Hostes
3270 1271 3513 1341 reperit,
3556 1279 3605 1326 ct
3638 1283 3788 1328 contra
3810 1293 3881 1331 sua

2397 1364 2600 1418 acriter
2622 1360 2996 1433 confligentes,
3023 1362 3249 1427 acriori,
3276 1371 3338 1415 ut
3361 1377 3461 1433 par
3482 1371 3615 1428 erat,
3642 1365 3879 1423 animositate

2396 1456 2641 1525 pervasit
2672 1473 2685 1509 :
2721 1470 2825 1511 nec
2854 1470 3034 1521 mora,
3066 1454 3310 1525 subegit.
3340 1454 3666 1525 Apprehensi
3691 1458 3826 1528 itaque
3847 1476 3880 1513 ει

2397 1549 2476 1604 eis
2495 1547 2742 1619 plurimi,
2773 1555 2900 1602 ante
2928 1547 3229 1602 Boemundi
3263 1548 3606 1618 prmsentiam
3632 1548 3879 1615 deducuntur,

2396 1648 2451 1695 et
2496 1640 2550 1713 in
2581 1638 2800 1695 vincula
2830 1640 3218 1711 conjiciuntur.
3255 1639 3341 1694 Ad
3371 1655 3509 1710 quos
3533 1640 3659 1694 idem
3683 1639 3878 1710 princeps:

2403 1750 2422 1783 ι
2458 1732 2589 1797 Cur,
2618 1730 2821 1802 inquit,
2852 1740 2907 1786 et
2937 1730 3145 1787 Christi
3182 1740 3241 1787 et
3277 1745 3465 1786 meam
3494 1731 3784 1802 insequimini
3803 1749 3878 1804 gen.

702 1826 933 1880 feliciter
959 1834 1201 1890 evectus,
1229 1825 1540 1895 exponitur.
1581 1824 1638 1879 In
1680 1823 1833 1892 cujus
1874 1826 2136 1880 comitatu
2166 1839 2289 1879 cum
2321 1793 2369 1854 Β
2402 1826 2673 1897 tem?Ego
2695 1825 3013 1896 imperatori
3035 1834 3223 1881 vestro
3246 1824 3391 1880 nihil
3418 1825 3696 1880 eversionis
3718 1826 3874 1880 molior.»

703 1918 874 1971 multa
913 1916 1250 1987 equestrium
1286 1918 1530 1972 virorum
1559 1917 1829 1987 probitas,
1866 1925 1981 1972 tum
2007 1918 2290 1987 principa-

702 2012 836 2065 lium
903 2024 1010 2066 non
1062 2024 1230 2079 parva
1284 2011 1593 2066 sublimitas
1645 2010 1874 2065 exstitit.
1934 2010 2081 2065 Inter
2128 2025 2293 2081 quos,

702 2100 1076 2167 Tancreddm,
1134 2102 1472 2157 marchionis
1517 2101 1797 2170 cujusdam
1838 2117 1906 2158 ex
1948 2102 2248 2158 Boemuudi
2274 2144 2289 2170 ,

700 2195 807 2250 nisi
831 2194 1013 2261 fallor,
1046 2210 1235 2251 sorore
1290 2194 1489 2259 iilitun;
1520 2194 1674 2263 cujus
1704 2194 1876 2250 frater
1909 2210 2034 2268 gpm
2067 2194 2296 2267 Hugone

699 2285 894 2357 Magno
926 2293 1303 2356 praecesserat,
1330 2286 1419 2340 cui
1450 2285 1771 2340 Guillclmus
1793 2292 1912 2340 erat
1940 2286 2293 2354 vocabulum,

699 2383 756 2429 et
802 2377 1090 2444 quemdam
1132 2376 1226 2445 qui
1269 2375 1554 2430 dicebatur
1602 2375 1670 2429 de
1705 2375 1882 2445 prima
1929 2376 2151 2432 civitate
2193 2376 2281 2432 Ri-

700 2468 983 2525 ‘chardum
1008 2467 1403 2523 nominatiores
1429 2466 1769 2537 agnovimus,
1797 2467 1973 2522 virum
2007 2484 2138 2523 sane
2176 2468 2296 2539 pul-

704 2561 839 2617 chra
893 2560 1143 2629 corporis
1190 2557 1508 2614 habitudine
1549 2559 1931 2628 spectandum,
1995 2576 2153 2629 quem
2196 2575 2295 2631 pro

711 2651 1056 2717 Constantia,
1102 2651 1402 2706 Boemuudi
1435 2650 1682 2722 conjuge,
1719 2652 1785 2704 ad
1817 2650 2065 2707 Francia:
2111 2668 2295 2724 regem

710 2746 952 2801 vidimus
981 2745 1253 2816 legatione
1285 2743 1649 2815 perfunctum.
1680 2744 1957 2815 Ingressus
1982 2744 2143 2816 igitur
2171 2760 2294 2800 cum

707 2836 821 2892 suis
844 2836 1112 2906 Bulgaria:
1150 2835 1448 2907 regionem,
1482 2835 1703 2890 multam
1730 2836 2061 2906 opulentiam
2102 2851 2295 2891 eorum

702 2942 825 2999 quae
862 2928 931 2981 ad
973 2925 1227 2981 victualia
1272 2926 1546 2995 pertinent
1585 2935 1920 2997 repererunt.
1952 2927 2021 3004 Et
2051 2941 2173 2981 cum
2228 2926 2296 2982 ad

701 3022 1191 3093 Andropolitanam
1238 3020 1585 3076 devenisseut
1625 3020 1849 3087 vallem;
1889 3020 2090 3076 ibidem
2123 3020 2296 3075 donec

702 3120 817 3171 tota
870 3129 1060 3170 eorum
1118 3113 1310 3169 classis
1365 3122 1740 3183 perenatasset
1794 3121 1849 3168 et
1916 3111 2291 3181 allaberetur,

700 3216 1179 3281 exspectaverunt.
1234 3206 1372 3262 Tota
1433 3206 1599 3275 igitur
1645 3205 1811 3277 387
1856 3215 2017 3276 gente
2059 3214 2290 3274 coacta;

700 3301 943 3357 collectis
983 3299 1302 3371 proceribus
1363 3296 1651 3355 consilium
1702 3312 1825 3351 cum
1871 3297 1952 3352 cis
1988 3297 2294 3353 communi-

701 3402 808 3460 cat,
874 3393 992 3463 pari
1041 3392 1284 3447 omnium
1333 3394 1632 3451 indictione
1691 3394 2016 3467 praecipiens
2074 3403 2158 3463 ut,
2198 3409 2294 3466 per

700 3486 1043 3543 Christianas
1106 3486 1397 3541 transitum
1471 3488 1713 3543 habituri
1759 3497 1989 3560 gentes,
2060 3488 2296 3558 benigne

702 3579 1129 3646 innocenterque
1163 3592 1222 3632 se
1250 3589 1492 3650 agerent,
1525 3597 1625 3636 nec
1645 3597 1834 3638 eorum
1864 3583 2095 3653 patriam
2125 3582 2295 3652 depo-

699 3670 1043 3741 pularentur,
1099 3685 1199 3739 pro
1241 3689 1473 3744 quorum
1504 3672 1763 3745 sutfragio
1812 3674 2030 3730 venisse
2084 3674 2293 3730 debue-

704 3771 864 3828 rant;
915 3778 979 3818 ea
1032 3765 1228 3832 solum,
1288 3773 1345 3820 et
1372 3781 1535 3836 quam
1596 3765 1857 3835 paciﬁce,
1923 3766 2054 3822 dato
2112 3774 2296 3821 tamen

680 3853 904 3922 pretio,
948 3857 1283 3926 acciperent,
1328 3872 1446 3927 qua:
1495 3858 1562 3913 ad
1590 3857 1849 3913 victualia
1889 3858 2140 3914 sufﬁcere
2178 3874 2298 3930 pos-

702 3953 845 3999 sent.
870 3946 1260 4005 Processerunt
1290 3951 1435 4017 inde,
1468 3959 1521 4007 et
1557 3952 1684 4006 dum
1711 3952 1779 4007 de
1816 3952 1953 4007 urbe
1986 3952 2042 4007 in
2082 3953 2295 4021 urbem,

703 4037 771 4093 de
801 4028 926 4096 rure
957 4040 1012 4095 in
1050 4057 1167 4108 rus,
1210 4042 1276 4097 de
1303 4043 1500 4113 oppido
1548 4045 1886 4101 transierunt
1930 4046 1986 4100 in
2014 4046 2294 4117 oppidum,

703 4132 1045 4189 uberrimum
1075 4135 1278 4205 ubique
1311 4150 1564 4206 reperere
1592 4140 2007 4206 commercium,
2037 4142 2209 4196 donec
2239 4140 2295 4196 in

713 4239 837 4282 eam
891 4242 1011 4298 quas
1053 4236 1278 4283 vocatur
1324 4226 1573 4285 Castoria
1623 4231 1890 4287 devenere
1927 4231 2293 4302 provinciam;

699 4319 796 4375 ubi
824 4327 879 4375 et
909 4320 1250 4377 Dominicum
1275 4321 1594 4379 solemniter
1623 4324 1992 4391 celebraVere,
2024 4323 2293 4393 Natalem,

701 4415 1140 4485 commoratique
1170 4424 1296 4470 sunt
1325 4415 1535 4485 aliquot
1560 4418 1753 4473 diebus
1779 4418 2004 4473 ibidem.

2396 1918 2441 1973 E
2473 1927 2662 1973 contra
2691 1917 2767 1974 illi
2802 1936 2815 1973 :
2852 1936 2871 1970 ι
2909 1918 2990 1973 Ex
3018 1926 3205 1975 nostra
3243 1917 3633 1974 deliberatione
3655 1917 3715 1972 nil
3733 1919 3874 1989 agimus,

2401 2019 2580 2080 togam
2639 2007 2763 2081 [al.,
2805 2007 3021 2081 rogant]
3074 2009 3347 2081 principis
3394 2008 3678 2071 emerituri,
3718 2007 3876 2062 militiam

2397 2099 2634 2171 professi
2663 2115 2891 2167 sumus;
2942 2110 2999 2157 et
3034 2101 3302 2172 quidquid
3337 2100 3497 2156 nobis
3532 2099 3875 2172 praeceperinaev

2399 2191 2641 2248 cessario
2687 2206 3102 2263 prosequemur.
3142 2213 3159 2245 ι
3219 2192 3383 2261 Quod
3441 2192 3527 2246 vir
3575 2190 3773 2262 egregius
3803 2204 3872 2242 cum

2400 2283 2670 2350 audisset,
2710 2284 3006 2356 impunitos
3051 2299 3117 2340 ac
3167 2284 3559 2354 irredemptos,
3605 2282 3724 2337 illico
3753 2280 3873 2334 laxavit

2400 2373 2573 2428 abire.
2604 2374 2812 2441 Quarta
2845 2374 3005 2442 feria,
3029 2390 3150 2445 quae
3179 2376 3328 2446 apud
3354 2357 3676 2431 Christianos
3695 2382 3758 2428 est
3773 2370 3870 2440 Caput

2398 2474 2594 2522 vocata
2619 2464 2834 2539 jejunii,
2871 2467 3072 2523 bellum
3105 2468 3250 2524 istud
3286 2468 3495 2524 factum
3523 2474 3721 2524 constat.

3034 2559 3267 2617 CAPUT
3310 2560 3375 2615 Il.

2473 2648 2627 2723 [IlL]
2682 2649 2879 2707 Fmdus
2932 2668 3050 2706 cum
3114 2650 3432 2707 Boemundo
3480 2648 3785 2721 fraudulenter
3819 2647 3871 2697 irit

2398 2748 2704 2817 imperator.
2732 2778 2803 2787 —
2838 2747 3027 2804 Alexis
3052 2748 3360 2819 imperator
3385 2745 3633 2817 comperti
3658 2743 3738 2797 viri
3763 2740 3869 2796 eximii

2401 2836 2665 2907 facinore,
2697 2840 2791 2895 uni
2822 2855 2891 2896 ex
2926 2840 3043 2895 suis
3072 2840 3430 2907 necessariis,
3463 2836 3608 2906 cujus
3641 2832 3868 2906 potissimum

2400 2934 2735 2990 innitebatur
2758 2934 3008 3000 consilio,
3037 2943 3166 2989 tunc
3188 2932 3474 2989 mandavit
3501 2939 3554 3013 ut
3580 2924 3863 2998 magnanimum

2400 3043 2527 3084 cum
2561 3044 2660 3084 suo
2690 3028 2937 3083 exercitu
2970 3028 3158 3083 ducem
3203 3042 3309 3097 per
3342 3035 3538 3081 terram
3575 3035 3705 3075 suam
3735 3014 3869 3071 honori-

2400 3120 2502 3178 fice
2532 3122 2846 3187 deduceret,
2884 3121 3059 3177 donec
3089 3120 3155 3174 ad
3188 3120 3275 3175 sui
3312 3116 3637 3190 praesentiam
3667 3104 3867 3166 Constanti-

2398 3213 2638 3285 nopolim
2666 3213 2967 3269 deveniret.
2992 3210 3236 3282 Cumque
3275 3210 3558 3283 per‘ipsius
3581 3201 3748 3275 imperii
3768 3194 3867 3253 muni

2395 3305 2535 3377 cipia
2566 3313 2622 3359 et
2658 3304 2820 3360 urbes
2863 3302 3122 3358 transiret
3162 3302 3481 3366 exercitus,
3525 3297 3755 3369 regionum
3790 3298 3864 3355 qua-

2396 3413 2626 3468 rumque
2654 3396 2849 3453 incolis
2880 3394 3164 3467 imperiale
3188 3394 3420 3465 jubebat
3446 3392 3675 3453 edictum,
3697 3390 3865 3454 quatenus

2396 3490 2445 3545 ei
2484 3499 2798 3561 satagerent
2827 3498 3174 3559 comportare
3197 3490 3414 3561 copiam
3441 3497 3607 3541 rerum
3633 3476 3863 3541 nndicuuquc

2396 3579 2691 3635 venalium.
2723 3579 2816 3636 Sic
2850 3588 3033 3635 autem
3065 3578 3277 3634 militiae
3310 3578 3386 3634 illi
3413 3592 3511 3649 per
3533 3566 3863 3646 provinciast

2396 3688 2589 3744 perure
2636 3674 2869 3729 dabatur
2921 3682 2983 3729 ut
3034 3669 3213 3728 nullus
3261 3686 3454 3730 eorum
3520 3667 3601 3739 qui
3656 3651 3861 3749 Βοεωιωδῗ

2397 3740 2757 3832 cohaeserant,
2789 3765 2935 3821 intra
2978 3763 3273 3836 cujuslibet
3303 3760 3537 3820 civitatis
3561 3766 3713 3812 muros
3735 3740 3861 3815 tum“

2396 3856 2829 3927 permitteretur.
2862 3854 2979 3911 Nisi
3009 3863 3137 3912 sunt
3157 3862 3345 3911 autem
3376 3854 3530 3909 iidem
3557 3845 3719 3903 milites
3739 3839 3860 3892 imm-

2396 3964 2528 4020 pere
2554 3949 2826 4021 quoddam
2863 3957 3131 4015 castrum,
3163 3948 3326 4004 bonis
3358 3959 3480 4017 qum
3510 3951 3623 3996 tunc
3646 3930 3859 4023 videbanlt"

2400 4049 2715 4112 competere
2734 4028 3081 4112 ‘opulentum.
3128 4039 3199 4094 At
3223 4040 3310 4094 vir
3339 4037 3427 4094 ille
3450 4028 3650 4092 illustris
3676 4024 3717 4081 id
3743 4022 3856 4072 vetuit.

2397 4134 2595 4205 partim
2633 4147 2702 4188 ne
2741 4142 2902 4189 terrae
2921 4134 3044 4203 ju‘fa
3075 4133 3345 4198 turbaret,
3377 4128 3563 4202 partim
3586 4137 3644 4178 ne
3671 4116 3858 4185 impenlo'

2399 4224 2477 4279 ris
2503 4233 2750 4280 tenerum
2779 4225 2957 4279 adhuc
2985 4224 3225 4279 animum
3252 4222 3561 4284 offenderet,
3586 4215 3676 4269 imo
3695 4221 3746 4262 ne
3761 4206 3855 4273 Ρ³⁶¹²

2400 4333 2522 4374 cum
2554 4333 2620 4374 eo
2641 4333 2738 4391 per
2766 4318 3129 4375 internuntios
3158 4334 3352 4375 recens
3381 4317 3517 4372 facta
3534 4309 3742 4398 cassatei-

2398 4420 2634 4483 coeptam
2680 4412 2965 4483 ineptiam,
3001 4427 3144 4483 aegre
3177 4410 3384 4477 ferens,
3429 4409 3585 4463 iratus
3606 4394 3853 4483 suist‘m'

771 4477 1117 4575 Quaesierunt
1152 4508 1321 4580 igitur
1356 4524 1387 4564 a
1420 4477 1751 4580 provinciali
1796 4521 1957 4582 gente
1992 4511 2293 4583 negotium,
2324 4533 2376 4594 ι)
2399 4513 2611 4577 perant,
2665 4514 2720 4559 et
2766 4504 3076 4574 specialiter
3131 4502 3437 4568 Tancredo.
3458 4477 3851 4594 Δι’θρτθεδίξ

702 4598 801 4657 sed
834 4599 940 4669 ipsi
978 4599 1273 4657 noluerunt
1298 4602 1381 4657 eis
1407 4604 1649 4673 praebere
1679 4618 2001 4660 consensum
2055 4620 2120 4660 eo
2148 4604 2293 4660 scili-

714 4700 807 4748 cet
834 4694 979 4763 quod
1001 4686 1325 4751 vererentur
1341 4711 1458 4763 eos,
1494 4697 1759 4753 militares
1788 4697 1907 4753 illos
1937 4697 2290 4765 aestimantes,

703 4800 813 4840 non
839 4789 1178 4857 peregrinos,
1209 4796 1265 4844 et
1300 4789 1427 4860 quia
1456 4789 1660 4845 vellent
1711 4790 2038 4845 exterminio
2091 4798 2293 4846 terram

702 4877 922 4932 tradere
950 4891 1013 4932 ac
1040 4876 1312 4947 perimere
1360 4880 1500 4936 illos.
1555 4882 1625 4936 At
1668 4882 1745 4937 illi
1785 4883 2073 4947 modestia,
2128 4896 2293 4953 quam

700 4972 1038 5038 habuerant,
1072 4972 1128 5027 in
1178 4972 1420 5053 furorem
1470 4989 1664 5043 versa,
1718 4975 2048 5047 diripiebant
2099 4991 2292 5047 equos,

698 5068 889 5132 boves,
919 5065 1126 5133 asinos,
1158 5079 1223 5122 ac
1252 5066 1504 5137 qualibet
1533 5069 1634 5125 sibi
1675 5069 1848 5124 utilia.
1892 5070 2141 5142 Egressis
2171 5079 2284 5127 tan-

702 5158 829 5215 dem
864 5157 933 5213 de
976 5156 1503 5231 Castoriagoccurrit
1544 5159 1857 5233 Pelagonia,
1890 5160 1982 5215 ubi
2019 5161 2293 5231 quoddam

698 5249 1088 5306 hmreticorum
1122 5242 1365 5306 castrum
1395 5251 1703 5320 reperiunt,
1750 5251 1893 5323 quod
1931 5242 2171 5321 undique
2202 5266 2293 5322 ag-

703 5342 897 5410 gressi,
928 5341 996 5396 ad
1041 5356 1201 5397 suum
1248 5340 1406 5397 subdi
1462 5357 1691 5414 coegere
1736 5343 2050 5414 imperium,
2082 5351 2137 5399 et
2172 5341 2295 5412 igne

704 5433 967 5501 subjecto,
1009 5434 1428 5489 combusserunt
1459 5450 1582 5490 cum
1628 5435 1742 5491 suis
1772 5435 2174 5492 habitatoribus
2204 5452 2293 5491 ca-

705 5533 905 5581 strum.
948 5527 1077 5583 Inde
1125 5529 1192 5583 ad
1239 5529 1460 5586 fluvium
1504 5532 1830 5602 perveniunt
1865 5533 1957 5602 qui
2007 5535 2295 5589 dicebatur

703 5617 1017 5672 Baudarum
1069 5618 1191 5691 [al.,
1244 5620 1599 5696 Bandarum].
1655 5623 1983 5695 Progressus
2033 5635 2117 5680 est
2164 5643 2293 5697 ergo

702 5710 1053 5765 Boeniumlus
1084 5727 1204 5764 cum
1238 5713 1416 5785 aliqua
1460 5731 1681 5773 suorum
1730 5716 1963 5775 militum
2015 5725 2199 5794 parte,
2238 5719 2291 5777 in

705 5820 869 5868 manu
922 5812 1100 5863 autem
1151 5805 1429 5878 cujusdam
1467 5810 1547 5869 sui
1592 5809 1807 5869 comitis
1842 5819 2053 5887 partem
2085 5812 2291 5874 dimisit

2400 4568 2558 4668 spere
2598 4568 2940 4669 contigerat.
3000 4595 3159 4651 Mane
3211 4605 3395 4652 autem
3451 4590 3608 4651 facto,
3655 4568 3848 4669 Ρτοίθδωξ

2396 4698 2724 4757 castrenses,
2764 4697 2821 4745 et
2874 4704 2985 4760 pra:
3031 4704 3092 4745 se
3140 4688 3318 4745 crucis
3364 4682 3547 4742 vexilla
3592 4652 3846 4760 ferentewti

2396 4752 3082 4854 Boernundi'conspectum
3124 4798 3251 4839 cum
3284 4774 3556 4849 multiplici
3580 4752 3846 4854 humilitatisi

2395 4878 2659 4949 religione
2713 4849 3067 4937 contendunt.
3120 4877 3239 4947 ipse
3287 4888 3415 4932 vero
3460 4849 3843 4957 aﬂabiliteerff

2396 4941 2681 5029 mansuete
2710 4973 3024 5039 admittens,
3055 4941 3261 5027 ind-ulta
3292 4969 3489 5028 eisdem
3515 4972 3598 5019 sua
3619 4941 3845 5025 gratia,“e

2396 5063 2730 5121 laetabundos
2759 5065 2963 5121 emisit.

2469 5160 2711 5229 Denique
2732 5160 2800 5215 ad
2821 5158 3113 5230 quamdam
3136 5158 3420 5216 deveniunt
3444 5125 3839 5231 urbemin“???

2395 5260 2643 5320 vocatur,
2693 5252 2786 5308 ubi
2837 5268 2933 5309 sua
2983 5251 3154 5309 ﬁxere
3188 5251 3441 5315 tentoria;
3491 5255 3580 5301 nec
3621 5230 3700 5288 illis
3719 5215 3835 5320 dth

2395 5360 2637 5417 congrua
2683 5344 2786 5401 sibi
2828 5345 3052 5417 defuere
3114 5343 3455 5402 commercia.
3505 5332 3570 5391 ibi

2396 5408 2531 5495 cuni
2551 5439 2764 5496 duobus
2803 5414 3077 5513 prtefectis
3115 5441 3368 5513 palatinis
3408 5436 3456 5489 in
3497 5408 3832 5515 ςοηεοτξίίφξῗ

2396 5532 2516 5587 diit.
2553 5531 2707 5588 Unde
2735 5500 2833 5604 pro
2861 5548 3048 5589 eorum
3082 5500 3223 5588 novo
3255 5530 3464 5631 foedere,
3489 5500 3831 5631 ﬂgitium;
3898 5582 3899 5589 η

2395 5626 2574 5681 vando
2626 5595 2950 5697 provincias,
3001 5625 3166 5697 jussit
3214 5622 3419 5682 restitui
3452 5595 3828 5716 [quidqui-‘1

2396 5680 2666 5775 sublatum
2691 5717 2868 5775 fuerat
2895 5680 3110 5790 praedae.
3134 5717 3338 5803 Exinde
3363 5694 3577 5815 auctius,
3599 5680 3823 5815 (12³3ῄὲᾟέ

2395 5808 2561 5879 Busa,
2598 5810 2835 5873 civitatis
2878 5776 3012 5870 fines
3042 5800 3354 5891 attigerant,
3390 5814 3439 5867 et
3465 5806 3586 5861 θεοθν
3615 5776 3789 5843 amor"
