3980 6324
204 398 291 462 ’117
1196 390 1420 449 GESTA
1447 388 1559 447 DEI
1592 388 1730 448 PER
1765 388 2107 450 FRANCOS.
2129 422 2199 436 -—
2228 391 2358 449 LIB.
2388 391 2476 449 III.

3331 398 3435 459 718

200 514 535 593 promlscuum
565 505 776 577 vulgus,
808 505 883 561 illi
915 506 1077 561 nobili
1109 507 1321 563 obviam
1356 509 1473 563 viro
1506 524 1739 564 concnr-
1768 513 1815 572 Α
1847 509 1900 564 in
1921 509 2227 564 latitudine.
2257 510 2551 580 Frangitur
2579 512 2807 570 illustris
2836 514 3073 572 hominis
3094 516 3199 572 hac
3224 516 3435 588 pollici-

200 626 338 673 rcns,
392 601 639 675 qumlibet
675 600 884 654 venalia
932 616 1032 670 pro
1086 609 1328 672 tempore
1383 601 1740 657 conferebat:

199 704 376 771 ibique,
426 694 598 750 triduo
642 700 766 747 ante
794 706 965 749 ccenae
995 694 1291 751 Dominicm
1341 695 1512 759 diem,
1567 704 1744 751 castra

200 807 421 872 posuere.
470 789 807 844 Boemundus
854 799 1033 845 autem
1075 791 1297 861 proprio
1336 791 1446 846 illic
1483 794 1744 847 comitatu

1848 601 2050 656 tatione
2089 602 2383 667 severitas;
2438 618 2538 659 nec
2575 605 2754 660 diﬂert
2794 618 3136 663 sacramenta
3179 618 3433 682 tyranno,

1846 702 1899 749 et
1922 695 2064 764 quod
2093 694 2245 766 Hugo
2278 696 2502 765 Magnus
2526 715 2648 754 cum
2684 702 3029 768 necessitate,
3064 712 3176 758 tum
3200 707 3432 775 pecunia

1846 786 2190 842 lenocinante
2222 786 2528 857 juraverat,
2574 792 2677 846 hoc
2720 792 2765 847 is
2816 808 2882 849 eo
2929 796 3209 852 consensit
3243 805 3435 854 tenore

199 885 415 946 dimisso,
434 878 929 949 Constantinopolin
948 881 1330 951 proficiscitur,
1353 884 1539 952 paucis
1561 898 1744 938 secum
1842 877 2045 949 jllral‘f‘.
2076 886 2135 932 ιιι
2178 896 2199 930 ι
2244 879 2288 933 Si
2340 877 2524 935 MeXiS
2567 896 2631 935 ea
2681 898 2787 952 qua
2831 882 3065 951 iurando
3118 887 3255 960 [al.,
3283 887 3435 965 viroj.

196 978 432 1043 militibus
463 973 688 1038 eductis,
724 988 848 1028 cum
880 974 1210 1044 imperatore
1238 975 1565 1046 colloquium
1595 976 1748 1031 habi-

195 1080 347 1125 turus.
374 1064 586 1119 Interim
618 1063 931 1121 Tancredus
972 1068 1300 1136 procurabat
1328 1068 1649 1133 exercitum,
1692 1075 1748 1122 et

195 1161 303 1215 dum
330 1155 468 1210 videt
492 1169 797 1225 quousque,
820 1153 934 1224 jam
962 1156 1230 1213 exhausto
1259 1158 1553 1229 marsupio,
1580 1157 1746 1213 victui

193 1246 472 1305 necessaria
518 1244 803 1299 diﬂiculter
849 1258 1063 1313 emere,
1126 1248 1413 1317 proposuit
1460 1250 1602 1318 apud
1652 1262 1743 1316 se,

191 1340 314 1411 quod
340 1337 513 1392 tritam
538 1336 681 1390 viam
708 1336 1012 1403 desereret;
1042 1346 1097 1393 et
1122 1338 1189 1393 ad
1220 1346 1405 1409 partes
1433 1338 1613 1392 minus
1640 1336 1747 1395 fre-

192 1437 451 1501 quentatas
492 1428 863 1483 itinerantium
892 1429 1231 1499 assiduitate,
1262 1445 1389 1485 suos
1413 1429 1745 1498 deﬂecteret,

189 1523 265 1579 ubi
289 1521 477 1593 largior
501 1520 857 1576 emendorum
880 1521 1071 1578 afﬂuen
1082 1524 1153 1578 tia
1183 1525 1391 1580 cunctis
1413 1532 1745 1595 suppeteret.

190 1615 393 1673 Divertit
434 1613 597 1684 igitur
640 1628 733 1669 eos
771 1629 801 1668 a
841 1622 1009 1670 strata
1041 1615 1279 1687 publica,
1312 1616 1617 1687 vallemque
1667 1617 1749 1672 di-

188 1723 442 1765 versorum
489 1706 873 1763 alimentorum
923 1710 1173 1765 ubertate
1223 1710 1548 1777 confertam,
1580 1711 1749 1782 388

189 1799 573 1873 pauperioribus
627 1814 849 1855 suorum
905 1800 1270 1868 consulendo,
1322 1804 1638 1869 subintrat;
1693 1803 1747 1857 in

1846 970 2295 1041 pasciscebantur
2336 970 2459 1044 [al.,
2502 973 2930 1049 pasciscebatur]
2971 978 3312 1051 infringeret,
3346 981 3439 1039 ille

1848 1066 1917 1120 ab
1945 1064 2053 1129 his,
2086 1081 2207 1136 qua:
2245 1064 2606 1135 jurejurando
2644 1067 2978 1135 firmaverat,
3025 1071 3164 1129 liber
3205 1084 3373 1131 esset.
3411 1094 3433 1129 ι

1851 1157 1959 1212 Sed
1997 1159 2041 1213 si
2072 1158 2195 1228 quis
2229 1168 2618 1229 percunctetur
2653 1175 2826 1232 quare
2862 1160 2910 1216 is
2931 1170 2988 1217 et
3024 1163 3116 1217 alii
3147 1179 3177 1220 a
3207 1181 3305 1222 suo
3326 1168 3441 1224 sint

1848 1250 2049 1321 rigore,
2101 1252 2168 1304 ad
2198 1251 2488 1307 deferenda
2522 1261 2752 1325 tyranno
2796 1242 3159 1321 sacramenta,
3203 1257 3436 1329 deﬂexi;

1850 1343 1984 1398 sciat
2028 1357 2285 1413 proceres
2342 1358 2561 1399 suorum
2620 1344 2674 1399 in
2721 1345 2950 1400 Domino
3004 1346 3439 1405 commilitonum

1849 1436 2169 1492 subvenisse
2214 1436 2562 1504 necessitati,
2595 1437 2795 1507 quibus
2831 1446 2951 1493 erat
2983 1437 3154 1493 multa
3187 1441 3438 1511 penuria,

1850 1526 1895 1581 si
1952 1537 2252 1582 mercatum
2302 1527 2556 1583 euntibus
2607 1535 2898 1599 negaretur
2927 1528 3208 1598 stipendii.
3257 1530 3443 1587 Alexis

1850 1634 2067 1691 quoque
2090 1621 2261 1676 nihilo
2283 1621 2461 1676 secius
2475 1628 2530 1676 et
2553 1621 2669 1691 ipse
2691 1620 2892 1677 nostris
2914 1620 3075 1677 ﬂdem
3101 1631 3442 1679 sacramento

1849 1713 2215 1788 praestiterat,
2261 1713 2388 1784 quia
2422 1732 2441 1764 ‹
2489 1713 2602 1783 ipse
2633 1729 2756 1770 cum
2782 1713 2880 1778 eis,
2907 1729 3006 1770 suo
3030 1715 3238 1784 pariter
3271 1716 3444 1773 comi-

1851 1812 2001 1860 tante
2036 1805 2301 1873 exercitu,
2328 1806 2631 1873 deveniret,
2660 1816 2915 1877 terraque
2933 1807 3180 1878 marique
3199 1809 3441 1881 juvaret,

188 1908 277 1964 qua
304 1901 355 1946 et
378 1890 583 1945 Pascha
622 1891 961 1946 Dominicum
1009 1893 1187 1948 debita
1217 1893 1447 1965 populus
1477 1909 1599 1948 cum
1628 1893 1746 1963 ipso
1774 1874 1823 1933 Β
1863 1911 1926 1952 ac
1963 1897 2252 1967 utrobique
2281 1898 2511 1952 convehi
2543 1897 2705 1953 victui
2731 1874 2959 1953 emenda
2986 1874 3231 1969 juberet';
3264 1901 3308 1955 si
3335 1874 3445 1971 qua

190 1983 450 2040 affectione
481 1983 847 2038 concelebrat.
871 1984 943 2039 At
976 1985 1161 2041 Alexis
1185 1985 1556 2041 Boemundum
1590 1985 1656 2040 ad
1687 2000 1746 2041 se

188 2077 348 2133 venire
393 2076 755 2145 comperiens,
799 2078 1089 2148 plurimam
1130 2079 1443 2134 adventanti
1493 2093 1745 2135 reveren-

187 2174 299 2228 tiam
326 2170 484 2242 jussit
516 2170 778 2242 impendi,
814 2180 870 2225 et
898 2171 1189 2243 hospitalia
1218 2172 1272 2226 in
1305 2173 1476 2241 ipsius
1508 2172 1746 2227 civitatis

187 2269 330 2338 burgo
359 2266 609 2337 praeberi.
654 2265 773 2333 Quo
799 2277 1038 2337 recepto,
1065 2268 1131 2321 ad
1160 2266 1486 2339 colloquium
1515 2266 1748 2323 accersi-

185 2370 279 2427 tur,
321 2361 653 2430 veniensque
696 2361 837 2431 apud
886 2360 1064 2432 ipsum
1096 2370 1307 2417 secreto
1336 2373 1562 2418 acturus
1596 2360 1747 2416 exci-

181 2453 322 2524 pitur.

241 2544 371 2617 [qu
414 2544 630 2600 Interea
680 2545 789 2601 dux
838 2545 1183 2613 Godefridus,
1235 2561 1357 2602 cum
1408 2547 1577 2602 fratre
1625 2547 1747 2602 Bal‘

180 2636 344 2703 duino,
380 2651 443 2691 ac
470 2636 672 2691 deinde
699 2635 887 2692 Sancti
916 2638 1090 2709 Egidii
1121 2652 1325 2705 comes,
1358 2638 1576 2707 utrique
1606 2639 1745 2694 'cum

181 2745 321 2785 manu
346 2745 450 2785 non
480 2728 699 2799 exigua,
732 2729 964 2801 attigere
996 2729 1592 2799 Constantinopolitana
1620 2731 1747 2786 sub-

182 2821 335 2877 urbia.
366 2821 513 2877 Tunc
544 2821 733 2876 Alexis
760 2822 1018 2893 perfidus,
1058 2822 1150 2892 qui
1191 2822 1318 2877 olim
1368 2831 1556 2876 contra
1608 2821 1749 2877 Tur-

181 2931 261 2970 cos
312 2915 641 2971 auxiliorum
673 2915 966 2986 putabatur
994 2915 1203 2980 avidus,
1234 2915 1528 2969 acerbitate
1556 2929 1747 2970 ranco-

180 3006 246 3062 ris
268 3007 576 3075 infrenduit,
637 3016 691 3063 et
737 3023 843 3078 qua
884 3007 1076 3063 fraude
1116 3017 1195 3063 tot
1240 3008 1484 3073 militias,
1531 3008 1654 3071 sibi,
1689 3016 1748 3063 ut

178 3100 400 3169 putabat,
432 3100 779 3171 ingruentes,
820 3099 966 3171 turpi
1004 3099 1372 3170 pratcipitaret
1410 3098 1578 3153 exitio
1604 3114 1747 3169 saepe

180 3192 404 3248 revolvit.
440 3192 550 3249 Sed
589 3194 756 3260 Deus,
786 3193 940 3264 cujus
971 3193 1057 3248 illa
1101 3194 1187 3264 pia
1226 3193 1442 3263 agmina
1471 3193 1746 3248 duceban-

178 3293 253 3339 tur
276 3285 549 3353 instinctu,
590 3286 668 3342 ita
706 3302 801 3342 eos
825 3296 909 3341 est
953 3286 1121 3340 tuitus
1163 3294 1222 3339 ut
1259 3284 1438 3340 nullus
1463 3285 1531 3340 ad
1560 3300 1748 3341 eorum

177 3375 425 3435 laesiouem
452 3379 795 3451 nequissimo
826 3389 1040 3450 pateret
1070 3380 1241 3445 locus,
1275 3378 1405 3444 imo,
1438 3379 1586 3434 omni
1617 3395 1748 3450 pos-

177 3468 416 3527 sibilitate
444 3472 686 3538 succisa,
719 3472 902 3544 gravis
937 3471 1138 3527 misero
1170 3471 1511 3525 incuteretur
1551 3479 1746 3528 metus.

178 3560 400 3636 Denique
438 3565 578 3621 visis
610 3564 998 3622 conﬂuentium
1032 3563 1242 3629 cuneis,
1294 3562 1750 3636 ConstantinOpo-

174 3656 310 3714 litani
370 3660 697 3725 turbantur;
757 3658 1151 3729 consiliumque
1197 3657 1497 3728 quaesituri,
1541 3658 1750 3729 glome-

176 3758 366 3805 rantur.
418 3750 559 3806 Dum
590 3750 737 3807 enim
784 3749 982 3805 timent
1029 3764 1097 3805 ne
1126 3748 1321 3806 civitas
1360 3750 1749 3819 supervenien-

176 3844 294 3898 tium
336 3846 738 3901 numerositate
780 3853 1078 3917 prematur,
1117 3854 1173 3901 et
1215 3861 1402 3902 eorum
1457 3846 1751 3917 provincia:

175 3934 565 4007 depopulationi
604 3939 909 4004 tradantur,
941 3938 995 3993 in
1027 3937 1243 3993 consilii
1292 3939 1463 3995 habiti
1492 3940 1751 3995 eventila-

174 4027 305 4083 tione
346 4032 654 4102 reperiunt,
694 4038 963 4101 quatenus
1004 4040 1409 4087 sacramentum
1449 4033 1632 4104 exigat
1673 4044 1753 4106 ty-

173 4136 363 4179 rannus
391 4140 424 4179 a
452 4124 687 4181 Francis
721 4144 740 4178 (
775 4126 918 4196 quod
949 4142 1228 4196 nunquam
1258 4127 1370 4182 sint
1390 4127 1493 4182 sibi
1518 4129 1752 4185 nocituri

170 4214 245 4268 vel
270 4215 400 4272 suis.
426 4206 446 4269 ἱ
481 4216 641 4286 Quod
665 4216 753 4272 ubi
782 4217 882 4272 fuit
907 4227 1217 4274 nostrorum
1239 4218 1571 4289 primoribus
1600 4221 1752 4292 agni-

174 4312 297 4370 tum,
328 4324 530 4380 magna
578 4317 662 4364 est
708 4308 853 4365 illico
895 4310 1322 4366 subsannatione
1361 4322 1747 4383 contemptum.

170 4395 573 4469 Perpenderant
595 4400 754 4472 plane
787 4402 913 4472 quia
946 4404 990 4458 si
1021 4419 1130 4473 quo
1176 4413 1337 4475 pacto
1359 4405 1563 4475 primos
1594 4420 1753 4462 exer-

170 4486 303 4544 citus
330 4505 360 4544 a
401 4500 592 4561 coepto
640 4507 898 4548 exerrare
927 4495 1291 4564 contingeret,
1340 4503 1419 4550 tot
1466 4504 1753 4568 tantosque

1851 1990 2016 2045 etiam
2045 1989 2152 2045 illis
2182 1990 2402 2045 evenire
2433 1992 2630 2045 damna
2662 1990 3022 2062 contingeret,
3081 1992 3203 2049 sine
3258 1993 3445 2049 immi-

1848 2082 2071 2138 nutione
2128 2081 2447 2137 restitueret
2501 2083 2569 2136 ad
2612 2082 3049 2153 supplementum
3085 2082 3207 2156 [al.,
3250 2099 3445 2156 supre-

1848 2172 2061 2247 mum];
2112 2174 2387 2229 neminem
2416 2174 2471 2229 in
2519 2175 2623 2231 hac
2663 2174 3005 2246 expeditione
3043 2176 3254 2243 vexari,
3292 2176 3443 2245 lazdi,

1848 2268 2046 2334 occidi,
2075 2275 2167 2322 aut
2193 2267 2356 2323 vellet
2411 2276 2505 2323 aut
2532 2267 2759 2335 sineret,
2785 2278 3059 2339 quantum,
3076 2268 3183 2325 sibi
3211 2267 3444 2341 facultas

1849 2368 2186 2432 suppeteret.
2220 2379 2239 2413 ι

2466 2452 2696 2512 CAPUT
2734 2454 2820 2509 III.

1922 2544 2036 2619 [V.]
2082 2546 2275 2603 Comes
2310 2553 2576 2617 praeterea
2624 2544 2814 2602 Sancti
2855 2543 3217 2619 Egidii,'cum
3243 2547 3446 2606 castris

1849 2639 1963 2694 suis
1997 2650 2320 2709 occupasset
2362 2640 2638 2712 Byzantea
2674 2640 2958 2707 suburbia,
2990 2656 3119 2712 pars
3140 2655 3274 2697 vero
3300 2640 3449 2698 mili-

1853 2729 1940 2783 tim
1982 2731 2214 2784 necdum
2256 2730 2323 2785 ad
2370 2730 2640 2803 integrum
2670 2731 3035 2799 convenisset,
3063 2733 3231 2805 coepit
3260 2743 3448 2806 tyran-

1849 2836 1952 2876 nus
1993 2822 2249 2878 comitem
2297 2822 2596 2879 sollicitare
2638 2838 2736 2893 per
2776 2824 3053 2892 nuntium,
3104 2833 3188 2891 ut,
3232 2825 3314 2880 uti
3350 2825 3449 2882 alii

1850 2913 2117 2981 fecerant,
2168 2913 2353 2970 facere
2403 2926 2458 2971 et
2508 2916 2624 2986 ipse
2669 2916 2772 2971 sibi
2804 2924 3089 2986 pateretur
3115 2916 3444 2976 hominium.

1850 3004 2140 3060 Mandabat
2182 3005 2296 3061 haec
2323 3006 2538 3078 tyranni
2567 3005 2850 3063 insolentis
2887 3006 3222 3074 astutia,sed
3248 3022 3279 3063 e
3308 3023 3446 3063 cou-

1851 3105 1974 3164 tra,
2028 3098 2300 3168 quomodo
2352 3098 2674 3168 nequissimi
2723 3098 3083 3155 ulcisceretur
3136 3099 3446 3171 invidiam,

1850 3189 2068 3246 comitis
2104 3190 2325 3262 gloriosi
2358 3182 2612 3261 cleperat'
2622 3191 2737 3263 jam
2770 3205 2957 3247 secum
2998 3190 3278 3249 ruminare
3310 3208 3447 3264 pru-

1853 3281 2058 3337 dentia.
2106 3280 2178 3336 At
2222 3281 2515 3351 principes,
2547 3282 2657 3335 dux
2686 3281 2875 3351 utique
2913 3279 3259 3347 Godefridus,
3290 3282 3449 3355 Hugo

1852 3374 2099 3445 Magnus,
2130 3374 2512 3445 Robertusque
2560 3374 2933 3443 Flandrensis,
2979 3382 3034 3432 et
3079 3376 3264 3432 caeteri
3295 3376 3450 3433 dixe-

1851 3476 1980 3524 runt
2023 3468 2151 3538 quia
2191 3483 2473 3538 nunquam
2513 3477 2701 3524 contra
2733 3468 2969 3538 aliquem
3008 3468 3100 3537 qui
3131 3468 3449 3525 Christiano

1851 3568 2142 3615 censeatur
2188 3560 2504 3632 agnomine,
2555 3575 2711 3615 arma
2743 3561 3059 3631 portabunt.
3118 3561 3347 3632 Insuper
3390 3567 3450 3617 et

1853 3649 2200 3707 Boemundus
2228 3651 2412 3707 intulit
2439 3651 2567 3723 quia
2605 3652 2651 3707 si
2677 3651 2881 3708 bellum
2910 3652 3231 3725 imperatori
3260 3667 3447 3711 move-

1853 3754 1958 3814 ret,
1991 3754 2046 3801 et
2076 3754 2423 3801 sacramenta
2464 3745 2779 3801 securitatis
2818 3746 3102 3812 abnueret,
3146 3746 3449 3818 imperato-

1852 3838 1947 3893 riae
1978 3839 2091 3909 ipse
2117 3838 2505 3894 adminiculum
2532 3840 2706 3909 partis
2727 3838 3009 3895 existeret.
3030 3838 3217 3909 Itaque
3237 3853 3445 3907 comes,

1853 3933 2255 3989 communicato
2302 3947 2427 3987 cum
2469 3947 2693 3988 suorum
2734 3945 2952 4005 quoque
3002 3930 3448 3987 necessariorum

1853 4023 2080 4079 consilio
2117 4022 2237 4097 [al.,
2270 4039 2390 4080 cum
2421 4025 2535 4080 suis
2574 4023 2848 4096 consilio],
2894 4042 2913 4076 ι
2941 4024 3068 4078 vita!
3103 4038 3168 4079 ac
3220 4023 3447 4081 honoris

1854 4116 2285 4183 indemnitatem,
2321 4137 2340 4170 ι
2388 4117 2540 4186 jurat
2566 4117 2718 4173 Alexi
2755 4116 2944 4187 impio,
2975 4115 3121 4187 quod
3162 4134 3182 4168 ‹
3216 4130 3317 4172 nec
3344 4131 3449 4187 per

1854 4220 1914 4261 se
1959 4206 2237 4274 videlicet,
2281 4224 2457 4278 neque
2512 4208 2830 4279 opitulando
2866 4206 3001 4272 alii,
3048 4205 3193 4261 illius
3237 4205 3448 4262 faveret

1853 4299 2040 4354 exitio.
2082 4319 2100 4352 ›
2137 4300 2382 4370 Cumque
2435 4302 2483 4356 ei
2536 4301 2763 4355 verbum
2808 4300 2874 4355 de
2910 4298 3154 4355 bominio
3182 4298 3447 4369 replicas-

1856 4402 1996 4459 sent,
2030 4394 2171 4449 dixit
2202 4410 2260 4449 se
2292 4394 2487 4465 capitis
2523 4393 2684 4447 malle
2724 4393 2908 4448 subire
2949 4390 3250 4462 periculum
3279 4406 3444 4462 quam

1857 4483 1948 4537 tali
1982 4484 2142 4538 modo
2170 4498 2230 4538 se
2261 4484 2310 4538 ei
2348 4482 2466 4538 fore
2489 4483 2809 4539 obnoxium.

136 4578 358 4637 ,ωίιίιεε
401 4583 803 4652 stipendiorum
834 4584 1023 4656 inopes
1071 4583 1263 4651 ςδοιοε,
1306 4595 1496 4642 contra
1538 4602 1602 4642 ea
1629 4604 1751 4658 qua:
1781 4593 1830 4653 ι)
1926 4576 2137 4631 Interea
2178 4575 2477 4631 Boemundi
2510 4576 2784 4632 exercitus
2830 4572 3447 4646 Constantinopolitanis

173 4670 422 4731 fecissent
446 4684 818 4744 sacramenta,
862 4677 1068 4747 perfido
1105 4679 1335 4749 principi
1371 4678 1571 4735 inferre
1615 4697 1753 4752 prae-

168 4762 289 4822 lium
313 4776 616 4839 oporteret.
644 4768 713 4824 Et
733 4776 904 4834 certe,
935 4788 953 4820 ‹
989 4769 1035 4824 si
1062 4769 1241 4837 nobis,
1272 4770 1544 4839 inquiunt,
1573 4770 1755 4828 nullus

171 4856 511 4917 incumberet
557 4861 719 4918 timor
765 4861 1101 4928 futurorum,
1152 4862 1205 4917 id
1257 4862 1453 4929 solum,
1484 4866 1629 4934 quod
1657 4880 1755 4935 per

167 4952 442 5015 Graculos
477 4960 635 5027 istos,
668 4960 915 5014 omnium
958 4958 1339 5024 inertissimos,
1381 4956 1571 5029 jurare
1599 4973 1756 5031 coge-

169 5061 369 5117 remur,
393 5052 563 5107 nobis
586 5061 730 5108 esset
757 5052 1087 5123 sempiterne
1110 5051 1440 5122 pudendum.
1470 5051 1638 5108 Plane
1662 5068 1755 5109 eos

169 5139 405 5201 dicturos
437 5144 669 5201 minime
692 5145 1039 5217 ambigimus,
1063 5145 1214 5216 quia,
1237 5144 1471 5201 velimus
1499 5145 1752 5215 nolimus,

167 5232 402 5306 ipsorum
432 5239 673 5309 imperio
695 5240 1058 5311 paruerimus.
1089 5257 1108 5292 ι

226 5332 309 5389 Ad
337 5333 460 5390 haec
497 5332 823 5406 imperator,
856 5332 1217 5389 fortissimum
1246 5332 1622 5390 Boemundum
1662 5346 1757 5403 ag-

162 5427 497 5496 greditur,et
518 5428 837 5485 muneribus
858 5435 1017 5499 parat
1038 5426 1257 5482 allicere
1278 5441 1439 5497 quem
1461 5426 1757 5498 plurimum

162 5521 484 5577 verebatur.
506 5518 659 5577 Bello
679 5521 824 5577 enim
856 5536 980 5576 eum
1008 5534 1150 5591 saepe
1179 5520 1416 5585 vicerat;
1447 5528 1504 5574 et
1534 5518 1656 5574 ideo
1678 5518 1757 5575 illi

161 5606 339 5673 potius
369 5622 550 5679 quam
578 5608 789 5663 caeteris
820 5607 1143 5663 imminebat
1168 5621 1328 5678 quem
1360 5622 1515 5662 suum
1547 5607 1759 5677 specia-

164 5693 285 5753 liter
351 5698 619 5755 aemulum
665 5701 1011 5773 agnoscebat.
1037 5700 1280 5770 Spondet
1327 5714 1457 5772 ergo
1502 5700 1553 5755 ei
1600 5700 1759 5769 quin-

164 5790 340 5849 decim
385 5792 607 5853 dierum
659 5792 855 5854 itinere
902 5802 1105 5849 terram
1156 5793 1333 5848 eidem
1384 5807 1444 5849 se
1483 5792 1754 5861 daturum,

165 5881 303 5957 citra
333 5883 713 5956 Antiochiam,
749 5886 806 5964 in
844 5884 1215 5961 longitudine,
1248 5892 1374 5944 octo
1406 5883 1758 5946 nihilominus
1812 5972 1815 5973 ν

1856 4668 2074 4723 arcibus
2106 4667 2530 4737 prepinquabat.
2563 4665 2880 4722 Tancredus
2909 4666 3112 4736 itaque,
3135 4682 3447 4723 sacramen-

1858 4762 1927 4816 tis
1967 4777 2088 4832 qua:
2120 4760 2484 4832 exigebantur
2519 4762 2590 4817 ab
2617 4762 2948 4832 imperatore
2971 4764 3287 4833 compertis,
3319 4778 3446 4819 cum

1856 4872 1918 4913 ea
1949 4871 2112 4927 quam
2144 4855 2404 4911 ductabat
2431 4856 2578 4911 omni
2608 4870 2750 4927 pene
2782 4856 3080 4913 Boemundi
3114 4855 3442 4927 frequentia,

1857 4948 2044 5004 Sancti
2085 4946 2303 5019 Georgii
2347 4948 2598 5004 celeriter
2632 4948 2927 5005 Brachium
2978 4948 3442 5019 prmtergreditur.

1856 5040 1936 5096 Ad
1986 5041 2125 5108 haec,
2180 5040 2365 5097 Sancti
2396 5041 2570 5114 Egidii
2598 5041 2815 5097 comitis
2841 5042 3141 5106 exercitus,
3172 5054 3269 5110 per
3296 5039 3445 5108 ejus-

1858 5135 1979 5190 dem
2025 5136 2176 5192 urbis
2205 5135 2438 5191 conﬂnia
2472 5144 2651 5192 castra
2682 5135 2932 5207 ponendo
2961 5132 3306 5206 dispergitur.
3340 5131 3445 5200 Qui

1805 5298 1813 5305 ο
1859 5244 2044 5285 comes
2082 5229 2282 5285 ibidem
2330 5245 2455 5286 cum
2503 5230 2616 5285 suis
2663 5228 2833 5299 copiis
2876 5226 3275 5297 aliquantisper
3297 5225 3448 5281 desi-

1857 5322 1988 5379 dere
2025 5323 2311 5394 disposuit.
2356 5322 2705 5378 Boemundus
2752 5321 2915 5376 etiam
2948 5336 3073 5375 cum
3113 5320 3446 5391 imperatore

1858 5416 2139 5481 remansit,
2172 5423 2233 5469 ut
2262 5430 2385 5471 cum
2415 5429 2481 5469 eo
2504 5413 2714 5468 valeret
2741 5419 2979 5467 tractare
3008 5411 3283 5473 licentius.
3310 5428 3445 5483 qua-

1860 5516 2022 5565 tenus
2068 5507 2335 5579 imperiali
2371 5507 2569 5571 edicto,
2611 5521 2711 5576 pro
2740 5504 3092 5561 convehendo
3124 5504 3442 5562 victualium

1859 5603 2102 5671 undique
2145 5600 2401 5671 negotio,
2460 5598 2710 5670 gentibus
2768 5608 2917 5654 trans
2964 5596 3198 5654 Nicaeam
3246 5598 3441 5670 positis

1860 5695 2226 5752 denuntiaret.
2274 5690 2599 5748 Godel‘ridus
2642 5701 2824 5747 autem
2860 5692 2991 5759 dux,
3019 5692 3108 5762 qui
3143 5706 3441 5762 praecesse-

1861 5798 1970 5855 rat,
2017 5803 2139 5843 cum
2197 5783 2477 5861 Tancredo
2532 5784 2700 5855 389
2745 5784 2993 5855 pervenit
3045 5782 3440 5847 Nicomejiam,

1860 5880 2153 5942 Nicomede
2181 5889 2426 5947 auctore,
2470 5877 2565 5955 qui
2600 5876 2880 5952 subegisse
2924 5875 3216 5944 Caesarem,
3248 5882 3440 5973 etnoq
