4012 6346
680 376 784 436 719

1548 371 1606 429 ν.
1647 368 1974 429 GUlBERTl
1997 363 2290 426 ABBATIS
2329 363 2392 424 ει.
2430 361 2674 424 MANE
2706 361 2798 421 BE
2833 362 3249 423 NOVIGENTO

3789 377 3850 436 79.1

675 495 1060 567 triumphasse,
1120 489 1172 546 in
1218 489 1488 559 triumpho
1544 498 1797 545 cantatur
1856 488 2147 558 insignem,
2204 483 2697 556 etApedetentim
2743 482 2884 540 alter
2933 491 3060 555 post
3107 484 3356 538 alterum
3409 498 3613 556 coepere
3665 499 3850 561 progress.

680 593 858 644 triduo
888 604 1007 640 cum
1044 585 1156 638 suis
1189 595 1415 653 uterque
1442 583 1614 651 copiis
1655 583 1854 637 mansit
1883 581 2098 636 ibidem.
2131 580 2261 636 Per-

678 683 918 755 pendens
951 681 1134 748 itaque
1177 677 1286 731 dux
1320 675 1643 746 quibusdam
1676 677 1795 731 vias
1823 677 2106 748 praepediri
2153 676 2262 732 obi-

678 775 849 832 cibus,
893 785 994 825 nec
1025 768 1338 823 facuitatem
1368 776 1674 838 suppetere,
1704 783 1808 837 qna
1842 769 1977 822 tanti
2009 784 2262 825 numero-

679 866 810 919 sitas
841 863 1112 918 exercitus
1135 861 1368 916 Nicaeam
1396 861 1597 915 valeret
1623 861 1804 926 adire;
1832 863 2087 932 quoniam
2115 877 2261 931 eam,

680 962 780 1027 qua
829 957 973 1010 Petri
1029 955 1272 1010 ercmitae
1323 954 1570 1008 homines
1621 955 1953 1010 transierant
1990 957 2262 1024 semitam,

681 1061 828 1105 tanta
884 1065 989 1104 non
1040 1057 1227 1118 posset
1278 1046 1544 1102 ullatenus
1573 1047 1859 1102 multitudo
1889 1049 2262 1119 praetergredi,

679 1141 881 1197 direxit
904 1149 1030 1194 ante
1062 1155 1120 1194 se
1144 1139 1244 1193 tria
1271 1139 1548 1194 hominum
1579 1139 1742 1194 millia
1775 1156 1896 1194 cum
1923 1142 2082 1196 asciis
2104 1149 2266 1212 atque

680 1231 991 1293 securibus,
1043 1230 1134 1299 qni
1181 1229 1398 1284 callium
1448 1232 1868 1300 praepedimenta
1922 1233 2264 1302 dirimerent,

682 1324 897 1390 iterque
942 1323 1094 1376 fieret
1137 1321 1391 1387 liberum,
1437 1323 1732 1392 aperiendo
1776 1325 2056 1394 angustias
2097 1340 2266 1395 usque

681 1415 940 1470 Niczeani.
974 1415 1103 1468 Erat
1133 1425 1312 1470 autem
1347 1416 1433 1469 via
1466 1417 1859 1472 incredibiliter
1891 1420 2056 1474 ardua
2087 1420 2267 1490 perui-

682 1507 788 1561 mis
830 1521 1053 1576 scrupea
1073 1547 1087 1570 ,
1122 1515 1176 1559 et
1206 1508 1434 1562 minacis
1463 1509 1812 1578 proceritatis
1851 1518 2108 1564 montana
2138 1521 2266 1580 pro-

683 1599 882 1653 cedens
915 1617 928 1652 :
964 1615 1149 1668 quam,
1181 1601 1272 1670 qui
1308 1603 1571 1669 praemissi
1605 1602 1845 1667 fuerant,
1873 1603 2069 1657 excisis
2099 1603 2270 1658 cauti-

679 1687 785 1744 bus
814 1690 1125 1754 dilatantes,
1161 1706 1352 1746 cruces
1383 1693 1592 1748 ferreas
1638 1694 1952 1764 ligneasqne
1994 1697 2268 1766 stipitibus

681 1780 1034 1850 imponebant
1064 1781 1190 1836 altis
1221 1800 1233 1834 :
1263 1792 1321 1836 ut
1358 1785 1528 1837 nostri
1561 1799 1666 1838 non
1695 1785 2070 1841 exorbitarent
2095 1803 2124 1840 a
2159 1797 2269 1841 tra-

682 1872 840 1936 mite,
874 1872 1041 1942 signis
1071 1874 1286 1927 eminns
1315 1876 1559 1944 stipitum
1592 1878 1742 1931 visis.
1786 1877 2026 1933 Tandem
2072 1894 2269 1934 venere

681 1961 941 2029 Nicaeam,
983 1979 1102 2033 qua;
1131 1966 1293 2020 totius
1324 1967 1600 2021 Romaniae
1643 1968 1956 2036 metropolis
2002 1977 2087 2022 est
2135 1969 2270 2024 civi~

682 2066 789 2122 tas,
824 2055 1197 2126 Bithynimque
1231 2069 1416 2128 caput,
1448 2068 1813 2114 trecentorum
1847 2061 2031 2115 decem
2062 2071 2116 2116 et
2143 2072 2268 2118 octo

679 2147 908 2202 Patrum
962 2152 1168 2219 synodo
1209 2154 1390 2218 clara;
1439 2154 1532 2207 sed
1581 2153 1821 2209 Omousii
1853 2156 2176 2221 assertione,
2214 2167 2271 2214 et

679 2239 800 2308 Arii
829 2241 1181 2297 damnatione
1213 2245 1526 2314 praeclarior
1554 2263 1566 2298 :
1602 2245 1884 2318 pridieqne
1915 2247 2036 2301 Maii
2066 2247 2268 2317 Nonas,

679 2333 825 2387 circa
866 2334 1017 2388 urbis
1051 2335 1386 2389 territorium
1417 2345 1602 2390 castra
1627 2339 1838 2402 sedere,
1873 2339 2032 2394 tertio
2062 2354 2128 2394 ex
2161 2355 2270 2410 quo

682 2441 714 2480 a
767 2425 1079 2480 Nicomedia
1144 2439 1488 2483 recesserant
1550 2431 1656 2486 die.
1723 2432 2032 2502 Antequam
2087 2442 2269 2487 autem

681 2517 982 2571 Boemundi
1020 2517 1338 2572 adventaret
1373 2520 1672 2586 exercitus,
1703 2530 1850 2575 tanta
1894 2522 2050 2592 panis
2081 2522 2154 2578 ibi
2194 2524 2273 2576 (li-

683 2609 828 2663 citur
857 2609 1139 2663 exstitisse
1169 2612 1414 2677 penuria,
1466 2622 1527 2666 ut
1560 2629 1698 2667 unus
1747 2613 1903 2682 panis
1945 2622 2040 2668 aut
2068 2615 2273 2669 vicenis

686 2711 782 2756 aut
809 2701 1034 2756 tricenis
1078 2703 1316 2757 denariis
1346 2706 1690 2760 venderetur.
1735 2707 1806 2758 At
1842 2707 2185 2762 Boemundus
2215 2717 2272 2761 nt

685 2793 879 2858 adfuit,
913 2795 1181 2848 maximas
1205 2811 1544 2866 quorumque
1575 2798 1844 2852 venalium
1895 2799 2100 2868 c0pias,
2158 2807 2272 2854 ter-

681 2900 859 2957 raque
889 2886 1138 2956 marique
1167 2889 1346 2942 evexit
1377 2888 1495 2961 [al.,
1526 2890 1798 2955 convexit,
1825 2888 2143 2962 contraxit],
2163 2897 2272 2946 sta-

680 2980 893 3049 timque
946 2981 1190 3036 omnium
1231 2981 1348 3036 usui
1389 2991 1640 3038 aptorum
1683 2983 1960 3053 opulentia
1989 2982 2271 3053 repentina

681 3069 963 3129 conﬂuxit.

1305 3164 1533 3222 CAPUT
1559 3165 1649 3224 ιν.

753 3253 875 3328 ['V.)
906 3254 1095 3310 Νίσαια
1123 3255 1391 3311 obsidetur
1417 3274 1450 3312 α
1486 3255 1715 3312 Francis
1743 3268 1791 3313 et
1825 3259 2049 3330 capitur.
2076 3289 2148 3302 --
2169 3260 2272 3317 Do-

680 3347 900 3406 minicae
925 3364 1056 3420 ergo
1085 3349 1173 3405 die
1211 3351 1582 3418 Ascensionis,
1611 3367 1827 3422 coepere
1853 3369 1950 3424 pro
1992 3356 2162 3412 muris
2187 3369 2276 3410 ur-

677 3439 805 3497 bem
837 3441 1198 3512 undecunque
1235 3445 1556 3512 pervadere,
1589 3452 1644 3498 et
1667 3445 1953 3501 machinas
1981 3446 2274 3513 instruere,

676 3531 874 3605 phalas
913 3534 1144 3605 erigere,
1185 3533 1499 3591 instaurare
1517 3535 1854 3606 ,phalaricas,
1902 3553 2181 3593 murorum
2211 3553 2276 3594 ac

678 3627 916 3681 turrium
959 3643 1124 3698 gyros
1159 3627 1540 3698 frequentibus
1585 3644 1682 3699 per
1732 3631 1996 3692 ambitum
2057 3631 2276 3702 pulsare

677 3718 916 3775 balistis.
951 3719 1121 3775 Tanta
1149 3732 1330 3776 autem
1363 3723 1667 3778 animorum
1704 3725 2004 3782 acrimonia
2033 3725 2276 3783 obsessio

677 3811 838 3865 urbis
881 3811 1158 3880 incipitur,
1195 3824 1252 3867 ut
1298 3817 1466 3870 solius
1497 3818 1642 3872 bidui
1676 3819 1815 3874 infra
1861 3822 2119 3888 spatium,
2153 3833 2272 3875 mu-

679 3919 776 3960 :I'os
805 3904 1120 3961 elibderent.
1159 3906 1353 3962 Verum
1391 3909 1579 3975 Turci,
1609 3911 1700 3980 qui
1757 3912 2036 3967 civitatem
2067 3913 2276 3968 obtine-

677 3996 840 4063 bant,
895 3999 962 4052 ad
1003 3999 1137 4054 alias
1185 4000 1402 4054 nuntios
1445 4001 1694 4056 civitates
1744 4004 2011 4074 dirigunt,
2051 4020 2159 4073 quo
2207 4006 2272 4059 ad

678 4106 800 4157 eos,
861 4091 1068 4146 scilicet
1117 4107 1272 4160 Opem
1318 4093 1513 4158 laturi,
1561 4095 1886 4149 conveniant
1922 4114 1934 4148 :
1970 4111 2038 4152 eo
2089 4097 2275 4167 utique

677 4183 870 4249 modo,
905 4192 962 4236 ut
999 4183 1373 4238 indubitanter
1399 4200 1494 4253 per
1525 4185 1879 4240 meridianam
1928 4198 2138 4257 portam
2195 4189 2274 4242 in-

680 4287 919 4342 troeant,
955 4278 1215 4347 quoniam
1251 4293 1313 4332 ea
1363 4294 1490 4346 pars
1533 4280 1600 4332 ab
1643 4279 1928 4336 obsidione
1972 4281 2043 4336 sit
2083 4281 2270 4346 libera,

677 4383 784 4425 nec
827 4369 1080 4439 cpitulari
1137 4369 1441 4424 volentibus
1499 4369 1607 4425 illic
1648 4371 1777 4439 ipsis
1840 4372 1979 4428 ullus
2023 4373 2271 4430 obsistet.

680 4461 842 4516 Unde
868 4463 1098 4530 contigit
1133 4471 1191 4515 ut
1230 4478 1290 4516 ea
1333 4463 1444 4532 ipsa
1496 4465 1602 4529 die,
1633 4480 1754 4518 cuin
1804 4465 2099 4520 Sabbatnm
2155 4475 2276 4537 post

675 4557 895 4614 Domini
934 4559 1323 4613 Ascensionem
1364 4570 1530 4624 esset,
1559 4576 1588 4613 a
1627 4561 1825 4616 comite
1856 4559 2042 4616 Sancti
2075 4562 2270 4631 Egidii,

678 4659 740 4703 et
776 4664 805 4702 a
855 4650 1120 4707 Podiense
1180 4653 1434 4722 episcopo
1487 4663 1659 4723 portae
1707 4656 1884 4710 aditus
1943 4657 2270 4712 muniretur.

677 4743 896 4797 Accidit
932 4744 1003 4798 ibi
1033 4731 1122 4798 res
1150 4745 1282 4800 clari
1335 4749 1552 4802 nomine
1590 4750 1749 4820 digna
1791 4749 2070 4806 facinoris.
2102 4751 2272 4822 Egre-

678 4836 803 4905 gius
832 4850 1068 4905 namque
1097 4852 1278 4892 comes
1297 4840 1627 4905 isdem,cum
1645 4843 1815 4897 fidens
1837 4843 1904 4897 ad
1935 4844 2122 4909 Deum,
2159 4853 2270 4899 tum

673 4927 836 4983 fortis
879 4937 936 4983 et
987 4939 1145 4996 aptus
1187 4931 1253 4983 ad
1303 4947 1484 4998 arma,
1517 4948 1614 4988 nec
1641 4934 1818 4988 minus
1853 4935 2274 4995 instructissimo

675 5023 894 5078 cinctus
945 5023 1193 5079 exercitu
1235 5023 1425 5079 obvios
1479 5026 1667 5082 habuit
1713 5028 2125 5086 auxiliariorum
2173 5047 2266 5088 cu-

674 5133 812 5172 neos
842 5126 1198 5188 pr0pcrantes
1230 5118 1282 5172 in
1319 5119 1528 5174 urbem.
1555 5120 1656 5188 Qui
1694 5123 1876 5178 animo
1909 5125 2103 5182 divinae
2143 5131 2274 5184 sub-

674 5211 820 5267 sidio
847 5211 1065 5267 virtutis
1091 5212 1298 5278 innixo,
1335 5215 1646 5285 aggreditur
1680 5217 1888 5273 Turcos
1935 5228 1991 5274 et
2031 5233 2279 5299 superat,

678 5304 957 5372 compellit
1003 5305 1056 5359 in
1111 5305 1314 5378 fugam,
1365 5317 1686 5379 partemque
1736 5326 1922 5366 eorum
1979 5317 2271 5373 maximam

679 5398 924 5448 truncat.
953 5395 1062 5452 Sed
1087 5398 1230 5454 foede
1262 5400 1488 5470 repulsi,
1516 5415 1684 5457 novas
1710 5403 1996 5459 intendunt
2033 5406 2272 5464 conflare

681 5484 870 5552 copias
897 5500 912 5538 :
945 5505 1173 5558 quarum
1197 5491 1280 5548 fisi
1314 5494 1645 5550 adminiculo
1673 5512 1796 5552 cum
1839 5497 2006 5553 multa
2032 5500 2272 5558 exsulta-

681 5575 838 5634 tione
879 5578 1076 5636 iterare
1105 5585 1241 5639 bella
1275 5588 1594 5654 decernunt,
1647 5591 1888 5646 advectis
1928 5593 2136 5662 pariter
2171 5610 2268 5651 se-

682 5683 812 5724 cum
861 5668 1125 5728 funibus:
1155 5677 1352 5746 quibus
1411 5689 1626 5737 nostros
1663 5682 1858 5754 ligatos
1910 5684 2268 5744 Corozaniam

683 5762 983 5819 abductare
1014 5778 1336 5835 proponunt.
1387 5770 1500 5827 [lac
1537 5790 1668 5846 ergo
1702 5791 1800 5845 spe
1849 5778 1972 5833 dum
1998 5780 2268 5837 extollun-

679 5863 774 5912 tur
801 5858 972 5926 inani,
999 5875 1063 5914 ex
1082 5875 1334 5927 supremo
1367 5867 1584 5934 montis,
1624 5851 1713 5938 qui
1749 5871 1866 5926 urbi
1901 5874 2265 5950 prominebat,

2365 579 2467 647 Qui
2505 595 2536 632 a
2566 579 2773 634 nostris
2801 587 3103 650 gratanter,
3147 587 3214 632 ut
3265 578 3515 644 decebat,
3558 586 3750 664 e'xcepti,
3773 605 3852 646 res]

2365 689 2463 730 sua
2489 674 2694 744 capita,
2719 688 2822 742 pro
2865 673 3186 728 testimonio
3234 682 3547 727 nostrorum
3573 675 3784 744 victoria,
3805 698 3854 736 re-

2365 767 2659 838 liquerunt.
2692 766 2822 834 Quae
2847 776 2976 838 post
3003 781 3199 823 eorum
3243 766 3433 839 fugam
3459 767 3655 825 balistis
3677 787 3728 828 ac
3749 773 3855 833 luds

2365 857 2434 914 ad
2467 867 2735 914 terrorem
2781 859 3090 929 gentilium,
3119 859 3562 930 projiciebuntur
3603 862 3648 915 in
3671 865 3819 920 uritur.

2437 951 2510 1007 At
2557 954 2733 1009 beatae
2773 954 3052 1008 memoria:
3084 953 3387 1008 Podiensis
3419 955 3705 1026 episcopus,
3725 959 3853 1016 eis:

2367 1043 2442 1100 cti
2475 1043 2653 1112 Egidii
2685 1059 2870 1100 comes
2899 1045 3648 1125 Raymtindus..-infirtnando
3671 1049 3858 1107 urbe»

2369 1135 2448 1192 tui
2487 1135 2821 1203 insistentes,
2853 1137 3047 1190 turrim
3081 1137 3417 1206 quamdam,
3445 1152 3560 1206 qua
3581 1140 3855 1210 eratipsom

2370 1229 2626 1300 contigua
2654 1229 2872 1297 castris,
2906 1229 3067 1286 factis
3103 1229 3308 1285 subter
3353 1229 3429 1285 ad
3457 1229 3570 1298 ejus
3613 1232 3857 1289 fundantur

2367 1323 2675 1378 enervanda
2703 1319 3001 1388 cuniculis,
3027 1322 3341 1378 destituere
3389 1321 3619 1392 aggressi
3655 1331 3768 1378 sunt.
3784 1323 3856 1379 lier-

2369 1415 2586 1470 soribus
2613 1413 2779 1482 igitur
2827 1413 2896 1468 ab
2925 1413 3042 1468 haec
3077 1412 3374 1469 efﬁcienda
3421 1412 3624 1477 locatis,
3649 1430 3749 1469 curn
3779 1418 3858 1469 ard-

2369 1507 2609 1574 balistis,
2646 1516 2702 1562 et
2729 1507 2990 1573 arcubus,
3021 1515 3076 1562 et
3108 1505 3360 1561 balearis
3395 1504 3621 1560 habent
3647 1507 3856 1569 tortoribus.

2367 1601 2578 1672 pariter
2621 1598 3028 1655 suﬂ'odientium
3069 1599 3403 1653 defensores
3453 1597 3712 1651 adduntur.
3751 1597 3858 1667 itaqu

2371 1709 2545 1766 usque
2573 1694 2642 1748 ad
2673 1693 2772 1750 soli
2800 1694 3136 1750 subsidentis
3170 1692 3560 1750 extremitates
3587 1706 3694 1747 arce
3713 1695 3856 1758 meat,

2361 1789 2750 1845 :nutabundum
2790 1788 3010 1844 interim
3050 1790 3332 1858 parietem
3381 1789 3546 1860 tignis
3588 1787 3857 1856 asseribusque

2293 1853 2344 1910 ³8
2374 1888 2704 1948 sustentant,
2735 1890 2792 1936 et
2821 1853 3304 1952 penitus-aedilicii
3333 1853 3491 1935 calce
3519 1876 3620 1947 jam
3647 1877 3794 1942 diruto,
3813 1881 3856 1931 sic

2363 1976 2554 2047 ignem
2584 1973 2840 2043 subjectis
2867 1974 3112 2030 trabibus
3149 1975 3282 2030 inde
3307 1973 3605 2042 subjiciunt
3634 1989 3648 2028 :

2443 2069 2542 2124 Ast
2567 2069 2657 2124 ubi
2697 2068 2877 2124 nubila
2920 2083 3027 2122 nox
3056 2067 3257 2123 indixit
3283 2066 3544 2136 utrinque
3575 2063 3780 2134 quietem,

2443 2161 2619 2231 Lapsa
2659 2159 2790 2216 facit
2817 2161 3052 2216 subitam
3089 2161 3264 2216 turris
3308 2168 3547 2216 castrata
3569 2159 3777 2213 ruinam:

2447 2253 2715 2326 Tempora
2745 2253 2837 2310 sed
2869 2254 3044 2309 noctis
3070 2254 3198 2324 quia
3221 2261 3359 2308 sunt
3386 2251 3564 2306 ruinas
3585 2258 3693 2320 apta
3715 2245 3846 2306 duelli.

2445 2346 2803 2418 Fraucigente
2835 2354 3074 2413 cessant,
3105 2361 3174 2401 ne
3202 2345 3422 2401 Turcos
3451 2352 3605 2401 nocte
3626 2341 3826 2398 lacersset.

2443 2437 2594 2493 illico
2623 2446 2805 2493 tamen
2837 2424 3026 2504 Turci,
3055 2453 3156 2508 pro
3181 2452 3302 2493 sua:
3333 2436 3526 2492 salutis
3556 2435 3744 2490 tuitione
3769 2431 3853 2486 solli-

2367 2531 2489 2598 citi,
2517 2539 2628 2587 tota
2661 2531 2964 2602 sagacitate
3013 2539 3363 2602 consurgunt
3398 2547 3412 2584 :
3441 2539 3496 2585 et
3535 2541 3725 2583 murum
3755 2532 3850 2578 tanta

2375 2622 2575 2677 ibidem
2619 2622 2976 2689 fortitudinis,
3009 2631 3158 2678 tanta
3209 2622 3506 2679 celeritate
3558 2619 3853 2680 restituerint

2365 2715 2642 2786 postridie
2690 2715 2897 2770 nullum
2957 2729 3052 2770 eos
3095 2715 3338 2771 laedendi
3384 2713 3617 2770 valerent
3649 2710 3774 2766 nostri
3804 2721 3850 2759 ηι

2372 2806 2552 2877 perire
2589 2805 2790 2862 locum.
2822 2806 3035 2862 Interea
3077 2806 3208 2873 loci,
3247 2820 3452 2862 recens
3495 2801 3748 2860 adveniunt
3783 2798 3852 2861 tiri,

2365 2919 2652 2960 armorum
2677 2904 2851 2976 gloria
2893 2905 3265 2972 celeberrimi,
3312 2905 3637 2974 comitesque
3671 2896 3848 2958 ditissimi,

2369 2998 2440 3054 de
2467 2998 2664 3068 quibus
2691 3013 2856 3070 supra
2900 2999 3133 3070 egimus,
3188 3014 3319 3055 cum
3347 2994 3655 3066 frequentiis
3675 3005 3766 3061 qua
3791 2987 3850 3041 sibi

2361 3091 2712 3148 cohaeserunt
2743 3091 3098 3158 militaribus;
3123 3093 3190 3146 ad
3214 3105 3455 3163 quorum
3469 3088 3726 3144 adventum
3743 3079 3850 3135 ours

2369 3181 2466 3238 ille
2499 3181 2714 3238 Domini
2741 3183 3103 3255 oonjubilavit
3119 3185 3402 3240 exercitus
3430 3179 3850 3236 :‘Biortlrmannonm

2363 3277 2585 3334 scilicet
2607 3291 2791 3334 cornos
2813 3277 3112 3346 Robertns,
3140 3288 3197 3336 et
3211 3275 3579 3336 £arnoteri5is
3603 3284 3747 3328 eomes
3775 3267 3846 3318 Stt-

2370 3371 2608 3443 pham.

2448 3463 2588 3538 [γι]
2611 3463 2784 3536 igitur
2817 3465 3198 3534 Boemundus,
3221 3459 3690 3524 .urbemiobsedita
3723 3453 3846 3508 fruit.

2363 3566 2434 3614 iet
2453 3557 2767 3614 manorodus
2797 3573 2827 3612 a
2855 3558 3057 3625 latere;
3101 3560 3436 3626 tertto~~loco,
3469 3543 3848 3611 durGotldridui;

2367 3661 2598 3722 quarto,
2627 3651 3058 3708 'Flandrensium
3083 3667 3303 3720 cornos;
3322 3651 3525 3722 =quinto
3551 3631 3829 3734 comes_N°_f"

2371 3745 2692 3812 mannieus;
2743 3757 2899 3802 sexto
2961 3745 3147 3802 Sancti
3179 3745 3364 3817 Egidii
3407 3755 3600 3802 comes.
3628 3743 3674 3790 et
3704 3725 3848 3785 Padi“?

2375 3838 2454 3893 sis
2479 3837 2798 3909 episcopus.
2822 3839 2900 3894 lta
2923 3853 3062 3895 =vero
3105 3854 3228 3894 eam
3259 3838 3523 3895 obsidere
3563 3824 3796 3886 intendunt,
3815 3821 3848 3910 tu

2363 3929 2584 3985 .nullum
2612 3930 2923 3986 introeundi
2961 3913 3310 4000 exeundique
3338 3924 3540 3985 obsessi
3569 3915 3757 3990 reperire
3777 3919 3846 3974 ιῐιιί·

2363 4032 2502 4079 rent
2551 4023 2781 4078 aditum.
2831 4023 2964 4078 Erat
3007 4039 3140 4095 ergo
3188 4023 3266 4080 ibi
3299 4019 3629 4079 considerare
3659 4003 3845 4099 structili!“

2379 4116 2546 4171 totius
2587 4115 2926 4172 Francorum
2975 4117 3205 4183 militiae,
3263 4111 3578 4174 nobilitatis,
3625 4099 3844 4187 prudentis.

2376 4221 2766 4278 armorumque
2825 4208 3168 4265 claritudinis
3211 4209 3390 4282 390
3435 4204 3649 4263 ﬂorem;

2376 4301 2616 4371 equestri
2651 4301 3002 4358 luricatorum
3044 4303 3488 4374 galeatorumque
3533 4296 3712 4350 decore,
3733 4286 3756 4335 ii
3787 4286 3842 4341 (1³³⁵

2375 4393 2719 4449 exercituum
2747 4397 3085 4464 quantitates
3105 4398 3383 4468 pensitare
3403 4389 3686 4450 didiceram.
3704 4375 3841 4468 “fu,”

2377 4483 2600 4539 circiter
2634 4458 2804 4540 millia
2849 4458 3128 4556 putavere:
3180 4476 3629 4557 Porrospedestris
3663 4458 3840 4557 ΡοΡ¹ξ¹⁰⁶¹’

2299 4603 2354 4665 D
2378 4586 2546 4633 tatem
2575 4579 2769 4647 turbat,
2811 4551 2866 4635 et
2902 4579 3118 4635 illorum
3157 4551 3440 4636 numerum
3483 4551 3838 4665 (ιυὶεπξδθέβξῖ

2377 4677 2466 4725 tur
2490 4641 2859 4741 equestribus,
2883 4687 3047 4742 posse
3069 4671 3136 4726 ab
3173 4672 3357 4744 aliquo
3373 4655 3639 4738 .supputari
3657 4641 3835 4744 autcf“;

2376 4765 2726 4834 mopenitus.
2758 4764 2946 4832 Plane,
2981 4782 3086 4822 non
3133 4742 3294 4823 modo
3318 4779 3437 4838 quae
3468 4777 3495 4814 ³
3523 4746 3752 4812 01mm
3767 4742 3836 4838 “te

2363 4833 2663 4927 mancipiis
2699 4857 3135 4929 solentpraaberi
3176 4833 3354 4915 ofﬁcia
3403 4833 3834 4938 mitioribusf'f

2357 4947 2495 5011 -ni,
2543 4926 2930 5004 deferebantur
2979 4963 3013 5004 a
3059 4949 3300 5017 talibus;
3339 4945 3432 5004 sed
3479 4939 3540 4996 ad
3582 4926 3832 5017 Obsidio"?

2363 5037 2677 5110 .adpraeiia,
2715 5039 2854 5096 adeo
2895 5054 3086 5096 eorum
3119 5039 3299 5098 fuerat
3331 5035 3590 5098 virtus,“

2359 5103 2486 5188 .nis'
2515 5133 2742 5189 audacia
2773 5137 3086 5191 necessaria
3131 5135 3444 5206 majoribus.
3467 5125 3540 5181 υιί
3566 5115 3706 5176 “lem
3739 5103 3831 5209 IT

2374 5225 2461 5281 vel
2505 5227 2757 5282 utensilia
2787 5190 3265 5298 quaelibet,~bell'o
3420 5190 3566 5295 opere
3581 5190 3825 5268 excludis!

2355 5328 2681 5390 "opportuna
2711 5321 3002 5393 aliquoties
3039 5341 3161 5382 esse
3191 5325 3452 5380 manibus.

2349 5409 2534 5487 πίω]
2553 5412 2740 5469 Dicere
2767 5415 2948 5472 nullus
3166 5416 3356 5473 Sermo
3383 5402 3577 5468 valebil,

2351 5506 2588 5573 ‘Quanla
2616 5523 2716 5579 per
2745 5509 2924 5580 ipsum
3172 5512 3402 5582 Tempus
3421 5499 3594 5560 ibirﬁm

2369 5598 2806 5672 Armipotentum
3165 5600 3604 5662 Fulsit'iromstﬁ-

2361 5688 2504 5746 Tam
2528 5693 2775 5762 geniorosi
3165 5695 3425 5753 Geminis
3445 5692 3609 5758 agmen

2353 5782 2736 5842 Nullaeoisse
3165 5785 3443 5859 Terrarpu'r
3471 5776 3646 5836 urbem

2377 5875 2590 5936 Viderit
2611 5895 2864 5952 usquam.
3169 5879 3446 5960 Singulasi
3461 5871 3538 5942 vis
