4012 6346
111 381 262 439 121
1241 381 1464 440 casn
1513 381 1624 439 DEI
1663 380 1802 440 pen
1838 357 2180 442 Famous.
2206 409 2276 422 --
2304 379 2550 436 1.13.111.
3330 383 3338 392 ·
3379 389 3477 443 πίῃ

999 495 1274 567 Factaque
1301 499 1501 567 passim

997 590 1106 648 Aut
1131 605 1322 661 genus,
1352 600 1447 646 aut
1477 591 1582 646 vim

997 680 1114 738 Non
1139 683 1250 738 erit
1269 683 1358 740 ille
1389 683 1513 756 [al.,
1542 683 1684 759 illic}

121 499 376 571 stagna
419 503 666 554 retexam
694 535 711 563 ,

119 587 383 644 Pmlia
425 580 606 644 dicam
638 604 654 642 :

123 678 263 748 Qui
301 689 497 752 queat
526 680 744 747 borum,

121 771 580 844 Equiparare.

125 863 320 921 Sede
345 875 671 936 parentu,

124 956 582 1029 Conjugiortm
613 976 634 1016 θ

121 1049 347 1107 Poena
384 1053 590 1110 domus
608 1061 780 1122 sunt;

123 1139 349 1198 Milite
389 1157 533 1198 cura

125 1233 440 1306 Cumque
475 1235 696 1302 eruam

125 1324 363 1382 Turba
400 1326 671 1394 trahatur,

131 1417 360 1475 Possit
395 1419 632 1478 inertem
660 1418 686 1480 Ι

131 1509 415 1568 Pectore
437 1511 636 1574 fertur.

137 1602 384 1662 Martia
407 1605 576 1678 cingi,

139 1695 426 1765 Campus
449 1711 714 1767 equorum

145 1787 232 1844 Et
261 1789 632 1859 pbalerarum

148 1881 394 1952 Gaique
423 1882 672 1952 plawbat
702 1901 717 1938 :

153 1973 472 2032 Pulchrior
501 1975 712 2033 haustis

154 2067 423 2137 JEr-eque
449 2067 589 2124 tlavo

158 2160 406 2218 Limbtts
438 2162 632 2216 eodem

160 2254 356 2311 [lusce
382 2255 623 2321 videres,

162 2349 366 2405 Ariete
391 2351 590 2405 crebro

984 773 1144 838 Ecce,
1172 775 1362 834 relicta

979 865 1212 924 Foedera
1245 869 1421 925 vitant

989 960 1224 1030 Pignora
1255 964 1498 1032 sordent,

991 1054 1191 1111 Fervet
1219 1056 1273 1111 in
1297 1057 1454 1113 omni-

991 1143 1399 1216 Martyrioru.

986 1237 1311 1298 amnehﬂ

983 1326 1118 1396 Quis
1147 1327 1390 1398 reperire

982 1418 1226 1489 Quisque
1263 1417 1440 1475 beonis

980 1510 1128 1582 Ergo
1157 1508 1351 1570 Nicaeae

982 1605 1222 1666 Cernere
1253 1618 1488 1681 gratum.

980 1698 1142 1758 Flore
1167 1701 1398 1767 nitebat,

982 1791 1180 1850 Forma
1219 1807 1498 1862 sonusque

970 1881 1087 1938 Lux
1119 1885 1468 1950 tlioracarum

973 1977 1187 2034 Solibus
1216 1979 1330 2036 ibat
1363 1997 1376 2033 :

979 2071 1161 2127 Cassis
1184 2081 1238 2126 et
1270 2071 1458 2136 umbo,

979 2162 1238 2234 Fulgidus
1267 2172 1470 2220 exstat.

980 2255 1236 2313 Turbinis
1265 2257 1465 2325 instar,

984 2350 1218 2407 Volvere
1244 2367 1450 2409 muros.

166 2440 405 2511 lleperit
426 2456 586 2496 arcus
608 2439 732 2514 [al.,
760 2439 938 2516 artus]
976 2440 1172 2512 Cuspis
1202 2458 1389 2499 eorum

164 2530 445 2588 Francica
473 2532 660 2588 duros.
971 2531 1199 2590 Obtudit
1239 2549 1400 2592 enses

167 2623 436 2680 Crebrius
465 2625 614 2697 ossis
977 2625 1186 2684 Vulnus
1214 2635 1425 2684 acu-tos.

169 2701 472 2787 Comparat
501 2716 622 2773 illos
972 2717 1240 2774 anibus
1275 2719 1400 2776 altis

171 2809 386 2866 Cedere
417 2809 644 2877 Tureos,
970 2808 1174 2883 Lignea
1202 2813 1391 2868 turris.

173 2903 438 2959 Cominus
465 2902 572 2960 illis
597 2902 719 2976 [4th,
751 2901 886 2976 illic]
979 2903 1171 2958 Prmlia
1202 2903 1413 2959 fervent
1445 2921 1458 2957 :

175 2995 362 3052 Mutua
395 2995 599 3067 quique
968 2995 1184 3066 Spicula
1219 3004 1488 3066 torquent.

176 3087 463 3146 Missilium
491 3087 575 3146 vis
975 3087 1162 3144 Jactus
1194 3088 1392 3143 inanis.

177 3179 326 3235 Mors
351 3173 568 3248 inopina
968 3179 1223 3248 Quosque
1254 3179 1492 3248 supinat.

175 3271 364 3328 Gloria
391 3279 608 3327 nostros
967 3270 1170 3326 Caelica
1203 3267 1374 3325 fortes

176 3362 505 3419 Reddiderat
536 3379 551 3418 :
591 3372 719 3420 tunc
969 3362 1212 3431 Corpora
1246 3359 1371 3426 fatis

177 3456 505 3512 Exhibuere.
971 3455 1227 3523 Quaarere
1257 3455 1496 3527 gaudent

175 3547 404 3604 Praemia
431 3557 624 3606 morte.
968 3547 1240 3606 Marcidus
1277 3547 1475 3614 omnis,
1559 3567 1567 3572 τ

178 3640 324 3695 Acer
345 3647 398 3695 et
431 3641 607 3697 audax
965 3639 1232 3695 Redditur
1273 3638 1398 3694 istic
1425 3655 1438 3693 :

180 3732 352 3799 Quem
377 3731 612 3790 melioris
967 3730 1128 3802 Optio
1151 3731 1276 3786 vitae

182 3823 309 3878 Rite
337 3825 590 3894 probarit.
967 3821 1168 3878 Laudis
1207 3837 1385 3877 avarae

183 3915 418 3972 Crimina
453 3914 651 3972 mentis
969 3913 1096 3969 Inde
1125 3912 1312 3983 procul
1341 3920 1488 3968 sunt.

188 4008 421 4064 Credidit
453 4007 630 4064 omnis
962 4007 1154 4060 lddare
1187 4005 1490 4071 Christum,

191 4101 250 4156 Si
271 4099 367 4156 sibi
383 4099 527 4172 digni
967 4096 1214 4154 Nominis
1241 4113 1453 4162 auram,

193 4189 333 4246 Bella
374 4196 645 4259 pararent.
968 4188 1078 4243 Nec
1103 4187 1205 4243 sibi
1237 4187 1546 4257 quisquam,

193 4279 432 4350 Quisquis
467 4279 678 4336 honesti
968 4278 1243 4347 Quidlibet
1272 4279 1406 4348 egit,

195 4375 412 4442 Arrogat
443 4380 645 4436 actum,

199 4465 251 4520 In
289 4462 488 4522 Darium
537 4463 822 4536 Scythicos
860 4478 967 4518 non
1013 4462 1100 4518 bis
1132 4461 1382 4518 conferre
1425 4462 1726 4534 triumphos

200 4556 482 4626 Quibimus;
511 4566 606 4612 aut
641 4557 768 4614 sciri
815 4563 1071 4628 poterunt
1105 4555 1382 4610 molimina
1411 4554 1538 4625 Cyri

203 4650 354 4720 Digna
377 4650 486 4705 viro
512 4649 816 4714 Tbameris,
833 4664 953 4720 qua:
979 4647 1252 4704 clauserat
1277 4656 1395 4702 utre
1417 4661 1646 4700 cruorts.

201 4740 403 4798 Luxeris
428 4753 704 4808 eventum,
727 4741 868 4798 bone
895 4740 1085 4812 Pyrre,
1110 4741 1309 4796 tuendo
1336 4739 1653 4794 Tarentum.

202 4831 255 4888 lu
289 4848 490 4896 vacuum
522 4833 699 4905 garris
729 4847 867 4888 nova
912 4847 1129 4887 sumere
1157 4831 1338 4902 praalia
1373 4831 1570 4886 barris.

207 4923 490 4980 llannibalis
518 4924 744 4982 comites
772 4922 936 4980 semel
968 4933 1024 4980 et
1055 4924 1162 4990 bis,
1194 4935 1382 4994 terque
1410 4922 1648 4989 Quirites

210 5017 275 5074 Ut
314 5027 532 5086 segetem
573 5017 788 5080 caedunt
813 5034 828 5072 :
853 5016 981 5071 victi
1013 5025 1193 5071 tamen
1230 5017 1363 5072 urbe
1400 5015 1685 5071 recedunt.

212 5107 263 5164 Si
297 5107 385 5163 fuit
409 5108 675 5164 indemnis
711 5108 811 5170 sub
848 5107 1064 5174 Caesare
1101 5123 1275 5179 pugna
1305 5107 1578 5162 decennis.

211 5200 286 5256 Sit
304 5216 388 5271 pro
404 5199 616 5271 jactura
638 5215 736 5271 per
758 5199 969 5263 Gallica
999 5201 1210 5256 mansio
1232 5215 1380 5256 rura.

214 5291 412 5362 Tempus
437 5292 565 5349 huic
587 5307 766 5366 operte
796 5293 982 5359 breve,
1021 5307 1283 5364 prospera
1315 5302 1508 5350 cuncta
1536 5294 1688 5350 fuere

205 5386 329 5444 Cum
353 5389 482 5450 Deus
505 5396 651 5448 esset
683 5388 739 5444 in
779 5387 893 5455 his;
925 5388 1122 5460 probat
1150 5390 1387 5457 optimus
1409 5387 1590 5442 omnia
1621 5387 1746 5444 ﬁnis

214 5478 445 5550 Obtigerit
467 5480 555 5536 cui
583 5496 732 5536 mors
761 5496 890 5544 cum
921 5489 1162 5560 martyre
1182 5480 1352 5551 gloria
1382 5478 1441 5535 ﬁt
1463 5479 1596 5547 fors,

215 5577 434 5648 Quisquis
459 5588 600 5648 eget,
638 5587 810 5648 taxat,
844 5578 970 5650 quia
999 5578 1226 5640 crimina
1260 5591 1421 5647 poena
1453 5574 1680 5632 relaxat.

276 5670 428 5744 [VllL]
456 5671 754 5740 Quamdam
804 5670 1046 5741 ejusdem
1081 5672 1230 5726 urbis
1274 5679 1482 5742 partem
1525 5667 1758 5738 objectio

216 5762 323 5829 laci,
357 5763 499 5835 longe
530 5764 747 5836 lateque
775 5762 1098 5836 stagnantis,
1141 5763 1408 5819 ambierat
1440 5780 1454 5815 :
1490 5762 1632 5816 unde
1661 5762 1759 5816 bo-

219 5868 312 5914 stcs
344 5855 608 5916 submissis
639 5854 874 5930 ratibus,
895 5854 1126 5917 liberum
1153 5857 1387 5916 exeundi
1414 5853 1760 5931 intraudique

1817 495 2218 564 Avidebantur
2265 497 2467 551 habere
2510 505 2794 554 meatum:
2836 517 2903 557 ex
2945 518 3052 572 quo
3095 504 3258 557 etiam
3310 504 3476 574 ligno-

1887 603 2008 642 rum
2063 587 2354 657 pabulique
2384 589 2583 644 ﬁebant
2612 591 2711 656 eis,
2755 601 2810 648 et
2845 609 3290 665 quorumcunqne
3319 599 3474 652 devem

1887 681 2097 738 ctiones
2128 681 2363 736 utilium.
2407 682 2774 750 Quamobrem
2813 703 3087 760 proceres,
3129 703 3316 748 coacto
3347 711 3472 750 con~

1883 772 2032 842 cilio,
2062 789 2158 828 sua
2185 774 2432 829 omnium
2461 777 2766 832 assertione
2793 780 3110 848 decermmt,
3135 792 3193 838 ut
3228 785 3294 840 ad
3321 789 3471 853 prin-

1885 862 2062 936 cipem
2091 863 2750 934 Constantinopolitanum
2783 869 2980 940 legatio
3011 874 3332 941 destinetur,
3357 894 3475 946 ([tm‘.

1883 964 2138 1028 suggerat
2180 972 2347 1012 naves
2385 959 2814 1027 quamplurimas
2845 963 3152 1022 Civizcnam
3185 967 3306 1040 [al.,
3336 972 3474 1024 Cizi-

1881 1046 2088 1120 cenam}
2129 1064 2300 1120 usque
2338 1049 2528 1106 urbem
2577 1053 2771 1110 debere
2819 1058 3059 1124 perduci,
3119 1062 3208 1114 ubi
3260 1073 3473 1132 portum

1881 1148 2100 1196 constat
2123 1141 2314 1197 haberi
2341 1159 2357 1209 ;
2387 1158 2451 1199 ac
2477 1144 2673 1210 deinde
2699 1145 2862 1202 boum
2893 1149 3008 1203 sine
3048 1168 3274 1208 numero
3323 1155 3473 1224 paria

1880 1230 2216 1302 conglobari,
2261 1235 2352 1303 qui
2397 1249 2492 1290 eas
2541 1250 2635 1306 per
2686 1247 2971 1296 montanas
3025 1241 3297 1312 silvasque
3338 1261 3470 1299 con-

1876 1334 2115 1398 vectem,
2145 1326 2316 1386 donec
2337 1329 2594 1397 praedicto
2622 1330 2934 1388 inserantur
2965 1333 3126 1389 lacui.
3160 1335 3268 1390 Nec
3298 1353 3468 1392 mora,

1875 1420 2036 1476 velox
2076 1423 2258 1491 operis
2313 1425 2595 1486 exsecutio
2637 1425 2938 1482 deliberata
2999 1445 3064 1484 ac
3108 1431 3469 1500 expostulata,

1875 1513 2122 1584 principe
2161 1524 2490 1582 maturante,
2515 1520 2866 1586 prosequitur
2900 1537 2913 1572 :
2957 1521 3270 1592 pariterque
3308 1523 3343 1577 ii
3376 1527 3470 1594 qui

1875 1614 2142 1666 vocantur
2167 1606 2480 1678 Turcopoli,
2512 1625 2647 1680 quos
2675 1627 2780 1665 non
2812 1612 2947 1669 alios
2987 1630 3146 1682 quam
3175 1614 3472 1680 familiares

1876 1695 1994 1776 ejus
2027 1697 2252 1760 militias
2295 1699 2666 1772 intelligimus,
2697 1703 3021 1774 diriguntur.
3053 1707 3314 1764 Adductis
3341 1726 3469 1780 ergo

1874 1798 2037 1860 prout
2067 1791 2329 1862 principis
2361 1793 2589 1862 urgebat
2637 1793 2952 1865 imperium,
3005 1797 3294 1867 puppibus,
3330 1802 3466 1870 ipsa,

1805 1865 1850 1924 Β
1875 1897 1980 1950 qua
2006 1881 2302 1954 deportata:
2332 1894 2457 1940 sunt
2485 1885 2611 1940 illuc
2641 1886 2906 1942 siluerunt
2951 1865 3059 1954 die,
3081 1865 3144 1945 at
3173 1865 3467 1950 noctu-eas

1875 1971 2216 2032 intruserunt
2257 1973 2428 2042 laeui,
2460 1984 2515 2030 et
2546 1991 2668 2031 cum
2698 1977 2777 2032 eis
2812 1978 3143 2048 Turc0polos
3186 1981 3352 2037 armis
3387 1984 3469 2037 in-

1874 2065 2288 2128 structissimos.
2341 2067 2499 2132 Mane
2530 2071 2712 2140 itaque
2741 2070 2915 2126 classe
2969 2075 3290 2142 composita,
3343 2091 3468 2130 cum

1873 2158 2044 2222 mttJta
2083 2159 2370 2228 modestia,
2399 2175 2465 2214 ac
2493 2161 2538 2215 si
2564 2176 2632 2215 ex
2661 2176 2850 2217 eorum
2885 2165 3235 2234 vectigalibus
3259 2176 3461 2234 essent,

1847 2251 2365 2332 proﬁciscebantur
2393 2253 2460 2308 ad
2500 2254 2712 2309 urbem.
2745 2256 2904 2310 Turci
2931 2257 3124 2326 quibus
3154 2267 3310 2312 erant
3360 2259 3465 2313 ista

1871 2345 2179 2413 spectaculo
2239 2345 2606 2414 mirabantur,
2664 2349 3022 2418 ambigentes,
3074 2366 3140 2402 an
3183 2366 3277 2404 sua
3325 2350 3468 2420 ipso-

1870 2448 2014 2501 rum,
2043 2435 2130 2490 vel
2160 2435 2506 2504 imperatoris
2533 2438 2647 2492 haec
2675 2439 2861 2492 eadem
2889 2448 3032 2494 esset
3060 2439 3465 2496 erectio.Post-

1870 2539 2031 2595 quam
2074 2541 2202 2581 vero
2225 2543 2289 2580 ea
2323 2542 2442 2596 qua:
2492 2529 2740 2584 viderant
2775 2530 2986 2584 hostilia
3019 2530 3135 2585 lore
3174 2542 3460 2599 noverunt,

1873 2615 2064 2672 timore
2096 2618 2280 2674 letltali
2306 2620 2686 2684 extabnerunt,
2716 2623 2811 2676 sed
2840 2633 3099 2693 quantum
3137 2625 3212 2678 illi
3246 2625 3462 2680 lamen-

1871 2708 1939 2766 tis
1982 2718 2036 2764 et
2084 2710 2322 2774 ﬂetibus,
2372 2719 2577 2765 tantum
2621 2714 2792 2766 nostri
2843 2714 3182 2770 indulserunt
3227 2715 3459 2788 gaudiis,

1867 2804 2274 2872 gratiarumque
2312 2804 2422 2858 Deo
2454 2817 2813 2874 repensarunt
2843 2807 3140 2875 plausibus.

1939 2889 2194 2945 Reddidit
2242 2891 2405 2960 igitur
2436 2893 2488 2946 id
2520 2893 2760 2961 ipsorum
2799 2895 3149 2948 infortunium
3183 2895 3341 2968 391
3369 2898 3464 2950 lio-

1866 2987 1978 3033 stes
2012 2996 2398 3052 usquequaque
2443 2981 2703 3044 defectos,
2736 2981 3048 3052 jamqucde
3097 2986 3208 3038 suis
3263 2996 3316 3040 et
3367 3004 3464 3038 an-

1864 3073 2203 3130 xiliariorum
2255 3074 2461 3128 viribus
2501 3075 2855 3144 desperantes
2889 3119 2902 3143 ,
2944 3079 3252 3147 imperatori
3297 3079 3463 3135 missa

1863 3169 2132 3242 legatione
2159 3171 2478 3242 promittunt
2513 3175 2639 3243 quia
2670 3174 2998 3228 deditionem
3024 3175 3262 3229 facerent
3288 3177 3458 3246 urbis,

1787 3232 1834 3296 Ο
1865 3262 1908 3316 si
1937 3277 2030 3316 eos
2051 3278 2172 3318 cum
2197 3262 2456 3318 uxoribus
2487 3276 2539 3316 et
2575 3265 2698 3315 (iliis
2727 3264 2876 3318 abire
2907 3265 3084 3325 licere,
3120 3265 3258 3334 apud
3289 3266 3460 3320 Frau-

1864 3367 1958 3406 cos
1997 3352 2334 3418 impelraret,
2382 3355 2660 3424 permissis
2701 3369 2801 3405 una
2837 3356 3172 3410 substantiis.
3217 3356 3460 3423 Quorum

1864 3449 2128 3512 tyrannus
2157 3445 2400 3513 petitioni
2434 3446 2838 3515 gratantissime
2890 3447 3096 3512 favens,
3129 3438 3232 3500 non
3284 3449 3458 3504 solum

1866 3533 2187 3604 impunitate
2219 3536 2460 3601 donavit,
2497 3537 2589 3590 sed
2623 3538 2784 3590 etiam
2831 3553 3044 3591 sunnno
3089 3539 3187 3592 sibi
3219 3541 3459 3594 sarcien-

1864 3623 1961 3678 dos
1993 3639 2199 3690 amore,
2228 3625 2754 3694 Constantinnpolini
2786 3645 2952 3698 usque
2979 3629 3458 3698 etmtraxit.Cujus

1865 3713 2040 3769 infida)
2067 3732 2162 3785 per
2188 3717 2367 3770 omnia
2395 3719 2905 3788 tuenti,principalis
2937 3720 2988 3773 in
3013 3722 3113 3775 hoc
3138 3737 3300 3790 opere
3327 3723 3457 3777 sub-

1856 3805 2072 3878 jacebat
2111 3809 2360 3875 intentio,
2403 3812 2545 3880 quod
2589 3814 2631 3865 si
2666 3811 3000 3867 Francorum
3030 3814 3329 3868 discrimini
3381 3815 3459 3870 lo-

1862 3916 1958 3956 cus
1996 3903 2139 3956 forte
2194 3901 2333 3956 ullus
2383 3902 2670 3970 aliquando
2721 3913 2950 3973 pateret,
2995 3921 3157 3973 penes
3203 3921 3262 3960 se
3311 3906 3458 3974 ipsos

1863 3995 2098 4051 haberet
2149 4013 2286 4067 quos
2322 3997 2524 4050 eisdem
2562 4010 2865 4068 opportune
2917 4000 3200 4070 objicerct.
3233 3998 3454 4070 Septem

1865 4087 2222 4143 hebdomadis
2276 4090 2554 4160 tribusque
2606 4092 2795 4146 diebus
2854 4093 2952 4146 hac
3002 4102 3128 4146 sunt
3175 4092 3457 4146 obsidione

1863 4181 2086 4246 detenti,
2126 4191 2176 4236 et
2207 4198 2268 4236 ex
2312 4184 2513 4237 nostris
2562 4184 2777 4251 plurimi
2823 4201 3014 4240 munus
3070 4185 3267 4239 ibidem
3302 4200 3458 4238 rece-

1861 4285 1991 4341 pere
2046 4275 2312 4344 martyrii.
2351 4275 2424 4328 De
2457 4275 2652 4343 quibus
2703 4278 2922 4330 iuduliic
2975 4277 3242 4331 sententia
3277 4276 3456 4345 profe-

1863 4371 2014 4416 retur
2041 4366 2182 4432 quod
2210 4367 2297 4433 qui
2342 4377 2532 4420 lllOl‘llS
2563 4367 2732 4418 exitio
2756 4383 2873 4419 sese
2905 4384 3001 4436 pro
3043 4369 3162 4421 lidei
3205 4365 3457 4435 objecet'e

1856 4453 2088 4526 jnstitia,
2107 4456 2247 4510 inter
2271 4474 2362 4510 eos
2389 4457 2780 4526 profectoapnd
2800 4461 2960 4511 iiemn
2978 4467 3319 4522 censeantur,
3339 4461 3454 4528 qui,

1783 4585 1839 4648 υ
1867 4549 2132 4632 sanguine
2185 4550 2237 4604 in
2279 4551 2511 4619 pretium
2555 4553 2702 4616 dato,
2745 4553 2963 4622 praemia
3014 4569 3262 4608 meruere
3291 4552 3458 4608 C(Ble-

1865 4643 1986 4706 Stia,
2021 4658 2122 4698 nec
2154 4659 2246 4697 eos
2278 4643 2381 4699 illis
2431 4646 2670 4715 impares
2715 4647 2942 4701 dixerim
2975 4649 3064 4717 qui
3111 4648 3263 4703 famis
3292 4665 3456 4704 occu-

1864 4738 2028 4794 buere
2059 4739 2296 4793 miseria.
2335 4738 2448 4793 Iloc
2484 4741 2626 4794 enim
2667 4741 2736 4794 ibi
2768 4743 2922 4794 modo
2971 4742 3132 4810 periit
3166 4743 3454 4798 n'tttltitudo

1861 4830 2212 4901 perplurima.
2246 4831 2301 4886 Si
2345 4850 2577 4902 namque
2614 4835 2766 4904 juxta
2802 4837 3138 4905 prophetam,
3173 4837 3313 4906 quod
3371 4835 3454 4888 hi-

1860 4923 2156 4978 storialiter
2207 4926 2386 4980 dicere
2428 4925 2605 4984 liceat.
2643 4945 2660 4977 ι
2703 4927 2890 4982 Melius
2923 4927 3021 4980 l'nit
3049 4928 3244 4981 occisis
3272 4926 3452 4994 gladio

1863 5030 2023 5085 quam
2055 5016 2351 5072 interfectis
2384 5016 2754 5090 fame(Jerem.
2776 5035 2844 5083 Iv,
2872 5020 2951 5085 4),
2978 5040 2995 5070 ι
3025 5019 3114 5086 qni
3142 5016 3326 5086 procul
3353 5017 3451 5070 du-

1861 5109 1952 5164 bio
1996 5111 2237 5165 cruciatu
2273 5110 2614 5166 diuturniore
2654 5123 2779 5166 sunt
2836 5111 3115 5165 moriendo
3145 5109 3291 5174 torti,
3339 5123 3451 5162 non

1863 5210 2043 5269 erunt,
2077 5211 2136 5256 ut
2187 5203 2339 5259 credi
2387 5203 2471 5258 las
2516 5214 2630 5270 est,
2681 5205 2886 5273 absque
2933 5215 3132 5256 corona
3186 5187 3488 5254 nobiliore

1861 5295 2131 5368 martyrii.

2489 5387 2716 5444 CAPUT
2755 5388 2820 5442 ν.

1936 5483 2079 5558 [IX]
2109 5483 2343 5540 Civitate
2381 5484 2567 5553 itaque
2610 5482 2838 5546 reddita,
2871 5488 2924 5535 et
2955 5478 3146 5534 Turcis
3173 5477 3448 5533 Constan-

1863 5575 2148 5648 tinOpolim
2189 5573 2395 5640 ductis,
2419 5574 2746 5645 tyrannicus
2783 5571 2871 5626 ille
2916 5572 3186 5642 princeps,
3219 5569 3448 5624 nimium

1863 5669 1932 5724 de
1963 5669 2116 5723 urbis
2147 5667 2489 5722 restitutione
2518 5666 2754 5737 gavisus,
2783 5673 3092 5720 nostrorum
3120 5661 3448 5734 primoribus

1861 5778 2090 5834 munera
2125 5761 2332 5817 inﬁnita
2369 5761 2630 5832 largitur;
2674 5769 2727 5814 et
2754 5761 3056 5830 quibusque
3088 5755 3447 5828 pauperrimis

1860 5857 2204 5929 eleemosyna
2235 5857 2448 5928 copiosa
2501 5855 2772 5912 tribuitur.
2820 5856 2894 5910 Ex
2940 5869 3046 5926 quo
3085 5849 3446 5907 mediocribus
