3980 6324
560 337 668 393 725

1430 333 1487 387 V.
1522 332 1850 390 GUIBERTI
1875 331 2166 390 ABBATIS
2192 331 2255 390 S.
2291 330 2532 389 MARIAS
2560 331 2657 389 DE
2682 329 3078 389 NOVIGENTO
3674 338 3758 397 7%

560 448 837 505 exercitus
862 440 1154 518 personis,
1196 459 1331 514 quas
1366 444 1736 501 munificentia
1780 446 1872 501 illa
1915 456 1998 502 est
2034 448 2149 503 visa
2178 458 2226 515 Α
2252 447 2417 515 aliud,
2460 449 2554 503 sed
2600 447 2668 503 ad
2710 446 2848 502 bella
2880 460 2999 515 quae
3043 445 3346 501 imminent.
3393 465 3411 499 ι
3442 446 3495 504 Si
3537 450 3758 525 inquiunt,

558 541 931 612 prmtergredi,
979 538 1145 595 multa
1177 537 1278 593 fuit
1308 538 1604 593 invidentia
1643 548 1829 594 contra
1871 541 2144 611 principes

558 648 625 688 ac
654 632 903 688 simultas
940 632 1197 703 ingenita.
1221 630 1351 697 Nec,
1386 628 1543 699 juxta
1574 633 1861 701 quemdam
1902 634 2141 699 modum,

559 724 614 780 id
644 725 867 796 prorsus
897 722 1116 794 injuria.
1148 723 1236 779 Hii
1269 737 1464 793 nempe
1498 739 1793 781 exercuere
1818 726 2039 796 praelia;
2078 726 2145 781 ad

556 818 660 875 hos
686 819 908 874 attinuit
946 818 1113 874 totius
1157 817 1457 874 obsidionis
1492 816 1714 873 effectus
1738 859 1753 884 ,
1803 818 2023 874 molium
2055 835 2147 874 ve-

564 915 807 984 ctiones,
855 915 1234 972 machinarum
1270 913 1702 985 balistarumque
1726 913 2004 983 impactio.
2038 914 2144 981 llii,

510 1040 515 1049 -
553 1007 800 1079 inquam,
848 1016 909 1063 ut
950 1008 1194 1064 breviter
1236 1006 1503 1071 claudam,
1539 1014 1895 1076 portaverunt
1938 1007 2147 1076 pondus

554 1102 665 1159 diei
697 1111 753 1159 et
793 1111 979 1159 aestus.
1013 1101 1196 1157 Prima
1226 1102 1390 1171 igitur
1414 1101 1502 1156 die
1529 1115 1633 1169 qua
1663 1100 1730 1154 ab
1760 1098 1891 1154 urbe
1931 1107 2144 1168 recepta

553 1192 864 1263 digressum
910 1202 1016 1260 est,
1064 1204 1284 1264 pontem
1322 1191 1609 1262 quemdam
1664 1191 1909 1261 pervium
1948 1190 2151 1244 habue-

554 1295 727 1352 runt,
783 1286 929 1343 circa
991 1276 1161 1357 queui
1212 1285 1376 1340 biduo
1433 1284 1751 1340 continuato
1809 1292 2146 1338 manserunt.

556 1378 744 1435 Tertia
769 1388 951 1435 autem
983 1380 1069 1436 die
1091 1395 1213 1435 cum
1242 1377 1716 1449 expromeretjam
1748 1377 1924 1432 tenuis
1952 1392 2150 1431 aurora

555 1473 958 1545 crepusculum,
1018 1482 1379 1528 surrexerunt
1434 1473 1631 1539 nostri,
1684 1482 1739 1529 et
1790 1472 1918 1527 dum
1975 1473 2153 1528 adhuc

555 1565 719 1621 dubia
746 1565 847 1620 sub
886 1564 1006 1620 luce
1033 1564 1329 1620 caecutiunt
1349 1606 1362 1631 ,
1393 1565 1540 1621 bivio
1571 1566 1895 1622 scinduntur
1925 1567 1980 1620 in
2021 1582 2147 1629 uno,

556 1666 611 1713 et
632 1656 797 1712 biduo
823 1656 1040 1729 integro
1068 1657 1170 1713 sub
1201 1657 1411 1713 duobus
1441 1658 1701 1729 disparati
1735 1659 2155 1729 proﬁciscuntur

550 1748 879 1819 agminibus.
932 1749 992 1805 ln
1041 1749 1214 1806 altero
1265 1751 1541 1823 agminum
1595 1751 1939 1808 Boemundus
1999 1761 2152 1819 erat,

2247 540 2424 611 prima
2455 555 2626 611 penes
2655 539 2861 595 Turcos
2914 553 3109 610 pugnae
3142 541 3440 595 rudimenta
3480 542 3643 600 videre
3670 550 3759 603 col-

2248 631 2428 697 libeat,
2451 630 2566 700 jam
2593 640 2720 687 sunt
2758 648 2877 702 qua:
2897 631 3084 698 vultis,
3125 640 3322 701 prtcsto
3357 633 3542 690 venite.
3569 654 3587 687 ι
3634 637 3762 695 Ducis

2249 723 2436 795 itaque
2462 723 2682 779 nomine
2703 724 2921 795 dignus,
2947 725 3219 795 specimen
3251 722 3453 778 militia:
3470 723 3763 798 Godefridus,

2248 817 2399 873 etab
2434 833 2497 873 ea
2528 833 2648 888 quae
2684 819 2799 888 regi
2843 816 3136 887 competit,
3172 816 3484 872 fortitudine
3526 835 3619 875 non
3642 823 3766 894 dege-

2249 926 2377 978 ner,
2422 912 2530 966 imo
2567 910 2869 983 pardalica,
2903 918 2965 965 ut
3006 910 3086 965 sic
3118 909 3315 976 dicam,
3351 910 3667 970 animositate
3695 932 3768 986 pa-

2251 1005 2499 1071 trissans,
2540 1004 2693 1077 Hugo
2721 1004 2972 1076 Magnus,
3001 1020 3125 1060 cum
3156 1003 3270 1059 suis
3307 1004 3637 1076 primicopiis,
3663 1025 3768 1079 qua-

2251 1101 2375 1155 dam
2433 1099 2643 1170 epulari
2711 1099 2997 1154 alacritate
3049 1107 3400 1155 concurrunt.
3458 1100 3642 1158 Deinde
3689 1104 3768 1161 Po-

2252 1192 2454 1248 dieusis
2500 1193 2817 1263 episcopus,
2851 1207 2957 1249 non
2993 1193 3153 1249 modo
3185 1191 3369 1247 multis
3397 1193 3580 1263 quibus
3615 1198 3771 1254 emicat

2252 1287 2443 1352 armis,
2496 1286 2594 1341 sed
2646 1285 2871 1342 monitis
2915 1287 3277 1358 precibusque
3300 1286 3460 1360 392
3486 1290 3637 1348 sacris
3660 1308 3771 1349 com-

2253 1380 2448 1434 muniit
2478 1380 2654 1449 ipsum
2682 1396 2695 1432 :

2328 1472 2494 1542 Sique
2514 1470 2649 1527 foret
2666 1472 2923 1542 tepidum,
2949 1473 3251 1528 fervescere
3271 1472 3522 1544 compulit
3540 1489 3716 1547 agmen.

2325 1567 2408 1622 Ad
2434 1576 2740 1622 extremum
2768 1567 2911 1621 sicut
2943 1578 3063 1622 erat
3094 1575 3255 1622 aetate
3279 1566 3514 1639 gravior,
3547 1568 3779 1638 experien-

2259 1658 2437 1729 tiaque
2484 1658 2837 1725 instructior,
2887 1667 2943 1714 et
2991 1658 3234 1714 consiliis
3291 1658 3491 1714 idcirco
3544 1662 3775 1729 securior,

2258 1768 2441 1811 comes
2470 1752 2655 1811 Sancti
2684 1753 2859 1826 Egidii
2891 1752 3229 1808 Raimundus
3255 1751 3654 1808 Provincialium
3683 1771 3777 1811 suo-

558 1839 838 1897 Robertus
870 1856 934 1897 ex
963 1841 1380 1909 Northmannia,
1431 1842 1749 1900 Tancredus
1788 1859 2002 1915 quoque
2028 1860 2151 1899 cum
2183 1847 2227 1907 B
2257 1863 2378 1902 rum
2401 1845 2689 1917 manipulis
2712 1845 3151 1901 succenturiatus
3172 1844 3371 1914 erupit.
3419 1842 3777 1916 Superinspecto

550 1932 789 2004 plurima
816 1934 1043 2001 militia;
1079 1952 1109 1990 a
1134 1938 1334 1991 comite
1360 1935 1547 1991 Sancti
1582 1936 1782 2008 Egidii,
1811 1937 1948 1992 duce
1971 1935 2151 1992 Gede-

553 2022 720 2092 frido,
771 2024 1026 2082 Podiensi
1081 2027 1357 2098 episcopo,
1414 2027 1638 2099 Hugone
1684 2028 1899 2100 Magno,
1955 2030 2153 2085 comite

553 2114 900 2184 Flandrensi,
935 2133 1036 2187 per
1063 2120 1183 2174 avia
1216 2122 1463 2191 quaedam
1498 2120 1871 2176 adducebatur
1896 2120 2149 2177 alterum.

628 2206 788 2262 Turci
814 2207 1055 2264 FranCOs
1088 2211 1417 2282 impugnant.
1447 2244 1517 2252 —
1565 2213 1750 2267 Tertia
1786 2213 2021 2283 denique
2063 2214 2151 2269 die

553 2300 610 2355 in
639 2300 1038 2371 Boemundum,
1069 2305 1412 2375 comitesque
1443 2306 1581 2375 ejus,
1616 2306 1675 2361 fit
1722 2306 2026 2362 Turcorum
2071 2307 2152 2362 in~

555 2391 723 2449 ﬁnitae
764 2394 1150 2464 multitudinis,
1184 2414 1306 2453 cum
1359 2400 1667 2470 repentina,
1709 2408 1821 2455 tum
1871 2400 2149 2468 terribilis,

553 2494 611 2540 et
638 2503 808 2559 prope
848 2505 956 2545 non
994 2490 1221 2547 ferenda
1260 2492 1489 2548 collisio.
1524 2492 1750 2549 Videres
1801 2510 1895 2551 eos
1934 2495 2151 2550 scenice

555 2593 724 2649 super
777 2590 1089 2637 nostrorum
1117 2624 1133 2649 ,
1191 2585 1277 2653 qui
1323 2586 1635 2655 putabatur,
1686 2587 1879 2642 timore
1922 2589 2147 2659 garrire,

556 2672 894 2730 aestimantes
925 2689 1019 2730 eos
1052 2690 1120 2730 ex
1159 2676 1439 2747 inopinata
1480 2679 1791 2734 incursione
1842 2679 2066 2748 terreri,
2098 2689 2153 2735 et

555 2760 834 2831 bellicum,
873 2766 1015 2834 quod
1046 2779 1471 2834 consueverant,
1503 2769 1718 2839 signum
1764 2770 2018 2825 terrificis
2042 2785 2153 2825 sua:

557 2851 757 2924 linguae
807 2857 1029 2913 vocibus
1064 2858 1383 2916 inclamare.
1429 2860 1581 2915 Licet
1610 2876 1740 2931 ergo
1777 2862 1861 2915 vir
1896 2849 2151 2931 eximius,

557 2962 726 3002 manu
763 2948 1121 3019 impeteretur
1158 2953 1389 3019 enormi,
1433 2968 1540 3008 non
1590 2954 1773 3009 amisit
1800 2954 1993 3011 timore
2024 2971 2153 3011 con-

555 3040 768 3112 silium;
807 3044 904 3100 sed
935 3046 1223 3102 confestim
1256 3047 1451 3104 sistere
1493 3049 1718 3118 gradum
1747 3050 1993 3119 praecipit
2035 3065 2151 3104 om-

556 3130 755 3200 nibus,
810 3142 866 3188 et
912 3135 1280 3206 papilionibus
1327 3137 1635 3204 devolutis,
1689 3136 1854 3207 jussit
1900 3137 2151 3194 celeriter

2254 1940 2420 2013 igitur
2472 1940 2659 1996 hostili
2700 1940 2944 1995 exercitu
3002 1948 3149 1994 tanta
3187 1938 3394 1993 nostris
3437 1937 3692 1993 admiratio
3722 1940 3779 1994 in-

2255 2032 2451 2101 crevit,
2503 2041 2563 2088 ut
2612 2031 2689 2086 nil
2718 2031 2861 2086 aliud
2919 2032 3267 2097 mirarentur,
3312 2029 3419 2085 nisi
3468 2030 3551 2085 ubi
3591 2031 3777 2101 gentium

2252 2124 2413 2181 ubive
2486 2133 2759 2180 terrarum
2816 2132 2925 2178 tam
2958 2124 3168 2177 intinita
3213 2123 3480 2178 coaluerit
3527 2122 3779 2179 multitudo.

2251 2214 2422 2270 Erant
2464 2223 2646 2271 autem
2683 2214 2870 2281 Turci,
2903 2213 3137 2280 Arabes,
3164 2228 3229 2268 ac
3260 2212 3571 2279 Sarraceni,
3600 2228 3781 2283 quorum

2253 2307 2395 2364 inter
2425 2309 2610 2365 hostes
2632 2318 2685 2363 et
2718 2323 2975 2363 numerus
3001 2316 3053 2362 et
3081 2307 3315 2376 dignitas
3345 2306 3637 2372 eminebat;
3666 2307 3783 2377 copia

2254 2400 2435 2454 minus
2487 2410 2677 2470 patens
2704 2441 2718 2466 ,
2759 2401 2827 2455 de
2876 2399 3177 2454 auxiliariis
3214 2408 3270 2454 et
3312 2398 3492 2455 minus
3538 2398 3783 2456 celebribus

2254 2490 2466 2561 populis
2513 2500 2652 2545 erat.
2708 2491 2933 2545 Videres
2968 2490 3232 2545 montium
3268 2490 3402 2562 juga
3450 2489 3512 2545 de
3544 2488 3637 2543 hac
3664 2489 3786 2545 colle-

2254 2583 2434 2639 ctione
2461 2582 2709 2654 profana,
2740 2591 2794 2637 et
2831 2583 3048 2639 collium
3088 2599 3333 2639 convexa
3368 2583 3693 2648 densesccre,
3726 2582 3786 2637 in-

2256 2674 2692 2731 numerabilibus
2734 2674 3057 2746 frequentiis
3122 2677 3307 2732 omnia
3379 2675 3573 2747 operiri
3618 2690 3787 2745 campe-

2253 2767 2407 2823 stria.

2327 2861 2466 2917 Suos
2496 2861 2686 2917 milites
2714 2863 3002 2917 hortantur
3038 2862 3196 2916 duces
3221 2862 3291 2915 ad
3328 2879 3575 2933 pugnam.
3614 2892 3675 2902 —
3702 2859 3788 2914 Pri-

2254 2969 2437 3009 mores
2492 2948 2676 3024 itaque
2731 2970 2856 3011 eum
2910 2955 3013 3010 sibi
3076 2954 3312 3010 subditis
3371 2953 3789 3009 commonitorium

2254 3044 2496 3101 habuere
2522 3061 2830 3101 sermonem
2860 3063 2873 3099 :
2909 3066 2926 3097 ‹
2962 3046 3019 3099 Si
3054 3045 3184 3112 Deo,
3216 3045 3494 3115 inquiunt,
3526 3046 3649 3100 hanc
3668 3058 3791 3113 quam

2255 3139 2528 3194 exercetis
2563 3139 2811 3194 militiam
2852 3138 3176 3206 devovistis;
3211 3140 3255 3194 si
3297 3140 3527 3210 patrias,
3556 3140 3599 3194 si
3628 3139 3787 3201 domos,

557 3233 740 3281 castra
787 3229 1085 3283 consterni.
1140 3230 1467 3300 Priusquam
1508 3246 1640 3286 vero
1669 3246 1732 3286 ea
1780 3247 1898 3302 quae
1949 3247 2153 3302 praece-
2179 3229 2226 3291 C
2256 3230 2301 3285 si
2331 3231 2610 3303 conjuges,
2654 3232 2701 3286 si
2732 3231 2957 3297 liberos,
2990 3232 3032 3286 si
3068 3232 3303 3302 denique
3343 3247 3569 3303 corpora
3596 3240 3792 3287 contem-

553 3326 713 3389 perat
765 3320 1207 3391 explicarentur,
1246 3324 1481 3394 propriis
1521 3324 1782 3380 militibus
1831 3325 1994 3381 infit:
2036 3346 2053 3377 (
2091 3324 2147 3381 Si

554 3426 655 3469 vos
692 3413 1020 3471 meministis
1056 3415 1269 3473 militiae
1302 3434 1467 3487 quam
1499 3416 1728 3488 professi
1772 3419 1923 3486 estis,
1974 3419 2154 3474 consi-

556 3503 745 3561 derata
782 3508 1106 3565 necessitate
1140 3520 1260 3580 quae
1290 3520 1464 3582 urget,
1501 3511 1575 3567 ite
1619 3531 1631 3567 :
1667 3512 1900 3568 viriliter
1937 3513 2016 3568 eis
2062 3528 2154 3569 oc-

555 3597 785 3667 currite,
813 3599 1099 3669 houorem,
1129 3602 1444 3672 pariterque
1475 3603 1627 3658 vobis
1659 3603 1825 3658 vitam
1857 3603 2151 3660 defendite.

555 3688 662 3757 At,
706 3707 805 3748 vos
859 3694 1108 3764 pedites,
1164 3696 1397 3751 tentoria
1451 3697 1737 3769 diligenter
1780 3696 2076 3753 cxtendite.
2129 3716 2148 3750 ι

558 3778 679 3847 Quo
726 3781 869 3838 dicto
923 3784 1085 3839 citius
1136 3786 1389 3857 expleto,
1444 3803 1572 3843 ecce
1617 3805 1710 3845 eos
1760 3789 1921 3844 Turci
1975 3788 2154 3843 subita

556 3875 948 3946 praevolatione
977 3879 1321 3948 obambiunt,
1343 3883 1553 3954 spicula
1578 3884 1809 3954 jaciunt,
1844 3900 2155 3955 pugnaque,

556 3981 663 4038 pro
696 3984 868 4039 more,
901 3972 1117 4042 fugaci,
1155 3976 1469 4046 pectoribus
1496 3979 1726 4048 sagittas
1754 3979 2038 4034 incussere
2072 3960 2159 4033 se-

560 4064 865 4133 quentium.
904 4066 1104 4124 Franci
1146 4086 1276 4126 vero
1327 4072 1590 4143 prepositi
1640 4071 1816 4128 fidelis
1861 4088 2155 4141 memores,

560 4173 667 4214 nec
706 4174 924 4233 semper
964 4162 1196 4220 celebris
1231 4181 1341 4221 sua:
1380 4166 1597 4222 virtutis
1642 4167 1838 4238 ignari,
1881 4165 2007 4221 licet
2047 4166 2158 4221 evi-

563 4250 757 4307 denter
787 4264 1154 4325 agnoscerent
1186 4265 1351 4313 tantae
1378 4257 1759 4313 numerositati
1795 4273 1854 4313 se
1899 4257 2153 4328 impares,

565 4354 749 4402 tamen
778 4348 1002 4405 obviare
1044 4350 1358 4407 furentibus
1406 4352 1587 4406 vivaci
1630 4351 1980 4407 animositate
2027 4365 2159 4405 con-

560 4441 813 4499 tendunt.
855 4442 971 4499 lllic
1006 4460 1189 4501 comes
1225 4445 1659 4510 Northmanniae,
1708 4445 2046 4509 recordatus,
2080 4444 2160 4498 uti

562 4533 790 4603 decuit,
842 4546 1086 4606 paternae
1138 4538 1514 4595 bellicositatis
1554 4548 1609 4594 et
1652 4539 1953 4595 nobilitatis
2001 4537 2159 4592 avita:

2257 3325 2472 3394 psistis,
2501 3334 2555 3380 et
2582 3325 2696 3394 ipsa
2729 3325 3028 3395 quinetiam
3075 3326 3189 3381 sola
3233 3322 3557 3381 resederunt
3596 3322 3793 3395 gloriosis

2260 3418 2578 3488 exponenda
2612 3418 2911 3489 martyriis,
2943 3419 3074 3488 quid
3104 3434 3201 3473 vos
3240 3420 3313 3474 ad
3346 3419 3572 3475 istorum
3598 3414 3796 3471 conside.

2260 3511 2556 3576 rationem,
2597 3526 2814 3579 precor,
2863 3510 3176 3567 exterreat?
3222 3528 3351 3567 cum
3405 3510 3562 3566 unius
3606 3518 3794 3564 vestrum

2260 3619 2325 3659 ex
2363 3603 2470 3659 Deo
2516 3603 2621 3658 fida
2665 3604 3183 3674 sagacitas,.totius
3224 3605 3392 3676 hujus
3422 3602 3655 3659 vilissimi
3686 3596 3796 3670 vulgi

2261 3698 2653 3768 superstitione
2686 3698 2999 3762 pra-valeat.
3043 3698 3102 3755 Si
3143 3699 3233 3754 hic
3257 3698 3419 3755 vobis
3457 3698 3612 3753 fuerit
3637 3696 3796 3751 obeun-

2261 3789 2421 3855 dum,
2471 3804 2700 3859 regnum
2751 3806 2845 3846 vos
2887 3791 3112 3847 ctBlesle
3159 3802 3376 3859 manet,
3423 3791 3566 3849 felici
3603 3789 3797 3847 obituros

2258 3882 2425 3937 exitio
2454 3895 2469 3935 :
2496 3884 2540 3936 si
2570 3883 2880 3950 vivendum,
2920 3894 3203 3956 exspectat
3235 3901 3355 3953 vos,
3389 3885 3436 3941 si
3481 3886 3545 3941 de
3573 3884 3663 3939 fide
3689 3897 3796 3951 pm:-

2261 3976 2496 4041 sumitis,
2529 3988 2677 4031 certa
2706 3977 2965 4043 victoria;
2996 3989 3119 4048 post
3142 3979 3459 4045 victoriam,
3494 3978 3681 4050 gloria;
3706 3981 3800 4044 post

2263 4068 2518 4139 gloriam,
2550 4070 2725 4140 major
2751 4072 3001 4125 audacia.
3027 4072 3109 4126 Ad
3140 4072 3257 4127 haec
3286 4088 3353 4128 ex
3381 4074 3612 4129 hostium
3644 4067 3800 4125 divitiis

2265 4163 2545 4232 opulentia
2587 4164 2830 4232 copiosa.
2886 4163 3216 4219 Utrumlibet
3256 4180 3391 4237 ergo
3436 4164 3661 4227 accidat,
3695 4158 3802 4212 inest

2264 4257 2417 4312 vobis
2493 4257 2783 4327 utrobique
2844 4256 3139 4323 securitas;
3186 4266 3241 4312 et
3289 4258 3492 4329 ubique
3545 4254 3801 4321 neutiquam

2265 4350 2393 4420 quid
2437 4350 2673 4404 timcatis
2726 4349 2990 4415 habetur,
3046 4349 3191 4404 nulla
3243 4365 3344 4405 vos
3382 4348 3500 4419 jatn
3545 4341 3803 4402 retractatio

2265 4440 2350 4496 vel
2392 4441 2644 4496 dubietas
2697 4451 3026 4497 remoretur.
3075 4441 3221 4511 Ergo
3266 4450 3484 4496 mentes
3527 4449 3580 4495 et
3624 4447 3804 4505 corpora

2266 4537 2389 4592 fidei
2424 4538 2721 4592 Dominicm
2748 4536 2930 4592 crucis
2978 4535 3243 4601 addicite,
3291 4544 3348 4592 et
3377 4544 3567 4591 contra
3597 4533 3722 4587 hunc
3738 4541 3806 4596 ag-

562 4640 762 4697 magna
810 4628 955 4684 illico
1008 4646 1286 4687 armorum
1338 4632 1759 4700 exercitatione,
1814 4631 2162 4701 hostiumque
2188 4626 2242 4686 D
2269 4643 2478 4706 gestum
2514 4634 2818 4705 palearum,
2851 4632 3095 4689 tantillos
3128 4630 3387 4687 videlicet
3427 4647 3492 4687 ac
3523 4643 3649 4701 pene
3673 4622 3806 4680 nullos

562 4718 904 4789 repulsione,
958 4722 1292 4780 defensionis
1335 4725 1583 4795 exempla
1632 4724 1897 4781 exercitui
1946 4732 2157 4792 nostro,

565 4811 961 4887 aliquantisper
986 4818 1275 4885 exterrito,
1314 4819 1565 4889 praebuit.

634 4908 824 4964 Adfuit
848 4911 1014 4966 etiam
1054 4912 1197 4968 Deus
1227 4919 1289 4967 ut
1315 4911 1641 4967 feminarum
1667 4926 1787 4981 qua:
1816 4909 2159 4967 comitaban-

565 5008 656 5056 tur
698 5016 805 5057 non
850 5003 962 5059 illic
1009 5021 1227 5076 quoque
1276 5005 1383 5059 illis
1437 5005 1649 5060 deesset
1691 5005 1984 5072 instantia;
2030 5006 2161 5076 ipsa:

566 5096 710 5152 enim
742 5112 914 5169 aquas
942 5098 1258 5155 recreandis
1286 5097 1570 5161 militibus,
1624 5114 1787 5169 quam
1832 5100 2023 5155 sedulo
2062 5100 2158 5155 de-

565 5188 855 5259 ferebant;
917 5192 1013 5247 sed
1067 5191 1237 5245 multo
1289 5190 1664 5260 vigilantiores
1716 5192 2159 5263 instigationibus

565 5297 660 5337 eos
690 5284 803 5340 suis
831 5301 897 5341 ac
932 5285 1174 5352 monitis,
1208 5284 1633 5356 solertiorcsque
1664 5286 1964 5341 reddebant
1994 5304 2158 5357 quam

568 5372 713 5427 illata
770 5374 966 5430 fierent
1023 5375 1167 5431 unda
1223 5384 1491 5430 recentes.
1543 5377 1615 5431 At
1670 5377 1761 5433 ubi
1812 5377 2160 5434 Boemundus

565 5470 780 5525 moneri
808 5469 976 5539 coepit
1024 5470 1158 5525 tanti
1190 5469 1556 5539 intequalitate
1597 5486 1941 5544 congressus,
1975 5472 2039 5525 iis
2070 5473 2159 5541 qui

568 5564 722 5618 devia
755 5564 1144 5633 sequebantur,
1178 5564 1321 5619 illico
1371 5565 1558 5619 nuntio
1587 5565 1876 5627 mediante,
1922 5564 2166 5620 notificat

567 5658 755 5711 comiti
811 5656 999 5711 Sancti
1051 5658 1222 5728 Egidii
1261 5656 1603 5726 Raimundo,
1671 5658 1793 5713 duci
1848 5657 2161 5725 Godcfrido,

570 5746 785 5816 llugoni
834 5747 1056 5816 Magno,
1088 5748 1336 5803 Podiensi
1380 5750 1657 5820 episcopo,
1710 5750 1939 5819 aliisque
1977 5766 2162 5805 eorum

571 5838 804 5893 comitia:
839 5848 898 5893 ut
931 5839 1161 5897 celerius
1192 5840 1451 5897 advenire
1479 5850 1912 5912 prteproperent,
1943 5856 2053 5896 non
2093 5841 2163 5897 ob

2270 4727 2540 4792 homines,
2570 4741 2721 4780 arma
2747 4726 3033 4795 capessite.
3070 4743 3089 4777 ι

2339 4820 2647 4885 Praeterea,
2686 4817 2981 4873 ordinatim
3032 4817 3180 4872 acies
3223 4815 3611 4887 disponuntur.
3659 4809 3710 4863 lu
3752 4820 3807 4859 ειο

2269 4911 2443 4965 nistro
2485 4927 2657 4966 cornu
2698 4909 3079 4981 magnanimus
3129 4907 3482 4964 Boemundus
3508 4947 3523 4973 ,
3571 4908 3809 4966 comesque

2270 5001 2800 5065 Nortlunannorum,
2853 5000 3009 5055 miles
3070 4998 3375 5053 acerrimus
3428 4993 3812 5053 Tancredus,el

2270 5096 2359 5165 qui
2393 5094 2593 5150 dicitur
2640 5094 2707 5149 de
2752 5092 2928 5163 prima
2964 5092 3186 5146 civitate
3226 5089 3522 5145 Ricardus.
3577 5077 3810 5140 Podiensis

2262 5196 2442 5243 autem
2479 5188 2767 5257 episcopus
2795 5185 3121 5241 altrinsecus
3153 5200 3185 5240 e
3214 5184 3443 5255 regione
3482 5180 3704 5237 hostium
3737 5183 3808 5241 per

2263 5289 2520 5336 montana
2579 5280 2973 5351 progrediens,
3028 5276 3329 5333 Turcorum
3397 5274 3667 5330 exercitus
3724 5277 3811 5317 ain-

2266 5374 2469 5429 biebat.
2506 5371 2755 5428 Sinistrae
2788 5372 2952 5426 etiam
2985 5371 3062 5427 illi
3101 5371 3244 5443 parti
3289 5369 3634 5424 Raimundus
3670 5368 3815 5416 comes

2267 5467 2571 5536 adequitat.
2613 5467 2670 5521 In
2706 5466 2897 5521 dextro
2933 5475 3115 5520 autem
3158 5467 3265 5519 dux
3293 5462 3648 5524 Godefridus,
3689 5452 3815 5509 Flau-

2264 5561 2587 5631 drensisque
2610 5560 2899 5627 Roberlus,
2931 5560 3082 5631 litigo
3113 5558 3357 5631 Magnus,
3390 5568 3449 5613 et
3478 5557 3679 5625 reliqua
3707 5560 3814 5619 μηθ’

2263 5664 2456 5724 potens
2485 5695 2499 5721 ,
2554 5662 2740 5723 utpote
2785 5653 3003 5708 Christo
3057 5659 3510 5724 pngnaturorum,
3558 5657 3747 5702 manus.
3784 5633 3816 5689 0

2264 5747 2438 5815 boue,
2496 5747 2833 5801 internorum
2888 5745 3169 5815 cognitor,
3219 5743 3382 5808 Deus,
3428 5741 3561 5812 quid
3609 5739 3659 5793 in
3702 5736 3818 5787 ωηιο

2244 5842 2631 5919 lacrimarum
2663 5840 2759 5897 tibi
2796 5838 2977 5897 fusum
3006 5848 3091 5896 cst
3124 5835 3441 5909 apparatu?
3498 5833 3635 5902 Quid
3666 5829 3717 5886 in
3744 5820 3815 5881 illo
