4012 6346
140 362 259 420 725

1226 356 1454 415 GESTA
1489 356 1601 413 DEI
1632 356 1770 413 PER
1807 355 2147 415 FRANCOS.
2190 385 2260 398 -—
2287 356 2411 413 LIB.
2458 356 2545 413 lli.

3326 360 3431 418 726

125 478 438 552 procinctu
461 517 478 544 ,
519 491 587 534 ex
612 473 866 547 Iomnium
905 472 1117 539 animo,
1160 472 1262 543 piae
1310 470 1743 543 compunctionis
1770 474 1821 534 Α
1851 471 2214 540 undecunque
2245 470 2472 525 coierat.
2505 470 2666 524 Certe
2690 470 2792 540 ipsi
2818 469 3034 534 Franci,
3066 470 3159 540 qui
3191 484 3250 525 se
3281 479 3433 528 tanto

127 586 212 628 ac
234 568 602 627 confessionis
631 556 899 624 emersit?
945 566 1008 621 Et
1036 566 1220 638 digna,
1252 574 1313 620 ut
1340 582 1441 637 par
1468 555 1570 631 esf,
1610 580 1738 620 eon-

128 665 486 721 sideratione
511 662 634 733 quis
660 668 879 733 penset,
926 668 1130 732 quanta
1167 660 1431 716 mentium
1469 658 1737 735 tcneritu;

131 758 307 824 dine,
338 773 405 813 ex
434 755 511 811 tui
542 754 710 811 solius
734 769 850 824 spe,
876 762 1199 810 cunctorum
1222 751 1550 824 generaliter
1574 749 1739 806 corda

128 847 541 920 pependerint?
594 846 813 917 quantis
863 847 931 901 ad
982 855 1065 913 te,
1115 844 1352 909 Christe,
1408 843 1740 899 maeroribus

130 940 489 1012 singulorum
517 953 859 1010 quorumque
886 935 1118 1005 iustitiae
1158 943 1253 990 aut
1281 943 1507 1006 peccata
1536 933 1741 990 clama—

130 1034 372 1089 verint?
443 1031 756 1095 Fleverant,
795 1029 1188 1101 Christumque
1217 1029 1397 1085 adhuc
1430 1028 1536 1098 piis
1561 1027 1742 1097 piissii

131 1141 299 1181 mum
334 1124 584 1195 suspiriis
612 1124 923 1189 irritabant,
964 1138 1087 1178 cum
1136 1137 1265 1178 ecce
1300 1120 1484 1176 crucis
1530 1120 1740 1175 frontes

131 1225 373 1272 cunctas
401 1224 679 1286 praeeunte
704 1213 902 1286 sigillo,
925 1228 1031 1269 non
1058 1212 1181 1268 dico
1204 1211 1445 1278 leonum,
1472 1210 1566 1265 sed
1593 1208 1741 1279 quod

132 1300 325 1377 magis
351 1307 647 1378 competit,
690 1317 994 1378 martyrum
1029 1304 1407 1373 animositate,
1449 1303 1738 1361 confertis-

132 1399 317 1457 simos
342 1400 540 1457 vexilla
567 1400 817 1457 feruntur
846 1400 900 1455 in
932 1400 1137 1456 hostes.

133 1491 275 1550 Mox
304 1494 506 1550 abeunt
528 1492 763 1559 Arabes,
800 1493 1002 1561 Persae,
1032 1491 1305 1562 Turcique
1338 1492 1591 1547 feroces:

215 1587 361 1642 Ante
386 1586 506 1658 pios
541 1584 746 1657 populi,
784 1594 939 1655 terga
984 1584 1181 1640 dedere
1214 1593 1414 1639 truces.

136 1677 235 1735 Fit
263 1677 414 1749 fuga,
440 1678 685 1749 disperse
708 1677 969 1733 miserum
996 1676 1339 1746 protenditur
1366 1690 1592 1747 agmen;

214 1768 336 1824 Non
368 1782 527 1824 secus
555 1782 619 1823 ac
642 1766 856 1838 lepores
882 1764 1167 1838 diffugiunt
1196 1765 1425 1820 Arabes.

140 1861 363 1929 Quanta
392 1859 558 1932 fugax
586 1859 761 1917 acies!
791 1858 852 1914 fit
877 1874 1065 1915 eorum
1095 1858 1320 1929 prodiga
1347 1856 1556 1923 caedes;

215 1950 539 2009 Nostrorum
570 1952 731 2023 gladii
763 1951 854 2006 vix
876 1960 1099 2019 potuere
1127 1965 1309 2005 neces.

140 2046 359 2101 Damna
381 2045 564 2101 ferens
585 2043 873 2109 membris,
900 2043 1170 2113 cujusque
1195 2040 1503 2096 retunditur
1530 2037 1697 2093 ensis.

216 2137 384 2194 Falce
404 2137 551 2193 velut
578 2144 811 2203 segetes,
848 2136 927 2190 sic
951 2141 1200 2190 resecant
1230 2133 1498 2187 homines.

144 2228 251 2285 Hic
279 2237 465 2300 caput,
493 2227 583 2283 hic
602 2242 789 2291 nares,
814 2226 904 2282 hic
925 2236 1141 2298 guttura
1170 2233 1409 2291 truncat,
1436 2224 1529 2279 hic
1555 2238 1738 2280 aures.

218 2319 504 2376 Scinditur
533 2318 888 2390 alvuslhuic,
934 2318 1126 2374 obvius
1168 2317 1346 2372 onmis
1385 2316 1498 2371 abit
1542 2315 1669 2389 [al.,

1508 2410 1667 2484 obit].

155 2508 497 2579 Obstupuere
522 2523 735 2576 manus,
764 2507 1049 2578 riguerunt
1077 2506 1306 2562 brachia
1346 2506 1514 2562 caede.

215 2600 389 2657 Nemo
411 2601 626 2672 repellit
662 2616 779 2667 eos,
808 2616 1022 2670 quoque
1053 2599 1262 2655 ferente
1294 2600 1453 2654 mori.
1578 2666 1593 2677 ε

150 2692 363 2765 Nempe
397 2694 757 2750 subinduerat
783 2710 975 2749 sensus
995 2693 1252 2749 hebitudo
1276 2693 1554 2763 profanos.

215 2790 511 2860 Excipiunt
542 2789 768 2844 veniens
795 2798 1015 2859 pectora
1040 2803 1189 2843 caeca
1218 2789 1439 2843 malum.

221 2880 345 2955 [X.]
379 2880 668 2936 Patiamur
711 2881 928 2937 victoria
965 2879 1189 2936 Franci.
1224 2911 1296 2922 —
1321 2881 1512 2936 Fuisse
1550 2887 1735 2935 autem

148 2992 344 3034 eorum
374 2976 613 3033 hostium
641 2976 734 3047 qui
759 2975 886 3031 victi
916 2974 1134 3031 fuerant
1167 2991 1454 3031 numerum
1482 2974 1737 3046 quadrin-

148 3079 313 3145 genta
362 3070 645 3141 sexaginta
705 3069 871 3124 millia
928 3069 1163 3123 traditur
1193 3111 1207 3134 ,
1248 3077 1445 3139 praeter
1490 3068 1736 3133 Arabes;

147 3179 386 3235 quorum
424 3164 559 3218 adeo
593 3162 839 3217 enormis
879 3161 1089 3216 exstitit
1135 3161 1420 3231 pluralitas
1459 3171 1519 3215 ut
1565 3159 1747 3216 omnis

145 3270 341 3312 eorum
366 3254 640 3309 hebetarit
667 3262 886 3309 nostros
907 3254 1205 3324 quantitas.
1232 3252 1474 3308 Primum
1502 3252 1743 3321 quidem,

146 3348 490 3406 conclamata
524 3346 905 3419 desperatione
939 3347 1152 3413 salutis,
1193 3345 1260 3400 ad
1297 3362 1393 3400 sua
1429 3359 1747 3416 quampro-

144 3457 282 3514 pere
308 3440 504 3512 trepidi
534 3440 772 3498 tentoria
803 3440 1068 3505 tendunt;
1102 3437 1287 3508 ibique
1326 3452 1445 3507 quae
1485 3452 1597 3506 prae
1631 3452 1749 3491 ma-

145 3537 314 3591 nibus
355 3534 597 3592 habuere
641 3533 947 3604 correptis,
995 3531 1314 3603 diffugiunt;
1369 3539 1591 3600 totaque
1641 3546 1748 3584 una

145 3629 241 3685 die
286 3628 462 3685 nostri
508 3644 603 3685 eos
645 3627 1044 3683 instantissime
1089 3632 1510 3696 persequuntur.
1548 3622 1749 3693 Spoliis

145 3722 339 3791 itaque
372 3721 478 3777 illis
509 3720 900 3777 recedentibus
932 3718 1242 3773 farciuntur
1281 3716 1503 3786 ereptis,
1539 3723 1593 3769 et
1628 3723 1752 3784 post

145 3814 469 3870 innumeras
513 3813 839 3885 sanguinum
887 3811 1163 3876 fusiones,
1208 3810 1441 3879 copiosae
1479 3809 1746 3878 pecuniae,

145 3906 522 3978 pretiosarum
570 3907 835 3971 vestium,
883 3905 1263 3975 pecuariorum
1314 3904 1582 3974 plurium,
1631 3919 1752 3972 quae

148 3999 395 4055 tulerant
415 3998 719 4072 fugacibus,
746 4000 939 4055 solatio
969 3999 1269 4068 potiuntur.
1298 3997 1379 4053 Ab
1407 3982 1541 4052 hera
1568 4006 1750 4051 autem

150 4092 319 4148 tertia
361 4082 626 4163 usque'in
672 4092 864 4149 horam
914 4107 1114 4146 nonam
1168 4090 1329 4161 hujus
1377 4105 1600 4160 pugnae,
1644 4089 1752 4143 imo

152 4183 549 4241 internecionis
593 4185 885 4250 Arabicae,
940 4183 1189 4255 ﬂagravit
1241 4183 1575 4237 incendium.
1634 4180 1753 4235 Duo

152 4292 288 4333 vero
328 4293 397 4332 ex
451 4278 653 4334 nostris
695 4276 977 4333 reverendi
1018 4278 1256 4333 nominis
1297 4292 1590 4347 proceres,
1633 4273 1753 4330 Jos-

154 4370 343 4427 fredus
374 4371 593 4442 quidam
627 4372 692 4427 de
722 4370 902 4427 Monte
942 4370 1204 4428 Seabioso
1237 4386 1500 4442 agnomen
1524 4369 1749 4434 habens,

154 4471 213 4518 et
257 4461 581 4520 Guillelmus
610 4504 626 4531 ,
664 4464 731 4519 de
775 4479 883 4533 quo
933 4479 1096 4532 supra
1149 4464 1384 4518 diximus
1411 4504 1423 4526 ,
1482 4462 1751 4517 Tancredi

1844 566 2091 620 obtulere
2142 564 2484 630 discrimini,
2533 565 2696 635 pleno
2735 579 2830 619 ore
2877 564 3116 619 fatentur
3163 580 3432 636 nusquam

1844 659 2038 713 Turcis
2072 656 2181 712 illis
2214 671 2384 728 genus
2421 658 2702 723 hominum
2741 658 3110 727 comparabile
3149 673 3308 728 posse
3336 675 3433 716 eo-

1844 749 2054 821 gnosci,
2110 748 2250 804 adeo
2297 758 2520 821 argutos
2565 750 2786 816 animis,
2834 766 2897 805 ac
2938 759 3191 806 strenuos
3239 751 3431 817 armis,

1842 844 1934 915 qui
1964 843 2130 900 etiam
2164 858 2291 899 cum
2343 842 2400 897 in
2452 843 2627 899 initiis
2663 860 2788 899 cum
2838 845 2918 899 eis
2954 844 3096 900 bello
3143 843 3435 915 conﬂigere

1843 936 2140 1007 coepissent
2168 935 2485 990 eorumdem
2519 935 2766 991 novitate
2797 951 3075 991 armorum
3101 951 3273 1007 prope
3310 944 3437 991 sunt

1844 1025 2138 1097 deSperati.
2168 1024 2384 1080 Nostris
2408 1024 2554 1080 enim
2600 1026 2884 1096 inexperta
2910 1034 3029 1081 erat
3063 1035 3214 1081 tanta
3245 1041 3435 1082 eorum

1843 1124 1896 1179 in
1932 1126 2229 1196 equitando
2272 1125 2526 1196 agilitas,
2562 1124 2619 1179 in
2664 1124 2936 1180 evitandis
2988 1133 3300 1180 nostrorum
3346 1126 3435 1179 in-

1842 1219 2093 1274 cursibus
2144 1218 2230 1273 vel
2286 1217 2487 1274 ictibus
2538 1218 2677 1273 mira
2729 1217 3072 1287 pernicitas,
3131 1218 3434 1288 praesertim

1843 1324 1964 1363 cum
2005 1325 2112 1365 non
2156 1308 2368 1366 soleant
2407 1310 2556 1380 ipsas
2589 1310 2843 1364 emittere
2887 1308 2992 1363 nisi
3038 1308 3303 1379 fugaciter
3339 1325 3435 1378 pu-

1842 1402 2057 1473 gnando
2107 1402 2359 1473 sagittas.
2418 1402 2516 1457 Est
2580 1412 2761 1457 autem
2805 1416 2997 1456 eorum
3054 1400 3240 1469 opinio
3295 1400 3437 1469 quod

1841 1495 2179 1551 Francorqu
2243 1496 2577 1551 contribules
2628 1496 2914 1562 existant,
2956 1503 3013 1551 et
3063 1510 3172 1563 prae
3225 1495 3438 1549 caeteris

1843 1588 2098 1657 gentibus
2150 1588 2283 1643 solis
2326 1588 2640 1657 specialiter
2675 1589 2873 1645 Turcis
2902 1595 2958 1643 et
2987 1585 3216 1642 Francis
3249 1587 3438 1643 deberi

1843 1677 2084 1734 miiitare
2113 1678 2412 1749 fastigium.
3284 1674 3287 1675 ⁷

2456 1770 2685 1828 CAPUT
2726 1770 2813 1826 Vl.

1916 1859 2059 1933 [XL]
2100 1860 2267 1931 Igitur
2292 1862 2374 1917 eis
2405 1862 2509 1917 hoc
2545 1862 2708 1917 modo
2756 1861 3012 1932 repulsis,
3045 1869 3100 1916 et
3131 1859 3219 1916 die
3248 1869 3438 1916 noctu-

1841 1971 1947 2026 que
1976 1973 2006 2011 a
2035 1957 2375 2011 Francorum
2404 1955 2543 2013 faeie
2571 1956 2952 2028 fugitantibus,
2983 1955 3213 2024 contigit
3244 1955 3437 2009 ducem

1843 2052 1934 2122 qui
1986 2052 2178 2107 Nicaeae
2229 2061 2493 2122 praeerat,
2544 2067 2668 2108 cum
2719 2052 2889 2108 multa
2939 2052 3176 2107 amentia
3227 2052 3440 2106 timoris

1843 2152 1967 2215 post
1998 2143 2161 2198 finem
2209 2144 2509 2199 obsidionis
2543 2144 2817 2214 elapsum,
2851 2144 3040 2199 decem
3078 2143 3315 2199 millibus
3350 2159 3441 2197 oc.

1845 2251 2071 2292 currere
2114 2235 2391 2302 Arabum,
2422 2235 2509 2291 cui
2540 2235 2791 2306 inquiunt
2818 2252 2831 2289 :
2872 2254 2891 2287 ί
2924 2235 3145 2291 Minime
3175 2235 3439 2305 gentium.

1846 2330 2200 2401 quamobrem
2240 2330 2313 2384 ita
2351 2329 2548 2385 misere
2599 2329 2897 2384 exterritus
2942 2329 3122 2401 fugis?
3177 2328 3439 2392 Francos,

1848 2423 1955 2489 ait,
1986 2438 2073 2478 me
2106 2422 2323 2492 penitus
2354 2422 2675 2491 dispersisse
2722 2437 2784 2477 ac
2826 2421 3169 2477 interemisse
3213 2430 3439 2491 putare.

1845 2531 1997 2582 ram;
2043 2524 2323 2585 totamque
2377 2530 2563 2570 eorum
2599 2529 2865 2569 summam
2903 2514 3065 2568 rebar
3080 2512 3192 2581 jam
3246 2512 3445 2583 sempi-

1851 2607 2355 2681 ternaecaptivitati
2397 2607 2670 2673 traditam,
2701 2616 2758 2661 et
2786 2607 2913 2661 dum
2940 2622 3033 2661 eos
3059 2605 3320 2677 paulatim
3350 2594 3446 2675 per

1850 2684 2158 2770 manipulos
2186 2698 2546 2754 adventantes
2594 2709 2648 2755 et
2697 2709 2925 2763 turmas,
2972 2699 3325 2753 subacturum
3362 2712 3447 2751 me

1851 2794 2082 2857 aestimo,
2117 2800 2172 2847 et
2198 2792 2253 2846 in
2286 2800 2508 2846 exteras
2545 2791 2742 2863 ligatos
2787 2801 2963 2846 terras
2994 2791 3283 2858 abducere,
3317 2799 3447 2844 tunc

1851 2887 2033 2942 subito
2060 2894 2171 2940 tam
2202 2884 2482 2939 numerosi
2516 2899 2819 2955 apparuere
2844 2886 3120 2940 exercitus
3154 2895 3215 2939 ut
3242 2883 3448 2953 campis

1852 2990 1907 3036 et
1932 2980 2209 3037 montibus
2230 2994 2421 3034 eorum
2445 2978 2814 3034 multitudinis
2841 2977 3172 3033 cnormitatc
3201 2978 3445 3047 repletis,

1852 3088 2122 3144 nusquam
2155 3070 2223 3131 ab
2253 3084 2443 3127 eorum
2475 3071 2800 3140 frequentiis
2831 3081 3141 3127 nostrarum
3171 3072 3449 3127 videretur

1853 3170 2135 3239 regionum
2162 3178 2307 3225 terra
2332 3181 2553 3222 vacare.
2583 3185 2602 3218 ι
2636 3165 3017 3236 Captivitatem
3057 3182 3218 3235 quam
3251 3168 3449 3221 asserit

1850 3259 2088 3326 factam,
2131 3262 2199 3314 ad
2247 3258 2547 3315 exercitum
2599 3257 2853 3313 convenit
2903 3256 3046 3311 Petri
3080 3258 3321 3312 eremitae
3364 3273 3451 3312 re-

1850 3351 2023 3419 ferre,
2076 3361 2396 3422 sequentem
2454 3366 2584 3407 vero
2635 3349 3038 3405 multitudinem
3090 3352 3155 3405 ad
3207 3366 3301 3406 eos
3355 3346 3476 3421 qui'

1852 3446 2042 3500 urbem
2080 3460 2255 3515 nuper
2282 3445 2547 3516 subegere
2592 3440 2809 3498 Nicaeae.
2848 3461 2867 3493 ι
2902 3441 3037 3498 Cum
3068 3457 3219 3513 ergo,
3249 3443 3447 3512 inquit,

1856 3548 1935 3594 tot
1972 3538 2295 3610 populorum
2328 3537 2584 3594 examina
2618 3534 2944 3591 vidissemus
2990 3544 3045 3590 et
3076 3537 3249 3591 instar
3292 3551 3449 3607 sege-

1854 3643 1967 3687 tum
1993 3648 2199 3689 cuneos
2222 3633 2655 3700 crebrescentes,
2680 3631 2774 3702 qui
2801 3645 3077 3685 armorum
3104 3645 3450 3699 nequaquam

1855 3723 2167 3780 defensione
2195 3724 2642 3795 praesumpsimus
2662 3765 2677 3790 ,
2720 3739 2822 3779 nec
2853 3723 2999 3778 enim
3032 3731 3207 3779 tutum
3241 3722 3422 3777 fuerat

1856 3825 2091 3872 mortem
2122 3817 2436 3888 contiguam
2466 3815 2825 3882 evadendam,
2862 3814 2943 3871 vel
2972 3814 3111 3886 pede
3154 3814 3453 3871 adminicu-

1855 3906 2000 3962 lante
2028 3908 2362 3965 censuimus.
2400 3907 2577 3975 Unde,
2617 3906 2812 3971 fateor,
2860 3908 2965 3963 etsi
3012 3907 3229 3974 remoti,
3270 3924 3337 3963 ex
3366 3922 3452 3963 eo-

1856 4017 2000 4067 rum,
2043 4016 2179 4071 quos
2220 4001 2490 4069 vidimus,
2521 4002 2641 4059 dira
2672 4001 3054 4059 recordatione
3085 4003 3451 4069 concutimur,

1857 4096 2144 4165 adhucque
2172 4096 2240 4151 de
2269 4104 2516 4167 experta,
2558 4096 2688 4153 licet
2720 4097 2785 4152 ad
2817 4106 3177 4163 momentum,
3211 4096 3451 4165 ipsorum

1860 4193 2146 4248 ferocitate
2176 4194 2449 4250 timemus.
2497 4192 2650 4261 Quod
2710 4195 2755 4250 si
2796 4204 2849 4249 et
2876 4210 2973 4249 vos
3007 4209 3141 4249 meae
3171 4192 3455 4263 experien-

1860 4284 1946 4339 tiae
1980 4283 2139 4339 fidem
2170 4286 2415 4356 praebere
2450 4285 2694 4353 velletis,
2725 4286 2853 4341 huic
2880 4302 3042 4356 quam
3070 4299 3302 4355 pr0pere
3334 4283 3455 4337 loco

1859 4378 2167 4443 cederetisf:
2202 4378 2328 4449 quia
2360 4379 2407 4434 si
2435 4394 2533 4433 vos
2559 4394 2749 4435 eorum
2787 4394 2981 4432 manus
3009 4377 3286 4444 contingat
3316 4374 3454 4428 inci-

1860 4471 2009 4536 dere,
2048 4470 2373 4541 multiplices
2413 4470 2532 4525 sine
2580 4469 2744 4523 dubio
2788 4477 2983 4522 vestrae
3025 4464 3457 4536 improvidentiae

155 4551 350 4643 fmpr
381 4554 582 4624 ξιιϋίιυθ
611 4570 773 4627 quam
803 4555 1045 4625 Plurimi,
1072 4570 1303 4625 quorum
1336 4556 1555 4610 nomina
1583 4554 1754 4609 SOliUS
1785 4577 1832 4634 ι)
1861 4564 2135 4618 constabit
2174 4579 2362 4633 paenas
2390 4578 2488 4618 vos
2512 4562 2686 4617 luere.
2718 4581 2736 4614 ι
2774 4560 2902 4616 Haec
2926 4561 3000 4615 illi
3042 4560 3323 4615 audientes
3355 4600 3369 4625 ,
3402 4567 3459 4614 et

154 4647 255 4704 Dei
292 4649 499 4704 notitiae
529 4658 657 4705 sunt
690 4650 926 4715 credita,
976 4650 1176 4704 ibidem
1211 4650 1607 4705 occubuerunt.
1650 4646 1752 4701 Hic

154 4741 318 4812 plane
340 4782 356 4808 ,
400 4742 491 4798 hic
519 4741 833 4815 experimur
860 4741 1085 4797 virtutis
1118 4741 1444 4797 Christianae
1494 4741 1751 4813 insignia,

157 4844 213 4891 et
253 4834 383 4891 dum
411 4836 530 4891 haec
556 4851 855 4907 paucorum
886 4851 1008 4891 cum
1052 4836 1355 4892 innumeris
1397 4835 1538 4891 bella
1590 4836 1758 4891 mira-

157 4943 282 4982 mur
312 4927 569 4998 imparia;
614 4939 786 4984 t0tum
817 4929 1131 5007 necessario
1170 4928 1379 4984 referre
1409 4929 1658 4999 cogimur
1688 4925 1753 4980 ad

157 5020 363 5077 Christi
401 5020 571 5077 solius
610 5021 836 5076 auxilia.
876 5020 937 5077 Si
977 5022 1120 5077 enim
1158 5020 1225 5077 de
1259 5022 1345 5076 his
1375 5021 1467 5091 qui
1508 5020 1753 5076 nondum

159 5126 189 5165 a
216 5110 330 5167 Deo
356 5112 705 5169 desciverant
738 5112 962 5179 Iudaeis,
994 5114 1196 5169 dicitur
1234 5114 1286 5168 in
1315 5113 1487 5169 veteri
1520 5114 1751 5183 pagina:
1828 5118 1831 5119 ⁷

160 5207 289 5277 quia
326 5225 346 5258 ι
375 5208 811 5279 persequebatur
863 5223 1003 5262 unus
1048 5207 1197 5263 mille
1246 5216 1297 5261 et
1341 5207 1444 5261 duo
1497 5206 1759 5276 fugabant

160 5298 349 5354 decem
375 5299 542 5355 millia
568 5300 749 5373 (Deut.
785 5316 961 5367 χχχιι,
992 5301 1116 5372 50);
1156 5321 1174 5354 ι
1212 5315 1318 5356 non
1355 5300 1536 5355 minus
1564 5299 1628 5354 de
1656 5301 1760 5355 hac

161 5392 296 5447 mihi
351 5394 566 5449 videtur
630 5396 973 5452 sentiendum
1036 5396 1313 5460 victoria,
1370 5394 1460 5448 ubi
1520 5393 1760 5448 hominis

161 5500 389 5557 prorsus
430 5487 743 5559 ingenium,
784 5498 890 5559 qua
922 5497 1041 5545 arte
1085 5504 1115 5543 a
1172 5487 1399 5544 tantillis
1450 5487 1762 5541 innumera-

163 5578 300 5636 biles
334 5582 515 5639 evinci
544 5583 812 5650 valerent,
854 5600 978 5655 spes
1012 5595 1067 5641 et
1097 5584 1389 5641 aestimatio
1422 5583 1623 5641 defecit
1665 5584 1763 5638 hu-

164 5691 350 5731 mana.

237 5769 349 5826 Sed
376 5770 606 5828 forsitan
633 5773 812 5844 quivis
840 5773 1077 5844 objectat
1106 5790 1119 5829 :
1154 5775 1376 5831 Rustica
1407 5790 1599 5829 manus
1622 5782 1761 5841 erat,

165 5871 223 5927 et
255 5867 635 5939 gregariorum
676 5866 908 5929 militum
946 5869 1253 5943 peripsema
1281 5912 1297 5940 ,
1348 5869 1510 5944 393
1558 5869 1761 5944 passim

1859 4661 2187 4715 credendum
2227 4660 2535 4731 judicantes
2584 4660 2859 4730 expertis,
2919 4667 3203 4714 verterunt
3252 4657 3458 4713 celeres

1860 4765 2056 4811 cuneta
2091 4766 2417 4823 retrorsum,
2453 4764 2507 4811 et
2537 4771 2636 4826 per
2666 4756 2979 4811 universam
3023 4768 3145 4810 sese
3194 4751 3458 4809 diffudere

1861 4849 2208 4905 Romaniam.

1936 4942 2099 5015 [XIL]
2159 4941 2427 4999 Simulum
2480 4941 2640 4997 Turci
2690 4940 2930 4997 Francos
2981 4941 3263 5006 devirisse,
3320 4937 3458 4992 unde

1859 5037 2002 5090 intra
2047 5034 2197 5088 urbes
2239 5035 2458 5089 admissi
2503 5045 2835 5105 grassantur,
2891 5033 3246 5102 diripiuntque
3294 5026 3459 5081 eccle-

1861 5129 1991 5183 sias.
2017 5156 2087 5167 ί-
2108 5126 2319 5182 Interea
2349 5143 2379 5182 e
2409 5126 2641 5198 vestigio
2680 5126 2937 5197 fugitivos
2963 5125 3172 5179 Turcos
3199 5120 3458 5189 subsequi

1862 5222 2131 5278 curabant
2162 5220 2365 5288 nostri;
2395 5220 2767 5291 praecedentes
2797 5228 2977 5272 autem
3011 5216 3106 5280 illi,
3140 5215 3265 5269 dum
3294 5212 3458 5267 urbes

1863 5323 1917 5369 ct
1944 5324 2123 5370 castra
2160 5321 2570 5385 pertranseunt,
2606 5327 2725 5366 sese
2750 5309 2991 5365 Francos
3023 5307 3221 5361 vicisse
3252 5305 3460 5375 passim

1857 5406 2159 5475 jactitando
2211 5407 2464 5474 efferunt,
2515 5407 2699 5475 sicque
2739 5414 2898 5459 terrae
2939 5402 3298 5466 habitatores,
3351 5413 3458 5469 qua

1865 5498 2036 5564 ibant,
2076 5498 2426 5553 mendacibus
2480 5496 2663 5552 verbis
2715 5494 2981 5549 eludunt:
3022 5512 3039 5544 ι
3072 5490 3213 5559 Nos,
3280 5490 3466 5557 aiunt,,

1865 5590 2082 5661 agmina
2115 5588 2425 5643 Christiana
2449 5587 2771 5658 repulimus,
2793 5587 2981 5657 eisque
3004 5587 3172 5642 totius
3199 5585 3464 5656 deinceps,

1865 5697 2058 5737 ausum
2107 5682 2508 5750 congressionis
2553 5679 2895 5734 abstulimus.
2941 5680 3127 5750 Itaque
3180 5694 3279 5733 nos
3314 5678 3458 5731 intra

1865 5776 2032 5832 urbes
2060 5781 2272 5830 vestras
2304 5773 2595 5837 admittite,
2645 5781 2700 5828 et
2730 5781 3007 5844 gratanter
3036 5788 3129 5828 eos
3156 5771 3249 5841 qui
3286 5778 3462 5823 tanto-

1866 5885 1999 5945 pere
2027 5883 2125 5929 vos
2165 5875 2388 5953 tuentur
2413 5866 2667 5941 excipite.
2703 5886 2723 5922 ›
2756 5866 3019 5927 Civitates
3049 5881 3179 5939 ergo
3206 5861 3459 5935 ingressi,
