3980 6324
607 354 710 409 727

1396 353 1452 405 V.
1484 351 1810 406 GUlBEllTl
1846 346 2134 406 ABBATIS
2163 345 2219 401 S.
2261 344 2500 402 MARI/E
2541 347 2627 401 DE
2652 346 3047 405 NOVIGENTO
3693 366 3771 429 723

604 470 956 525 ecclesrarnm
984 466 1309 536 diripiebant
1337 475 1580 529 ornat-us,
1628 468 1965 538 publicarum
1993 466 2187 520 aedium
2215 464 2264 521 A
2290 462 2655 531 indignatione
2678 464 2895 528 refutat,
2921 465 3049 519 dum
3073 464 3174 519 sibi
3201 473 3257 519 et
3277 464 3498 526 civitatis
3518 473 3775 553 dominium,

604 562 909 631 spoliabant
937 561 1137 628 copias,
1183 574 1373 613 aurum
1415 568 1833 629 argentumque,
1865 557 2062 613 diversi
2091 570 2185 627 ge-

600 655 751 711 neris
778 652 1055 718 animalia,
1082 661 1136 708 et
1169 654 1212 707 si
1255 669 1358 721 qua
1407 662 1789 723 suppeterent,
1829 654 2042 722 eripere
2068 665 2185 705 mo—

601 741 872 799 liebantur
899 743 1074 797 utilia.
1115 744 1196 798 Ad
1227 745 1332 798 hoc
1367 744 1537 798 etiam
1564 758 1809 814 quosque
1846 742 2186 798 Christiano-

601 847 721 888 rum
774 834 913 890 tilios
962 850 1060 904 pro
1095 836 1380 906 mancipiis
1410 836 1771 900 abducebant,
1820 844 2016 889 caetera
2066 847 2186 902 quas

594 927 779 983 minus
814 928 1011 997 praedae
1058 928 1352 997 patebant,
1390 929 1655 983 incendiis
1684 930 2059 1001 absumentes,
2091 927 2185 982 ad-

598 1027 819 1073 ventum
843 1021 1165 1075 nostratium
1193 1036 1408 1091 semper
1460 1021 1749 1090 prweundo
1777 1028 2047 1075 verentes.
2075 1018 2184 1075 Hos

598 1108 836 1179 denique
865 1110 1122 1179 profanos
1169 1127 1266 1182 per
1297 1112 1645 1168 solitudinum
1693 1113 1860 1167 nostri
1902 1112 2021 1165 avia
2069 1112 2182 1167 dis-

598 1205 905 1273 quireutes,
952 1214 1153 1261 terram
1209 1208 1479 1263 desertam
1527 1208 1729 1263 inviam
1768 1216 1821 1263 et
1865 1206 2182 1276 iuaquosam

602 1294 947 1351 intraverunt
987 1297 1159 1365 (Psal.
1210 1315 1340 1363 Lxu,
1384 1299 1460 1370 5),
1512 1301 1577 1355 de
1609 1316 1711 1368 qua
1760 1299 1846 1353 vix
1889 1298 2183 1354 miserandi

603 1399 965 1444 emerserunt.
1032 1389 1169 1444 Hinc
1227 1390 1427 1457 famis,
1488 1392 1617 1447 inde
1669 1392 1789 1446 sitis
1841 1391 2185 1462 agitabantur

602 1480 1078 1551 inopia,niltilque
1102 1484 1386 1552 pertinens
1415 1485 1532 1539 esui
1564 1494 1779 1554 poterat
1800 1484 2049 1554 reperiri,
2078 1483 2183 1538 nisi

598 1574 743 1641 quod
795 1574 1066 1643 spicarum
1118 1576 1516 1632 confricatione
1566 1578 1851 1647 aliquoties
1898 1578 2182 1632 videbatur

594 1664 833 1720 crudelis
878 1667 1054 1722 inedia
1088 1671 1399 1738 temperari.
1439 1671 1643 1725 Ibidem
1694 1670 1875 1740 plures
1916 1673 2183 1741 equestris

596 1756 746 1813 viros
774 1759 1055 1830 dignitatis
1089 1772 1303 1817 constat
1328 1763 1533 1829 obisse,
1568 1766 1693 1819 dum
1727 1765 2068 1819 desertorum
2100 1766 2181 1817 iu-

596 1848 825 1904 solentia
869 1851 1033 1905 vitam
1090 1854 1245 1922 equis
1275 1855 1570 1920 adimeret,
1603 1856 1969 1924 itinerumque
2014 1856 2184 1925 impa-

599 1943 784 1997 tientia
850 1944 1109 2000 delicatos
1172 1948 1486 2015 perimeret.
1535 1947 1688 2003 Unde
1734 1949 1921 2013 boves,
1965 1964 2179 2016 capros,

595 2036 815 2099 arietes,
845 2046 917 2101 et,
947 2039 1090 2106 quod
1121 2040 1317 2093 tuit'utn
1346 2041 1519 2110 magis
1550 2052 1656 2105 est,
1687 2056 1849 2095 canes
1876 2040 2177 2110 sagittarios

598 2137 726 2183 tunc
756 2129 892 2198 ﬁeri,
927 2146 1189 2201 equorum
1228 2132 1712 2202 vehiculorumque
1743 2133 1964 2202 grandis
2006 2132 2182 2200 coegit

593 2230 846 2287 egestas;
885 2222 970 2276 his
1015 2222 1162 2276 enim
1205 2224 1455 2280 omnibus
1502 2240 1600 2294 pro
1641 2224 1859 2278 modulo
1902 2225 2180 2294 impertie-

592 2310 791 2366 hautur
829 2312 913 2368 vel
954 2314 1361 2384 qualescunque
1392 2316 1717 2370 sarcinulas.

668 2402 852 2458 Turcis
886 2405 1117 2474 expulsis
1167 2405 1408 2461 Iconium
1461 2409 1831 2479 ingrediuntur
1868 2407 2087 2463 Franci.
2113 2440 2182 2449 —

593 2496 808 2551 Exinde
844 2497 1156 2565 opulentam
1202 2516 1269 2554 ex
1312 2501 1397 2555 his
1444 2518 1563 2571 qua:
1615 2502 1732 2556 usui
1779 2513 2031 2572 prosunt,
2089 2518 2182 2557 eos

593 2589 826 2661 contigit
849 2590 1075 2645 introire
1098 2594 1466 2661 provinciam;
1502 2595 1908 2664 attigeruntquc
1937 2592 2180 2650 Iconium

594 2679 910 2744 civitatem,
945 2680 1097 2735 Pauli
1144 2684 1368 2752 apostoli
1412 2685 1697 2739 tolerantia
1737 2697 1792 2739 et
1840 2686 2057 2755 scriptis
2101 2686 2184 2739 in-

592 2772 827 2844 signem.
858 2771 959 2827 Ast
985 2774 1345 2843 provinciales
1375 2776 1743 2834 admonebant
1778 2778 2182 2846 praemuniendo

591 2871 827 2927 nostros,
867 2873 927 2919 ut
965 2880 1133 2934 aquas
1172 2865 1387 2920 utribus
1432 2865 1715 2935 impositas
1775 2883 1959 2922 secum
2006 2868 2184 2922 defer-

592 2963 739 3022 rent,
768 2954 896 3025 quia
925 2954 1034 3010 diei
1062 2956 1223 3011 unius
1251 2956 1470 3021 itinere,
1501 2957 1638 3011 nihil
1668 2974 1933 3027 aquarum
1964 2959 2182 3028 penitus

591 3046 951 3116 reperiretur.
996 3047 1072 3101 lta
1125 3064 1256 3119 ergo
1310 3048 1504 3109 fecere,
1559 3050 1731 3105 donec
1776 3052 1842 3103 ad
1897 3050 2176 3118 cujusdam

2289 564 2346 612 et
2371 556 2611 612 victoria:
2638 558 2870 629 insignia
2898 573 3152 629 arrogare
3178 559 3458 618 desiderat.

2357 645 2471 701 Nox
2516 647 2699 717 itaque
2738 649 3072 719 supervenit,
3104 657 3157 704 et
3184 649 3226 703 Τ
3232 665 3471 709 urcorum
3504 659 3683 732 vulgus,
3705 670 3776 725 ob.

2286 737 2514 794 sidionis
2544 739 2852 810 impatiens,
2884 756 2983 795 nec
3029 740 3147 810 ejus
3171 741 3263 810 qui
3311 743 3575 804 obsederat
3598 760 3781 824 partim.

2287 832 2387 888 ciae
2414 840 2469 887 et
2491 834 2708 889 virtutis
2740 834 3013 905 ignarum,
3043 835 3352 891 universum
3375 853 3578 907 prorsus
3601 849 3776 921 aufugit.

2286 923 2493 991 Quibus
2534 926 2608 979 'rta
2638 926 2895 987 extrusis.
2929 926 3004 980 hii
3032 927 3126 996 qui
3164 926 3223 981 in
3253 929 3385 984 urbe
3418 940 3785 1010 commanebaut,

2287 1016 2456 1086 ipsius
2489 1016 2736 1087 profecto
2786 1026 2945 1073 terrae
2995 1018 3247 1087 gentiles,
3292 1018 3592 1081 Christiana:
3631 1032 3786 1088 scilicet

2287 1109 2523 1166 hominis
2545 1110 2892 1177 conditionis,
2918 1110 2971 1165 in
2997 1111 3109 1181 ipsa
3129 1111 3333 1182 egressi
3354 1113 3417 1167 ad
3441 1126 3636 1173 nostros
3655 1135 3788 1190 nocte,

2286 1201 2670 1258 conclamant:
2715 1221 2733 1255 ι
2762 1201 2989 1268 Franci,
3029 1202 3304 1273 inquiunt,
3342 1214 3590 1262 maturate
3631 1210 3787 1283 ingredi

2286 1292 2602 1357 civitatem,
2656 1292 2785 1361 quia
2837 1291 3154 1363 alienigenae
3201 1292 3502 1365 diffugiunt.
3539 1297 3592 1353 lu
3634 1309 3789 1363 tantum

2286 1397 2483 1442 vestrae.
2518 1386 2852 1443 fortitudinis
2890 1403 3191 1459 concepere
3236 1389 3517 1446 'timoreml
3550 1413 3567 1446 ι
3600 1394 3687 1451 Ast
3727 1400 3791 1454 ubi

2285 1482 2477 1548 eluxit,
2507 1482 2609 1537 loci
2652 1482 2825 1552 ipsius
2852 1483 3122 1553 primores
3151 1483 3341 1538 urbem
3373 1484 3512 1540 ultro
3544 1487 3738 1557 dedunt,
3757 1501 3796 1547 et

2286 1574 2396 1640 his,
2436 1589 2575 1644 quos
2633 1589 2800 1644 super
2834 1573 2949 1642 ejus
2979 1574 3219 1630 dominio
3247 1575 3428 1647 jurgia
3467 1588 3653 1635 motare
3684 1597 3795 1638 com-

2284 1674 2564 1737 pererant,
2593 1666 2744 1721 aiunt
2771 1684 2785 1721 :
2826 1686 2843 1719 t
2871 1667 3026 1721 illum
3056 1668 3214 1723 nobis
3237 1668 3526 1737 praesidere
3550 1671 3794 1744 deligimus,

2284 1773 2589 1829 qnetncum
2609 1756 2800 1811 Turcis
2822 1757 2959 1812 adeo
2979 1758 3179 1813 acriter
3202 1758 3456 1813 hesterno
3482 1760 3796 1833 egissecogno-

2216 1821 2259 1875 Β
2287 1850 2481 1903 vimus.
2517 1869 2535 1901 ι
2575 1847 2777 1904 Verum
2822 1848 3141 1915 Balduinus,
3186 1849 3467 1905 Tancredo
3513 1852 3799 1922 pervicaciter

2288 1940 2515 2003 instans,
2568 1940 2843 1994 civitatem
2889 1956 3072 1996 secum
3104 1941 3313 2010 pariter
3354 1939 3708 1998 cohortabatur
3741 1945 3802 1998 in-

2289 2043 2458 2099 trare,
2488 2043 2543 2089 et
2568 2043 2729 2103 prout
2764 2035 2961 2105 cuique
2995 2033 3227 2089 facultas
3262 2034 3487 2099 inesset,
3527 2034 3686 2106 spoliis
3705 2037 3802 2092 diri-

2286 2126 2500 2195 piendis
2542 2126 2812 2181 insistere.
2841 2126 2910 2180 At
2955 2127 3269 2182 Tancredus
3313 2141 3422 2181 non
3455 2126 3720 2183 inconsulte
3742 2144 3802 2184 re-

2286 2218 2433 2273 fert:
2493 2238 2509 2269 ιι
2540 2218 2599 2273 Id
2639 2234 2697 2274 se
2739 2218 2941 2272 habere
2986 2219 3285 2289 propositi,
3332 2219 3635 2292 impugnare
3664 2221 3803 2291 utique

2288 2310 2519 2376 Turcos,
2549 2326 2654 2364 non
2685 2309 2920 2381 spoliare
2947 2311 3314 2379 Christianos,
3342 2312 3628 2381 praesertim
3648 2327 3741 2367 cum
3764 2327 3804 2366 se

2286 2415 2479 2475 sponte
2510 2404 2791 2475 elegerint,
2823 2420 2923 2459 nec
2966 2406 3198 2459 alterum
3225 2422 3394 2476 quam
3422 2422 3480 2462 se
3494 2406 3668 2470 ,velint.
3694 2426 3710 2458 ι
3737 2407 3803 2461 Li-

2287 2507 2371 2553 cet
2418 2499 2533 2552 haec
2575 2498 2802 2563 diceret,
2845 2497 3200 2553 considerans
3243 2506 3428 2554 tamen
3473 2514 3589 2553 eum
3626 2499 3806 2567 potentia

2287 2591 2638 2663 praeeminere
2663 2591 2979 2659 copiosioris
3010 2591 3310 2658 exercitus,
3340 2591 3503 2648 vellet
3531 2591 3697 2657 nollet,
3715 2592 3802 2645 viro

2288 2684 2360 2739 illi
2397 2699 2494 2754 pro
2524 2693 2767 2751 tempore
2811 2683 2995 2738 cessit.
3043 2683 3142 2738 Cui
3171 2684 3297 2739 inde
3327 2684 3597 2740 recedenti
3620 2684 3718 2740 due
3737 2698 3806 2753 per

2285 2777 2613 2833 deditionem
2683 2778 2901 2847 Optimae
2964 2794 3024 2833 se
3082 2778 3132 2833 ei
3188 2778 3551 2835 subdiderunt
3594 2766 3809 2842 civitates,

2283 2867 2500 2923 Athena
2530 2868 2800 2936 videlicet,
2848 2877 2904 2925 et
2950 2868 3254 2940 Mamistra,
3309 2881 3370 2928 et
3422 2870 3637 2928 castella
3665 2887 3810 2941 qnam-

2323 2962 2539 3018 lurima.

2324 2978 2539 3018 turtma.

2283 2978 2320 3033 Ρ
2357 3054 2518 3108 Actus
2580 3055 2802 3109 breviter
2866 3056 3295 3126 perstringuntur
3360 3053 3627 3111 Balduini.
3664 3081 3723 3095 —
3765 3052 3815 3106 At

590 3152 745 3195 oram
776 3137 1013 3195 ﬂuminis
1049 3140 1339 3195 devenere.
1374 3140 1557 3209 Ibique
1595 3156 1692 3210 per
1732 3142 1956 3197 biduum
1993 3143 2178 3212 hospi-
2208 3183 2257 3248 ϐ
2286 3150 2544 3216 quoniam
2590 3148 2655 3203 de
2681 3147 2786 3203 hoc
2815 3147 2933 3217 ipso
2968 3147 3232 3204 Balduino
3258 3146 3450 3203 nullus
3474 3146 3683 3202 forsitan
3703 3142 3815 3199 dein-

594 3232 667 3287 tia
712 3248 1013 3303 sumpsere.
1064 3233 1376 3289 Praceuntes
1423 3233 1609 3303 itaque
1640 3236 1732 3303 qui
1778 3250 2177 3304 prmcursorum

590 3324 767 3381 oﬂicio
792 3324 1175 3397 fungebantur,
1202 3340 1497 3396 pervenere
1523 3326 1834 3390 Erachiam,
1860 3328 1945 3381 ttbi
1978 3328 2183 3383 ΤωἜο-

590 3438 711 3479 rum
744 3424 977 3493 plurima
1006 3424 1239 3495 phalanx
1267 3424 1634 3495 agglomerata
1666 3424 1895 3489 coierat,
1928 3426 1978 3480 id
2006 3425 2176 3480 solum

590 3514 948 3586 praestolans,
999 3513 1269 3581 quomodo
1314 3513 1516 3568 Christi
1570 3513 1820 3570 valerent
1860 3517 2179 3584 perturbare

590 3607 879 3670 militiam;
928 3621 1065 3677 quos
1102 3606 1270 3660 nostri
1312 3606 1605 3669 invenere,
1653 3616 1705 3659 et
1748 3605 1905 3660 solita
1954 3608 2177 3661 audacia

591 3700 851 3771 intrepidi
895 3714 1208 3771 pervasere.
1259 3698 1455 3756 Hostes
1499 3715 1631 3755 vero
1681 3700 1846 3754 celeri
1892 3698 2181 3755 elabuntur

592 3792 738 3865 fuga.

700 3885 817 3941 Non
851 3901 1008 3942 secus
1038 3901 1101 3941 ac
1127 3887 1293 3942 missa
1325 3886 1478 3956 jactu
1512 3885 1733 3940 Balearc
1762 3886 1981 3956 sagitta.

584 3984 591 3989 “
662 3978 849 4048 Ιιαμεὶδ
895 3982 951 4035 in
992 3980 1172 4050 fugam
1202 3978 1386 4032 Turcis
1438 3978 1661 4031 Tarsum
1698 3974 1835 4027 ultro
1866 3978 1998 4029 cives
2042 3975 2179 4031 Tun—

592 4072 748 4128 credo
792 4072 1008 4126 dedunt.
1060 4071 1192 4125 Itcm
1240 4072 1497 4123 Athenam
1544 4079 1592 4121 et
1635 4066 1987 4121 Mamistrum.
2017 4100 2086 4107 —
2121 4068 2177 4122 ltt

592 4167 781 4221 urbem
806 4182 956 4235 ergo,
984 4165 1094 4234 jam
1116 4165 1287 4219 libero
1316 4172 1533 4233 patente
1557 4161 1727 4225 aditu,
1754 4160 1924 4213 nostri
1951 4160 2174 4224 intrant,

588 4271 932 4329 quatuorque
961 4274 1211 4313 mansere
1256 4256 1445 4311 diebus
1487 4254 1707 4307 ibidem.
1742 4252 1815 4305 Ibi
1865 4251 2178 4307 Tancredus

586 4348 885 4405 Boemundi
925 4365 1113 4419 nepos,
1145 4358 1200 4403 et
1228 4348 1523 4401 Balduinus
1553 4344 1708 4399 ducis
1737 4342 2019 4398 Godefridi
2070 4345 2178 4396 fra-

587 4451 693 4507 ter,
734 4458 843 4498 non
876 4441 1099 4513 diffugia
1143 4438 1373 4501 militim,
1419 4437 1513 4491 sed
1547 4438 1852 4490 animorum
1900 4435 2174 4499 acredine,

2288 3254 2415 3309 ceps
2452 3238 2722 3294 referendi
2754 3254 2872 3293 sese
2902 3240 3112 3309 aperiet
3141 3239 3319 3304 locus,
3368 3238 3558 3310 paucis
3599 3235 3817 3292 insinuare

2284 3329 2446 3384 velim
2504 3345 2666 3399 quam
2717 3326 3056 3386 fortuniosus
3100 3329 3215 3400 ejus
3254 3329 3429 3385 fuerit
3476 3328 3662 3383 exitus.
3702 3321 3817 3393 Apud

2285 3419 2544 3474 Edessam
2588 3420 2992 3490 Mesopotamiae
3033 3421 3245 3486 urbem,
3278 3420 3429 3475 sicut
3454 3418 3523 3474 ab
3550 3417 3633 3474 his
3652 3414 3729 3487 qui
3751 3412 3821 3467 ibi-

2284 3513 2406 3568 dem
2449 3514 2650 3569 versati
2685 3525 2830 3581 sunt,
2878 3517 3209 3586 accepimus,
3259 3514 3346 3568 vir
3386 3511 3603 3583 quidam
3642 3510 3820 3565 ducatus

2285 3608 2494 3662 honore
2547 3607 2869 3677 praefuerat,
2925 3610 3015 3679 qui
3080 3608 3459 3664 Christianam
3523 3602 3822 3677 provinciam,

2284 3715 2447 3768 quam
2474 3699 2712 3769 regebat,
2744 3715 2847 3753 non
2875 3708 2981 3754 tam
3014 3700 3180 3754 armis
3200 3714 3230 3752 a
3256 3686 3549 3769 gentilium
3573 3690 3822 3751 incursibus

2283 3808 2445 3862 quam
2473 3794 2782 3861 pecuniaria
2830 3792 3596 3861 redemptioneproteaerat.
3635 3786 3681 3844 ιε
3712 3783 3826 3840 senio

2282 3894 2633 3954 gravescente
2654 3884 2768 3953 jam
2800 3886 3101 3955 squalidus,
3132 3901 3258 3941 cum
3308 3895 3469 3942 esset
3515 3885 3563 3940 ei
3595 3896 3717 3937 uxor
3740 3877 3826 3933 sine

2283 3976 2499 4039 liberis,
2542 3977 2836 4031 identidem
2884 3994 3045 4046 anus,
3097 3979 3223 4033 dum
3274 3978 3531 4035 Francos
3577 3972 3830 4045 agnovissﬂ

2283 4066 2682 4136 Mesopotamiae
2715 4068 2997 4137 contiguos
3041 4069 3263 4137 finibus,
3307 4069 3487 4124 multo
3510 4077 3638 4123 aestu
3662 4062 3827 4119 deside-

2282 4161 2439 4215 rabat
2466 4160 2798 4230 quempiam,
2834 4176 2995 4230 quem
3030 4160 3133 4215 sibi
3179 4162 3504 4232 adoptaret,
3542 4176 3606 4216 ex
3643 4156 3833 4214 Franco-

2284 4267 2403 4305 rum
2448 4250 2648 4306 habere
2694 4251 2987 4316 nobilibus,
3030 4250 3156 4320 qui,
3194 4252 3342 4321 quod
3371 4252 3495 4321 ipse
3540 4248 3725 4321 pretio,
3757 4244 3831 4297 hoc

2282 4340 2371 4393 ille
2421 4342 2727 4395 defensaret
2768 4342 2932 4396 armis
2978 4356 3042 4395 ac
3083 4342 3313 4395 viribus.
3371 4340 3620 4412 Contigit
3671 4337 3833 4393 interea

2282 4436 2571 4504 quemdam
2602 4434 2922 4488 familiarem
2954 4433 3030 4487 illi
3057 4433 3326 4499 ~militem,
3361 4433 3635 4504 huiusque
3672 4426 3741 4484 sui
3766 4427 3831 4480 de

586 4536 655 4590 ab
678 4535 953 4590 exercitus
985 4531 1346 4589 contubernio
1373 4530 1833 4601 digressi,vallem
1861 4531 2173 4600 quamdam,
2203 4527 2469 4612 Dsiderii
2515 4528 2824 4592 conscium,
2874 4541 2998 4582 cum
3042 4526 3143 4581 hoc
3196 4526 3314 4596 ipso
3363 4524 3637 4580 Balduino
3680 4520 3836 4576 habere

587 4642 752 4698 quam
777 4627 1079 4682 Botentroh
1140 4624 1381 4679 vocitant
1421 4639 1485 4678 ea
1529 4623 1730 4693 lingua,
1762 4634 1888 4679 sunt
1919 4623 2174 4693 ingressi.

588 4719 905 4775 Tancredus
954 4719 1171 4789 itaque,
1212 4716 1287 4771 uti
1325 4723 1443 4770 erat
1488 4716 1760 4771 consortis
1801 4716 2115 4786 impatiens,
2146 4732 2178 4772 a

582 4812 815 4884 praefato
858 4813 1024 4867 etiam
1075 4810 1229 4866 ducis
1279 4808 1451 4865 fratre
1503 4810 1781 4876 dividitur,
1836 4808 2177 4880 Tarsumque

584 4906 843 4978 specialis
887 4904 1115 4977 apostoli
1164 4903 1336 4957 nostri
1381 4904 1655 4957 adoranda
1708 4902 1995 4956 nativitate
2041 4918 2178 4972 prte-

583 4998 783 5063 cluem,
806 5014 927 5052 cum
952 4994 1117 5067 394.
1140 4995 1255 5049 suis
1280 4995 1608 5067 aggreditur.
1628 4993 1788 5049 Turci
1826 5011 1890 5049 ex
1917 4996 2048 5049 urbe
2087 4995 2180 5049 ob-

580 5091 658 5148 vii
680 5089 1101 5146 adventantibus
1129 5089 1196 5143 ad
1226 5088 1365 5144 bella
1394 5088 1711 5159 prosiliunt;
1744 5089 1835 5143 sed
1859 5088 2178 5144 imminente

581 5196 881 5249 concursu,
906 5180 974 5235 ad
1014 5180 1165 5236 urbis
1209 5182 1275 5236 de
1320 5196 1427 5251 qua
1482 5180 1796 5251 prodierant
1844 5181 2176 5236 munimenta

582 5275 881 5349 refugiunt.
934 5272 1252 5331 Tancredus
1306 5290 1470 5340 vero,
1536 5274 1775 5328 admisso
1823 5283 1945 5345 post
1990 5275 2175 5331 hostes

584 5380 747 5438 equo,
804 5375 1018 5436 portam
1075 5366 1226 5423 urbis
1279 5374 1589 5422 castrorum
1637 5379 1860 5418 suorum
1906 5366 2173 5435 positione

584 5458 877 5516 conclusit.
912 5459 1022 5516 Nec
1059 5475 1233 5523 mora,
1266 5458 1565 5513 Balduinus
1612 5456 1927 5523 adveniens,
1972 5458 2038 5511 ad
2078 5457 2174 5511 ob-

582 5549 853 5606 sidionem
898 5552 1140 5607 civitatis
1169 5551 1339 5622 ipsius
1370 5549 1695 5605 altrinsecus
1736 5558 1790 5605 et
1822 5551 1937 5619 ipse
1980 5563 2175 5605 censeo

582 5643 693 5710 dit;
738 5653 791 5700 et
817 5644 1159 5700 Tancredum
1191 5642 1501 5716 expostulat
1530 5652 1588 5697 ut
1633 5642 1907 5713 capiendae
1935 5642 2173 5698 civitatis

578 5737 928 5807 participium
979 5736 1285 5805 indulgeat,
1334 5752 1494 5804 quam
1550 5751 1649 5791 suo
1697 5751 1881 5789 secum
1930 5735 2171 5790 exercitu

581 5816 953 5888 collaborantc
982 5837 1251 5899 capessat.
1288 5829 1442 5896 Quod
1468 5829 1781 5884 Tancredus
1811 5828 1975 5883 multa
2006 5828 2172 5883 animi

2281 4621 2628 4691 colloquium.
2663 4620 2762 4676 Cui
2791 4637 2912 4675 cum
2943 4619 3030 4675 ille
3089 4620 3440 4691 adipiscendi
3484 4620 3701 4674 ducatus
3724 4625 3832 4681 spem

2279 4718 2584 4785 indidisset,
2615 4718 2661 4773 si
2693 4734 2721 4772 a
2754 4717 2978 4790 praefato
3009 4717 3227 4773 seniore
3268 4732 3330 4772 se
3364 4710 3629 4785 adoptari
3662 4705 3835 4781 permit-

2280 4821 2442 4879 teret,
2468 4828 2650 4868 contes
2678 4812 2933 4878 credidit,
2976 4820 3032 4867 et
3076 4810 3249 4865 milite
3278 4810 3597 4865 comitante
3632 4804 3835 4859 Edessam

2280 4903 2430 4957 adiit.
2459 4905 2502 4957 A
2533 4918 2639 4973 quo
2676 4903 2868 4957 atl'ectu
2914 4903 3102 4969 nimio,
3134 4914 3522 4975 praeterquam
3570 4897 3839 4971 sperabatur

2278 5005 2562 5065 exceptus,
2588 4996 2655 5050 ab
2675 4996 2921 5065 utrisque
2935 5005 3019 5049 est
3041 4996 3093 5049 in
3122 4996 3285 5050 filium
3312 4997 3639 5066 adoptatus.
3654 4992 3841 5058 Adoplﬂ-

2280 5087 2445 5143 tionis
2492 5096 2672 5141 autem
2717 5086 2841 5141 talis
2880 5102 2977 5158 pro
3020 5088 3195 5158 gentis
3240 5087 3661 5142 consuetudine
3686 5078 3843 5139 dicitur

2285 5183 2451 5237 fuisse
2485 5184 2693 5238 modus.
2749 5182 2894 5236 Intra
2944 5181 3140 5236 lineam
3194 5181 3530 5248 interulam,
3584 5195 3734 5250 quam
3774 5185 3843 5226 nos

2277 5290 2537 5330 vocamus
2583 5273 2896 5338 camisiam,
2942 5273 3144 5327 nudtun
3212 5274 3432 5329 intrare
3484 5287 3614 5326 eum
3658 5264 3845 5323 faciem.

2278 5371 2379 5427 sibi
2424 5370 2710 5433 astrinxit;
2741 5376 2795 5423 et
2820 5369 2937 5422 haec
2966 5364 3371 5432 omnia.osculo
3405 5366 3585 5420 libato
3629 5355 3845 5417 firmavit,

2274 5462 2419 5516 idem
2465 5468 2520 5513 et
2564 5458 2758 5514 mulier
2806 5467 2931 5529 post
2970 5457 3189 5512 modum
3240 5454 3398 5509 fecit.
3457 5453 3562 5510 His
3598 5445 3848 5523 explicitis.

2274 5572 2397 5613 cum
2429 5556 2779 5611 civitatenses
2821 5569 2947 5608 eum
2990 5552 3058 5609 ab
3102 5552 3331 5608 honoris
3381 5551 3614 5622 pristini
3656 5543 3851 5603 culmine

2275 5649 2611 5718 expositum,
2653 5647 2920 5716 privatum
2960 5644 3069 5715 jam
3125 5652 3457 5709 cernerent,
3511 5634 3853 5711 coniuratione

2276 5741 2413 5795 clam
2446 5741 2608 5803 facta,
2638 5752 2779 5800 eam,
2815 5737 2869 5791 in
2915 5752 3022 5806 qua
3070 5750 3189 5790 cum
3227 5733 3521 5789 Balduino
3551 5729 3854 5788 morabatur.
3926 5750 3927 5787 ;

2277 5832 2541 5887 obsedere
2578 5839 2802 5900 repente
2826 5829 3057 5883 curiam.
3084 5825 3565 5883 Recortlabantur
3586 5824 3728 5881 enim
3750 5822 3854 5889 (ιυο-
