  <div class='ocr_page' id='page_1' title='image "/cluster/home/n/w/nwhite01/storage/ocr_20150623/156/hvd.32044010683712/370.png"; bbox 0 0 4012 6346; ppageno 0'>
   <div class='ocr_carea' id='block_1_1' title="bbox 355 402 3635 478">
    <p class='ocr_par' dir='ltr' id='par_1_1' title="bbox 355 402 3635 478">
     <span class='ocr_line' id='line_1_1' title="bbox 355 402 3635 478; baseline 0.006 -20"><span class='ocrx_word' id='word_1_1' title='bbox 355 402 476 459; x_wconf 59' lang='lat'><strong>:29</strong></span> <span class='ocrx_word' id='word_1_2' title='bbox 1402 403 1627 461; x_wconf 83' lang='lat' dir='ltr'><strong>GESTA</strong></span> <span class='ocrx_word' id='word_1_3' title='bbox 1668 404 1778 461; x_wconf 86' lang='lat' dir='ltr'><strong>DEI</strong></span> <span class='ocrx_word' id='word_1_4' title='bbox 1816 404 1953 461; x_wconf 79' lang='lat' dir='ltr'><strong>PER</strong></span> <span class='ocrx_word' id='word_1_5' title='bbox 1990 405 2333 467; x_wconf 76' lang='lat' dir='ltr'><strong>FRANCOS.</strong></span> <span class='ocrx_word' id='word_1_6' title='bbox 2367 439 2440 451; x_wconf 95' lang='lat'><strong>—</strong></span> <span class='ocrx_word' id='word_1_7' title='bbox 2467 408 2598 467; x_wconf 88' lang='lat' dir='ltr'><strong>LIB.</strong></span> <span class='ocrx_word' id='word_1_8' title='bbox 2621 409 2710 469; x_wconf 79' lang='lat' dir='ltr'><strong>IV.</strong></span> <span class='ocrx_word' id='word_1_9' title='bbox 3526 417 3635 478; x_wconf 71' lang='lat'><strong>750</strong></span> 
     </span>
    </p>
   </div>
   <div class='ocr_carea' id='block_1_2' title="bbox 340 516 3630 598">
    <p class='ocr_par' dir='ltr' id='par_1_2' title="bbox 340 516 3630 598">
     <span class='ocr_line' id='line_1_2' title="bbox 340 516 3630 598; baseline 0.004 -23"><span class='ocrx_word' id='word_1_10' title='bbox 340 516 614 575; x_wconf 72' lang='lat' dir='ltr'><strong>rumdam</strong></span> <span class='ocrx_word' id='word_1_11' title='bbox 636 532 755 589; x_wconf 73' lang='lat' dir='ltr'><strong>qua:</strong></span> <span class='ocrx_word' id='word_1_12' title='bbox 777 516 859 575; x_wconf 88' lang='lat' dir='ltr'><strong>eis</strong></span> <span class='ocrx_word' id='word_1_13' title='bbox 885 517 1142 573; x_wconf 79' lang='lat' dir='ltr'><strong>intnierat</strong></span> <span class='ocrx_word' id='word_1_14' title='bbox 1173 519 1457 575; x_wconf 82' lang='lat' dir='ltr'><strong>malorum.</strong></span> <span class='ocrx_word' id='word_1_15' title='bbox 1491 520 1729 577; x_wconf 69' lang='lat' dir='ltr'><strong>Obsesw</strong></span> <span class='ocrx_word' id='word_1_16' title='bbox 1761 522 1949 592; x_wconf 77' lang='lat' dir='ltr'><strong>itaque</strong></span> <span class='ocrx_word' id='word_1_17' title='bbox 1973 523 2022 582; x_wconf 78' lang='grc' dir='ltr'><strong>Α</strong></span> <span class='ocrx_word' id='word_1_18' title='bbox 2047 523 2238 578; x_wconf 83' lang='lat' dir='ltr'><strong>urbani</strong></span> <span class='ocrx_word' id='word_1_19' title='bbox 2279 537 2338 577; x_wconf 90' lang='lat' dir='ltr'><strong>se</strong></span> <span class='ocrx_word' id='word_1_20' title='bbox 2384 538 2415 578; x_wconf 90' lang='lat' dir='ltr'><strong>a</strong></span> <span class='ocrx_word' id='word_1_21' title='bbox 2448 524 2585 579; x_wconf 90' lang='lat' dir='ltr'><strong>duce</strong></span> <span class='ocrx_word' id='word_1_22' title='bbox 2621 534 2927 594; x_wconf 82' lang='lat' dir='ltr'><strong>praeventos</strong></span> <span class='ocrx_word' id='word_1_23' title='bbox 2953 524 3293 597; x_wconf 89' lang='lat' dir='ltr'><strong>intelligunt;</strong></span> <span class='ocrx_word' id='word_1_24' title='bbox 3327 528 3442 598; x_wconf 86' lang='lat' dir='ltr'><strong>ipse</strong></span> <span class='ocrx_word' id='word_1_25' title='bbox 3482 533 3630 589; x_wconf 80' lang='lat' dir='ltr'><strong>enim</strong></span> 
     </span>
    </p>
   </div>
   <div class='ocr_carea' id='block_1_3' title="bbox 304 610 3634 689">
    <p class='ocr_par' dir='ltr' id='par_1_3' title="bbox 304 610 3634 689">
     <span class='ocr_line' id='line_1_3' title="bbox 304 610 3634 689; baseline 0.003 -22"><span class='ocrx_word' id='word_1_26' title='bbox 304 686 307 687; x_wconf 15' lang='grc' dir='ltr'><em>ν</em></span> <span class='ocrx_word' id='word_1_27' title='bbox 340 623 457 676; x_wconf 72' lang='grc' dir='ltr'><strong>ω,</strong></span> <span class='ocrx_word' id='word_1_28' title='bbox 492 625 613 666; x_wconf 86' lang='lat' dir='ltr'><strong>cum</strong></span> <span class='ocrx_word' id='word_1_29' title='bbox 640 610 925 680; x_wconf 72' lang='lat' dir='ltr'><strong>adoptivus</strong></span> <span class='ocrx_word' id='word_1_30' title='bbox 949 622 1137 667; x_wconf 84' lang='lat' dir='ltr'><strong>eorum</strong></span> <span class='ocrx_word' id='word_1_31' title='bbox 1169 628 1339 669; x_wconf 82' lang='lat' dir='ltr'><strong>novus</strong></span> <span class='ocrx_word' id='word_1_32' title='bbox 1387 615 1639 669; x_wconf 76' lang='lat' dir='ltr'><strong>resistere</strong></span> <span class='ocrx_word' id='word_1_33' title='bbox 1682 613 1946 677; x_wconf 80' lang='lat' dir='ltr'><strong>Francica</strong></span> <span class='ocrx_word' id='word_1_34' title='bbox 2053 630 2174 669; x_wconf 90' lang='lat' dir='ltr'><strong>cum</strong></span> <span class='ocrx_word' id='word_1_35' title='bbox 2219 613 2385 669; x_wconf 87' lang='lat' dir='ltr'><strong>multa</strong></span> <span class='ocrx_word' id='word_1_36' title='bbox 2424 625 2754 672; x_wconf 88' lang='lat' dir='ltr'><strong>armatorum</strong></span> <span class='ocrx_word' id='word_1_37' title='bbox 2789 617 2856 672; x_wconf 93' lang='lat' dir='ltr'><strong>ad</strong></span> <span class='ocrx_word' id='word_1_38' title='bbox 2904 617 3191 673; x_wconf 83' lang='lat' dir='ltr'><strong>ecclesiam</strong></span> <span class='ocrx_word' id='word_1_39' title='bbox 3236 619 3634 689; x_wconf 72' lang='lat' dir='ltr'><strong>constipatione</strong></span> 
     </span>
    </p>
   </div>
   <div class='ocr_carea' id='block_1_4' title="bbox 343 701 1950 773">
    <p class='ocr_par' dir='ltr' id='par_1_4' title="bbox 343 701 1950 773">
     <span class='ocr_line' id='line_1_4' title="bbox 343 701 1950 773; baseline 0.002 -14"><span class='ocrx_word' id='word_1_40' title='bbox 343 701 711 759; x_wconf 66' lang='lat' dir='ltr'><strong>animositate</strong></span> <span class='ocrx_word' id='word_1_41' title='bbox 740 704 982 773; x_wconf 78' lang='lat' dir='ltr'><strong>pararet,</strong></span> <span class='ocrx_word' id='word_1_42' title='bbox 1014 705 1198 760; x_wconf 85' lang='lat' dir='ltr'><strong>senior</strong></span> <span class='ocrx_word' id='word_1_43' title='bbox 1239 720 1362 761; x_wconf 85' lang='lat' dir='ltr'><strong>eum</strong></span> <span class='ocrx_word' id='word_1_44' title='bbox 1391 706 1526 760; x_wconf 88' lang='lat' dir='ltr'><strong>mira</strong></span> <span class='ocrx_word' id='word_1_45' title='bbox 1556 706 1660 760; x_wconf 77' lang='lat' dir='ltr'><strong>[ide</strong></span> <span class='ocrx_word' id='word_1_46' title='bbox 1687 707 1950 773; x_wconf 78' lang='lat' dir='ltr'><strong>cohibuit,</strong></span> 
     </span>
    </p>
   </div>
   <div class='ocr_carea' id='block_1_5' title="bbox 344 795 1953 866">
    <p class='ocr_par' dir='ltr' id='par_1_5' title="bbox 344 795 1953 866">
     <span class='ocr_line' id='line_1_5' title="bbox 344 795 1953 866; baseline 0.002 -14"><span class='ocrx_word' id='word_1_47' title='bbox 344 795 554 852; x_wconf 77' lang='lat' dir='ltr'><strong>dicens</strong></span> <span class='ocrx_word' id='word_1_48' title='bbox 579 799 678 866; x_wconf 72' lang='lat' dir='ltr'><strong>pro</strong></span> <span class='ocrx_word' id='word_1_49' title='bbox 715 800 867 852; x_wconf 81' lang='lat' dir='ltr'><strong>certe</strong></span> <span class='ocrx_word' id='word_1_50' title='bbox 906 797 1047 853; x_wconf 89' lang='lat' dir='ltr'><strong>scire</strong></span> <span class='ocrx_word' id='word_1_51' title='bbox 1077 812 1139 853; x_wconf 89' lang='lat' dir='ltr'><strong>se</strong></span> <span class='ocrx_word' id='word_1_52' title='bbox 1174 799 1243 855; x_wconf 91' lang='lat' dir='ltr'><strong>ab</strong></span> <span class='ocrx_word' id='word_1_53' title='bbox 1268 812 1455 854; x_wconf 89' lang='lat' dir='ltr'><strong>eorum</strong></span> <span class='ocrx_word' id='word_1_54' title='bbox 1500 800 1750 856; x_wconf 88' lang='lat' dir='ltr'><strong>manibus</strong></span> <span class='ocrx_word' id='word_1_55' title='bbox 1775 801 1953 856; x_wconf 77' lang='lat' dir='ltr'><strong>nntia-</strong></span> 
     </span>
    </p>
   </div>
   <div class='ocr_carea' id='block_1_6' title="bbox 348 889 1955 963">
    <p class='ocr_par' dir='ltr' id='par_1_6' title="bbox 348 889 1955 963">
     <span class='ocr_line' id='line_1_6' title="bbox 348 889 1955 963; baseline 0.004 -19"><span class='ocrx_word' id='word_1_56' title='bbox 348 889 695 953; x_wconf 73' lang='lat' dir='ltr'><strong>terius-erui,</strong></span> <span class='ocrx_word' id='word_1_57' title='bbox 722 890 897 959; x_wconf 68' lang='lat' dir='ltr'><strong>ipsum</strong></span> <span class='ocrx_word' id='word_1_58' title='bbox 923 892 1076 958; x_wconf 85' lang='lat' dir='ltr'><strong>vero,</strong></span> <span class='ocrx_word' id='word_1_59' title='bbox 1103 892 1203 963; x_wconf 81' lang='lat' dir='ltr'><strong>pro</strong></span> <span class='ocrx_word' id='word_1_60' title='bbox 1225 908 1323 948; x_wconf 90' lang='lat' dir='ltr'><strong>sua</strong></span> <span class='ocrx_word' id='word_1_61' title='bbox 1353 893 1670 951; x_wconf 78' lang='lat' dir='ltr'><strong>defensione</strong></span> <span class='ocrx_word' id='word_1_62' title='bbox 1696 895 1955 952; x_wconf 79' lang='lat' dir='ltr'><strong>facillime</strong></span> 
     </span>
    </p>
   </div>
   <div class='ocr_carea' id='block_1_7' title="bbox 344 981 1937 1059">
    <p class='ocr_par' dir='ltr' id='par_1_7' title="bbox 344 981 1937 1059">
     <span class='ocr_line' id='line_1_7' title="bbox 344 981 1937 1059; baseline 0.006 -23"><span class='ocrx_word' id='word_1_63' title='bbox 344 996 528 1051; x_wconf 82' lang='lat' dir='ltr'><strong>posse</strong></span> <span class='ocrx_word' id='word_1_64' title='bbox 564 981 885 1050; x_wconf 67' lang='lat' dir='ltr'><strong>periclitari.</strong></span> <span class='ocrx_word' id='word_1_65' title='bbox 918 984 1148 1041; x_wconf 79' lang='lat' dir='ltr'><strong>infinitis</strong></span> <span class='ocrx_word' id='word_1_66' title='bbox 1183 1003 1313 1058; x_wconf 89' lang='lat' dir='ltr'><strong>ergo</strong></span> <span class='ocrx_word' id='word_1_67' title='bbox 1344 989 1412 1043; x_wconf 90' lang='lat' dir='ltr'><strong>ab</strong></span> <span class='ocrx_word' id='word_1_68' title='bbox 1442 1004 1511 1042; x_wconf 90' lang='lat' dir='ltr'><strong>eo</strong></span> <span class='ocrx_word' id='word_1_69' title='bbox 1537 990 1768 1044; x_wconf 75' lang='lat' dir='ltr'><strong>extersit</strong></span> <span class='ocrx_word' id='word_1_70' title='bbox 1815 1005 1937 1059; x_wconf 85' lang='lat' dir='ltr'><strong>pre-</strong></span> 
     </span>
    </p>
   </div>
   <div class='ocr_carea' id='block_1_8' title="bbox 346 1073 1936 1150">
    <p class='ocr_par' dir='ltr' id='par_1_8' title="bbox 346 1073 1936 1150">
     <span class='ocr_line' id='line_1_8' title="bbox 346 1073 1936 1150; baseline 0.003 -21"><span class='ocrx_word' id='word_1_71' title='bbox 346 1073 541 1139; x_wconf 74' lang='lat' dir='ltr'><strong>cibus,</strong></span> <span class='ocrx_word' id='word_1_72' title='bbox 578 1082 637 1129; x_wconf 68' lang='lat' dir='ltr'><strong>ut</strong></span> <span class='ocrx_word' id='word_1_73' title='bbox 664 1082 967 1146; x_wconf 72' lang='lat' dir='ltr'><strong>ropngnare</strong></span> <span class='ocrx_word' id='word_1_74' title='bbox 998 1078 1303 1143; x_wconf 76' lang='lat' dir='ltr'><strong>desisteret,</strong></span> <span class='ocrx_word' id='word_1_75' title='bbox 1344 1084 1399 1133; x_wconf 89' lang='lat' dir='ltr'><strong>et</strong></span> <span class='ocrx_word' id='word_1_76' title='bbox 1434 1093 1556 1133; x_wconf 86' lang='lat' dir='ltr'><strong>cum</strong></span> <span class='ocrx_word' id='word_1_77' title='bbox 1592 1079 1682 1133; x_wconf 86' lang='lat' dir='ltr'><strong>ilie</strong></span> <span class='ocrx_word' id='word_1_78' title='bbox 1723 1079 1936 1150; x_wconf 80' lang='lat' dir='ltr'><strong>iliacry-</strong></span> 
     </span>
    </p>
   </div>
   <div class='ocr_carea' id='block_1_9' title="bbox 347 1169 1942 1237">
    <p class='ocr_par' dir='ltr' id='par_1_9' title="bbox 347 1169 1942 1237">
     <span class='ocr_line' id='line_1_9' title="bbox 347 1169 1942 1237; baseline 0.004 -16"><span class='ocrx_word' id='word_1_79' title='bbox 347 1170 525 1223; x_wconf 73' lang='lat' dir='ltr'><strong>maris</strong></span> <span class='ocrx_word' id='word_1_80' title='bbox 571 1169 981 1237; x_wconf 70' lang='lat' dir='ltr'><strong>miserabiliter,</strong></span> <span class='ocrx_word' id='word_1_81' title='bbox 1012 1170 1174 1227; x_wconf 81' lang='lat' dir='ltr'><strong>malle</strong></span> <span class='ocrx_word' id='word_1_82' title='bbox 1201 1183 1261 1227; x_wconf 88' lang='lat' dir='ltr'><strong>se</strong></span> <span class='ocrx_word' id='word_1_83' title='bbox 1289 1187 1411 1227; x_wconf 90' lang='lat' dir='ltr'><strong>cum</strong></span> <span class='ocrx_word' id='word_1_84' title='bbox 1447 1185 1512 1228; x_wconf 86' lang='lat' dir='ltr'><strong>eo</strong></span> <span class='ocrx_word' id='word_1_85' title='bbox 1549 1172 1684 1227; x_wconf 86' lang='lat' dir='ltr'><strong>mori</strong></span> <span class='ocrx_word' id='word_1_86' title='bbox 1717 1172 1942 1236; x_wconf 82' lang='lat' dir='ltr'><strong>diceret.</strong></span> 
     </span>
    </p>
   </div>
   <div class='ocr_carea' id='block_1_10' title="bbox 348 1257 1949 1334">
    <p class='ocr_par' dir='ltr' id='par_1_10' title="bbox 348 1257 1949 1334">
     <span class='ocr_line' id='line_1_10' title="bbox 348 1257 1949 1334; baseline 0.004 -23"><span class='ocrx_word' id='word_1_87' title='bbox 348 1257 568 1328; x_wconf 61' lang='lat' dir='ltr'><strong>repulit</strong></span> <span class='ocrx_word' id='word_1_88' title='bbox 593 1258 902 1325; x_wconf 68' lang='lat' dir='ltr'><strong>hominem,</strong></span> <span class='ocrx_word' id='word_1_89' title='bbox 938 1269 994 1315; x_wconf 91' lang='lat' dir='ltr'><strong>et</strong></span> <span class='ocrx_word' id='word_1_90' title='bbox 1020 1277 1142 1316; x_wconf 91' lang='lat' dir='ltr'><strong>cum</strong></span> <span class='ocrx_word' id='word_1_91' title='bbox 1174 1263 1457 1318; x_wconf 85' lang='lat' dir='ltr'><strong>obsidente</strong></span> <span class='ocrx_word' id='word_1_92' title='bbox 1496 1272 1556 1318; x_wconf 84' lang='lat' dir='ltr'><strong>se</strong></span> <span class='ocrx_word' id='word_1_93' title='bbox 1590 1264 1787 1334; x_wconf 86' lang='lat' dir='ltr'><strong>populo</strong></span> <span class='ocrx_word' id='word_1_94' title='bbox 1817 1262 1949 1334; x_wconf 80' lang='lat' dir='ltr'><strong>egit,</strong></span> 
     </span>
    </p>
   </div>
   <div class='ocr_carea' id='block_1_11' title="bbox 348 1350 1953 1427">
    <p class='ocr_par' dir='ltr' id='par_1_11' title="bbox 348 1350 1953 1427">
     <span class='ocr_line' id='line_1_11' title="bbox 348 1350 1953 1427; baseline 0.005 -23"><span class='ocrx_word' id='word_1_95' title='bbox 348 1358 635 1418; x_wconf 67' lang='lat' dir='ltr'><strong>quatenus</strong></span> <span class='ocrx_word' id='word_1_96' title='bbox 673 1364 815 1408; x_wconf 90' lang='lat' dir='ltr'><strong>novo</strong></span> <span class='ocrx_word' id='word_1_97' title='bbox 855 1350 935 1406; x_wconf 89' lang='lat' dir='ltr'><strong>illi</strong></span> <span class='ocrx_word' id='word_1_98' title='bbox 978 1353 1207 1423; x_wconf 81' lang='lat' dir='ltr'><strong>principi</strong></span> <span class='ocrx_word' id='word_1_99' title='bbox 1247 1364 1520 1423; x_wconf 82' lang='lat' dir='ltr'><strong>parceret,</strong></span> <span class='ocrx_word' id='word_1_100' title='bbox 1550 1355 1789 1427; x_wconf 78' lang='lat' dir='ltr'><strong>seips‘um</strong></span> <span class='ocrx_word' id='word_1_101' title='bbox 1822 1371 1953 1412; x_wconf 89' lang='lat' dir='ltr'><strong>vero</strong></span> 
     </span>
    </p>
   </div>
   <div class='ocr_carea' id='block_1_12' title="bbox 349 1442 1661 1515">
    <p class='ocr_par' dir='ltr' id='par_1_12' title="bbox 349 1442 1661 1515">
     <span class='ocr_line' id='line_1_12' title="bbox 349 1442 1661 1515; baseline 0.005 -18"><span class='ocrx_word' id='word_1_102' title='bbox 349 1451 530 1513; x_wconf 75' lang='lat' dir='ltr'><strong>prout</strong></span> <span class='ocrx_word' id='word_1_103' title='bbox 558 1442 720 1499; x_wconf 75' lang='lat' dir='ltr'><strong>veilet</strong></span> <span class='ocrx_word' id='word_1_104' title='bbox 743 1444 1042 1501; x_wconf 79' lang='lat' dir='ltr'><strong>occideret.</strong></span> <span class='ocrx_word' id='word_1_105' title='bbox 1072 1446 1227 1515; x_wconf 79' lang='lat' dir='ltr'><strong>Quod</strong></span> <span class='ocrx_word' id='word_1_106' title='bbox 1255 1456 1311 1502; x_wconf 88' lang='lat' dir='ltr'><strong>et</strong></span> <span class='ocrx_word' id='word_1_107' title='bbox 1344 1457 1524 1503; x_wconf 87' lang='lat' dir='ltr'><strong>actum</strong></span> <span class='ocrx_word' id='word_1_108' title='bbox 1555 1458 1661 1505; x_wconf 85' lang='lat' dir='ltr'><strong>est.</strong></span> 
     </span>
    </p>
   </div>
   <div class='ocr_carea' id='block_1_13' title="bbox 438 1532 1951 1607">
    <p class='ocr_par' dir='ltr' id='par_1_13' title="bbox 438 1532 1951 1607">
     <span class='ocr_line' id='line_1_13' title="bbox 438 1532 1951 1607; baseline 0.005 -20"><span class='ocrx_word' id='word_1_109' title='bbox 438 1532 771 1604; x_wconf 75' lang='lat' dir='ltr'><strong>Interempto</strong></span> <span class='ocrx_word' id='word_1_110' title='bbox 807 1536 992 1606; x_wconf 86' lang='lat' dir='ltr'><strong>itaque</strong></span> <span class='ocrx_word' id='word_1_111' title='bbox 1043 1551 1141 1605; x_wconf 88' lang='lat' dir='ltr'><strong>eo,</strong></span> <span class='ocrx_word' id='word_1_112' title='bbox 1188 1538 1511 1607; x_wconf 87' lang='lat' dir='ltr'><strong>Balduinu&#39;s,</strong></span> <span class='ocrx_word' id='word_1_113' title='bbox 1559 1534 1811 1595; x_wconf 86' lang='lat' dir='ltr'><strong>ducatum</strong></span> <span class='ocrx_word' id='word_1_114' title='bbox 1846 1539 1951 1596; x_wconf 86' lang='lat' dir='ltr'><strong>sibi</strong></span> 
     </span>
    </p>
   </div>
   <div class='ocr_carea' id='block_1_14' title="bbox 351 1626 1954 1697">
    <p class='ocr_par' dir='ltr' id='par_1_14' title="bbox 351 1626 1954 1697">
     <span class='ocr_line' id='line_1_14' title="bbox 351 1626 1954 1697; baseline 0.004 -17"><span class='ocrx_word' id='word_1_115' title='bbox 351 1640 432 1680; x_wconf 81' lang='lat' dir='ltr'><strong>ex</strong></span> <span class='ocrx_word' id='word_1_116' title='bbox 459 1626 751 1697; x_wconf 70' lang='lat' dir='ltr'><strong>adoptione</strong></span> <span class='ocrx_word' id='word_1_117' title='bbox 778 1629 1038 1694; x_wconf 68' lang='lat' dir='ltr'><strong>delatam,</strong></span> <span class='ocrx_word' id='word_1_118' title='bbox 1069 1640 1294 1687; x_wconf 81' lang='lat' dir='ltr'><strong>strenue</strong></span> <span class='ocrx_word' id='word_1_119' title='bbox 1327 1633 1580 1697; x_wconf 89' lang='lat' dir='ltr'><strong>obtinuit,</strong></span> <span class='ocrx_word' id='word_1_120' title='bbox 1612 1642 1667 1688; x_wconf 91' lang='lat' dir='ltr'><strong>et</strong></span> <span class='ocrx_word' id='word_1_121' title='bbox 1694 1648 1755 1689; x_wconf 72' lang='lat' dir='ltr'><strong>es</strong></span> <span class='ocrx_word' id='word_1_122' title='bbox 1783 1632 1954 1687; x_wconf 83' lang='lat' dir='ltr'><strong>Fran-</strong></span> 
     </span>
    </p>
   </div>
   <div class='ocr_carea' id='block_1_15' title="bbox 350 1717 1953 1790">
    <p class='ocr_par' dir='ltr' id='par_1_15' title="bbox 350 1717 1953 1790">
     <span class='ocr_line' id='line_1_15' title="bbox 350 1717 1953 1790; baseline 0.003 -17"><span class='ocrx_word' id='word_1_123' title='bbox 350 1717 443 1774; x_wconf 82' lang='lat' dir='ltr'><strong>cis</strong></span> <span class='ocrx_word' id='word_1_124' title='bbox 480 1720 692 1789; x_wconf 70' lang='lat' dir='ltr'><strong>etprites</strong></span> <span class='ocrx_word' id='word_1_125' title='bbox 748 1735 813 1776; x_wconf 90' lang='lat' dir='ltr'><strong>ac</strong></span> <span class='ocrx_word' id='word_1_126' title='bbox 856 1720 1089 1779; x_wconf 83' lang='lat' dir='ltr'><strong>famuios</strong></span> <span class='ocrx_word' id='word_1_127' title='bbox 1133 1724 1201 1778; x_wconf 85' lang='lat' dir='ltr'><strong>ad</strong></span> <span class='ocrx_word' id='word_1_128' title='bbox 1242 1724 1325 1779; x_wconf 88' lang='lat' dir='ltr'><strong>sui</strong></span> <span class='ocrx_word' id='word_1_129' title='bbox 1363 1725 1691 1790; x_wconf 79' lang='lat' dir='ltr'><strong>custodiam,</strong></span> <span class='ocrx_word' id='word_1_130' title='bbox 1738 1739 1953 1779; x_wconf 82' lang='lat' dir='ltr'><strong>memor</strong></span> 
     </span>
    </p>
   </div>
   <div class='ocr_carea' id='block_1_16' title="bbox 352 1816 1950 1886">
    <p class='ocr_par' dir='ltr' id='par_1_16' title="bbox 352 1816 1950 1886">
     <span class='ocr_line' id='line_1_16' title="bbox 352 1816 1950 1886; baseline 0.003 -19"><span class='ocrx_word' id='word_1_131' title='bbox 352 1817 605 1883; x_wconf 61' lang='lat' dir='ltr'><strong>expertae</strong></span> <span class='ocrx_word' id='word_1_132' title='bbox 650 1827 821 1885; x_wconf 80' lang='lat' dir='ltr'><strong>nuper</strong></span> <span class='ocrx_word' id='word_1_133' title='bbox 880 1816 1236 1886; x_wconf 78' lang='lat' dir='ltr'><strong>proditionis,</strong></span> <span class='ocrx_word' id='word_1_134' title='bbox 1293 1817 1559 1874; x_wconf 89' lang='lat' dir='ltr'><strong>adhibuit.</strong></span> <span class='ocrx_word' id='word_1_135' title='bbox 1616 1816 1731 1872; x_wconf 89' lang='lat' dir='ltr'><strong>Non</strong></span> <span class='ocrx_word' id='word_1_136' title='bbox 1781 1816 1950 1872; x_wconf 83' lang='lat' dir='ltr'><strong>multo</strong></span> 
     </span>
    </p>
   </div>
   <div class='ocr_carea' id='block_1_17' title="bbox 2051 706 3634 779">
    <p class='ocr_par' dir='ltr' id='par_1_17' title="bbox 2051 706 3634 779">
     <span class='ocr_line' id='line_1_17' title="bbox 2051 706 3634 779; baseline 0.004 -18"><span class='ocrx_word' id='word_1_137' title='bbox 2051 706 2339 778; x_wconf 84' lang='lat' dir='ltr'><strong>processit,</strong></span> <span class='ocrx_word' id='word_1_138' title='bbox 2385 721 2449 762; x_wconf 83' lang='lat' dir='ltr'><strong>ac</strong></span> <span class='ocrx_word' id='word_1_139' title='bbox 2494 721 2657 763; x_wconf 82' lang='lat' dir='ltr'><strong>sacro</strong></span> <span class='ocrx_word' id='word_1_140' title='bbox 2685 708 2863 764; x_wconf 77' lang='lat' dir='ltr'><strong>otiicio</strong></span> <span class='ocrx_word' id='word_1_141' title='bbox 2890 708 3158 765; x_wconf 70' lang='lat' dir='ltr'><strong>interfuit:</strong></span> <span class='ocrx_word' id='word_1_142' title='bbox 3187 708 3516 779; x_wconf 82' lang='lat' dir='ltr'><strong>lpsatamen</strong></span> <span class='ocrx_word' id='word_1_143' title='bbox 3545 712 3634 768; x_wconf 89' lang='lat' dir='ltr'><strong>die</strong></span> 
     </span>
    </p>
   </div>
   <div class='ocr_carea' id='block_1_18' title="bbox 2051 798 3633 871">
    <p class='ocr_par' dir='ltr' id='par_1_18' title="bbox 2051 798 3633 871">
     <span class='ocr_line' id='line_1_18' title="bbox 2051 798 3633 871; baseline 0.003 -17"><span class='ocrx_word' id='word_1_144' title='bbox 2051 798 2223 854; x_wconf 84' lang='lat' dir='ltr'><strong>siluit.</strong></span> <span class='ocrx_word' id='word_1_145' title='bbox 2257 798 2525 854; x_wconf 71' lang='lat' dir='ltr'><strong>Postridie</strong></span> <span class='ocrx_word' id='word_1_146' title='bbox 2570 808 2750 854; x_wconf 87' lang='lat' dir='ltr'><strong>autem</strong></span> <span class='ocrx_word' id='word_1_147' title='bbox 2795 810 3059 857; x_wconf 84' lang='lat' dir='ltr'><strong>convocat</strong></span> <span class='ocrx_word' id='word_1_148' title='bbox 3099 801 3431 871; x_wconf 89' lang='lat' dir='ltr'><strong>Edessenos,</strong></span> <span class='ocrx_word' id='word_1_149' title='bbox 3479 814 3533 858; x_wconf 88' lang='lat' dir='ltr'><strong>et</strong></span> <span class='ocrx_word' id='word_1_150' title='bbox 3567 804 3633 859; x_wconf 91' lang='lat' dir='ltr'><strong>de</strong></span> 
     </span>
    </p>
   </div>
   <div class='ocr_carea' id='block_1_19' title="bbox 2051 881 3635 964">
    <p class='ocr_par' dir='ltr' id='par_1_19' title="bbox 2051 881 3635 964">
     <span class='ocr_line' id='line_1_19' title="bbox 2051 881 3635 964; baseline 0.002 -18"><span class='ocrx_word' id='word_1_151' title='bbox 2051 888 2362 962; x_wconf 81' lang='lat' dir='ltr'><strong>proditione</strong></span> <span class='ocrx_word' id='word_1_152' title='bbox 2405 901 2682 957; x_wconf 80' lang='lat' dir='ltr'><strong>causatur,</strong></span> <span class='ocrx_word' id='word_1_153' title='bbox 2715 900 2770 947; x_wconf 89' lang='lat' dir='ltr'><strong>et</strong></span> <span class='ocrx_word' id='word_1_154' title='bbox 2797 908 2920 948; x_wconf 90' lang='lat' dir='ltr'><strong>cum</strong></span> <span class='ocrx_word' id='word_1_155' title='bbox 2948 881 3158 964; x_wconf 75' lang='lat' dir='ltr'><strong>legibus</strong></span> <span class='ocrx_word' id='word_1_156' title='bbox 3183 908 3279 951; x_wconf 84' lang='lat' dir='ltr'><strong>eos</strong></span> <span class='ocrx_word' id='word_1_157' title='bbox 3309 895 3376 950; x_wconf 90' lang='lat' dir='ltr'><strong>ad</strong></span> <span class='ocrx_word' id='word_1_158' title='bbox 3421 894 3635 950; x_wconf 76' lang='lat' dir='ltr'><strong>confes-</strong></span> 
     </span>
    </p>
   </div>
   <div class='ocr_carea' id='block_1_20' title="bbox 2053 978 3631 1054">
    <p class='ocr_par' dir='ltr' id='par_1_20' title="bbox 2053 978 3631 1054">
     <span class='ocr_line' id='line_1_20' title="bbox 2053 978 3631 1054; baseline -0.001 -15"><span class='ocrx_word' id='word_1_159' title='bbox 2053 983 2260 1039; x_wconf 78' lang='lat' dir='ltr'><strong>sionem</strong></span> <span class='ocrx_word' id='word_1_160' title='bbox 2288 993 2531 1053; x_wconf 83' lang='lat' dir='ltr'><strong>cogeret,</strong></span> <span class='ocrx_word' id='word_1_161' title='bbox 2571 981 2782 1038; x_wconf 82' lang='lat' dir='ltr'><strong>ditiiteri</strong></span> <span class='ocrx_word' id='word_1_162' title='bbox 2818 978 2938 1053; x_wconf 70' lang='lat' dir='ltr'><strong>qua:</strong></span> <span class='ocrx_word' id='word_1_163' title='bbox 2967 994 3362 1054; x_wconf 78' lang='lat' dir='ltr'><strong>proposuerant</strong></span> <span class='ocrx_word' id='word_1_164' title='bbox 3400 986 3631 1040; x_wconf 83' lang='lat' dir='ltr'><strong>minime</strong></span> 
     </span>
    </p>
   </div>
   <div class='ocr_carea' id='block_1_21' title="bbox 2051 1073 3634 1147">
    <p class='ocr_par' dir='ltr' id='par_1_21' title="bbox 2051 1073 3634 1147">
     <span class='ocr_line' id='line_1_21' title="bbox 2051 1073 3634 1147; baseline 0.002 -19"><span class='ocrx_word' id='word_1_165' title='bbox 2051 1074 2464 1145; x_wconf 80' lang='lat' dir='ltr'><strong>permittuntur.</strong></span> <span class='ocrx_word' id='word_1_166' title='bbox 2494 1073 2772 1129; x_wconf 79' lang='lat' dir='ltr'><strong>Convictis</strong></span> <span class='ocrx_word' id='word_1_167' title='bbox 2800 1074 2984 1145; x_wconf 84' lang='lat' dir='ltr'><strong>itaque</strong></span> <span class='ocrx_word' id='word_1_168' title='bbox 3019 1076 3186 1130; x_wconf 80' lang='lat' dir='ltr'><strong>totius</strong></span> <span class='ocrx_word' id='word_1_169' title='bbox 3230 1077 3382 1131; x_wconf 83' lang='lat' dir='ltr'><strong>urbis</strong></span> <span class='ocrx_word' id='word_1_170' title='bbox 3427 1078 3634 1147; x_wconf 87' lang='lat' dir='ltr'><strong>primo-</strong></span> 
     </span>
    </p>
   </div>
   <div class='ocr_carea' id='block_1_22' title="bbox 2052 1164 3635 1237">
    <p class='ocr_par' dir='ltr' id='par_1_22' title="bbox 2052 1164 3635 1237">
     <span class='ocr_line' id='line_1_22' title="bbox 2052 1164 3635 1237; baseline 0.001 -15"><span class='ocrx_word' id='word_1_171' title='bbox 2052 1166 2225 1233; x_wconf 77' lang='lat' dir='ltr'><strong>ribus,</strong></span> <span class='ocrx_word' id='word_1_172' title='bbox 2272 1166 2361 1221; x_wconf 86' lang='lat' dir='ltr'><strong>his</strong></span> <span class='ocrx_word' id='word_1_173' title='bbox 2400 1166 2620 1237; x_wconf 72' lang='lat' dir='ltr'><strong>quidem</strong></span> <span class='ocrx_word' id='word_1_174' title='bbox 2663 1166 2830 1236; x_wconf 81' lang='lat' dir='ltr'><strong>pedes</strong></span> <span class='ocrx_word' id='word_1_175' title='bbox 2874 1165 3064 1228; x_wconf 88' lang='lat' dir='ltr'><strong>incidi,</strong></span> <span class='ocrx_word' id='word_1_176' title='bbox 3101 1164 3208 1221; x_wconf 84' lang='lat' dir='ltr'><strong>illis</strong></span> <span class='ocrx_word' id='word_1_177' title='bbox 3254 1182 3467 1233; x_wconf 88' lang='lat' dir='ltr'><strong>manus,</strong></span> <span class='ocrx_word' id='word_1_178' title='bbox 3513 1167 3635 1223; x_wconf 88' lang='lat' dir='ltr'><strong>aliis</strong></span> 
     </span>
    </p>
   </div>
   <div class='ocr_carea' id='block_1_23' title="bbox 2054 1254 3631 1326">
    <p class='ocr_par' dir='ltr' id='par_1_23' title="bbox 2054 1254 3631 1326">
     <span class='ocr_line' id='line_1_23' title="bbox 2054 1254 3631 1326; baseline 0 -14"><span class='ocrx_word' id='word_1_179' title='bbox 2054 1270 2183 1312; x_wconf 85' lang='lat' dir='ltr'><strong>cum</strong></span> <span class='ocrx_word' id='word_1_180' title='bbox 2223 1256 2451 1311; x_wconf 84' lang='lat' dir='ltr'><strong>naribus</strong></span> <span class='ocrx_word' id='word_1_181' title='bbox 2484 1270 2665 1319; x_wconf 85' lang='lat' dir='ltr'><strong>aures,</strong></span> <span class='ocrx_word' id='word_1_182' title='bbox 2698 1254 3021 1325; x_wconf 80' lang='lat' dir='ltr'><strong>quibusdam</strong></span> <span class='ocrx_word' id='word_1_183' title='bbox 3052 1255 3262 1326; x_wconf 82' lang='lat' dir='ltr'><strong>linguas</strong></span> <span class='ocrx_word' id='word_1_184' title='bbox 3286 1271 3407 1311; x_wconf 90' lang='lat' dir='ltr'><strong>cum</strong></span> <span class='ocrx_word' id='word_1_185' title='bbox 3454 1256 3631 1321; x_wconf 81' lang='lat' dir='ltr'><strong>labiis,</strong></span> 
     </span>
    </p>
   </div>
   <div class='ocr_carea' id='block_1_24' title="bbox 2053 1348 3637 1421">
    <p class='ocr_par' dir='ltr' id='par_1_24' title="bbox 2053 1348 3637 1421">
     <span class='ocr_line' id='line_1_24' title="bbox 2053 1348 3637 1421; baseline 0.001 -18"><span class='ocrx_word' id='word_1_186' title='bbox 2053 1350 2351 1421; x_wconf 79' lang='lat' dir='ltr'><strong>generandi</strong></span> <span class='ocrx_word' id='word_1_187' title='bbox 2378 1364 2510 1405; x_wconf 85' lang='lat' dir='ltr'><strong>vero</strong></span> <span class='ocrx_word' id='word_1_188' title='bbox 2536 1348 2790 1405; x_wconf 75' lang='lat' dir='ltr'><strong>eﬁicialia</strong></span> <span class='ocrx_word' id='word_1_189' title='bbox 2818 1350 3062 1415; x_wconf 87' lang='lat' dir='ltr'><strong>cunctis;</strong></span> <span class='ocrx_word' id='word_1_190' title='bbox 3090 1349 3344 1404; x_wconf 88' lang='lat' dir='ltr'><strong>omnibus</strong></span> <span class='ocrx_word' id='word_1_191' title='bbox 3367 1348 3637 1404; x_wconf 77' lang='lat' dir='ltr'><strong>nihilomi-</strong></span> 
     </span>
    </p>
   </div>
   <div class='ocr_carea' id='block_1_25' title="bbox 2054 1438 3639 1511">
    <p class='ocr_par' dir='ltr' id='par_1_25' title="bbox 2054 1438 3639 1511">
     <span class='ocr_line' id='line_1_25' title="bbox 2054 1438 3639 1511; baseline -0.001 -17"><span class='ocrx_word' id='word_1_192' title='bbox 2054 1444 2158 1494; x_wconf 86' lang='lat' dir='ltr'><strong>nus</strong></span> <span class='ocrx_word' id='word_1_193' title='bbox 2188 1441 2401 1494; x_wconf 83' lang='lat' dir='ltr'><strong>diversa</strong></span> <span class='ocrx_word' id='word_1_194' title='bbox 2443 1439 2608 1511; x_wconf 72' lang='lat'><strong>395</strong></span> <span class='ocrx_word' id='word_1_195' title='bbox 2641 1453 2737 1510; x_wconf 87' lang='lat' dir='ltr'><strong>per</strong></span> <span class='ocrx_word' id='word_1_196' title='bbox 2766 1438 2957 1495; x_wconf 77' lang='lat' dir='ltr'><strong>exsilia</strong></span> <span class='ocrx_word' id='word_1_197' title='bbox 3000 1438 3156 1510; x_wconf 88' lang='lat' dir='ltr'><strong>longe</strong></span> <span class='ocrx_word' id='word_1_198' title='bbox 3197 1439 3411 1509; x_wconf 88' lang='lat' dir='ltr'><strong>lateque</strong></span> <span class='ocrx_word' id='word_1_199' title='bbox 3440 1439 3639 1495; x_wconf 79' lang='lat' dir='ltr'><strong>distra-</strong></span> 
     </span>
    </p>
   </div>
   <div class='ocr_carea' id='block_1_26' title="bbox 2054 1528 3639 1599">
    <p class='ocr_par' dir='ltr' id='par_1_26' title="bbox 2054 1528 3639 1599">
     <span class='ocr_line' id='line_1_26' title="bbox 2054 1528 3639 1599; baseline -0.002 -13"><span class='ocrx_word' id='word_1_200' title='bbox 2054 1531 2175 1586; x_wconf 90' lang='lat' dir='ltr'><strong>ctis.</strong></span> <span class='ocrx_word' id='word_1_201' title='bbox 2206 1531 2273 1586; x_wconf 86' lang='lat' dir='ltr'><strong>Et</strong></span> <span class='ocrx_word' id='word_1_202' title='bbox 2310 1546 2432 1586; x_wconf 89' lang='lat' dir='ltr'><strong>cum</strong></span> <span class='ocrx_word' id='word_1_203' title='bbox 2474 1530 2710 1599; x_wconf 87' lang='lat' dir='ltr'><strong>denique</strong></span> <span class='ocrx_word' id='word_1_204' title='bbox 2751 1529 2931 1585; x_wconf 86' lang='lat' dir='ltr'><strong>nullus</strong></span> <span class='ocrx_word' id='word_1_205' title='bbox 2973 1528 3268 1585; x_wconf 85' lang='lat' dir='ltr'><strong>resedisset</strong></span> <span class='ocrx_word' id='word_1_206' title='bbox 3296 1529 3390 1597; x_wconf 89' lang='lat' dir='ltr'><strong>qui</strong></span> <span class='ocrx_word' id='word_1_207' title='bbox 3424 1528 3639 1584; x_wconf 86' lang='lat' dir='ltr'><strong>turbam</strong></span> 
     </span>
    </p>
   </div>
   <div class='ocr_carea' id='block_1_27' title="bbox 2055 1620 3639 1692">
    <p class='ocr_par' dir='ltr' id='par_1_27' title="bbox 2055 1620 3639 1692">
     <span class='ocr_line' id='line_1_27' title="bbox 2055 1620 3639 1692; baseline -0.004 -13"><span class='ocrx_word' id='word_1_208' title='bbox 2055 1622 2230 1679; x_wconf 83' lang='lat' dir='ltr'><strong>denuo</strong></span> <span class='ocrx_word' id='word_1_209' title='bbox 2261 1623 2365 1678; x_wconf 85' lang='lat' dir='ltr'><strong>sibi</strong></span> <span class='ocrx_word' id='word_1_210' title='bbox 2402 1623 2680 1677; x_wconf 86' lang='lat' dir='ltr'><strong>concitare</strong></span> <span class='ocrx_word' id='word_1_211' title='bbox 2718 1621 3003 1692; x_wconf 86' lang='lat' dir='ltr'><strong>quivisset,</strong></span> <span class='ocrx_word' id='word_1_212' title='bbox 3046 1629 3158 1674; x_wconf 85' lang='lat' dir='ltr'><strong>tum</strong></span> <span class='ocrx_word' id='word_1_213' title='bbox 3192 1620 3407 1675; x_wconf 91' lang='lat' dir='ltr'><strong>demum</strong></span> <span class='ocrx_word' id='word_1_214' title='bbox 3443 1630 3639 1674; x_wconf 80' lang='lat' dir='ltr'><strong>securo</strong></span> 
     </span>
    </p>
   </div>
   <div class='ocr_carea' id='block_1_28' title="bbox 2052 1706 3640 1784">
    <p class='ocr_par' dir='ltr' id='par_1_28' title="bbox 2052 1706 3640 1784">
     <span class='ocr_line' id='line_1_28' title="bbox 2052 1706 3640 1784; baseline -0.006 -15"><span class='ocrx_word' id='word_1_215' title='bbox 2052 1714 2335 1784; x_wconf 82' lang='lat' dir='ltr'><strong>experitur</strong></span> <span class='ocrx_word' id='word_1_216' title='bbox 2397 1714 2520 1783; x_wconf 84' lang='lat' dir='ltr'><strong>quis</strong></span> <span class='ocrx_word' id='word_1_217' title='bbox 2563 1713 2699 1767; x_wconf 78' lang='lat' dir='ltr'><strong>tanti</strong></span> <span class='ocrx_word' id='word_1_218' title='bbox 2750 1712 2980 1768; x_wconf 78' lang='lat' dir='ltr'><strong>ducatus</strong></span> <span class='ocrx_word' id='word_1_219' title='bbox 3035 1708 3247 1764; x_wconf 79' lang='lat' dir='ltr'><strong>fructus</strong></span> <span class='ocrx_word' id='word_1_220' title='bbox 3297 1724 3361 1764; x_wconf 90' lang='lat' dir='ltr'><strong>ac</strong></span> <span class='ocrx_word' id='word_1_221' title='bbox 3405 1706 3640 1771; x_wconf 82' lang='lat' dir='ltr'><strong>felicitas</strong></span> 
     </span>
    </p>
   </div>
   <div class='ocr_carea' id='block_1_29' title="bbox 2056 1801 3640 1877">
    <p class='ocr_par' dir='ltr' id='par_1_29' title="bbox 2056 1801 3640 1877">
     <span class='ocr_line' id='line_1_29' title="bbox 2056 1801 3640 1877; baseline -0.006 -12"><span class='ocrx_word' id='word_1_222' title='bbox 2056 1819 2218 1865; x_wconf 89' lang='lat' dir='ltr'><strong>esset.</strong></span> <span class='ocrx_word' id='word_1_223' title='bbox 2246 1809 2426 1865; x_wconf 79' lang='lat' dir='ltr'><strong>Vitam</strong></span> <span class='ocrx_word' id='word_1_224' title='bbox 2455 1823 2586 1877; x_wconf 84' lang='lat' dir='ltr'><strong>ergo</strong></span> <span class='ocrx_word' id='word_1_225' title='bbox 2610 1821 2735 1861; x_wconf 85' lang='lat' dir='ltr'><strong>cum</strong></span> <span class='ocrx_word' id='word_1_226' title='bbox 2765 1805 2949 1861; x_wconf 79' lang='lat' dir='ltr'><strong>multis</strong></span> <span class='ocrx_word' id='word_1_227' title='bbox 2971 1805 3165 1875; x_wconf 82' lang='lat' dir='ltr'><strong>apibus</strong></span> <span class='ocrx_word' id='word_1_228' title='bbox 3192 1812 3248 1860; x_wconf 90' lang='lat' dir='ltr'><strong>et</strong></span> <span class='ocrx_word' id='word_1_229' title='bbox 3273 1801 3640 1874; x_wconf 85' lang='lat' dir='ltr'><strong>prosperitate</strong></span> 
     </span>
    </p>
   </div>
   <div class='ocr_carea' id='block_1_30' title="bbox 350 1891 3640 1977">
    <p class='ocr_par' dir='ltr' id='par_1_30' title="bbox 350 1891 3640 1977">
     <span class='ocr_line' id='line_1_30' title="bbox 350 1891 3640 1977; baseline -0.003 -18"><span class='ocrx_word' id='word_1_230' title='bbox 350 1912 489 1976; x_wconf 85' lang='lat' dir='ltr'><strong>post</strong></span> <span class='ocrx_word' id='word_1_231' title='bbox 535 1913 717 1960; x_wconf 86' lang='lat' dir='ltr'><strong>autem</strong></span> <span class='ocrx_word' id='word_1_232' title='bbox 767 1916 1029 1977; x_wconf 88' lang='lat' dir='ltr'><strong>tempore,</strong></span> <span class='ocrx_word' id='word_1_233' title='bbox 1081 1922 1204 1962; x_wconf 89' lang='lat' dir='ltr'><strong>cum</strong></span> <span class='ocrx_word' id='word_1_234' title='bbox 1240 1907 1554 1962; x_wconf 91' lang='lat' dir='ltr'><strong>Dominicus</strong></span> <span class='ocrx_word' id='word_1_235' title='bbox 1592 1906 1799 1962; x_wconf 84' lang='lat' dir='ltr'><strong>Natalis</strong></span> <span class='ocrx_word' id='word_1_236' title='bbox 1849 1909 1947 1961; x_wconf 83' lang='lat' dir='ltr'><strong>ad-</strong></span> <span class='ocrx_word' id='word_1_237' title='bbox 1979 1891 2027 1951; x_wconf 85' lang='grc' dir='ltr'><strong>Β</strong></span> <span class='ocrx_word' id='word_1_238' title='bbox 2054 1900 2312 1965; x_wconf 82' lang='lat' dir='ltr'><strong>ducebat,</strong></span> <span class='ocrx_word' id='word_1_239' title='bbox 2358 1899 2609 1970; x_wconf 85' lang='lat' dir='ltr'><strong>plurimis</strong></span> <span class='ocrx_word' id='word_1_240' title='bbox 2655 1900 2882 1953; x_wconf 83' lang='lat' dir='ltr'><strong>urbibus</strong></span> <span class='ocrx_word' id='word_1_241' title='bbox 2927 1897 3268 1967; x_wconf 85' lang='lat' dir='ltr'><strong>imperabat,</strong></span> <span class='ocrx_word' id='word_1_242' title='bbox 3318 1896 3458 1951; x_wconf 88' lang='lat' dir='ltr'><strong>inter</strong></span> <span class='ocrx_word' id='word_1_243' title='bbox 3505 1908 3640 1964; x_wconf 85' lang='lat' dir='ltr'><strong>quas</strong></span> 
     </span>
    </p>
   </div>
   <div class='ocr_carea' id='block_1_31' title="bbox 351 1998 1948 2071">
    <p class='ocr_par' dir='ltr' id='par_1_31' title="bbox 351 1998 1948 2071">
     <span class='ocr_line' id='line_1_31' title="bbox 351 1998 1948 2071; baseline 0.001 -16"><span class='ocrx_word' id='word_1_244' title='bbox 351 2008 531 2063; x_wconf 81' lang='lat' dir='ltr'><strong>esset,</strong></span> <span class='ocrx_word' id='word_1_245' title='bbox 563 2000 687 2055; x_wconf 91' lang='lat' dir='ltr'><strong>novi</strong></span> <span class='ocrx_word' id='word_1_246' title='bbox 720 1998 873 2056; x_wconf 89' lang='lat' dir='ltr'><strong>ducis</strong></span> <span class='ocrx_word' id='word_1_247' title='bbox 908 2017 1098 2057; x_wconf 90' lang='lat' dir='ltr'><strong>necem</strong></span> <span class='ocrx_word' id='word_1_248' title='bbox 1135 2003 1188 2056; x_wconf 93' lang='lat' dir='ltr'><strong>in</strong></span> <span class='ocrx_word' id='word_1_249' title='bbox 1231 2002 1349 2071; x_wconf 85' lang='lat' dir='ltr'><strong>ipso</strong></span> <span class='ocrx_word' id='word_1_250' title='bbox 1376 2004 1600 2057; x_wconf 89' lang='lat' dir='ltr'><strong>solemni</strong></span> <span class='ocrx_word' id='word_1_251' title='bbox 1639 2003 1725 2057; x_wconf 91' lang='lat' dir='ltr'><strong>die</strong></span> <span class='ocrx_word' id='word_1_252' title='bbox 1753 2005 1948 2058; x_wconf 86' lang='lat' dir='ltr'><strong>iterata</strong></span> 
     </span>
    </p>
   </div>
   <div class='ocr_carea' id='block_1_32' title="bbox 324 2093 1947 2162">
    <p class='ocr_par' dir='ltr' id='par_1_32' title="bbox 324 2093 1947 2162">
     <span class='ocr_line' id='line_1_32' title="bbox 324 2093 1947 2162; baseline 0.002 -15"><span class='ocrx_word' id='word_1_253' title='bbox 324 2093 782 2161; x_wconf 68' lang='lat' dir='ltr'><strong>‘c‘0nspira‘tione,</strong></span> <span class='ocrx_word' id='word_1_254' title='bbox 819 2095 1104 2151; x_wconf 74' lang='lat' dir='ltr'><strong>deﬁniunt.</strong></span> <span class='ocrx_word' id='word_1_255' title='bbox 1130 2095 1228 2162; x_wconf 86' lang='lat' dir='ltr'><strong>Qui</strong></span> <span class='ocrx_word' id='word_1_256' title='bbox 1251 2112 1442 2151; x_wconf 84' lang='lat' dir='ltr'><strong>eorum</strong></span> <span class='ocrx_word' id='word_1_257' title='bbox 1469 2106 1735 2151; x_wconf 85' lang='lat' dir='ltr'><strong>tractatus</strong></span> <span class='ocrx_word' id='word_1_258' title='bbox 1757 2098 1947 2151; x_wconf 88' lang='lat' dir='ltr'><strong>ducem</strong></span> 
     </span>
    </p>
   </div>
   <div class='ocr_carea' id='block_1_33' title="bbox 354 2184 1947 2259">
    <p class='ocr_par' dir='ltr' id='par_1_33' title="bbox 354 2184 1947 2259">
     <span class='ocr_line' id='line_1_33' title="bbox 354 2184 1947 2259; baseline 0.003 -23"><span class='ocrx_word' id='word_1_259' title='bbox 354 2184 587 2239; x_wconf 83' lang='lat' dir='ltr'><strong>minime</strong></span> <span class='ocrx_word' id='word_1_260' title='bbox 629 2185 803 2241; x_wconf 86' lang='lat' dir='ltr'><strong>latuit.</strong></span> <span class='ocrx_word' id='word_1_261' title='bbox 854 2187 1097 2243; x_wconf 88' lang='lat' dir='ltr'><strong>lnsinuat</strong></span> <span class='ocrx_word' id='word_1_262' title='bbox 1143 2189 1305 2259; x_wconf 83' lang='lat' dir='ltr'><strong>igitur</strong></span> <span class='ocrx_word' id='word_1_263' title='bbox 1359 2198 1412 2243; x_wconf 92' lang='lat' dir='ltr'><strong>et</strong></span> <span class='ocrx_word' id='word_1_264' title='bbox 1453 2190 1566 2258; x_wconf 87' lang='lat' dir='ltr'><strong>ipse</strong></span> <span class='ocrx_word' id='word_1_265' title='bbox 1617 2190 1700 2243; x_wconf 89' lang='lat' dir='ltr'><strong>his</strong></span> <span class='ocrx_word' id='word_1_266' title='bbox 1762 2190 1852 2259; x_wconf 89' lang='lat' dir='ltr'><strong>qui</strong></span> <span class='ocrx_word' id='word_1_267' title='bbox 1895 2190 1947 2242; x_wconf 91' lang='lat' dir='ltr'><strong>in</strong></span> 
     </span>
    </p>
   </div>
   <div class='ocr_carea' id='block_1_34' title="bbox 354 2277 1957 2346">
    <p class='ocr_par' dir='ltr' id='par_1_34' title="bbox 354 2277 1957 2346">
     <span class='ocr_line' id='line_1_34' title="bbox 354 2277 1957 2346; baseline 0.002 -15"><span class='ocrx_word' id='word_1_268' title='bbox 354 2289 464 2331; x_wconf 88' lang='lat' dir='ltr'><strong>suo</strong></span> <span class='ocrx_word' id='word_1_269' title='bbox 492 2277 757 2333; x_wconf 83' lang='lat' dir='ltr'><strong>asseclam</strong></span> <span class='ocrx_word' id='word_1_270' title='bbox 813 2288 969 2333; x_wconf 90' lang='lat' dir='ltr'><strong>erant</strong></span> <span class='ocrx_word' id='word_1_271' title='bbox 1017 2280 1265 2346; x_wconf 86' lang='lat' dir='ltr'><strong>Francis,</strong></span> <span class='ocrx_word' id='word_1_272' title='bbox 1310 2290 1370 2335; x_wconf 92' lang='lat' dir='ltr'><strong>ut</strong></span> <span class='ocrx_word' id='word_1_273' title='bbox 1412 2281 1564 2335; x_wconf 86' lang='lat' dir='ltr'><strong>festis</strong></span> <span class='ocrx_word' id='word_1_274' title='bbox 1594 2280 1850 2335; x_wconf 81' lang='lat' dir='ltr'><strong>Ecclesiae</strong></span> <span class='ocrx_word' id='word_1_275' title='bbox 1877 2280 1957 2334; x_wconf 62' lang='lat'><strong>10-&quot;</strong></span> 
     </span>
    </p>
   </div>
   <div class='ocr_carea' id='block_1_35' title="bbox 354 2367 1951 2441">
    <p class='ocr_par' dir='ltr' id='par_1_35' title="bbox 354 2367 1951 2441">
     <span class='ocr_line' id='line_1_35' title="bbox 354 2367 1951 2441; baseline 0.003 -20"><span class='ocrx_word' id='word_1_276' title='bbox 354 2367 521 2424; x_wconf 91' lang='lat' dir='ltr'><strong>ricati</strong></span> <span class='ocrx_word' id='word_1_277' title='bbox 566 2383 631 2424; x_wconf 91' lang='lat' dir='ltr'><strong>ac</strong></span> <span class='ocrx_word' id='word_1_278' title='bbox 656 2369 877 2440; x_wconf 86' lang='lat' dir='ltr'><strong>galeati,</strong></span> <span class='ocrx_word' id='word_1_279' title='bbox 911 2372 1020 2425; x_wconf 90' lang='lat' dir='ltr'><strong>imo</strong></span> <span class='ocrx_word' id='word_1_280' title='bbox 1051 2386 1114 2425; x_wconf 87' lang='lat' dir='ltr'><strong>ac</strong></span> <span class='ocrx_word' id='word_1_281' title='bbox 1155 2373 1199 2426; x_wconf 91' lang='lat' dir='ltr'><strong>si</strong></span> <span class='ocrx_word' id='word_1_282' title='bbox 1233 2372 1299 2426; x_wconf 88' lang='lat' dir='ltr'><strong>ad</strong></span> <span class='ocrx_word' id='word_1_283' title='bbox 1330 2371 1469 2426; x_wconf 90' lang='lat' dir='ltr'><strong>bella</strong></span> <span class='ocrx_word' id='word_1_284' title='bbox 1501 2372 1694 2441; x_wconf 87' lang='lat' dir='ltr'><strong>parati,</strong></span> <span class='ocrx_word' id='word_1_285' title='bbox 1738 2372 1951 2439; x_wconf 88' lang='lat' dir='ltr'><strong>equites</strong></span> 
     </span>
    </p>
   </div>
   <div class='ocr_carea' id='block_1_36' title="bbox 354 2460 1949 2535">
    <p class='ocr_par' dir='ltr' id='par_1_36' title="bbox 354 2460 1949 2535">
     <span class='ocr_line' id='line_1_36' title="bbox 354 2460 1949 2535; baseline 0.004 -22"><span class='ocrx_word' id='word_1_286' title='bbox 354 2460 704 2527; x_wconf 80' lang='lat' dir='ltr'><strong>assisterem,</strong></span> <span class='ocrx_word' id='word_1_287' title='bbox 736 2463 948 2534; x_wconf 89' lang='lat' dir='ltr'><strong>pedites</strong></span> <span class='ocrx_word' id='word_1_288' title='bbox 974 2463 1225 2532; x_wconf 37' lang='lat' dir='ltr'><strong>,lanceis,</strong></span> <span class='ocrx_word' id='word_1_289' title='bbox 1278 2464 1492 2535; x_wconf 82' lang='lat' dir='ltr'><strong>gladiis,</strong></span> <span class='ocrx_word' id='word_1_290' title='bbox 1535 2463 1857 2535; x_wconf 88' lang='lat' dir='ltr'><strong>bipennibus</strong></span> <span class='ocrx_word' id='word_1_291' title='bbox 1890 2478 1949 2519; x_wconf 90' lang='lat' dir='ltr'><strong>se</strong></span> 
     </span>
    </p>
   </div>
   <div class='ocr_carea' id='block_1_37' title="bbox 352 2554 1943 2628">
    <p class='ocr_par' dir='ltr' id='par_1_37' title="bbox 352 2554 1943 2628">
     <span class='ocr_line' id='line_1_37' title="bbox 352 2554 1943 2628; baseline 0.003 -20"><span class='ocrx_word' id='word_1_292' title='bbox 352 2554 664 2623; x_wconf 84' lang='lat' dir='ltr'><strong>munirent,</strong></span> <span class='ocrx_word' id='word_1_293' title='bbox 723 2557 778 2612; x_wconf 82' lang='lat' dir='ltr'><strong>et</strong></span> <span class='ocrx_word' id='word_1_294' title='bbox 823 2558 904 2613; x_wconf 87' lang='lat' dir='ltr'><strong>sic</strong></span> <span class='ocrx_word' id='word_1_295' title='bbox 954 2558 1156 2628; x_wconf 86' lang='lat' dir='ltr'><strong>ubique</strong></span> <span class='ocrx_word' id='word_1_296' title='bbox 1195 2558 1573 2628; x_wconf 88' lang='lat' dir='ltr'><strong>procederent.</strong></span> <span class='ocrx_word' id='word_1_297' title='bbox 1621 2557 1740 2624; x_wconf 85' lang='lat' dir='ltr'><strong>Quo</strong></span> <span class='ocrx_word' id='word_1_298' title='bbox 1778 2557 1943 2621; x_wconf 86' lang='lat' dir='ltr'><strong>facto,</strong></span> 
     </span>
    </p>
   </div>
   <div class='ocr_carea' id='block_1_38' title="bbox 2057 1986 3641 2059">
    <p class='ocr_par' dir='ltr' id='par_1_38' title="bbox 2057 1986 3641 2059">
     <span class='ocr_line' id='line_1_38' title="bbox 2057 1986 3641 2059; baseline -0.006 -13"><span class='ocrx_word' id='word_1_299' title='bbox 2057 1990 2305 2046; x_wconf 86' lang='lat' dir='ltr'><strong>Seleucia</strong></span> <span class='ocrx_word' id='word_1_300' title='bbox 2348 1992 2415 2044; x_wconf 90' lang='lat' dir='ltr'><strong>ab</strong></span> <span class='ocrx_word' id='word_1_301' title='bbox 2457 1991 2684 2059; x_wconf 90' lang='lat' dir='ltr'><strong>antiquo</strong></span> <span class='ocrx_word' id='word_1_302' title='bbox 2728 1987 2957 2043; x_wconf 88' lang='lat' dir='ltr'><strong>celebris</strong></span> <span class='ocrx_word' id='word_1_303' title='bbox 2987 1988 3286 2051; x_wconf 85' lang='lat' dir='ltr'><strong>eminebat,</strong></span> <span class='ocrx_word' id='word_1_304' title='bbox 3317 1986 3489 2040; x_wconf 89' lang='lat' dir='ltr'><strong>donec</strong></span> <span class='ocrx_word' id='word_1_305' title='bbox 3519 1991 3641 2054; x_wconf 89' lang='lat' dir='ltr'><strong>post</strong></span> 
     </span>
    </p>
   </div>
   <div class='ocr_carea' id='block_1_39' title="bbox 2057 2079 3638 2151">
    <p class='ocr_par' dir='ltr' id='par_1_39' title="bbox 2057 2079 3638 2151">
     <span class='ocr_line' id='line_1_39' title="bbox 2057 2079 3638 2151; baseline -0.006 -13"><span class='ocrx_word' id='word_1_306' title='bbox 2057 2082 2283 2138; x_wconf 84' lang='lat' dir='ltr'><strong>fratrem</strong></span> <span class='ocrx_word' id='word_1_307' title='bbox 2310 2080 2665 2137; x_wconf 80' lang='lat' dir='ltr'><strong>Godefridum</strong></span> <span class='ocrx_word' id='word_1_308' title='bbox 2683 2122 2697 2147; x_wconf 94' lang='lat'><strong>,</strong></span> <span class='ocrx_word' id='word_1_309' title='bbox 2741 2080 2834 2149; x_wconf 87' lang='lat' dir='ltr'><strong>qui</strong></span> <span class='ocrx_word' id='word_1_310' title='bbox 2852 2124 2857 2133; x_wconf 92' lang='lat'><strong>.</strong></span> <span class='ocrx_word' id='word_1_311' title='bbox 2878 2079 3264 2151; x_wconf 56' lang='lat' dir='ltr'><strong>Hierosolyma</strong></span> <span class='ocrx_word' id='word_1_312' title='bbox 3293 2085 3638 2148; x_wconf 79' lang='lat' dir='ltr'><strong>regnaverat,</strong></span> 
     </span>
    </p>
   </div>
   <div class='ocr_carea' id='block_1_40' title="bbox 2056 2171 3639 2244">
    <p class='ocr_par' dir='ltr' id='par_1_40' title="bbox 2056 2171 3639 2244">
     <span class='ocr_line' id='line_1_40' title="bbox 2056 2171 3639 2244; baseline -0.004 -13"><span class='ocrx_word' id='word_1_313' title='bbox 2056 2190 2125 2231; x_wconf 80' lang='lat' dir='ltr'><strong>ex</strong></span> <span class='ocrx_word' id='word_1_314' title='bbox 2151 2178 2349 2231; x_wconf 85' lang='lat' dir='ltr'><strong>ducatu</strong></span> <span class='ocrx_word' id='word_1_315' title='bbox 2381 2175 2600 2244; x_wconf 86' lang='lat' dir='ltr'><strong>quidem</strong></span> <span class='ocrx_word' id='word_1_316' title='bbox 2633 2174 2879 2243; x_wconf 87' lang='lat' dir='ltr'><strong>pervenit</strong></span> <span class='ocrx_word' id='word_1_317' title='bbox 2907 2175 2974 2228; x_wconf 88' lang='lat' dir='ltr'><strong>ad</strong></span> <span class='ocrx_word' id='word_1_318' title='bbox 3005 2189 3265 2244; x_wconf 78' lang='lat' dir='ltr'><strong>regnum;</strong></span> <span class='ocrx_word' id='word_1_319' title='bbox 3292 2172 3389 2227; x_wconf 83' lang='lat' dir='ltr'><strong>sed</strong></span> <span class='ocrx_word' id='word_1_320' title='bbox 3418 2171 3639 2234; x_wconf 75' lang='lat' dir='ltr'><strong>exinde,</strong></span> 
     </span>
    </p>
   </div>
   <div class='ocr_carea' id='block_1_41' title="bbox 2056 2263 3641 2337">
    <p class='ocr_par' dir='ltr' id='par_1_41' title="bbox 2056 2263 3641 2337">
     <span class='ocr_line' id='line_1_41' title="bbox 2056 2263 3641 2337; baseline -0.004 -12"><span class='ocrx_word' id='word_1_321' title='bbox 2056 2268 2258 2325; x_wconf 79' lang='lat' dir='ltr'><strong>nullius</strong></span> <span class='ocrx_word' id='word_1_322' title='bbox 2292 2267 2507 2337; x_wconf 78' lang='lat' dir='ltr'><strong>excepit</strong></span> <span class='ocrx_word' id='word_1_323' title='bbox 2545 2277 2774 2322; x_wconf 71' lang='lat' dir='ltr'><strong>terrenae</strong></span> <span class='ocrx_word' id='word_1_324' title='bbox 2808 2266 3087 2321; x_wconf 78' lang='lat' dir='ltr'><strong>felicitatis</strong></span> <span class='ocrx_word' id='word_1_325' title='bbox 3126 2272 3498 2336; x_wconf 72' lang='lat' dir='ltr'><strong>augmentum,</strong></span> <span class='ocrx_word' id='word_1_326' title='bbox 3530 2263 3641 2318; x_wconf 90' lang='lat' dir='ltr'><strong>imo</strong></span> 
     </span>
    </p>
   </div>
   <div class='ocr_carea' id='block_1_42' title="bbox 2054 2354 3643 2433">
    <p class='ocr_par' dir='ltr' id='par_1_42' title="bbox 2054 2354 3643 2433">
     <span class='ocr_line' id='line_1_42' title="bbox 2054 2354 3643 2433; baseline -0.003 -18"><span class='ocrx_word' id='word_1_327' title='bbox 2054 2377 2155 2433; x_wconf 89' lang='lat' dir='ltr'><strong>pro</strong></span> <span class='ocrx_word' id='word_1_328' title='bbox 2180 2360 2288 2415; x_wconf 90' lang='lat' dir='ltr'><strong>Deo</strong></span> <span class='ocrx_word' id='word_1_329' title='bbox 2310 2359 2456 2414; x_wconf 88' lang='lat' dir='ltr'><strong>beati</strong></span> <span class='ocrx_word' id='word_1_330' title='bbox 2483 2358 2687 2414; x_wconf 87' lang='lat' dir='ltr'><strong>laboris</strong></span> <span class='ocrx_word' id='word_1_331' title='bbox 2710 2359 3053 2424; x_wconf 79' lang='lat' dir='ltr'><strong>exercitium,</strong></span> <span class='ocrx_word' id='word_1_332' title='bbox 3080 2365 3268 2429; x_wconf 88' lang='lat' dir='ltr'><strong>utpote</strong></span> <span class='ocrx_word' id='word_1_333' title='bbox 3294 2356 3381 2412; x_wconf 90' lang='lat' dir='ltr'><strong>cui</strong></span> <span class='ocrx_word' id='word_1_334' title='bbox 3401 2354 3530 2427; x_wconf 85' lang='lat' dir='ltr'><strong>juge</strong></span> <span class='ocrx_word' id='word_1_335' title='bbox 3557 2362 3643 2411; x_wconf 85' lang='lat' dir='ltr'><strong>est</strong></span> 
     </span>
    </p>
   </div>
   <div class='ocr_carea' id='block_1_43' title="bbox 2053 2436 3527 2523">
    <p class='ocr_par' dir='ltr' id='par_1_43' title="bbox 2053 2436 3527 2523">
     <span class='ocr_line' id='line_1_43' title="bbox 2053 2436 3527 2523; baseline -0.004 -14"><span class='ocrx_word' id='word_1_336' title='bbox 2053 2469 2178 2510; x_wconf 90' lang='lat' dir='ltr'><strong>cum</strong></span> <span class='ocrx_word' id='word_1_337' title='bbox 2204 2452 2498 2523; x_wconf 80' lang='lat' dir='ltr'><strong>gentilibus</strong></span> <span class='ocrx_word' id='word_1_338' title='bbox 2518 2450 2787 2521; x_wconf 82' lang='lat' dir='ltr'><strong>praelium.</strong></span> <span class='ocrx_word' id='word_1_339' title='bbox 3526 2436 3527 2439; x_wconf 37' lang='grc'><em>“</em></span> 
     </span>
    </p>
   </div>
   <div class='ocr_carea' id='block_1_44' title="bbox 349 2681 3624 2711">
    <p class='ocr_par' dir='ltr' id='par_1_44' title="bbox 349 2681 3624 2711">
     <span class='ocr_line' id='line_1_44' title="bbox 349 2681 3624 2711; baseline -0.001 1"><span class='ocrx_word' id='word_1_340' title='bbox 349 2681 3624 2711; x_wconf 59' lang='lat' dir='ltr'><strong>W-</strong></span> 
     </span>
    </p>
   </div>
   <div class='ocr_carea' id='block_1_45' title="bbox 1254 2818 2815 2929">
    <p class='ocr_par' dir='ltr' id='par_1_45' title="bbox 1254 2818 2815 2929">
     <span class='ocr_line' id='line_1_45' title="bbox 1254 2818 2815 2929; baseline -0.003 -16"><span class='ocrx_word' id='word_1_341' title='bbox 1254 2823 1722 2915; x_wconf 82' lang='lat' dir='ltr'><strong>INCIPIT</strong></span> <span class='ocrx_word' id='word_1_342' title='bbox 1791 2820 2154 2912; x_wconf 80' lang='lat' dir='ltr'><strong>LIBER</strong></span> <span class='ocrx_word' id='word_1_343' title='bbox 2225 2818 2815 2929; x_wconf 80' lang='lat' dir='ltr'><strong>QUARTUS.</strong></span> 
     </span>
    </p>
   </div>
   <div class='ocr_carea' id='block_1_46' title="bbox 874 3194 1436 3258">
    <p class='ocr_par' dir='ltr' id='par_1_46' title="bbox 874 3194 1436 3258">
     <span class='ocr_line' id='line_1_46' title="bbox 874 3194 1436 3258; baseline -0.007 -1"><span class='ocrx_word' id='word_1_344' title='bbox 874 3194 1103 3258; x_wconf 79' lang='lat' dir='ltr'><strong>CAPUT</strong></span> <span class='ocrx_word' id='word_1_345' title='bbox 1140 3194 1436 3255; x_wconf 72' lang='lat' dir='ltr'><strong>PRIMUM.</strong></span> 
     </span>
    </p>
   </div>
   <div class='ocr_carea' id='block_1_47' title="bbox 441 3306 1943 3387">
    <p class='ocr_par' dir='ltr' id='par_1_47' title="bbox 441 3306 1943 3387">
     <span class='ocr_line' id='line_1_47' title="bbox 441 3306 1943 3387; baseline -0.003 -20"><span class='ocrx_word' id='word_1_346' title='bbox 441 3310 533 3387; x_wconf 87' lang='grc'><strong>[1.]</strong></span> <span class='ocrx_word' id='word_1_347' title='bbox 550 3306 959 3383; x_wconf 80' lang='lat' dir='ltr'><strong>Objectionibus,</strong></span> <span class='ocrx_word' id='word_1_348' title='bbox 974 3312 1114 3383; x_wconf 80' lang='lat' dir='ltr'><strong>quod</strong></span> <span class='ocrx_word' id='word_1_349' title='bbox 1130 3318 1246 3383; x_wconf 81' lang='lat' dir='ltr'><strong>qua:</strong></span> <span class='ocrx_word' id='word_1_350' title='bbox 1268 3318 1451 3365; x_wconf 83' lang='lat' dir='ltr'><strong>narrat</strong></span> <span class='ocrx_word' id='word_1_351' title='bbox 1473 3309 1685 3366; x_wconf 88' lang='lat' dir='ltr'><strong>minime</strong></span> <span class='ocrx_word' id='word_1_352' title='bbox 1702 3309 1943 3375; x_wconf 82' lang='lat' dir='ltr'><strong>audierit,</strong></span> 
     </span>
    </p>
   </div>
   <div class='ocr_carea' id='block_1_48' title="bbox 358 3402 1949 3474">
    <p class='ocr_par' dir='ltr' id='par_1_48' title="bbox 358 3402 1949 3474">
     <span class='ocr_line' id='line_1_48' title="bbox 358 3402 1949 3474; baseline -0.003 -13"><span class='ocrx_word' id='word_1_353' title='bbox 358 3406 593 3461; x_wconf 75' lang='lat' dir='ltr'><strong>occurrit</strong></span> <span class='ocrx_word' id='word_1_354' title='bbox 624 3414 927 3461; x_wconf 76' lang='lat' dir='ltr'><strong>auctor.‘—</strong></span> <span class='ocrx_word' id='word_1_355' title='bbox 964 3403 1135 3461; x_wconf 86' lang='lat' dir='ltr'><strong>Nemo</strong></span> <span class='ocrx_word' id='word_1_356' title='bbox 1172 3402 1349 3474; x_wconf 87' lang='lat' dir='ltr'><strong>juste,</strong></span> <span class='ocrx_word' id='word_1_357' title='bbox 1398 3412 1456 3459; x_wconf 92' lang='lat' dir='ltr'><strong>ut</strong></span> <span class='ocrx_word' id='word_1_358' title='bbox 1493 3404 1734 3469; x_wconf 81' lang='lat' dir='ltr'><strong>:estimo,</strong></span> <span class='ocrx_word' id='word_1_359' title='bbox 1777 3402 1949 3457; x_wconf 82' lang='lat' dir='ltr'><strong>meid</strong></span> 
     </span>
    </p>
   </div>
   <div class='ocr_carea' id='block_1_49' title="bbox 359 3494 1952 3570">
    <p class='ocr_par' dir='ltr' id='par_1_49' title="bbox 359 3494 1952 3570">
     <span class='ocr_line' id='line_1_49' title="bbox 359 3494 1952 3570; baseline -0.004 -16"><span class='ocrx_word' id='word_1_360' title='bbox 359 3498 548 3567; x_wconf 88' lang='lat' dir='ltr'><strong>operis</strong></span> <span class='ocrx_word' id='word_1_361' title='bbox 578 3499 787 3554; x_wconf 88' lang='lat' dir='ltr'><strong>deridet</strong></span> <span class='ocrx_word' id='word_1_362' title='bbox 815 3512 1117 3570; x_wconf 88' lang='lat' dir='ltr'><strong>agressum.</strong></span> <span class='ocrx_word' id='word_1_363' title='bbox 1157 3494 1265 3553; x_wconf 87' lang='lat' dir='ltr'><strong>Etsi</strong></span> <span class='ocrx_word' id='word_1_364' title='bbox 1294 3498 1437 3553; x_wconf 89' lang='lat' dir='ltr'><strong>enim</strong></span> <span class='ocrx_word' id='word_1_365' title='bbox 1486 3511 1661 3567; x_wconf 86' lang='lat' dir='ltr'><strong>neque</strong></span> <span class='ocrx_word' id='word_1_366' title='bbox 1696 3495 1952 3550; x_wconf 88' lang='lat' dir='ltr'><strong>Hieroso-</strong></span> 
     </span>
    </p>
   </div>
   <div class='ocr_carea' id='block_1_50' title="bbox 361 3588 1950 3663">
    <p class='ocr_par' dir='ltr' id='par_1_50' title="bbox 361 3588 1950 3663">
     <span class='ocr_line' id='line_1_50' title="bbox 361 3588 1950 3663; baseline -0.001 -18"><span class='ocrx_word' id='word_1_367' title='bbox 361 3590 567 3661; x_wconf 82' lang='lat' dir='ltr'><strong>lymam</strong></span> <span class='ocrx_word' id='word_1_368' title='bbox 593 3592 722 3657; x_wconf 80' lang='lat' dir='ltr'><strong>isse,</strong></span> <span class='ocrx_word' id='word_1_369' title='bbox 747 3600 802 3647; x_wconf 89' lang='lat' dir='ltr'><strong>et</strong></span> <span class='ocrx_word' id='word_1_370' title='bbox 832 3592 1121 3663; x_wconf 90' lang='lat' dir='ltr'><strong>plerasque</strong></span> <span class='ocrx_word' id='word_1_371' title='bbox 1153 3602 1428 3661; x_wconf 87' lang='lat' dir='ltr'><strong>personas,</strong></span> <span class='ocrx_word' id='word_1_372' title='bbox 1454 3590 1574 3646; x_wconf 90' lang='lat' dir='ltr'><strong>loca</strong></span> <span class='ocrx_word' id='word_1_373' title='bbox 1600 3588 1950 3643; x_wconf 84' lang='lat' dir='ltr'><strong>nihilominus</strong></span> 
     </span>
    </p>
   </div>
   <div class='ocr_carea' id='block_1_51' title="bbox 363 3680 1950 3753">
    <p class='ocr_par' dir='ltr' id='par_1_51' title="bbox 363 3680 1950 3753">
     <span class='ocr_line' id='line_1_51' title="bbox 363 3680 1950 3753; baseline -0.001 -16"><span class='ocrx_word' id='word_1_374' title='bbox 363 3681 484 3752; x_wconf 88' lang='lat' dir='ltr'><strong>ipsa</strong></span> <span class='ocrx_word' id='word_1_375' title='bbox 525 3682 657 3737; x_wconf 92' lang='lat' dir='ltr'><strong>mihi</strong></span> <span class='ocrx_word' id='word_1_376' title='bbox 688 3683 952 3739; x_wconf 88' lang='lat' dir='ltr'><strong>hactenus</strong></span> <span class='ocrx_word' id='word_1_377' title='bbox 990 3683 1278 3753; x_wconf 81' lang='lat' dir='ltr'><strong>contigerit</strong></span> <span class='ocrx_word' id='word_1_378' title='bbox 1323 3699 1426 3737; x_wconf 91' lang='lat' dir='ltr'><strong>non</strong></span> <span class='ocrx_word' id='word_1_379' title='bbox 1460 3683 1694 3749; x_wconf 87' lang='lat' dir='ltr'><strong>novisse,</strong></span> <span class='ocrx_word' id='word_1_380' title='bbox 1720 3680 1773 3735; x_wconf 91' lang='lat' dir='ltr'><strong>in</strong></span> <span class='ocrx_word' id='word_1_381' title='bbox 1804 3681 1950 3735; x_wconf 89' lang='lat' dir='ltr'><strong>nullo</strong></span> 
     </span>
    </p>
   </div>
   <div class='ocr_carea' id='block_1_52' title="bbox 365 3774 1951 3848">
    <p class='ocr_par' dir='ltr' id='par_1_52' title="bbox 365 3774 1951 3848">
     <span class='ocr_line' id='line_1_52' title="bbox 365 3774 1951 3848; baseline 0.001 -18"><span class='ocrx_word' id='word_1_382' title='bbox 365 3775 604 3843; x_wconf 81' lang='lat' dir='ltr'><strong>generali</strong></span> <span class='ocrx_word' id='word_1_383' title='bbox 656 3776 872 3830; x_wconf 88' lang='lat' dir='ltr'><strong>utilitati</strong></span> <span class='ocrx_word' id='word_1_384' title='bbox 923 3791 1047 3832; x_wconf 91' lang='lat' dir='ltr'><strong>reor</strong></span> <span class='ocrx_word' id='word_1_385' title='bbox 1105 3778 1334 3843; x_wconf 88' lang='lat' dir='ltr'><strong>obesse,</strong></span> <span class='ocrx_word' id='word_1_386' title='bbox 1380 3774 1646 3848; x_wconf 88' lang='lat' dir='ltr'><strong>siquidem</strong></span> <span class='ocrx_word' id='word_1_387' title='bbox 1710 3790 1773 3831; x_wconf 89' lang='lat' dir='ltr'><strong>ea</strong></span> <span class='ocrx_word' id='word_1_388' title='bbox 1831 3790 1951 3845; x_wconf 75' lang='lat' dir='ltr'><strong>qtize</strong></span> 
     </span>
    </p>
   </div>
   <div class='ocr_carea' id='block_1_53' title="bbox 367 3866 1952 3938">
    <p class='ocr_par' dir='ltr' id='par_1_53' title="bbox 367 3866 1952 3938">
     <span class='ocr_line' id='line_1_53' title="bbox 367 3866 1952 3938; baseline 0.001 -17"><span class='ocrx_word' id='word_1_389' title='bbox 367 3866 562 3937; x_wconf 85' lang='lat' dir='ltr'><strong>scripsi</strong></span> <span class='ocrx_word' id='word_1_390' title='bbox 608 3866 694 3922; x_wconf 90' lang='lat' dir='ltr'><strong>vel</strong></span> <span class='ocrx_word' id='word_1_391' title='bbox 744 3868 1043 3938; x_wconf 89' lang='lat' dir='ltr'><strong>scripsero,</strong></span> <span class='ocrx_word' id='word_1_392' title='bbox 1096 3884 1126 3923; x_wconf 88' lang='lat' dir='ltr'><strong>a</strong></span> <span class='ocrx_word' id='word_1_393' title='bbox 1172 3868 1305 3924; x_wconf 90' lang='lat' dir='ltr'><strong>viris</strong></span> <span class='ocrx_word' id='word_1_394' title='bbox 1339 3867 1952 3923; x_wconf 86' lang='lat' dir='ltr'><strong>veritatis.tcstimonio</strong></span> 
     </span>
    </p>
   </div>
   <div class='ocr_carea' id='block_1_54' title="bbox 366 3959 1953 4031">
    <p class='ocr_par' dir='ltr' id='par_1_54' title="bbox 366 3959 1953 4031">
     <span class='ocr_line' id='line_1_54' title="bbox 366 3959 1953 4031; baseline 0.003 -20"><span class='ocrx_word' id='word_1_395' title='bbox 366 3961 609 4031; x_wconf 65' lang='lat' dir='ltr'><strong>prmditis</strong></span> <span class='ocrx_word' id='word_1_396' title='bbox 639 3969 854 4016; x_wconf 87' lang='lat' dir='ltr'><strong>constat</strong></span> <span class='ocrx_word' id='word_1_397' title='bbox 886 3962 1121 4017; x_wconf 87' lang='lat' dir='ltr'><strong>audisse.</strong></span> <span class='ocrx_word' id='word_1_398' title='bbox 1156 3960 1212 4017; x_wconf 92' lang='lat' dir='ltr'><strong>Si</strong></span> <span class='ocrx_word' id='word_1_399' title='bbox 1254 3960 1384 4016; x_wconf 89' lang='lat' dir='ltr'><strong>mihi</strong></span> <span class='ocrx_word' id='word_1_400' title='bbox 1432 3961 1590 4030; x_wconf 87' lang='lat' dir='ltr'><strong>plane</strong></span> <span class='ocrx_word' id='word_1_401' title='bbox 1624 3961 1674 4015; x_wconf 92' lang='lat' dir='ltr'><strong>id</strong></span> <span class='ocrx_word' id='word_1_402' title='bbox 1698 3959 1953 4029; x_wconf 89' lang='lat' dir='ltr'><strong>objicitur</strong></span> 
     </span>
    </p>
   </div>
   <div class='ocr_carea' id='block_1_55' title="bbox 372 4051 1955 4122">
    <p class='ocr_par' dir='ltr' id='par_1_55' title="bbox 372 4051 1955 4122">
     <span class='ocr_line' id='line_1_55' title="bbox 372 4051 1955 4122; baseline 0.001 -18"><span class='ocrx_word' id='word_1_403' title='bbox 372 4051 495 4122; x_wconf 89' lang='lat' dir='ltr'><strong>quia</strong></span> <span class='ocrx_word' id='word_1_404' title='bbox 520 4066 625 4106; x_wconf 90' lang='lat' dir='ltr'><strong>non</strong></span> <span class='ocrx_word' id='word_1_405' title='bbox 651 4051 910 4119; x_wconf 90' lang='lat' dir='ltr'><strong>viderim,</strong></span> <span class='ocrx_word' id='word_1_406' title='bbox 943 4051 994 4107; x_wconf 91' lang='lat' dir='ltr'><strong>id</strong></span> <span class='ocrx_word' id='word_1_407' title='bbox 1024 4051 1183 4122; x_wconf 85' lang='lat' dir='ltr'><strong>objici</strong></span> <span class='ocrx_word' id='word_1_408' title='bbox 1210 4067 1317 4107; x_wconf 91' lang='lat' dir='ltr'><strong>non</strong></span> <span class='ocrx_word' id='word_1_409' title='bbox 1351 4060 1529 4122; x_wconf 89' lang='lat' dir='ltr'><strong>potest</strong></span> <span class='ocrx_word' id='word_1_410' title='bbox 1560 4052 1701 4121; x_wconf 88' lang='lat' dir='ltr'><strong>quod</strong></span> <span class='ocrx_word' id='word_1_411' title='bbox 1733 4067 1837 4106; x_wconf 91' lang='lat' dir='ltr'><strong>non</strong></span> <span class='ocrx_word' id='word_1_412' title='bbox 1863 4066 1955 4105; x_wconf 86' lang='lat' dir='ltr'><strong>au-</strong></span> 
     </span>
    </p>
   </div>
   <div class='ocr_carea' id='block_1_56' title="bbox 374 4143 1953 4215">
    <p class='ocr_par' dir='ltr' id='par_1_56' title="bbox 374 4143 1953 4215">
     <span class='ocr_line' id='line_1_56' title="bbox 374 4143 1953 4215; baseline -0.002 -15"><span class='ocrx_word' id='word_1_413' title='bbox 374 4146 585 4211; x_wconf 89' lang='lat' dir='ltr'><strong>dierim,</strong></span> <span class='ocrx_word' id='word_1_414' title='bbox 612 4160 734 4200; x_wconf 92' lang='lat' dir='ltr'><strong>cum</strong></span> <span class='ocrx_word' id='word_1_415' title='bbox 769 4143 907 4199; x_wconf 90' lang='lat' dir='ltr'><strong>visui</strong></span> <span class='ocrx_word' id='word_1_416' title='bbox 939 4144 1183 4200; x_wconf 88' lang='lat' dir='ltr'><strong>auditum</strong></span> <span class='ocrx_word' id='word_1_417' title='bbox 1231 4144 1629 4214; x_wconf 86' lang='lat' dir='ltr'><strong>quodammodo</strong></span> <span class='ocrx_word' id='word_1_418' title='bbox 1658 4152 1953 4215; x_wconf 87' lang='lat' dir='ltr'><strong>supparem</strong></span> 
     </span>
    </p>
   </div>
   <div class='ocr_carea' id='block_1_57' title="bbox 373 4235 1454 4308">
    <p class='ocr_par' dir='ltr' id='par_1_57' title="bbox 373 4235 1454 4308">
     <span class='ocr_line' id='line_1_57' title="bbox 373 4235 1454 4308; baseline -0.001 -17"><span class='ocrx_word' id='word_1_419' title='bbox 373 4235 609 4308; x_wconf 78' lang='lat' dir='ltr'><strong>profecto</strong></span> <span class='ocrx_word' id='word_1_420' title='bbox 639 4236 983 4292; x_wconf 87' lang='lat' dir='ltr'><strong>crediderim.</strong></span> <span class='ocrx_word' id='word_1_421' title='bbox 1018 4236 1279 4304; x_wconf 84' lang='lat' dir='ltr'><strong>Quamvis</strong></span> <span class='ocrx_word' id='word_1_422' title='bbox 1309 4238 1454 4291; x_wconf 89' lang='lat' dir='ltr'><strong>enim</strong></span> 
     </span>
    </p>
   </div>
   <div class='ocr_carea' id='block_1_58' title="bbox 480 4350 1835 4423">
    <p class='ocr_par' dir='ltr' id='par_1_58' title="bbox 480 4350 1835 4423">
     <span class='ocr_line' id='line_1_58' title="bbox 480 4350 1835 4423; baseline -0.001 -18"><span class='ocrx_word' id='word_1_423' title='bbox 480 4352 711 4423; x_wconf 86' lang='lat' dir='ltr'><strong>Segnius</strong></span> <span class='ocrx_word' id='word_1_424' title='bbox 750 4350 963 4407; x_wconf 88' lang='lat' dir='ltr'><strong>irritent</strong></span> <span class='ocrx_word' id='word_1_425' title='bbox 992 4352 1204 4407; x_wconf 90' lang='lat' dir='ltr'><strong>animos</strong></span> <span class='ocrx_word' id='word_1_426' title='bbox 1234 4351 1467 4405; x_wconf 86' lang='lat' dir='ltr'><strong>demissa</strong></span> <span class='ocrx_word' id='word_1_427' title='bbox 1494 4364 1590 4420; x_wconf 91' lang='lat' dir='ltr'><strong>per</strong></span> <span class='ocrx_word' id='word_1_428' title='bbox 1621 4364 1835 4413; x_wconf 89' lang='lat' dir='ltr'><strong>aurem,</strong></span> 
     </span>
    </p>
   </div>
   <div class='ocr_carea' id='block_1_59' title="bbox 477 4441 1731 4515">
    <p class='ocr_par' dir='ltr' id='par_1_59' title="bbox 477 4441 1731 4515">
     <span class='ocr_line' id='line_1_59' title="bbox 477 4441 1731 4515; baseline 0 -19"><span class='ocrx_word' id='word_1_429' title='bbox 477 4442 648 4510; x_wconf 84' lang='lat' dir='ltr'><strong>Quam</strong></span> <span class='ocrx_word' id='word_1_430' title='bbox 678 4459 801 4515; x_wconf 77' lang='lat' dir='ltr'><strong>quae</strong></span> <span class='ocrx_word' id='word_1_431' title='bbox 831 4452 959 4499; x_wconf 90' lang='lat' dir='ltr'><strong>sunt</strong></span> <span class='ocrx_word' id='word_1_432' title='bbox 989 4443 1162 4498; x_wconf 91' lang='lat' dir='ltr'><strong>oculis</strong></span> <span class='ocrx_word' id='word_1_433' title='bbox 1191 4442 1428 4512; x_wconf 86' lang='lat' dir='ltr'><strong>subjecta</strong></span> <span class='ocrx_word' id='word_1_434' title='bbox 1462 4441 1731 4507; x_wconf 85' lang='lat' dir='ltr'><strong>ﬁdelibus,</strong></span> 
     </span>
    </p>
   </div>
   <div class='ocr_carea' id='block_1_60' title="bbox 1971 3157 3641 3237">
    <p class='ocr_par' dir='ltr' id='par_1_60' title="bbox 1971 3157 3641 3237">
     <span class='ocr_line' id='line_1_60' title="bbox 1971 3157 3641 3237; baseline 0.002 -15"><span class='ocrx_word' id='word_1_435' title='bbox 1971 3157 2019 3222; x_wconf 86' lang='lat' dir='ltr'><strong><em>C</em></strong></span> <span class='ocrx_word' id='word_1_436' title='bbox 2048 3170 2348 3227; x_wconf 89' lang='lat' dir='ltr'><strong>Turcorum</strong></span> <span class='ocrx_word' id='word_1_437' title='bbox 2390 3169 2730 3237; x_wconf 91' lang='lat' dir='ltr'><strong>incursibus,</strong></span> <span class='ocrx_word' id='word_1_438' title='bbox 2777 3168 2824 3223; x_wconf 89' lang='lat' dir='ltr'><strong>si</strong></span> <span class='ocrx_word' id='word_1_439' title='bbox 2854 3167 3153 3224; x_wconf 85' lang='lat' dir='ltr'><strong>acciderint</strong></span> <span class='ocrx_word' id='word_1_440' title='bbox 3180 3167 3353 3235; x_wconf 82' lang='lat' dir='ltr'><strong>forte,</strong></span> <span class='ocrx_word' id='word_1_441' title='bbox 3397 3167 3641 3225; x_wconf 63' lang='lat' dir='ltr'><strong>laetatur.</strong></span> 
     </span>
    </p>
   </div>
   <div class='ocr_carea' id='block_1_61' title="bbox 2049 3262 3642 3334">
    <p class='ocr_par' dir='ltr' id='par_1_61' title="bbox 2049 3262 3642 3334">
     <span class='ocr_line' id='line_1_61' title="bbox 2049 3262 3642 3334; baseline -0.003 -13"><span class='ocrx_word' id='word_1_442' title='bbox 2049 3266 2195 3321; x_wconf 81' lang='lat' dir='ltr'><strong>Inter</strong></span> <span class='ocrx_word' id='word_1_443' title='bbox 2240 3264 2473 3318; x_wconf 89' lang='lat' dir='ltr'><strong>eundum</strong></span> <span class='ocrx_word' id='word_1_444' title='bbox 2536 3263 2717 3333; x_wconf 88' lang='lat' dir='ltr'><strong>itaque</strong></span> <span class='ocrx_word' id='word_1_445' title='bbox 2757 3262 3002 3334; x_wconf 88' lang='lat' dir='ltr'><strong>pervium</strong></span> <span class='ocrx_word' id='word_1_446' title='bbox 3041 3263 3282 3318; x_wconf 90' lang='lat' dir='ltr'><strong>habuere</strong></span> <span class='ocrx_word' id='word_1_447' title='bbox 3327 3262 3642 3330; x_wconf 88' lang='lat' dir='ltr'><strong>castellum,</strong></span> 
     </span>
    </p>
   </div>
   <div class='ocr_carea' id='block_1_62' title="bbox 2052 3352 3643 3412">
    <p class='ocr_par' dir='ltr' id='par_1_62' title="bbox 2052 3352 3643 3412">
     <span class='ocr_line' id='line_1_62' title="bbox 2052 3352 3643 3412; baseline -0.003 -1"><span class='ocrx_word' id='word_1_448' title='bbox 2052 3357 2139 3412; x_wconf 90' lang='lat' dir='ltr'><strong>cui</strong></span> <span class='ocrx_word' id='word_1_449' title='bbox 2172 3355 2308 3411; x_wconf 88' lang='lat' dir='ltr'><strong>adeo</strong></span> <span class='ocrx_word' id='word_1_450' title='bbox 2337 3353 2569 3410; x_wconf 78' lang='lat' dir='ltr'><strong>difﬁcilis</strong></span> <span class='ocrx_word' id='word_1_451' title='bbox 2592 3362 2735 3409; x_wconf 91' lang='lat' dir='ltr'><strong>esset</strong></span> <span class='ocrx_word' id='word_1_452' title='bbox 2754 3368 3007 3408; x_wconf 88' lang='lat' dir='ltr'><strong>accessus</strong></span> <span class='ocrx_word' id='word_1_453' title='bbox 3031 3360 3089 3406; x_wconf 90' lang='lat' dir='ltr'><strong>ut</strong></span> <span class='ocrx_word' id='word_1_454' title='bbox 3116 3367 3331 3407; x_wconf 89' lang='lat' dir='ltr'><strong>cassum</strong></span> <span class='ocrx_word' id='word_1_455' title='bbox 3359 3352 3643 3408; x_wconf 89' lang='lat' dir='ltr'><strong>videretur</strong></span> 
     </span>
    </p>
   </div>
   <div class='ocr_carea' id='block_1_63' title="bbox 2052 3444 3643 3519">
    <p class='ocr_par' dir='ltr' id='par_1_63' title="bbox 2052 3444 3643 3519">
     <span class='ocr_line' id='line_1_63' title="bbox 2052 3444 3643 3519; baseline -0.001 -14"><span class='ocrx_word' id='word_1_456' title='bbox 2052 3450 2250 3507; x_wconf 89' lang='lat' dir='ltr'><strong>ibidem</strong></span> <span class='ocrx_word' id='word_1_457' title='bbox 2277 3446 2564 3519; x_wconf 81' lang='lat' dir='ltr'><strong>cujuslibet</strong></span> <span class='ocrx_word' id='word_1_458' title='bbox 2589 3446 2844 3502; x_wconf 90' lang='lat' dir='ltr'><strong>molimen</strong></span> <span class='ocrx_word' id='word_1_459' title='bbox 2868 3444 3127 3502; x_wconf 89' lang='lat' dir='ltr'><strong>assultus.</strong></span> <span class='ocrx_word' id='word_1_460' title='bbox 3157 3445 3289 3501; x_wconf 86' lang='lat' dir='ltr'><strong>Erat</strong></span> <span class='ocrx_word' id='word_1_461' title='bbox 3315 3453 3497 3501; x_wconf 89' lang='lat' dir='ltr'><strong>autem</strong></span> <span class='ocrx_word' id='word_1_462' title='bbox 3529 3444 3643 3502; x_wconf 89' lang='lat' dir='ltr'><strong>illic</strong></span> 
     </span>
    </p>
   </div>
   <div class='ocr_carea' id='block_1_64' title="bbox 2052 3539 3641 3613">
    <p class='ocr_par' dir='ltr' id='par_1_64' title="bbox 2052 3539 3641 3613">
     <span class='ocr_line' id='line_1_64' title="bbox 2052 3539 3641 3613; baseline -0.004 -14"><span class='ocrx_word' id='word_1_463' title='bbox 2052 3542 2275 3599; x_wconf 88' lang='lat' dir='ltr'><strong>Simeon</strong></span> <span class='ocrx_word' id='word_1_464' title='bbox 2298 3542 2543 3612; x_wconf 89' lang='lat' dir='ltr'><strong>quidam,</strong></span> <span class='ocrx_word' id='word_1_465' title='bbox 2574 3539 2888 3595; x_wconf 89' lang='lat' dir='ltr'><strong>Christiano</strong></span> <span class='ocrx_word' id='word_1_466' title='bbox 2914 3539 3141 3613; x_wconf 84' lang='lat' dir='ltr'><strong>insignis</strong></span> <span class='ocrx_word' id='word_1_467' title='bbox 3171 3539 3482 3611; x_wconf 83' lang='lat' dir='ltr'><strong>agnomine,</strong></span> <span class='ocrx_word' id='word_1_468' title='bbox 3507 3554 3641 3610; x_wconf 88' lang='lat' dir='ltr'><strong>pro-</strong></span> 
     </span>
    </p>
   </div>
   <div class='ocr_carea' id='block_1_65' title="bbox 2048 3630 3648 3707">
    <p class='ocr_par' dir='ltr' id='par_1_65' title="bbox 2048 3630 3648 3707">
     <span class='ocr_line' id='line_1_65' title="bbox 2048 3630 3648 3707; baseline -0.003 -17"><span class='ocrx_word' id='word_1_469' title='bbox 2048 3636 2243 3690; x_wconf 82' lang='lat' dir='ltr'><strong>vincia:</strong></span> <span class='ocrx_word' id='word_1_470' title='bbox 2279 3632 2496 3707; x_wconf 83' lang='lat' dir='ltr'><strong>gentilis</strong></span> <span class='ocrx_word' id='word_1_471' title='bbox 2549 3630 2816 3701; x_wconf 73' lang='lat' dir='ltr'><strong>ejusdem,</strong></span> <span class='ocrx_word' id='word_1_472' title='bbox 2848 3632 2938 3703; x_wconf 90' lang='lat' dir='ltr'><strong>qui</strong></span> <span class='ocrx_word' id='word_1_473' title='bbox 2993 3647 3025 3686; x_wconf 88' lang='lat' dir='ltr'><strong>a</strong></span> <span class='ocrx_word' id='word_1_474' title='bbox 3079 3630 3395 3702; x_wconf 85' lang='lat' dir='ltr'><strong>proceribus</strong></span> <span class='ocrx_word' id='word_1_475' title='bbox 3443 3630 3648 3686; x_wconf 83' lang='lat' dir='ltr'><strong>nostris</strong></span> 
     </span>
    </p>
   </div>
   <div class='ocr_carea' id='block_1_66' title="bbox 2054 3720 3645 3797">
    <p class='ocr_par' dir='ltr' id='par_1_66' title="bbox 2054 3720 3645 3797">
     <span class='ocr_line' id='line_1_66' title="bbox 2054 3720 3645 3797; baseline -0.006 -12"><span class='ocrx_word' id='word_1_476' title='bbox 2054 3728 2357 3785; x_wconf 87' lang='lat' dir='ltr'><strong>dominium</strong></span> <span class='ocrx_word' id='word_1_477' title='bbox 2386 3725 2550 3796; x_wconf 87' lang='lat' dir='ltr'><strong>hujus</strong></span> <span class='ocrx_word' id='word_1_478' title='bbox 2596 3725 2834 3797; x_wconf 89' lang='lat' dir='ltr'><strong>regionis</strong></span> <span class='ocrx_word' id='word_1_479' title='bbox 2879 3724 3127 3795; x_wconf 77' lang='lat' dir='ltr'><strong>expetiit,</strong></span> <span class='ocrx_word' id='word_1_480' title='bbox 3160 3739 3267 3796; x_wconf 92' lang='lat' dir='ltr'><strong>quo</strong></span> <span class='ocrx_word' id='word_1_481' title='bbox 3290 3738 3413 3779; x_wconf 89' lang='lat' dir='ltr'><strong>eam</strong></span> <span class='ocrx_word' id='word_1_482' title='bbox 3441 3738 3471 3777; x_wconf 90' lang='lat' dir='ltr'><strong>a</strong></span> <span class='ocrx_word' id='word_1_483' title='bbox 3506 3720 3645 3777; x_wconf 87' lang='lat' dir='ltr'><strong>Tur-</strong></span> 
     </span>
    </p>
   </div>
   <div class='ocr_carea' id='block_1_67' title="bbox 2052 3812 3647 3889">
    <p class='ocr_par' dir='ltr' id='par_1_67' title="bbox 2052 3812 3647 3889">
     <span class='ocr_line' id='line_1_67' title="bbox 2052 3812 3647 3889; baseline -0.006 -13"><span class='ocrx_word' id='word_1_484' title='bbox 2052 3835 2238 3876; x_wconf 89' lang='lat' dir='ltr'><strong>corum</strong></span> <span class='ocrx_word' id='word_1_485' title='bbox 2270 3818 2664 3889; x_wconf 87' lang='lat' dir='ltr'><strong>irruptionibus</strong></span> <span class='ocrx_word' id='word_1_486' title='bbox 2687 3816 2915 3873; x_wconf 87' lang='lat' dir='ltr'><strong>deberet</strong></span> <span class='ocrx_word' id='word_1_487' title='bbox 2943 3815 3103 3871; x_wconf 88' lang='lat' dir='ltr'><strong>tueri.</strong></span> <span class='ocrx_word' id='word_1_488' title='bbox 3131 3812 3241 3870; x_wconf 88' lang='lat' dir='ltr'><strong>Nec</strong></span> <span class='ocrx_word' id='word_1_489' title='bbox 3273 3814 3403 3870; x_wconf 89' lang='lat' dir='ltr'><strong>dare</strong></span> <span class='ocrx_word' id='word_1_490' title='bbox 3440 3813 3490 3868; x_wconf 91' lang='lat' dir='ltr'><strong>ei</strong></span> <span class='ocrx_word' id='word_1_491' title='bbox 3527 3828 3647 3867; x_wconf 88' lang='lat' dir='ltr'><strong>mu-</strong></span> 
     </span>
    </p>
   </div>
   <div class='ocr_carea' id='block_1_68' title="bbox 2053 3906 3645 3983">
    <p class='ocr_par' dir='ltr' id='par_1_68' title="bbox 2053 3906 3645 3983">
     <span class='ocr_line' id='line_1_68' title="bbox 2053 3906 3645 3983; baseline -0.006 -15"><span class='ocrx_word' id='word_1_492' title='bbox 2053 3930 2155 3969; x_wconf 90' lang='lat' dir='ltr'><strong>nus</strong></span> <span class='ocrx_word' id='word_1_493' title='bbox 2189 3912 2447 3968; x_wconf 86' lang='lat' dir='ltr'><strong>distulere</strong></span> <span class='ocrx_word' id='word_1_494' title='bbox 2493 3911 2760 3983; x_wconf 88' lang='lat' dir='ltr'><strong>petitum;</strong></span> <span class='ocrx_word' id='word_1_495' title='bbox 2815 3910 2931 3981; x_wconf 85' lang='lat' dir='ltr'><strong>ipse</strong></span> <span class='ocrx_word' id='word_1_496' title='bbox 2970 3925 3101 3966; x_wconf 88' lang='lat' dir='ltr'><strong>vero</strong></span> <span class='ocrx_word' id='word_1_497' title='bbox 3163 3908 3373 3965; x_wconf 90' lang='lat' dir='ltr'><strong>desedit</strong></span> <span class='ocrx_word' id='word_1_498' title='bbox 3422 3906 3645 3971; x_wconf 89' lang='lat' dir='ltr'><strong>ibidem,</strong></span> 
     </span>
    </p>
   </div>
   <div class='ocr_carea' id='block_1_69' title="bbox 2053 3998 3643 4072">
    <p class='ocr_par' dir='ltr' id='par_1_69' title="bbox 2053 3998 3643 4072">
     <span class='ocr_line' id='line_1_69' title="bbox 2053 3998 3643 4072; baseline -0.004 -15"><span class='ocrx_word' id='word_1_499' title='bbox 2053 4003 2261 4058; x_wconf 89' lang='lat' dir='ltr'><strong>laturus</strong></span> <span class='ocrx_word' id='word_1_500' title='bbox 2320 4012 2478 4057; x_wconf 64' lang='lat' dir='ltr'><strong>terra:</strong></span> <span class='ocrx_word' id='word_1_501' title='bbox 2528 4001 2861 4072; x_wconf 56' lang='lat' dir='ltr'><strong>praesidium.</strong></span> <span class='ocrx_word' id='word_1_502' title='bbox 2907 4000 3152 4071; x_wconf 89' lang='lat' dir='ltr'><strong>Denique</strong></span> <span class='ocrx_word' id='word_1_503' title='bbox 3197 3998 3371 4055; x_wconf 91' lang='lat' dir='ltr'><strong>nostri</strong></span> <span class='ocrx_word' id='word_1_504' title='bbox 3415 4011 3643 4069; x_wconf 63' lang='lat' dir='ltr'><strong>progrev</strong></span> 
     </span>
    </p>
   </div>
   <div class='ocr_carea' id='block_1_70' title="bbox 2054 4091 3633 4166">
    <p class='ocr_par' dir='ltr' id='par_1_70' title="bbox 2054 4091 3633 4166">
     <span class='ocr_line' id='line_1_70' title="bbox 2054 4091 3633 4166; baseline -0.005 -14"><span class='ocrx_word' id='word_1_505' title='bbox 2054 4097 2283 4165; x_wconf 89' lang='lat' dir='ltr'><strong>dientes,</strong></span> <span class='ocrx_word' id='word_1_506' title='bbox 2311 4096 2616 4151; x_wconf 81' lang='lat' dir='ltr'><strong>Caesaream</strong></span> <span class='ocrx_word' id='word_1_507' title='bbox 2642 4094 3022 4166; x_wconf 88' lang='lat' dir='ltr'><strong>Cappadocum</strong></span> <span class='ocrx_word' id='word_1_508' title='bbox 3045 4094 3295 4164; x_wconf 80' lang='lat' dir='ltr'><strong>attigero.</strong></span> <span class='ocrx_word' id='word_1_509' title='bbox 3340 4091 3633 4161; x_wconf 86' lang='lat' dir='ltr'><strong>Postquam</strong></span> 
     </span>
    </p>
   </div>
   <div class='ocr_carea' id='block_1_71' title="bbox 2054 4179 3639 4255">
    <p class='ocr_par' dir='ltr' id='par_1_71' title="bbox 2054 4179 3639 4255">
     <span class='ocr_line' id='line_1_71' title="bbox 2054 4179 3639 4255; baseline -0.004 -13"><span class='ocrx_word' id='word_1_510' title='bbox 2054 4194 2235 4242; x_wconf 86' lang='lat' dir='ltr'><strong>autem</strong></span> <span class='ocrx_word' id='word_1_511' title='bbox 2298 4186 2712 4241; x_wconf 63' lang='lat' dir='ltr'><strong>Caisariensium</strong></span> <span class='ocrx_word' id='word_1_512' title='bbox 2770 4199 3059 4240; x_wconf 85' lang='lat' dir='ltr'><strong>excessere</strong></span> <span class='ocrx_word' id='word_1_513' title='bbox 3128 4183 3501 4255; x_wconf 84' lang='lat' dir='ltr'><strong>provinciam,</strong></span> <span class='ocrx_word' id='word_1_514' title='bbox 3570 4179 3639 4235; x_wconf 86' lang='lat' dir='ltr'><strong>ad</strong></span> 
     </span>
    </p>
   </div>
   <div class='ocr_carea' id='block_1_72' title="bbox 2056 4274 3644 4350">
    <p class='ocr_par' dir='ltr' id='par_1_72' title="bbox 2056 4274 3644 4350">
     <span class='ocr_line' id='line_1_72' title="bbox 2056 4274 3644 4350; baseline -0.004 -16"><span class='ocrx_word' id='word_1_515' title='bbox 2056 4279 2346 4350; x_wconf 85' lang='lat' dir='ltr'><strong>quamdam</strong></span> <span class='ocrx_word' id='word_1_516' title='bbox 2379 4279 2562 4334; x_wconf 80' lang='lat' dir='ltr'><strong>multae</strong></span> <span class='ocrx_word' id='word_1_517' title='bbox 2587 4278 3007 4348; x_wconf 87' lang='lat' dir='ltr'><strong>pulchritudinis</strong></span> <span class='ocrx_word' id='word_1_518' title='bbox 3030 4285 3084 4332; x_wconf 89' lang='lat' dir='ltr'><strong>et</strong></span> <span class='ocrx_word' id='word_1_519' title='bbox 3109 4278 3245 4333; x_wconf 90' lang='lat' dir='ltr'><strong>situs</strong></span> <span class='ocrx_word' id='word_1_520' title='bbox 3274 4274 3531 4330; x_wconf 89' lang='lat' dir='ltr'><strong>uberrimi</strong></span> <span class='ocrx_word' id='word_1_521' title='bbox 3561 4274 3644 4329; x_wconf 79' lang='lat' dir='ltr'><strong>ci-</strong></span> 
     </span>
    </p>
   </div>
   <div class='ocr_carea' id='block_1_73' title="bbox 2054 4368 3645 4443">
    <p class='ocr_par' dir='ltr' id='par_1_73' title="bbox 2054 4368 3645 4443">
     <span class='ocr_line' id='line_1_73' title="bbox 2054 4368 3645 4443; baseline -0.003 -18"><span class='ocrx_word' id='word_1_522' title='bbox 2054 4372 2278 4427; x_wconf 89' lang='lat' dir='ltr'><strong>vitatem</strong></span> <span class='ocrx_word' id='word_1_523' title='bbox 2310 4388 2628 4443; x_wconf 90' lang='lat' dir='ltr'><strong>pervenere,</strong></span> <span class='ocrx_word' id='word_1_524' title='bbox 2677 4387 2838 4441; x_wconf 90' lang='lat' dir='ltr'><strong>quam</strong></span> <span class='ocrx_word' id='word_1_525' title='bbox 2870 4373 3033 4425; x_wconf 89' lang='lat' dir='ltr'><strong>trium</strong></span> <span class='ocrx_word' id='word_1_526' title='bbox 3066 4370 3244 4440; x_wconf 88' lang='lat' dir='ltr'><strong>spatio</strong></span> <span class='ocrx_word' id='word_1_527' title='bbox 3273 4368 3645 4423; x_wconf 75' lang='lat' dir='ltr'><strong>hebdomada~</strong></span> 
     </span>
    </p>
   </div>
   <div class='ocr_carea' id='block_1_74' title="bbox 2057 4460 3648 4531">
    <p class='ocr_par' dir='ltr' id='par_1_74' title="bbox 2057 4460 3648 4531">
     <span class='ocr_line' id='line_1_74' title="bbox 2057 4460 3648 4531; baseline -0.001 -12"><span class='ocrx_word' id='word_1_528' title='bbox 2057 4480 2177 4519; x_wconf 91' lang='lat' dir='ltr'><strong>rum</strong></span> <span class='ocrx_word' id='word_1_529' title='bbox 2212 4465 2513 4519; x_wconf 89' lang='lat' dir='ltr'><strong>Turcorum</strong></span> <span class='ocrx_word' id='word_1_530' title='bbox 2544 4463 2761 4519; x_wconf 89' lang='lat' dir='ltr'><strong>obsedit</strong></span> <span class='ocrx_word' id='word_1_531' title='bbox 2790 4463 3087 4527; x_wconf 80' lang='lat' dir='ltr'><strong>exercitus,</strong></span> <span class='ocrx_word' id='word_1_532' title='bbox 3133 4470 3425 4531; x_wconf 88' lang='lat' dir='ltr'><strong>antequam</strong></span> <span class='ocrx_word' id='word_1_533' title='bbox 3462 4460 3527 4515; x_wconf 90' lang='lat' dir='ltr'><strong>ad</strong></span> <span class='ocrx_word' id='word_1_534' title='bbox 3553 4476 3648 4517; x_wconf 79' lang='lat' dir='ltr'><strong>cos</strong></span> 
     </span>
    </p>
   </div>
   <div class='ocr_carea' id='block_1_75' title="bbox 442 4531 3647 4628">
    <p class='ocr_par' dir='ltr' id='par_1_75' title="bbox 442 4531 3647 4628">
     <span class='ocr_line' id='line_1_75' title="bbox 442 4531 3647 4628; baseline -0.002 -16"><span class='ocrx_word' id='word_1_535' title='bbox 442 4557 645 4613; x_wconf 87' lang='lat' dir='ltr'><strong>Tamen</strong></span> <span class='ocrx_word' id='word_1_536' title='bbox 663 4558 788 4628; x_wconf 87' lang='lat' dir='ltr'><strong>quis</strong></span> <span class='ocrx_word' id='word_1_537' title='bbox 817 4557 1308 4628; x_wconf 86' lang='lat' dir='ltr'><strong>bistoriographos,</strong></span> <span class='ocrx_word' id='word_1_538' title='bbox 1339 4556 1464 4626; x_wconf 90' lang='lat' dir='ltr'><strong>quis</strong></span> <span class='ocrx_word' id='word_1_539' title='bbox 1485 4570 1581 4611; x_wconf 91' lang='lat' dir='ltr'><strong>eos</strong></span> <span class='ocrx_word' id='word_1_540' title='bbox 1606 4554 1699 4625; x_wconf 92' lang='lat' dir='ltr'><strong>qui</strong></span> <span class='ocrx_word' id='word_1_541' title='bbox 1732 4563 1951 4610; x_wconf 82' lang='lat' dir='ltr'><strong>sancto-</strong></span> <span class='ocrx_word' id='word_1_542' title='bbox 1985 4531 2032 4587; x_wconf 77' lang='grc' dir='ltr'>Ῑ)</span> <span class='ocrx_word' id='word_1_543' title='bbox 2057 4554 2393 4626; x_wconf 76' lang='lat' dir='ltr'><strong>pel-lingeret</strong></span> <span class='ocrx_word' id='word_1_544' title='bbox 2419 4562 2618 4610; x_wconf 73' lang='lat' dir='ltr'><strong>nostra:</strong></span> <span class='ocrx_word' id='word_1_545' title='bbox 2638 4552 3003 4623; x_wconf 83' lang='lat' dir='ltr'><strong>expeditionis</strong></span> <span class='ocrx_word' id='word_1_546' title='bbox 3026 4553 3322 4619; x_wconf 86' lang='lat' dir='ltr'><strong>adventus;</strong></span> <span class='ocrx_word' id='word_1_547' title='bbox 3348 4551 3442 4607; x_wconf 91' lang='lat' dir='ltr'><strong>sed</strong></span> <span class='ocrx_word' id='word_1_548' title='bbox 3468 4551 3647 4619; x_wconf 86' lang='lat' dir='ltr'><strong>nullus</strong></span> 
     </span>
    </p>
   </div>
   <div class='ocr_carea' id='block_1_76' title="bbox 376 4646 1955 4718">
    <p class='ocr_par' dir='ltr' id='par_1_76' title="bbox 376 4646 1955 4718">
     <span class='ocr_line' id='line_1_76' title="bbox 376 4646 1955 4718; baseline -0.003 -14"><span class='ocrx_word' id='word_1_549' title='bbox 376 4663 491 4704; x_wconf 90' lang='lat' dir='ltr'><strong>rum</strong></span> <span class='ocrx_word' id='word_1_550' title='bbox 521 4647 670 4703; x_wconf 84' lang='lat' dir='ltr'><strong>Vitas</strong></span> <span class='ocrx_word' id='word_1_551' title='bbox 698 4649 916 4704; x_wconf 89' lang='lat' dir='ltr'><strong>edidere</strong></span> <span class='ocrx_word' id='word_1_552' title='bbox 951 4648 1204 4718; x_wconf 79' lang='lat' dir='ltr'><strong>ambigat,</strong></span> <span class='ocrx_word' id='word_1_553' title='bbox 1240 4663 1345 4703; x_wconf 92' lang='lat' dir='ltr'><strong>non</strong></span> <span class='ocrx_word' id='word_1_554' title='bbox 1390 4646 1562 4702; x_wconf 78' lang='lat' dir='ltr'><strong>solum</strong></span> <span class='ocrx_word' id='word_1_555' title='bbox 1591 4661 1713 4717; x_wconf 81' lang='lat' dir='ltr'><strong>quae</strong></span> <span class='ocrx_word' id='word_1_556' title='bbox 1752 4646 1955 4702; x_wconf 90' lang='lat' dir='ltr'><strong>obtuti-</strong></span> 
     </span>
    </p>
   </div>
   <div class='ocr_carea' id='block_1_77' title="bbox 376 4738 1956 4810">
    <p class='ocr_par' dir='ltr' id='par_1_77' title="bbox 376 4738 1956 4810">
     <span class='ocr_line' id='line_1_77' title="bbox 376 4738 1956 4810; baseline -0.001 -17"><span class='ocrx_word' id='word_1_557' title='bbox 376 4738 492 4803; x_wconf 90' lang='lat' dir='ltr'><strong>bus,</strong></span> <span class='ocrx_word' id='word_1_558' title='bbox 526 4739 620 4794; x_wconf 82' lang='lat' dir='ltr'><strong>sed</strong></span> <span class='ocrx_word' id='word_1_559' title='bbox 651 4753 714 4794; x_wconf 90' lang='lat' dir='ltr'><strong>ea</strong></span> <span class='ocrx_word' id='word_1_560' title='bbox 739 4738 1027 4810; x_wconf 89' lang='lat' dir='ltr'><strong>scripsisse</strong></span> <span class='ocrx_word' id='word_1_561' title='bbox 1054 4752 1175 4810; x_wconf 72' lang='lat' dir='ltr'><strong>qua:</strong></span> <span class='ocrx_word' id='word_1_562' title='bbox 1209 4738 1441 4795; x_wconf 89' lang='lat' dir='ltr'><strong>aliorum</strong></span> <span class='ocrx_word' id='word_1_563' title='bbox 1474 4740 1768 4795; x_wconf 89' lang='lat' dir='ltr'><strong>hauserant</strong></span> <span class='ocrx_word' id='word_1_564' title='bbox 1795 4738 1956 4794; x_wconf 87' lang='lat' dir='ltr'><strong>intel-</strong></span> 
     </span>
    </p>
   </div>
   <div class='ocr_carea' id='block_1_78' title="bbox 376 4829 1951 4905">
    <p class='ocr_par' dir='ltr' id='par_1_78' title="bbox 376 4829 1951 4905">
     <span class='ocr_line' id='line_1_78' title="bbox 376 4829 1951 4905; baseline -0.002 -18"><span class='ocrx_word' id='word_1_565' title='bbox 376 4829 509 4887; x_wconf 82' lang='lat' dir='ltr'><strong>lecta</strong></span> <span class='ocrx_word' id='word_1_566' title='bbox 536 4830 837 4888; x_wconf 82' lang='lat' dir='ltr'><strong>relatibus?</strong></span> <span class='ocrx_word' id='word_1_567' title='bbox 862 4832 918 4887; x_wconf 88' lang='lat' dir='ltr'><strong>Si</strong></span> <span class='ocrx_word' id='word_1_568' title='bbox 941 4847 1177 4902; x_wconf 82' lang='lat' dir='ltr'><strong>namque</strong></span> <span class='ocrx_word' id='word_1_569' title='bbox 1202 4848 1393 4898; x_wconf 86' lang='lat' dir='ltr'><strong>verax,</strong></span> <span class='ocrx_word' id='word_1_570' title='bbox 1416 4841 1476 4887; x_wconf 91' lang='lat' dir='ltr'><strong>ut</strong></span> <span class='ocrx_word' id='word_1_571' title='bbox 1494 4832 1691 4905; x_wconf 88' lang='lat' dir='ltr'><strong>legitur</strong></span> <span class='ocrx_word' id='word_1_572' title='bbox 1711 4832 1951 4902; x_wconf 89' lang='lat' dir='ltr'><strong>quidam,</strong></span> 
     </span>
    </p>
   </div>
   <div class='ocr_carea' id='block_1_79' title="bbox 376 4923 1947 4997">
    <p class='ocr_par' dir='ltr' id='par_1_79' title="bbox 376 4923 1947 4997">
     <span class='ocr_line' id='line_1_79' title="bbox 376 4923 1947 4997; baseline -0.003 -17"><span class='ocrx_word' id='word_1_573' title='bbox 376 4934 459 4980; x_wconf 70' lang='lat' dir='ltr'><strong>ett</strong></span> <span class='ocrx_word' id='word_1_574' title='bbox 475 4926 617 4995; x_wconf 83' lang='lat' dir='ltr'><strong>quod</strong></span> <span class='ocrx_word' id='word_1_575' title='bbox 639 4926 772 4981; x_wconf 83' lang='lat' dir='ltr'><strong>vidit</strong></span> <span class='ocrx_word' id='word_1_576' title='bbox 791 4934 849 4983; x_wconf 90' lang='lat' dir='ltr'><strong>et</strong></span> <span class='ocrx_word' id='word_1_577' title='bbox 867 4925 1093 4992; x_wconf 77' lang='lat' dir='ltr'><strong>audivit,</strong></span> <span class='ocrx_word' id='word_1_578' title='bbox 1120 4926 1222 4981; x_wconf 92' lang='lat' dir='ltr'><strong>hoc</strong></span> <span class='ocrx_word' id='word_1_579' title='bbox 1241 4934 1466 4981; x_wconf 88' lang='lat' dir='ltr'><strong>testatur</strong></span> <span class='ocrx_word' id='word_1_580' title='bbox 1488 4925 1669 4997; x_wconf 83' lang='lat' dir='ltr'><strong>(Joan.</strong></span> <span class='ocrx_word' id='word_1_581' title='bbox 1689 4940 1769 4990; x_wconf 88' lang='lat' dir='ltr'><strong>Ill,</strong></span> <span class='ocrx_word' id='word_1_582' title='bbox 1790 4923 1905 4993; x_wconf 74' lang='lat'><strong>5&#39;2),</strong></span> <span class='ocrx_word' id='word_1_583' title='bbox 1928 4943 1947 4976; x_wconf 75' lang='grc' dir='ltr'><strong><em>ι</em></strong></span> 
     </span>
    </p>
   </div>
   <div class='ocr_carea' id='block_1_80' title="bbox 372 5017 1951 5089">
    <p class='ocr_par' dir='ltr' id='par_1_80' title="bbox 372 5017 1951 5089">
     <span class='ocr_line' id='line_1_80' title="bbox 372 5017 1951 5089; baseline -0.001 -15"><span class='ocrx_word' id='word_1_584' title='bbox 372 5019 686 5075; x_wconf 69' lang='lat' dir='ltr'><strong>authentico</strong></span> <span class='ocrx_word' id='word_1_585' title='bbox 702 5020 889 5089; x_wconf 87' lang='lat' dir='ltr'><strong>procul</strong></span> <span class='ocrx_word' id='word_1_586' title='bbox 916 5020 984 5074; x_wconf 92' lang='lat' dir='ltr'><strong>du</strong></span> <span class='ocrx_word' id='word_1_587' title='bbox 995 5019 1085 5075; x_wconf 86' lang='lat' dir='ltr'><strong>bio</strong></span> <span class='ocrx_word' id='word_1_588' title='bbox 1107 5034 1235 5075; x_wconf 89' lang='lat' dir='ltr'><strong>vera</strong></span> <span class='ocrx_word' id='word_1_589' title='bbox 1257 5019 1550 5074; x_wconf 86' lang='lat' dir='ltr'><strong>dicentium</strong></span> <span class='ocrx_word' id='word_1_590' title='bbox 1576 5019 1842 5085; x_wconf 87' lang='lat' dir='ltr'><strong>narratio,</strong></span> <span class='ocrx_word' id='word_1_591' title='bbox 1864 5017 1951 5072; x_wconf 91' lang='lat' dir='ltr'><strong>ubi</strong></span> 
     </span>
    </p>
   </div>
   <div class='ocr_carea' id='block_1_81' title="bbox 376 5111 1953 5183">
    <p class='ocr_par' dir='ltr' id='par_1_81' title="bbox 376 5111 1953 5183">
     <span class='ocr_line' id='line_1_81' title="bbox 376 5111 1953 5183; baseline 0.001 -18"><span class='ocrx_word' id='word_1_592' title='bbox 376 5111 555 5167; x_wconf 79' lang='lat' dir='ltr'><strong>videre</strong></span> <span class='ocrx_word' id='word_1_593' title='bbox 581 5128 689 5168; x_wconf 90' lang='lat' dir='ltr'><strong>non</strong></span> <span class='ocrx_word' id='word_1_594' title='bbox 736 5112 995 5183; x_wconf 88' lang='lat' dir='ltr'><strong>suppetit,</strong></span> <span class='ocrx_word' id='word_1_595' title='bbox 1028 5113 1433 5183; x_wconf 87' lang='lat' dir='ltr'><strong>comprobatur.</strong></span> <span class='ocrx_word' id='word_1_596' title='bbox 1466 5111 1524 5167; x_wconf 86' lang='lat' dir='ltr'><strong>Si</strong></span> <span class='ocrx_word' id='word_1_597' title='bbox 1552 5113 1625 5168; x_wconf 91' lang='lat' dir='ltr'><strong>sit</strong></span> <span class='ocrx_word' id='word_1_598' title='bbox 1646 5113 1831 5181; x_wconf 89' lang='lat' dir='ltr'><strong>itaque</strong></span> <span class='ocrx_word' id='word_1_599' title='bbox 1861 5112 1953 5182; x_wconf 87' lang='lat' dir='ltr'><strong>qui</strong></span> 
     </span>
    </p>
   </div>
   <div class='ocr_carea' id='block_1_82' title="bbox 378 5200 1953 5273">
    <p class='ocr_par' dir='ltr' id='par_1_82' title="bbox 378 5200 1953 5273">
     <span class='ocr_line' id='line_1_82' title="bbox 378 5200 1953 5273; baseline -0.002 -16"><span class='ocrx_word' id='word_1_600' title='bbox 378 5209 594 5270; x_wconf 81' lang='lat' dir='ltr'><strong>carpat,</strong></span> <span class='ocrx_word' id='word_1_601' title='bbox 621 5201 715 5272; x_wconf 90' lang='lat' dir='ltr'><strong>qui</strong></span> <span class='ocrx_word' id='word_1_602' title='bbox 744 5211 921 5273; x_wconf 66' lang='lat' dir='ltr'><strong>coepta</strong></span> <span class='ocrx_word' id='word_1_603' title='bbox 968 5202 1260 5271; x_wconf 88' lang='lat' dir='ltr'><strong>despiciat,</strong></span> <span class='ocrx_word' id='word_1_604' title='bbox 1289 5202 1452 5257; x_wconf 84' lang='lat' dir='ltr'><strong>habet</strong></span> <span class='ocrx_word' id='word_1_605' title='bbox 1503 5200 1687 5272; x_wconf 88' lang='lat' dir='ltr'><strong>utique</strong></span> <span class='ocrx_word' id='word_1_606' title='bbox 1729 5201 1953 5256; x_wconf 86' lang='lat' dir='ltr'><strong>liberam</strong></span> 
     </span>
    </p>
   </div>
   <div class='ocr_carea' id='block_1_83' title="bbox 379 5290 1952 5362">
    <p class='ocr_par' dir='ltr' id='par_1_83' title="bbox 379 5290 1952 5362">
     <span class='ocr_line' id='line_1_83' title="bbox 379 5290 1952 5362; baseline 0.001 -17"><span class='ocrx_word' id='word_1_607' title='bbox 379 5290 670 5361; x_wconf 81' lang='lat' dir='ltr'><strong>optionem,</strong></span> <span class='ocrx_word' id='word_1_608' title='bbox 702 5292 747 5348; x_wconf 92' lang='lat' dir='ltr'><strong>si</strong></span> <span class='ocrx_word' id='word_1_609' title='bbox 779 5293 908 5348; x_wconf 89' lang='lat' dir='ltr'><strong>velit</strong></span> <span class='ocrx_word' id='word_1_610' title='bbox 934 5302 994 5347; x_wconf 91' lang='lat' dir='ltr'><strong>ut</strong></span> <span class='ocrx_word' id='word_1_611' title='bbox 1020 5293 1292 5362; x_wconf 79' lang='lat' dir='ltr'><strong>corrigat,</strong></span> <span class='ocrx_word' id='word_1_612' title='bbox 1333 5302 1387 5347; x_wconf 89' lang='lat' dir='ltr'><strong>et</strong></span> <span class='ocrx_word' id='word_1_613' title='bbox 1415 5292 1501 5349; x_wconf 90' lang='lat' dir='ltr'><strong>cui</strong></span> <span class='ocrx_word' id='word_1_614' title='bbox 1541 5301 1727 5348; x_wconf 86' lang='lat' dir='ltr'><strong>nostra</strong></span> <span class='ocrx_word' id='word_1_615' title='bbox 1764 5290 1952 5362; x_wconf 88' lang='lat' dir='ltr'><strong>displi-</strong></span> 
     </span>
    </p>
   </div>
   <div class='ocr_carea' id='block_1_84' title="bbox 374 5384 896 5448">
    <p class='ocr_par' dir='ltr' id='par_1_84' title="bbox 374 5384 896 5448">
     <span class='ocr_line' id='line_1_84' title="bbox 374 5384 896 5448; baseline 0.002 -10"><span class='ocrx_word' id='word_1_616' title='bbox 374 5390 517 5448; x_wconf 82' lang='lat' dir='ltr'><strong>cent,</strong></span> <span class='ocrx_word' id='word_1_617' title='bbox 543 5398 641 5439; x_wconf 79' lang='lat' dir='ltr'><strong>sua</strong></span> <span class='ocrx_word' id='word_1_618' title='bbox 673 5384 896 5441; x_wconf 90' lang='lat' dir='ltr'><strong>scribat.</strong></span> 
     </span>
    </p>
   </div>
   <div class='ocr_carea' id='block_1_85' title="bbox 443 5474 1955 5543">
    <p class='ocr_par' dir='ltr' id='par_1_85' title="bbox 443 5474 1955 5543">
     <span class='ocr_line' id='line_1_85' title="bbox 443 5474 1955 5543; baseline 0.002 -13"><span class='ocrx_word' id='word_1_619' title='bbox 443 5474 719 5533; x_wconf 80' lang='lat' dir='ltr'><strong>Introeunt</strong></span> <span class='ocrx_word' id='word_1_620' title='bbox 757 5477 1061 5533; x_wconf 80' lang='lat' dir='ltr'><strong>Armeniam</strong></span> <span class='ocrx_word' id='word_1_621' title='bbox 1114 5477 1474 5543; x_wconf 79' lang='lat' dir='ltr'><strong>Raimundus,</strong></span> <span class='ocrx_word' id='word_1_622' title='bbox 1524 5476 1861 5532; x_wconf 79' lang='lat' dir='ltr'><strong>Boemundus</strong></span> <span class='ocrx_word' id='word_1_623' title='bbox 1906 5486 1955 5533; x_wconf 72' lang='lat' dir='ltr'><strong>et</strong></span> 
     </span>
    </p>
   </div>
   <div class='ocr_carea' id='block_1_86' title="bbox 375 5565 1956 5643">
    <p class='ocr_par' dir='ltr' id='par_1_86' title="bbox 375 5565 1956 5643">
     <span class='ocr_line' id='line_1_86' title="bbox 375 5565 1956 5643; baseline 0.001 -19"><span class='ocrx_word' id='word_1_624' title='bbox 375 5565 714 5636; x_wconf 72' lang='lat' dir='ltr'><strong>Godefridus.</strong></span> <span class='ocrx_word' id='word_1_625' title='bbox 748 5571 944 5626; x_wconf 65' lang='lat' dir='ltr'><strong>Deinde</strong></span> <span class='ocrx_word' id='word_1_626' title='bbox 982 5570 1280 5627; x_wconf 62' lang='lat' dir='ltr'><strong>Caesaream</strong></span> <span class='ocrx_word' id='word_1_627' title='bbox 1312 5570 1678 5643; x_wconf 78' lang='lat' dir='ltr'><strong>Cappadociw.</strong></span> <span class='ocrx_word' id='word_1_628' title='bbox 1702 5603 1771 5610; x_wconf 90' lang='lat'><strong><em>—</em></strong></span> <span class='ocrx_word' id='word_1_629' title='bbox 1791 5572 1956 5642; x_wconf 78' lang='lat' dir='ltr'><strong>Igitur</strong></span> 
     </span>
    </p>
   </div>
   <div class='ocr_carea' id='block_1_87' title="bbox 379 5660 1951 5736">
    <p class='ocr_par' dir='ltr' id='par_1_87' title="bbox 379 5660 1951 5736">
     <span class='ocr_line' id='line_1_87' title="bbox 379 5660 1951 5736; baseline 0.004 -22"><span class='ocrx_word' id='word_1_630' title='bbox 379 5660 683 5717; x_wconf 81' lang='lat' dir='ltr'><strong>Douiinicus</strong></span> <span class='ocrx_word' id='word_1_631' title='bbox 719 5665 993 5720; x_wconf 76' lang='lat' dir='ltr'><strong>exercitus</strong></span> <span class='ocrx_word' id='word_1_632' title='bbox 1023 5681 1146 5719; x_wconf 88' lang='lat' dir='ltr'><strong>cum</strong></span> <span class='ocrx_word' id='word_1_633' title='bbox 1179 5666 1406 5722; x_wconf 92' lang='lat' dir='ltr'><strong>ducibus</strong></span> <span class='ocrx_word' id='word_1_634' title='bbox 1436 5665 1577 5731; x_wconf 87' lang='lat' dir='ltr'><strong>suis,</strong></span> <span class='ocrx_word' id='word_1_635' title='bbox 1611 5664 1951 5736; x_wconf 80' lang='lat' dir='ltr'><strong>Raymundo,</strong></span> 
     </span>
    </p>
   </div>
   <div class='ocr_carea' id='block_1_88' title="bbox 381 5755 1953 5829">
    <p class='ocr_par' dir='ltr' id='par_1_88' title="bbox 381 5755 1953 5829">
     <span class='ocr_line' id='line_1_88' title="bbox 381 5755 1953 5829; baseline 0.001 -18"><span class='ocrx_word' id='word_1_636' title='bbox 381 5755 557 5811; x_wconf 86' lang='lat' dir='ltr'><strong>Sancti</strong></span> <span class='ocrx_word' id='word_1_637' title='bbox 587 5757 759 5828; x_wconf 81' lang='lat' dir='ltr'><strong>Egidii</strong></span> <span class='ocrx_word' id='word_1_638' title='bbox 796 5758 1014 5823; x_wconf 90' lang='lat' dir='ltr'><strong>comite,</strong></span> <span class='ocrx_word' id='word_1_639' title='bbox 1063 5757 1374 5813; x_wconf 87' lang='lat' dir='ltr'><strong>Boemundo</strong></span> <span class='ocrx_word' id='word_1_640' title='bbox 1422 5768 1587 5829; x_wconf 80' lang='lat' dir='ltr'><strong>atque</strong></span> <span class='ocrx_word' id='word_1_641' title='bbox 1636 5757 1953 5825; x_wconf 80' lang='lat' dir='ltr'><strong>Godefrido,</strong></span> 
     </span>
    </p>
   </div>
   <div class='ocr_carea' id='block_1_89' title="bbox 381 5847 1955 5923">
    <p class='ocr_par' dir='ltr' id='par_1_89' title="bbox 381 5847 1955 5923">
     <span class='ocr_line' id='line_1_89' title="bbox 381 5847 1955 5923; baseline 0.002 -20"><span class='ocrx_word' id='word_1_642' title='bbox 381 5847 602 5921; x_wconf 89' lang='lat' dir='ltr'><strong>aliisque</strong></span> <span class='ocrx_word' id='word_1_643' title='bbox 651 5848 1064 5922; x_wconf 83' lang='lat' dir='ltr'><strong>quampluribus</strong></span> <span class='ocrx_word' id='word_1_644' title='bbox 1116 5850 1432 5908; x_wconf 83' lang='lat' dir='ltr'><strong>Armeniam</strong></span> <span class='ocrx_word' id='word_1_645' title='bbox 1492 5851 1832 5923; x_wconf 83' lang='lat' dir='ltr'><strong>ingreditur,</strong></span> <span class='ocrx_word' id='word_1_646' title='bbox 1888 5851 1955 5907; x_wconf 88' lang='lat' dir='ltr'><strong>de</strong></span> 
     </span>
    </p>
   </div>
   <div class='ocr_carea' id='block_1_90' title="bbox 2056 4644 3649 4718">
    <p class='ocr_par' dir='ltr' id='par_1_90' title="bbox 2056 4644 3649 4718">
     <span class='ocr_line' id='line_1_90' title="bbox 2056 4644 3649 4718; baseline -0.001 -17"><span class='ocrx_word' id='word_1_647' title='bbox 2056 4648 2138 4703; x_wconf 87' lang='lat' dir='ltr'><strong>eis</strong></span> <span class='ocrx_word' id='word_1_648' title='bbox 2165 4646 2465 4702; x_wconf 89' lang='lat' dir='ltr'><strong>obsidendo</strong></span> <span class='ocrx_word' id='word_1_649' title='bbox 2496 4645 2745 4718; x_wconf 88' lang='lat' dir='ltr'><strong>provenit</strong></span> <span class='ocrx_word' id='word_1_650' title='bbox 2772 4644 3017 4701; x_wconf 73' lang='lat' dir='ltr'><strong>eliectus.</strong></span> <span class='ocrx_word' id='word_1_651' title='bbox 3069 4644 3282 4701; x_wconf 88' lang='lat' dir='ltr'><strong>Nostris</strong></span> <span class='ocrx_word' id='word_1_652' title='bbox 3314 4660 3445 4718; x_wconf 87' lang='lat' dir='ltr'><strong>ergo</strong></span> <span class='ocrx_word' id='word_1_653' title='bbox 3487 4645 3649 4700; x_wconf 84' lang='lat' dir='ltr'><strong>adve-</strong></span> 
     </span>
    </p>
   </div>
   <div class='ocr_carea' id='block_1_91' title="bbox 2055 4738 3640 4810">
    <p class='ocr_par' dir='ltr' id='par_1_91' title="bbox 2055 4738 3640 4810">
     <span class='ocr_line' id='line_1_91' title="bbox 2055 4738 3640 4810; baseline -0.005 -12"><span class='ocrx_word' id='word_1_654' title='bbox 2055 4740 2350 4805; x_wconf 90' lang='lat' dir='ltr'><strong>nientibus,</strong></span> <span class='ocrx_word' id='word_1_655' title='bbox 2388 4756 2486 4795; x_wconf 89' lang='lat' dir='ltr'><strong>sua</strong></span> <span class='ocrx_word' id='word_1_656' title='bbox 2514 4740 2755 4810; x_wconf 90' lang='lat' dir='ltr'><strong>ipsorum</strong></span> <span class='ocrx_word' id='word_1_657' title='bbox 2798 4738 3075 4794; x_wconf 87' lang='lat' dir='ltr'><strong>deditione</strong></span> <span class='ocrx_word' id='word_1_658' title='bbox 3124 4738 3350 4807; x_wconf 90' lang='lat' dir='ltr'><strong>civium,</strong></span> <span class='ocrx_word' id='word_1_659' title='bbox 3392 4738 3521 4793; x_wconf 90' lang='lat' dir='ltr'><strong>urbs</strong></span> <span class='ocrx_word' id='word_1_660' title='bbox 3548 4751 3640 4791; x_wconf 85' lang='lat' dir='ltr'><strong>ea-</strong></span> 
     </span>
    </p>
   </div>
   <div class='ocr_carea' id='block_1_92' title="bbox 2057 4830 3647 4905">
    <p class='ocr_par' dir='ltr' id='par_1_92' title="bbox 2057 4830 3647 4905">
     <span class='ocr_line' id='line_1_92' title="bbox 2057 4830 3647 4905; baseline -0.003 -14"><span class='ocrx_word' id='word_1_661' title='bbox 2057 4837 2178 4892; x_wconf 90' lang='lat' dir='ltr'><strong>dem</strong></span> <span class='ocrx_word' id='word_1_662' title='bbox 2211 4843 2466 4905; x_wconf 86' lang='lat' dir='ltr'><strong>suscepta</strong></span> <span class='ocrx_word' id='word_1_663' title='bbox 2501 4842 2605 4890; x_wconf 90' lang='lat' dir='ltr'><strong>est.</strong></span> <span class='ocrx_word' id='word_1_664' title='bbox 2651 4831 2803 4888; x_wconf 86' lang='lat' dir='ltr'><strong>Hanc</strong></span> <span class='ocrx_word' id='word_1_665' title='bbox 2840 4847 3006 4903; x_wconf 85' lang='lat' dir='ltr'><strong>eques</strong></span> <span class='ocrx_word' id='word_1_666' title='bbox 3036 4834 3275 4904; x_wconf 90' lang='lat' dir='ltr'><strong>quidam,</strong></span> <span class='ocrx_word' id='word_1_667' title='bbox 3323 4831 3414 4903; x_wconf 91' lang='lat' dir='ltr'><strong>qui</strong></span> <span class='ocrx_word' id='word_1_668' title='bbox 3450 4830 3647 4886; x_wconf 86' lang='lat' dir='ltr'><strong>Petrus</strong></span> 
     </span>
    </p>
   </div>
   <div class='ocr_carea' id='block_1_93' title="bbox 2056 4920 3647 4998">
    <p class='ocr_par' dir='ltr' id='par_1_93' title="bbox 2056 4920 3647 4998">
     <span class='ocr_line' id='line_1_93' title="bbox 2056 4920 3647 4998; baseline -0.005 -16"><span class='ocrx_word' id='word_1_669' title='bbox 2056 4927 2122 4982; x_wconf 91' lang='lat' dir='ltr'><strong>de</strong></span> <span class='ocrx_word' id='word_1_670' title='bbox 2156 4926 2380 4998; x_wconf 84' lang='lat' dir='ltr'><strong>Alpibus</strong></span> <span class='ocrx_word' id='word_1_671' title='bbox 2406 4926 2722 4993; x_wconf 90' lang='lat' dir='ltr'><strong>vocabatur,</strong></span> <span class='ocrx_word' id='word_1_672' title='bbox 2752 4940 2785 4979; x_wconf 90' lang='lat' dir='ltr'><strong>a</strong></span> <span class='ocrx_word' id='word_1_673' title='bbox 2814 4923 3150 4994; x_wconf 85' lang='lat' dir='ltr'><strong>principibus</strong></span> <span class='ocrx_word' id='word_1_674' title='bbox 3191 4922 3438 4993; x_wconf 88' lang='lat' dir='ltr'><strong>precario</strong></span> <span class='ocrx_word' id='word_1_675' title='bbox 3465 4920 3647 4986; x_wconf 76' lang='lat' dir='ltr'><strong>exegit</strong></span> 
     </span>
    </p>
   </div>
   <div class='ocr_carea' id='block_1_94' title="bbox 2056 5016 3649 5090">
    <p class='ocr_par' dir='ltr' id='par_1_94' title="bbox 2056 5016 3649 5090">
     <span class='ocr_line' id='line_1_94' title="bbox 2056 5016 3649 5090; baseline -0.006 -17"><span class='ocrx_word' id='word_1_676' title='bbox 2056 5030 2327 5090; x_wconf 85' lang='lat' dir='ltr'><strong>quatenus</strong></span> <span class='ocrx_word' id='word_1_677' title='bbox 2351 5028 2614 5090; x_wconf 89' lang='lat' dir='ltr'><strong>quantum</strong></span> <span class='ocrx_word' id='word_1_678' title='bbox 2641 5019 2707 5073; x_wconf 88' lang='lat' dir='ltr'><strong>ad</strong></span> <span class='ocrx_word' id='word_1_679' title='bbox 2732 5018 3077 5088; x_wconf 90' lang='lat' dir='ltr'><strong>imperatoris</strong></span> <span class='ocrx_word' id='word_1_680' title='bbox 3110 5016 3285 5071; x_wconf 53' lang='lat' dir='ltr'><strong>Graeci</strong></span> <span class='ocrx_word' id='word_1_681' title='bbox 3310 5055 3325 5083; x_wconf 94' lang='lat'><strong>,</strong></span> <span class='ocrx_word' id='word_1_682' title='bbox 3370 5030 3433 5069; x_wconf 91' lang='lat' dir='ltr'><strong>ac</strong></span> <span class='ocrx_word' id='word_1_683' title='bbox 3459 5027 3649 5085; x_wconf 88' lang='lat' dir='ltr'><strong>procc-</strong></span> 
     </span>
    </p>
   </div>
   <div class='ocr_carea' id='block_1_95' title="bbox 2056 5105 3645 5181">
    <p class='ocr_par' dir='ltr' id='par_1_95' title="bbox 2056 5105 3645 5181">
     <span class='ocr_line' id='line_1_95' title="bbox 2056 5105 3645 5181; baseline -0.006 -14"><span class='ocrx_word' id='word_1_684' title='bbox 2056 5128 2176 5168; x_wconf 84' lang='lat' dir='ltr'><strong>rum</strong></span> <span class='ocrx_word' id='word_1_685' title='bbox 2208 5112 2365 5166; x_wconf 85' lang='lat' dir='ltr'><strong>ﬁdem</strong></span> <span class='ocrx_word' id='word_1_686' title='bbox 2392 5122 2698 5165; x_wconf 88' lang='lat' dir='ltr'><strong>nostrorum</strong></span> <span class='ocrx_word' id='word_1_687' title='bbox 2735 5120 2967 5181; x_wconf 83' lang='lat' dir='ltr'><strong>spectat,</strong></span> <span class='ocrx_word' id='word_1_688' title='bbox 3002 5108 3317 5164; x_wconf 78' lang='lat' dir='ltr'><strong>defenderet</strong></span> <span class='ocrx_word' id='word_1_689' title='bbox 3347 5105 3645 5177; x_wconf 79' lang='lat' dir='ltr'><strong>regionem,</strong></span> 
     </span>
    </p>
   </div>
   <div class='ocr_carea' id='block_1_96' title="bbox 2054 5196 3648 5270">
    <p class='ocr_par' dir='ltr' id='par_1_96' title="bbox 2054 5196 3648 5270">
     <span class='ocr_line' id='line_1_96' title="bbox 2054 5196 3648 5270; baseline -0.006 -10"><span class='ocrx_word' id='word_1_690' title='bbox 2054 5205 2163 5270; x_wconf 89' lang='lat' dir='ltr'><strong>cui,</strong></span> <span class='ocrx_word' id='word_1_691' title='bbox 2204 5219 2326 5259; x_wconf 89' lang='lat' dir='ltr'><strong>cum</strong></span> <span class='ocrx_word' id='word_1_692' title='bbox 2372 5204 2540 5259; x_wconf 89' lang='lat' dir='ltr'><strong>nimio</strong></span> <span class='ocrx_word' id='word_1_693' title='bbox 2576 5202 2808 5269; x_wconf 84' lang='lat' dir='ltr'><strong>all&#39;ectu,</strong></span> <span class='ocrx_word' id='word_1_694' title='bbox 2844 5202 2921 5257; x_wconf 90' lang='lat' dir='ltr'><strong>uti</strong></span> <span class='ocrx_word' id='word_1_695' title='bbox 2972 5199 3207 5254; x_wconf 73' lang='lat' dir='ltr'><strong>ﬁdelitas</strong></span> <span class='ocrx_word' id='word_1_696' title='bbox 3255 5196 3648 5267; x_wconf 88' lang='lat' dir='ltr'><strong>interpellantis</strong></span> 
     </span>
    </p>
   </div>
   <div class='ocr_carea' id='block_1_97' title="bbox 2056 5292 3646 5362">
    <p class='ocr_par' dir='ltr' id='par_1_97' title="bbox 2056 5292 3646 5362">
     <span class='ocr_line' id='line_1_97' title="bbox 2056 5292 3646 5362; baseline -0.007 -9"><span class='ocrx_word' id='word_1_697' title='bbox 2056 5299 2430 5362; x_wconf 88' lang='lat' dir='ltr'><strong>emerebatur,</strong></span> <span class='ocrx_word' id='word_1_698' title='bbox 2476 5296 2683 5351; x_wconf 90' lang='lat' dir='ltr'><strong>indulta</strong></span> <span class='ocrx_word' id='word_1_699' title='bbox 2732 5304 2834 5350; x_wconf 80' lang='lat' dir='ltr'><strong>est.</strong></span> <span class='ocrx_word' id='word_1_700' title='bbox 2892 5293 3008 5349; x_wconf 79' lang='lat' dir='ltr'><strong>Nox</strong></span> <span class='ocrx_word' id='word_1_701' title='bbox 3039 5292 3144 5348; x_wconf 90' lang='lat' dir='ltr'><strong>dici</strong></span> <span class='ocrx_word' id='word_1_702' title='bbox 3192 5292 3270 5346; x_wconf 91' lang='lat' dir='ltr'><strong>illi</strong></span> <span class='ocrx_word' id='word_1_703' title='bbox 3307 5297 3646 5355; x_wconf 84' lang='lat' dir='ltr'><strong>accesserat,</strong></span> 
     </span>
    </p>
   </div>
   <div class='ocr_carea' id='block_1_98' title="bbox 2057 5382 3646 5456">
    <p class='ocr_par' dir='ltr' id='par_1_98' title="bbox 2057 5382 3646 5456">
     <span class='ocr_line' id='line_1_98' title="bbox 2057 5382 3646 5456; baseline -0.007 -11"><span class='ocrx_word' id='word_1_704' title='bbox 2057 5391 2375 5446; x_wconf 88' lang='lat' dir='ltr'><strong>Boemundo</strong></span> <span class='ocrx_word' id='word_1_705' title='bbox 2424 5390 2665 5444; x_wconf 90' lang='lat' dir='ltr'><strong>auditum</strong></span> <span class='ocrx_word' id='word_1_706' title='bbox 2697 5397 2810 5454; x_wconf 90' lang='lat' dir='ltr'><strong>est,</strong></span> <span class='ocrx_word' id='word_1_707' title='bbox 2864 5387 3008 5456; x_wconf 89' lang='lat' dir='ltr'><strong>quod</strong></span> <span class='ocrx_word' id='word_1_708' title='bbox 3058 5386 3277 5451; x_wconf 88' lang='lat' dir='ltr'><strong>hostes,</strong></span> <span class='ocrx_word' id='word_1_709' title='bbox 3307 5382 3396 5453; x_wconf 92' lang='lat' dir='ltr'><strong>qui</strong></span> <span class='ocrx_word' id='word_1_710' title='bbox 3439 5382 3646 5453; x_wconf 90' lang='lat' dir='ltr'><strong>pridem</strong></span> 
     </span>
    </p>
   </div>
   <div class='ocr_carea' id='block_1_99' title="bbox 2056 5468 3649 5547">
    <p class='ocr_par' dir='ltr' id='par_1_99' title="bbox 2056 5468 3649 5547">
     <span class='ocr_line' id='line_1_99' title="bbox 2056 5468 3649 5547; baseline -0.005 -11"><span class='ocrx_word' id='word_1_711' title='bbox 2056 5482 2249 5537; x_wconf 89' lang='lat' dir='ltr'><strong>urbem</strong></span> <span class='ocrx_word' id='word_1_712' title='bbox 2288 5480 2433 5535; x_wconf 90' lang='lat' dir='ltr'><strong>illam</strong></span> <span class='ocrx_word' id='word_1_713' title='bbox 2487 5480 2839 5547; x_wconf 88' lang='lat' dir='ltr'><strong>obsederant,</strong></span> <span class='ocrx_word' id='word_1_714' title='bbox 2864 5478 3106 5544; x_wconf 89' lang='lat' dir='ltr'><strong>crebris,</strong></span> <span class='ocrx_word' id='word_1_715' title='bbox 3158 5476 3252 5533; x_wconf 86' lang='lat' dir='ltr'><strong>sed</strong></span> <span class='ocrx_word' id='word_1_716' title='bbox 3298 5492 3407 5532; x_wconf 91' lang='lat' dir='ltr'><strong>non</strong></span> <span class='ocrx_word' id='word_1_717' title='bbox 3441 5468 3649 5544; x_wconf 86' lang='lat' dir='ltr'><strong>magnis</strong></span> 
     </span>
    </p>
   </div>
   <div class='ocr_carea' id='block_1_100' title="bbox 2056 5567 3647 5644">
    <p class='ocr_par' dir='ltr' id='par_1_100' title="bbox 2056 5567 3647 5644">
     <span class='ocr_line' id='line_1_100' title="bbox 2056 5567 3647 5644; baseline -0.007 -17"><span class='ocrx_word' id='word_1_718' title='bbox 2056 5574 2490 5644; x_wconf 82' lang='lat' dir='ltr'><strong>proniotionibus</strong></span> <span class='ocrx_word' id='word_1_719' title='bbox 2519 5573 2933 5642; x_wconf 85' lang='lat' dir='ltr'><strong>subsequentes,</strong></span> <span class='ocrx_word' id='word_1_720' title='bbox 2989 5579 3207 5627; x_wconf 87' lang='lat' dir='ltr'><strong>nostros</strong></span> <span class='ocrx_word' id='word_1_721' title='bbox 3253 5567 3647 5640; x_wconf 66' lang='lat' dir='ltr'><strong>praecederent.</strong></span> 
     </span>
    </p>
   </div>
   <div class='ocr_carea' id='block_1_101' title="bbox 2057 5659 3651 5734">
    <p class='ocr_par' dir='ltr' id='par_1_101' title="bbox 2057 5659 3651 5734">
     <span class='ocr_line' id='line_1_101' title="bbox 2057 5659 3651 5734; baseline -0.009 -12"><span class='ocrx_word' id='word_1_722' title='bbox 2057 5665 2357 5721; x_wconf 86' lang='lat' dir='ltr'><strong>Contentus</strong></span> <span class='ocrx_word' id='word_1_723' title='bbox 2389 5665 2571 5734; x_wconf 84' lang='lat' dir='ltr'><strong>itaque</strong></span> <span class='ocrx_word' id='word_1_724' title='bbox 2598 5664 2713 5719; x_wconf 87' lang='lat' dir='ltr'><strong>sola</strong></span> <span class='ocrx_word' id='word_1_725' title='bbox 2746 5663 2848 5718; x_wconf 82' lang='lat' dir='ltr'><strong>sibi</strong></span> <span class='ocrx_word' id='word_1_726' title='bbox 2878 5662 3264 5734; x_wconf 85' lang='lat' dir='ltr'><strong>pertinentium</strong></span> <span class='ocrx_word' id='word_1_727' title='bbox 3301 5659 3531 5714; x_wconf 87' lang='lat' dir='ltr'><strong>militum</strong></span> <span class='ocrx_word' id='word_1_728' title='bbox 3559 5670 3651 5709; x_wconf 88' lang='lat' dir='ltr'><strong>c0-</strong></span> 
     </span>
    </p>
   </div>
   <div class='ocr_carea' id='block_1_102' title="bbox 2060 5755 3650 5829">
    <p class='ocr_par' dir='ltr' id='par_1_102' title="bbox 2060 5755 3650 5829">
     <span class='ocr_line' id='line_1_102' title="bbox 2060 5755 3650 5829; baseline -0.009 -15"><span class='ocrx_word' id='word_1_729' title='bbox 2060 5760 2233 5823; x_wconf 90' lang='lat' dir='ltr'><strong>mitia,</strong></span> <span class='ocrx_word' id='word_1_730' title='bbox 2262 5758 2582 5829; x_wconf 76' lang='lat' dir='ltr'><strong>praecessit;</strong></span> <span class='ocrx_word' id='word_1_731' title='bbox 2612 5757 2708 5813; x_wconf 88' lang='lat' dir='ltr'><strong>sed</strong></span> <span class='ocrx_word' id='word_1_732' title='bbox 2733 5773 2827 5814; x_wconf 90' lang='lat' dir='ltr'><strong>eos</strong></span> <span class='ocrx_word' id='word_1_733' title='bbox 2861 5756 2953 5828; x_wconf 91' lang='lat' dir='ltr'><strong>qui</strong></span> <span class='ocrx_word' id='word_1_734' title='bbox 2983 5755 3394 5826; x_wconf 57' lang='lat' dir='ltr'><strong>quaerebantur,</strong></span> <span class='ocrx_word' id='word_1_735' title='bbox 3424 5766 3529 5805; x_wconf 90' lang='lat' dir='ltr'><strong>non</strong></span> <span class='ocrx_word' id='word_1_736' title='bbox 3563 5761 3650 5800; x_wconf 89' lang='lat' dir='ltr'><strong>re-</strong></span> 
     </span>
    </p>
   </div>
   <div class='ocr_carea' id='block_1_103' title="bbox 2057 5835 3650 5927">
    <p class='ocr_par' dir='ltr' id='par_1_103' title="bbox 2057 5835 3650 5927">
     <span class='ocr_line' id='line_1_103' title="bbox 2057 5835 3650 5927; baseline -0.012 -18"><span class='ocrx_word' id='word_1_737' title='bbox 2057 5852 2220 5927; x_wconf 89' lang='lat' dir='ltr'><strong>perit.</strong></span> <span class='ocrx_word' id='word_1_738' title='bbox 2258 5850 2456 5909; x_wconf 82' lang='lat' dir='ltr'><strong>Urbem</strong></span> <span class='ocrx_word' id='word_1_739' title='bbox 2482 5864 2721 5923; x_wconf 88' lang='lat' dir='ltr'><strong>quoque,</strong></span> <span class='ocrx_word' id='word_1_740' title='bbox 2763 5863 2882 5913; x_wconf 83' lang='lat' dir='ltr'><strong>quae</strong></span> <span class='ocrx_word' id='word_1_741' title='bbox 2921 5847 3109 5905; x_wconf 77' lang='lat' dir='ltr'><strong>Coxon</strong></span> <span class='ocrx_word' id='word_1_742' title='bbox 3139 5842 3282 5907; x_wconf 77' lang='lat' dir='ltr'><strong>auud</strong></span> <span class='ocrx_word' id='word_1_743' title='bbox 3310 5855 3406 5901; x_wconf 83' lang='lat' dir='ltr'><strong>eos</strong></span> <span class='ocrx_word' id='word_1_744' title='bbox 3430 5835 3650 5905; x_wconf 79' lang='lat' dir='ltr'><strong>dicitur,</strong></span> 
     </span>
    </p>
   </div>
  </div>
