4012 6346
526 311 630 367 731

1379 307 1444 363 ν.
1482 305 1808 365 GUIBERTI
1844 305 2136 365 ABBATlS
2170 305 2231 365 S.
2273 306 2515 364 MARIIE
2554 306 2646 363 DE
2683 302 3089 363 NOVIGENTO

3687 306 3759 367 759

525 423 826 495 attingunt;
854 421 943 478 ubi
969 434 1174 488 earum,
1198 434 1317 491 quae
1341 421 1459 476 usui
1483 421 1685 478 habilia
1705 431 1882 491 erant,
1916 438 2096 479 rerum
2127 424 2176 482 A
2199 430 2246 478 et
2273 433 2590 496 expugnant.
2623 454 2695 464 --
2740 422 2982 494 Denique
3006 417 3374 493 perveniunt
3400 418 3455 474 in
3486 418 3570 475 illa
3597 437 3765 496 campe.

523 515 815 589 plurimam
832 513 1162 585 opulentiam
1187 513 1671 584 repererunt.Loci
1700 530 1831 586 ergo
1859 516 2001 571 illius
2024 516 2106 570 in-

526 614 755 686 digenae,
785 611 926 666 intra
952 609 1192 665 civitatis
1217 618 1423 678 portas,
1458 610 1663 665 nostris
1709 620 1987 680 gratanter
2011 612 2110 667 ad-

525 705 732 771 missis,
759 703 920 758 trium
934 702 1056 759 illo‘s
1084 702 1295 760 dierum
1320 710 1626 775 opportuna
1649 703 1785 760 satis
1812 703 2109 760 refectione

523 797 853 856 confortant.
1546 808 1549 811 ν

592 888 704 964 [ΙΙ.]
719 888 881 944 Audit
894 897 1156 961 prreterea
1170 887 1358 943 Sancti
1373 888 1553 960 Egidii
1574 902 1757 945 comes
1772 887 2001 955 Turcos,
2014 886 2108 958 qui

520 980 870 1038 Antiocheam
881 980 1001 1036 urbi
1017 992 1414 1037 consueverant
1425 992 1683 1052 praestare
1694 980 2022 1048 custodiam,
2037 980 2107 1036 ab

524 1072 646 1145 ejus
683 1074 988 1130 decessisse
1035 1074 1316 1143 praesidio;
1364 1083 1684 1144 partemque
1714 1073 1797 1129 sui
1825 1072 2108 1145 praemittit

519 1167 832 1232 exercitus,
872 1166 964 1237 qui
1007 1181 1127 1222 eam
1177 1167 1461 1222 obtineant
1506 1176 1562 1221 et
1603 1166 1844 1222 dominio
1890 1174 2110 1222 servent

518 1257 659 1328 ejus.
690 1258 896 1314 Electis
946 1258 1110 1330 igitur
1148 1258 1214 1314 de
1242 1258 1474 1328 propriae
1522 1256 1733 1312 militias
1776 1257 2106 1328 primoribus

521 1359 782 1422 quatuor,
809 1366 1038 1421 quorum
1090 1351 1262 1406 tribus
1306 1351 1449 1407 idem
1480 1350 1678 1417 inerat,
1701 1349 1909 1406 scilicet
1938 1349 2104 1418 Petri,

518 1442 877 1510 vocabulum,
933 1452 1163 1515 quartus
1198 1442 1522 1499 Guillelmus
1578 1442 1646 1497 de
1674 1440 1854 1497 Monte
1893 1439 2107 1496 Pislerii

521 1535 822 1600 dicebatur,
854 1535 946 1605 qui
976 1543 1028 1591 et
1063 1535 1204 1606 apud
1242 1551 1342 1591 nos
1380 1534 1549 1590 armis
1576 1532 1843 1589 celebrior
1870 1532 2109 1587 habeba-

520 1636 628 1692 tur,
660 1628 867 1699 dirigit,
896 1641 991 1684 eos
1022 1628 1114 1683 illo
1142 1644 1265 1683 cum
1296 1628 1607 1699 quingentis
1627 1625 1920 1697 equitibus.
1952 1623 2107 1680 Haud

515 1719 711 1790 procul
733 1719 920 1790 itaque
946 1722 1015 1775 ab
1040 1720 1179 1775 urbe
1197 1720 1480 1790 praedicta,
1496 1719 1691 1775 vallem
1713 1718 1940 1783 intrant,
1969 1723 2025 1771 et
2052 1715 2108 1770 in

516 1807 635 1879 ipsa
662 1808 803 1864 valle
834 1819 1074 1865 castrum
1113 1811 1411 1881 reperiunt,
1439 1819 1495 1865 et
1523 1810 1724 1866 ibidem
1747 1807 1958 1864 civitati
1998 1807 2111 1861 An-
2139 1802 2184 1859 B

517 1900 817 1969 tiochenae,
841 1900 1049 1959 Turcos
1078 1918 1203 1960 cum
1231 1919 1397 1959 manu
1442 1903 1661 1975 copiosa
1692 1900 1988 1973 praesidere
2014 1916 2109 1957 au-

518 1992 697 2049 diunt.
728 1992 874 2060 Quos
899 1996 1063 2050 etiam
1109 1996 1349 2052 maximo
1378 2008 1640 2067 apparatu
1670 2004 1723 2050 et
1752 2010 2024 2050 armorum
2053 2005 2108 2050 et

516 2082 797 2142 hominum
830 2101 953 2143 sese
983 2087 1258 2145 instruere
1284 2098 1473 2146 contra
1504 2089 1767 2157 Francos,
1806 2090 1851 2145 si
1890 2090 2106 2160 quando

514 2176 621 2233 sibi
653 2176 991 2249 ingruerint,
1019 2180 1325 2236 addiscunt.
1356 2180 1551 2236 Petrus
1574 2196 1723 2253 ergo,
1761 2195 1903 2236 unus
1927 2194 1995 2235 ex
2020 2178 2105 2234 his

514 2285 652 2342 quos
673 2273 923 2343 superius
947 2273 1141 2331 Petros
1160 2274 1327 2346 396
1344 2274 1528 2330 vocari
1548 2273 1807 2339 diximus,
1826 2273 1913 2329 cui
1941 2272 2106 2328 etiam

517 2379 785 2436 agnomen
817 2382 848 2421 a
895 2366 1037 2433 loco,
1065 2367 1159 2439 qui
1191 2367 1369 2423 Roasa
1397 2368 1616 2434 dicitur,
1647 2367 1851 2431 fuerat,
1881 2382 1910 2421 a
1932 2366 2107 2421 socio-

516 2471 637 2511 rum
666 2466 812 2513 ctetu
844 2473 904 2513 se
941 2459 1223 2526 dividens,
1253 2460 1401 2515 urbis
1451 2459 1731 2528 cujusdam
1770 2474 1886 2528 quae
1932 2458 2106 2529 Regia

516 2546 738 2612 dicitur,
771 2548 969 2603 vallem
1002 2549 1329 2621 ingreditur,
1363 2551 1680 2606 et-inventis
1718 2550 1912 2605 Turcis
1941 2549 2103 2604 Sara-

516 2638 811 2710 cenisque,
868 2656 994 2697 cum
1052 2641 1133 2698 eis
1190 2642 1569 2714 congreditur,
1625 2651 1710 2709 et,
1767 2642 2107 2713 interemptis

517 2744 705 2785 eorum
732 2730 1171 2802 quamplurimis,
1205 2734 1338 2789 alios
1378 2733 1742 2804 persequitur.
1774 2734 1888 2789 Hoc
1916 2734 2109 2789 Arme-

516 2818 593 2875 nii
618 2820 981 2890 attendentes,
1014 2832 1071 2879 et
1096 2824 1161 2879 de
1188 2824 1289 2879 viri
1323 2824 1638 2881 fortitudine
1655 2824 1958 2898 jucundati,
1984 2839 2108 2895 pro-

516 2919 642 2981 pter
678 2912 953 2969 insolitam
991 2915 1282 2971 adversum
1324 2915 1533 2972 Turcos
1566 2916 1883 2983 audaciam,
1918 2915 2110 2970 ditioni

516 3002 666 3061 illius
689 3021 748 3061 se
778 3007 1117 3078 mancipant.
1168 3006 1280 3064 Nec
1306 3024 1482 3076 mora,
1509 3009 1721 3066 cuidam
1744 3009 1905 3065 Busae
1931 3007 2107 3063 nomi-

516 3108 586 3150 ne
647 3096 879 3165 civitati,
927 3098 1297 3154 habitatorum
1342 3100 1639 3168 deditione,
1686 3099 2019 3171 praeﬁcitur;
2053 3099 2107 3155 in

517 3187 790 3261 plerisque
815 3160 1001 3247 itidem
1026 3193 1263 3249 castellis
1290 3194 1580 3265 excipitur.
1624 3160 1637 3168 '
1687 3160 1705 3171 ⁸
2005 3160 2016 3167 ’
2100 3216 2101 3219 η
2135 3160 2178 3218 (ἶ

534 3306 537 3309 λ
587 3279 875 3337 Exercitus
919 3292 1103 3339 autem
1158 3285 1435 3350 residuus,
1495 3301 1525 3340 a
1562 3284 1768 3353 Coxon,
1806 3284 1895 3341 illa
1946 3290 2108 3355 quam

517 3372 759 3431 diximus
788 3376 940 3443 urbe,
970 3377 1273 3448 digressus,
1299 3394 1397 3450 per
1443 3388 1731 3451 angustam
1783 3395 1849 3435 ac
1887 3379 2110 3435 confra-

517 3480 707 3538 gosam
737 3467 1129 3524 incredibiliter
1186 3472 1545 3541 quorumdam
1588 3472 1856 3544 processit
1898 3481 2111 3527 monta-

517 3572 714 3614 norum
744 3561 1017 3629 semitam,
1052 3562 1187 3617 adeo
1217 3563 1535 3631 arduorum,
1581 3572 1640 3619 ut
1679 3580 1840 3621 nemo
1869 3579 1992 3620 eum
2017 3562 2110 3635 qui

504 3640 748 3719 praeibat
793 3651 1064 3709 ullatenus
1092 3656 1401 3724 przecedere
1429 3665 1643 3728 posset,
1690 3658 1783 3714 sed
1814 3658 1947 3714 alios
1990 3664 2113 3728 post

519 3741 657 3799 alios
718 3744 993 3815 sigillatim
1049 3748 1491 3820 pedetentimque
1538 3751 1836 3821 procedere
1888 3765 2112 3806 necesse

519 3834 681 3890 foret.
714 3836 880 3892 Arcto
916 3854 1153 3908 namque
1182 3848 1237 3895 et
1259 3840 1423 3895 nimis
1450 3856 1680 3911 scrupeo
1709 3840 1830 3895 calli
1850 3840 2113 3912 przerupti

519 3924 747 3980 maximi
778 3923 900 3999 [al.,
950 3929 1211 4003 maxima]
1266 3945 1470 4002 vorago
1514 3930 1841 3999 subtererat,
1891 3931 2017 3998 ubi,
2067 3932 2113 3987 si

520 4032 723 4089 equum
754 4034 895 4091 equo
930 4020 1128 4077 oﬂ‘endi
1175 4024 1539 4095 contingeret,
1580 4024 1902 4095 desperabili
1930 4024 2113 4080 statim

518 4110 823 4181 prmcipitio
874 4113 1168 4185 deperiret.
1223 4115 1451 4172 Videres
1505 4131 1736 4172 cuneum
1792 4116 2111 4184 militarem,

519 4204 611 4275 qui
640 4205 851 4275 pridem
884 4206 1175 4263 insolentia
1202 4208 1459 4264 itinerum
1519 4209 1813 4280 inediaque
1842 4210 1908 4266 de
1952 4224 2116 4280 eque-

517 4296 725 4352 stribus
744 4298 955 4368 pedites
998 4298 1129 4355 facti
1154 4309 1334 4366 erant,
1374 4300 1636 4357 feralibus
1678 4300 1818 4358 aﬂici
1850 4301 2111 4369 tristitiis,

518 4400 729 4458 pugnos
762 4386 1042 4457 collidere,
1084 4390 1340 4447 vellicare
1369 4390 1597 4462 capillos
1617 4433 1633 4461 ,
1665 4401 1742 4459 et,
1772 4392 1964 4448 mortis
2011 4392 2115 4449 sibi

517 4478 818 4553 imprecato
847 4485 995 4540 exitu
1015 4527 1031 4554 ,
1063 4484 1260 4542 loricas
1309 4494 1366 4542 et
1395 4486 1611 4558 galeas,
1649 4487 1905 4558 quaelibet
1934 4502 2111 4553 arma,
2142 4520 2191 4581 Β

519 4572 638 4628 sine
667 4574 831 4632 ullius
864 4577 1024 4647 pretii
1058 4589 1331 4650 respectu,
1360 4578 1602 4636 denariis
1650 4580 1824 4637 tribus
1850 4587 1946 4636 aut
1978 4594 2112 4650 qua-

520 4673 648 4720 tuor
694 4682 789 4722 seu
814 4670 1055 4741 quinque
1086 4671 1415 4739 distrahere,
1446 4681 1501 4729 et
1546 4674 1673 4729 dum
1718 4688 1829 4730 non
1874 4673 2114 4744 suppetit

520 4766 756 4829 emptor,
815 4759 1061 4831 clypeos,
1113 4762 1325 4834 aliaque
1372 4766 1678 4836 peroptima
1729 4766 1784 4821 in
1839 4765 2114 4837 profunda

520 4848 794 4919 disjicere,
828 4852 1120 4909 dummodo
1168 4855 1419 4912 valerent
1450 4866 1602 4913 tanto
1632 4858 1949 4914 discrimine
1988 4873 2115 4914 cor-

519 4957 653 5014 pora
705 4942 796 4999 vix
825 4944 929 5001 sibi
972 4943 1291 5002 sullicientia
1334 4950 1612 5020 expedire.
1656 4949 1736 5005 Ex
1779 4950 1867 5005 bis
1899 4950 2116 5006 tandem

521 5036 761 5108 scopulis
808 5053 874 5095 ac
924 5038 1149 5109 rupibus
1228 5049 1523 5112 postquam
1581 5056 1705 5096 cum
1761 5040 2117 5099 intolerandis

522 5143 795 5186 emersere
817 5129 1119 5199 laboribus,
1146 5132 1338 5188 urbem
1388 5132 1691 5203 quamdam.
1730 5132 1987 5188 Marasim
2038 5133 2117 5188 di-

524 5228 669 5277 ctam
718 5222 1018 5291 introeunt,
1048 5222 1201 5293 cujus
1232 5224 1384 5281 cives
1415 5223 1495 5281 eis
1549 5224 1769 5280 obviam
1821 5224 2116 5280 laetabundi

521 5310 809 5381 prodeunt,
840 5324 897 5369 et
920 5314 1134 5372 abunde
1174 5315 1508 5372 exercitibus
1541 5316 1756 5371 venalia
1786 5316 2115 5372 convehunt.

527 5402 924 5477 Recreavitque
955 5412 1250 5467 exhaustos
1299 5410 1462 5467 tellus
1509 5409 1809 5477 uberrima,
1837 5426 2119 5482 quousque

526 5499 910 5555 restitueretur
936 5503 1014 5557 eis
1035 5504 1240 5561 domini
1275 5504 1600 5573 Boemundi,
1627 5506 1720 5576 qui
1752 5503 2118 5575 subsequeba-

528 5598 637 5662 tur,
670 5596 1409 5665 quemquepraastolabantur
1438 5598 1661 5667 ibidem,
1689 5598 2007 5671 praesentia.

1164 5688 1392 5747 CAPUT
1431 5690 1495 5746 ll.

602 5779 737 5857 [111.]
776 5780 1108 5849 Antiochiam
1138 5784 1350 5839 tandem
1378 5788 1679 5855 perveniunt
1713 5786 1934 5858 Franci,
1962 5802 2121 5859 quam

2210 516 2364 581 stria,
2396 516 2487 571 ubi
2520 515 2784 587 Syrorum
2831 510 3317 584 praedicatissima
3372 511 3666 582 metropolis
3698 517 3769 575 sit:

2211 607 2545 681 dignoscitur
2577 605 2898 672 Antiochia,
2928 603 3090 673 cujus
3127 601 3441 658 titulorum
3468 614 3588 659 sunt
3613 609 3772 674 specii.

2208 696 2302 765 lia,
2333 705 2530 768 praiter
2560 712 2625 753 ea
2660 696 2859 768 quibus
2884 696 2951 751 ad
2979 693 3273 751 saeculum
3312 691 3504 748 ﬂoruit
3533 695 3773 769 privilegia,

2208 790 2353 861 quod
2382 788 2677 845 Christiani
2723 787 2959 844 nominis
2998 786 3139 843 inde
3193 783 3546 857 pullularunt
3579 787 3776 859 insignia.

2206 881 2489 954 Pharphar
2531 881 2701 952 ipsius
2764 880 3004 938 civitatis
3044 878 3273 935 ﬂuvius
3337 888 3683 949 nuncupatur.
3722 883 3778 937 Ad

2208 977 2361 1048 cujus
2386 992 2508 1032 cum
2526 974 2707 1032 nostri
2736 974 3123 1046 pervenissent
3168 971 3455 1043 contigua
3495 971 3604 1027 loca
3626 975 3778 1042 pontis,

2206 1071 2425 1142 quidam
2476 1086 2545 1126 ex
2592 1069 2672 1125 eis
2722 1069 2921 1138 quibus
2968 1065 3355 1138 pmcedendi
3394 1075 3576 1122 castra
3597 1065 3778 1122 ofﬁcium

2207 1163 2409 1229 fuerat,
2431 1162 2727 1217 maximam
2760 1162 3062 1217 Turcnrum
3113 1158 3433 1216 oﬂ‘endere
3466 1175 3696 1226 nianum,
3717 1163 3780 1231 qui

2203 1255 2454 1329 plurimis
2480 1254 2817 1313 suﬂ'arcinati
2852 1256 3052 1326 copiis,
3092 1270 3431 1326 suggerere
3473 1256 3782 1327 properabant

2205 1348 2517 1407 obsidendis
2542 1348 2824 1404 auxilium.
2847 1347 2996 1417 Quos
3014 1347 3219 1425 nostri
3269 1347 3373 1401 ubi
3422 1359 3777 1418 perspexerant,

2205 1441 2467 1500 Francica
2495 1444 2563 1498 'in
2602 1458 2697 1499 eos
2725 1442 3007 1498 ferocitate
3034 1448 3436 1505 concurrunt,
3473 1448 3530 1494 et
3552 1454 3670 1511 pene
3698 1440 3781 1495 sine

2206 1534 2315 1591 ullo
2367 1536 2627 1605 temporis
2676 1536 2970 1592 interstitio
3024 1535 3402 1604 subigentes,
3459 1532 3561 1587 hac
3602 1531 3778 1601 illacque

2208 1630 2539 1701 dispergunt.
2564 1629 2800 1685 Laniant
2828 1630 3056 1686 miseros
3084 1630 3291 1685 instar
3319 1626 3594 1690 arietum,
3618 1635 3777 1696 eaque

2210 1721 2373 1791 paulo
2398 1731 2524 1777 ante
2554 1731 2763 1778 terrere
2789 1730 3080 1793 potuerant
3109 1736 3309 1787 arma,
3347 1718 3770 1791 projiciuntdugit

2208 1827 2303 1883 per
2349 1828 2549 1867 cuneos
2580 1812 2737 1868 turba
2778 1813 3054 1883 gregaria,
3087 1812 3419 1867 vulnerant
3470 1819 3527 1866 et
3571 1809 3772 1874 obruunt,

2210 1905 2335 1961 dum
2379 1906 2583 1961 mistim
2615 1914 2938 1977 properant,
2972 1906 3118 1961 socia
3152 1904 3441 1977 agmina;
3484 1902 3670 1975 pridem
3704 1919 3769 1957 su-

2207 1997 2374 2067 perba
2405 1997 2584 2053 rabies
2611 1998 2776 2053 sentit
2800 1996 3047 2063 humilia,
3078 2004 3135 2051 et
3160 2011 3306 2066 quae
3333 2002 3644 2050 nostrorum
3670 1992 3767 2046 asti-

2207 2087 2395 2144 mabat
2447 2104 2505 2144 se
2556 2089 2867 2160 gavisurum
2917 2087 3223 2160 stragibus,
3286 2087 3519 2143 laetatur
3562 2084 3604 2141 si
3649 2085 3770 2154 possit

2208 2192 2433 2244 eruere,
2473 2178 2558 2232 vel
2588 2193 2711 2233 cum
2741 2179 2973 2249 pudore,
3005 2192 3271 2248 corpora.
3321 2177 3395 2231 Hi
3426 2175 3521 2246 qui
3572 2181 3774 2228 venerant

2209 2270 2580 2343 expugnandis
2603 2270 2748 2327 ferre
2773 2269 3087 2342 suﬂragium
3106 2312 3123 2337 ,
3152 2269 3309 2325 ﬁunt
3340 2266 3599 2323 continuo
3621 2279 3767 2335 conge-

2208 2362 2320 2419 ries
2346 2362 2486 2419 faeda
2517 2362 2866 2429 cadaverum,
2900 2371 2956 2419 et
2985 2377 3121 2433 quas
3145 2360 3493 2430 deferebant
3521 2354 3772 2412 obsidendis

2209 2456 2414 2526 copias,
2447 2452 3112 2525 destinavitOmnipotens
3142 2450 3567 2518 obsessoribus,
3591 2446 3763 2504 oonsilio

2208 2546 2685 2614 misericordiore,
2731 2546 3071 2616 praebendas.
3131 2544 3235 2601 His
3285 2543 3467 2617 igitur
3506 2555 3610 2597 non
3651 2536 3768 2592 aliter

2207 2653 2370 2710 quam
2413 2646 2624 2710 segetes
2692 2638 2956 2709 grandine
3003 2638 3500 2701 comminuuntur,
3549 2628 3764 2704 oppressis

2208 2734 2377 2790 multa
2410 2734 2612 2791 nostris
2642 2732 2966 2789 resederunt
3001 2732 3197 2804 spolia,
3229 2732 3534 2789 innumera
3565 2720 3766 2781 frumenti

2209 2827 2430 2898 vinique
2479 2826 2861 2897 relinquuntur
2906 2824 3213 2897 impendia;
3250 2836 3550 2896 equorum,
3583 2813 3763 2875 camelo-

2211 2935 2329 2975 rum
2350 2960 2364 2986 ,
2385 2919 2771 2989 asinorumque
2797 2919 3141 2988 pedestribus
3164 2932 3404 2976 cessere
3426 2911 3673 2972 subsidia.
3690 2905 3765 2962 Ita-

2212 3025 2319 3082 que
2359 3011 2534 3066 nostri
2565 3025 2731 3082 super
2758 3010 2969 3082 przefati
2996 3008 3245 3068 ﬂuminis
3288 3023 3456 3069 oram
3487 3011 3651 3062 castra
3672 3012 3762 3054 con-

2214 3100 2467 3156 stituunt.

2279 3193 2351 3248 At
2378 3192 2745 3261 Boemundus,
2762 3193 2972 3266 junctis
2993 3194 3097 3251 sibi
3118 3191 3553 3252 lectissimorum
3579 3183 3758 3241 militum

2211 3286 2450 3342 millibus
2478 3295 2735 3358 quatuor,
2769 3296 2940 3359 portae
2986 3287 3222 3344 civitatis
3277 3301 3406 3343 sese
3443 3277 3684 3355 opposuit,
3722 3278 3761 3325 el

2211 3398 2280 3438 ne
2310 3382 2430 3452 quis
2461 3383 2529 3439 ab
2554 3398 2617 3438 ea
2641 3382 2813 3439 exiret
2840 3382 2927 3438 vel
2954 3382 3346 3454 ingrederetur
3377 3379 3434 3435 in
3463 3377 3640 3447 ipsam.
3662 3364 3757 3436 τίεί-

2212 3471 2313 3527 lias
2356 3487 2420 3527 ea
2466 3472 2541 3528 ibi
2592 3482 2754 3529 nocte
2796 3473 3158 3529 continuavit.
3209 3468 3493 3529 Postridie
3529 3464 3591 3519 ad
3630 3460 3755 3530 ipsam

2213 3579 2384 3635 usque
2418 3563 2788 3631 Antiochiam,
2816 3563 3103 3619 duodecim
3150 3562 3274 3618 Kal.
3309 3552 3646 3617 Novembris,
3668 3556 3754 3601 cum

2214 3666 2408 3728 quarta
2432 3666 2577 3713 esset
2604 3656 2761 3725 feria,
2792 3664 2849 3712 et
2884 3656 3063 3712 media
3096 3654 3209 3726 jam
3244 3662 3509 3727 ageretur
3536 3646 3663 3705 dies.
3688 3636 3753 3691 ἀε-

2212 3752 2439 3809 veniens
2461 3752 2705 3807 consedit
2726 3750 3017 3817 exercitus,
3045 3749 3208 3806 trium
3234 3745 3482 3807 civitatis
3510 3743 3748 3813 portarum,

2214 3843 2580 3900 obsidentium
2613 3842 2853 3916 diligenti
2894 3841 3155 3898 instantia
3204 3835 3519 3913 praepeditis
3544 3824 3747 3916 aditibus,

2213 3935 2311 3992 sed
2342 3944 2536 4006 quarto
2563 3910 2825 4002 vacante,
2863 3934 3119 4005 quoniam
3170 3910 3356 3989 nullus
3406 3928 3458 3985 ei
3498 3910 3748 4006 obsidenti?

2214 4000 2404 4099 patere
2440 4034 2659 4098 poterat
2693 4000 3287 4094 locus-montanorum
3314 4020 3662 4090 contiguorum
3689 4000 3742 4056 θι-

2217 4119 2450 4176 titudine
2491 4118 2722 4189 plurima
2766 4118 3128 4191 angustiaque
3180 4114 3542 4173 obstantibus.
3590 4102 3745 4191 Tantus

2216 4216 2396 4262 autem
2420 4184 2527 4261 non
2544 4203 2703 4261 modo
2725 4184 2955 4272 civibus,
2976 4184 3165 4260 verum
3188 4202 3386 4259 Turcis
3404 4184 3736 4271 praestantibus,

2216 4305 2525 4353 nostrorum
2555 4310 2734 4352 metus
2767 4296 3054 4363 incutitur,
3086 4302 3144 4350 ut
3164 4309 3357 4350 eorum
3382 4298 3559 4348 contra
3577 4283 3742 4336 nostros

2217 4406 2377 4449 nemo
2407 4389 2758 4463 procederet,
2791 4404 2981 4457 nemo,
3012 4404 3077 4444 ac
3119 4387 3164 4444 si
3208 4386 3477 4442 nundinas
3506 4369 3651 4433 acturi
3674 4377 3736 4463 ref

2216 4461 2456 4555 nissent,
2483 4487 2590 4541 ulla
2625 4487 2705 4543 eis
2731 4484 3049 4542 hostilitatis
3084 4481 3365 4538 molimina
3395 4461 3739 4558 intentam...“

2216 4532 2590 4634 haecviuca-t;
3486 4564 3631 4619 ferme
3644 4548 3732 4647 die
3904 4532 3910 4647 γ

2215 4669 2344 4738 bus,
2389 4669 2557 4726 veluti
2604 4645 2975 4734 conclamata,
3034 4665 3360 4736 perstiterit.
3402 4661 3551 4717 Circa
3591 4645 3731 4738 urbem

2216 4735 2398 4819 autem
2428 4761 2598 4832 ipsam
2636 4758 2971 4816 fertilissima
3011 4735 3173 4826 hujus
3196 4751 3488 4812 obsidionis
3531 4735 3729 4832 exstitere

2216 4827 2542 4927 primordia;
2584 4851 2830 4908 omnium
2875 4849 2998 4906 usui
3044 4847 3495 4907 convenientium.

2217 4921 2482 5005 novorum
2543 4945 2678 5003 inibi
2730 4958 2921 5002 recens
2976 4950 3135 5011 acto,
3200 4940 3443 4998 fervebat
3486 4921 3723 5014 ρρυιεηωί

2217 5044 2435 5109 vineas,
2464 5038 2561 5097 sed
2616 5052 2722 5108 quo
2769 5045 3015 5109 tempore
3062 5035 3263 5101 miror,
3292 5023 3546 5089 vindemia

2220 5137 2383 5194 dente
2421 5103 2699 5197 refertas,
2750 5103 3019 5187 frumenta
3071 5142 3182 5185 non
3210 5125 3451 5189 horreis,
3492 5110 3571 5172 sed
3599 5103 3722 5197 fore?

2219 5236 2383 5299 atque
2414 5227 2681 5285 cuniculis
2723 5225 2986 5282 immersa
3026 5220 3231 5291 ubique
3271 5208 3606 5299 reperiebant»

2220 5287 2322 5377 nec
2375 5319 2661 5377 arboribus
2719 5331 2880 5391 poma
2929 5287 3218 5377 deessent,
3271 5287 3589 5379 et-quailibe‘
3632 5287 3719 5391 "iit

2220 5412 2462 5485 ipsorum
2487 5381 2769 5469 commoda
2796 5407 2911 5466 solo
2946 5404 3224 5464 uberrimo
3258 5395 3594 5473 suppeditante
3625 5381 3713 5431 600'

2219 5503 2469 5561 ﬂuerent.
3678 5554 3687 5565 ,

2292 5597 2539 5654 Armenii
2566 5605 2748 5653 autem
2779 5605 2835 5652 et
2866 5594 3023 5667 Syri,
3052 5608 3119 5649 ex
3160 5591 3358 5663 quibus
3396 5589 3575 5660 premi
3597 5566 3711 5667 “151‘

2222 5692 2486 5759 dixerim,
2516 5689 2725 5746 Turcos
2750 5656 3027 5760 epibaias,
3064 5656 3339 5743 tota-urbs
3366 5656 3451 5740 illa
3484 5656 3711 5760 ϐοηθωδέξί

2228 5802 2351 5844 cum
2384 5784 2573 5841 urbem
2621 5749 2799 5854 ipsam
2858 5780 3188 5847 incolerent,
3234 5785 3290 5834 et
3330 5767 3600 5833 Christianae
3627 5749 3707 5802 595°
3894 5782 3901 5877 ἢ

3604 6230 3910 6334 Λ
