4012 6346
211 391 340 450 733

1269 400 1497 459 GESTA
1529 399 1643 457 DEI
1669 399 1807 459 PER
1836 397 2177 461 FRANCOS.
2205 433 2277 444 —-
2309 402 2435 461 LIB.
2458 405 2549 464 IV.

3397 416 3504 477 754

214 502 396 559 titulo
420 503 751 561 conditionis
784 505 1075 579 efferrent,
1106 513 1302 570 crebro
1330 523 1548 570 nostros
1570 515 1825 581 invisere;
1855 517 1904 575 Α
2001 517 2483 590 Appropinquabat
2510 521 2701 579 Natale
2748 524 3114 594 Dominieum,
3169 536 3224 584 et
3256 529 3501 589 frumen-

211 603 286 651 et
328 609 450 651 esse
498 610 685 650 eorum
716 598 1028 656 universum
1068 604 1379 671 addiscere,
1428 613 1484 660 et
1531 606 1644 661 suis
1699 620 1820 675 quae

211 690 377 760 apud
408 701 624 746 nostros
656 694 910 764 aucupati
933 694 1152 753 fuerant
1176 706 1179 707 '
1205 698 1477 755 nuntiare.
1514 697 1649 755 Cum
1674 700 1820 754 enim

210 781 475 839 Francos
516 798 629 840 sua:
672 786 902 843 assidua:
947 790 1401 849 confabulationis
1439 793 1591 848 visco
1638 792 1821 849 allice-

212 883 390 940 rent,
424 884 481 931 et
516 891 575 932 se
606 893 636 931 a
664 878 964 936 Turcorum
1007 882 1146 939 facie
1174 883 1437 956 fugitare,
1476 885 1657 941 multa:
1690 884 1825 940 adu;

212 965 455 1026 lationis
481 968 773 1038 lenocinio,
822 983 1133 1032 nostrorum
1165 977 1386 1034 auribus
1429 979 1591 1050 397
1619 966 1818 1034 muSsi-

214 1067 473 1129 tassent,
520 1077 718 1118 uxores
751 1075 930 1121 tamen
960 1067 1210 1138 proprias
1236 1069 1526 1134 excedere,
1590 1068 1825 1123 nullate—

214 1167 339 1236 nus
367 1152 436 1208 ab
466 1155 599 1210 urbe
633 1156 905 1224 sinebant,
929 1168 983 1214 et
1007 1158 1075 1214 ad
1104 1160 1282 1230 ipsas,
1319 1160 1545 1232 digressi
1576 1175 1608 1214 a
1648 1159 1823 1215 Fran-

211 1242 335 1309 cis,
357 1244 751 1313 postliminium
776 1246 1063 1317 facientes,
1080 1266 1199 1321 quae
1227 1251 1388 1307 istinc
1414 1250 1823 1322 subintelligere

214 1345 520 1405 poterant,
559 1339 625 1394 ad
664 1338 873 1397 Turcos
913 1340 1349 1399 Christianorum
1394 1343 1631 1413 partium
1669 1341 1823 1398 infir-

215 1427 410 1484 miora
440 1428 708 1487 ferebant.
740 1430 1028 1501 Proposito
1057 1434 1220 1506 igitur
1247 1449 1437 1490 eorum
1467 1434 1705 1505 cognito,
1755 1446 1821 1489 ac

215 1521 471 1585 essentia
501 1520 653 1594 Syris
701 1523 1089 1594 interpretibus
1133 1526 1236 1582 sita
1273 1525 1369 1597 [[1,
1398 1524 1609 1597 scita],
1653 1524 1819 1581 Turci

215 1609 298 1666 de
325 1610 549 1668 civitate
580 1612 868 1691 aliquoties
890 1630 1210 1685 erumpere,
1248 1616 1428 1686 aliqua
1458 1615 1660 1672 nostris
1692 1615 1825 1671 sub-

219 1704 436 1774 ripere,
471 1709 598 1761 dum
628 1707 951 1764 victualibus
977 1710 1329 1779 quaeritandis
1355 1711 1635 1777 oberrant,
1657 1710 1820 1767 calles

1927 615 2060 674 tum,
2093 616 2401 680 czeteraque
2423 628 2715 683 corporum
2747 615 3004 673 alimenta
3036 630 3315 690 coeperant
3335 624 3500 679 vehe-

1924 710 2140 756 menter
2159 703 2429 773 imminui,
2451 715 2507 761 et
2529 722 2658 763 caro
2686 710 3007 766 constiterat
3037 712 3088 766 in
3120 721 3232 770 toto
3254 704 3505 772 exercitu

1925 795 2108 851 omnia
2130 788 2308 852 vendi.
2346 786 2672 854 Victualium
2701 803 3115 871 quaerendorum
3146 821 3311 862 causa
3356 807 3505 864 nulla

1925 884 2145 955 patebat
2198 884 2428 943 facultas
2501 889 2585 943 vel
2645 889 2981 961 longiuscule
3046 896 3305 968 evagari;
3359 899 3505 955 intra

1926 978 2221 1035 Christiani
2251 995 2468 1051 quoque
2503 983 2740 1040 nominis
2770 984 2926 1053 fines,
2958 987 3091 1044 nihil
3117 1006 3256 1060 pene
3280 990 3396 1061 jam
3437 994 3505 1050 ad

1924 1088 2082 1129 usum
2111 1072 2232 1145 [al.,
2264 1073 2439 1147 esum]
2470 1076 2748 1145 pertinens
2776 1086 2991 1148 poterat
3030 1084 3279 1152 reperiri.
3330 1084 3504 1143 Porro

1925 1166 1981 1221 in
2005 1164 2434 1222 Sarracenorum
2458 1175 2738 1238 regionem
2760 1170 2979 1226 nonnisi
3010 1188 3132 1227 cum
3160 1176 3505 1247 expeditione

1925 1263 2156 1335 plurima
2188 1264 2475 1336 quisquam
2506 1264 2720 1321 valebat
2756 1268 3031 1340 progredi.
3086 1269 3253 1339 Igitur
3280 1284 3505 1345 urgente

1924 1357 2125 1426 inedia,
2149 1368 2339 1417 coacto
2368 1375 2623 1430 proceres
2646 1362 2875 1418 concilio
2901 1378 3023 1419 sese
3055 1363 3506 1437 discutiuntqua-

1924 1450 2050 1507 liter
2105 1452 2315 1508 consuli
2364 1450 2771 1510 debeat'tantze
2829 1456 3149 1525 frequentiae
3202 1458 3506 1526 hominum,

1924 1543 2084 1601 famis
2109 1546 2488 1612 atrocissimae,
2546 1546 2654 1602 nisi
2717 1547 2768 1603 ei
2824 1548 3197 1616 subveniatur,
3250 1549 3510 1608 subitura:

1923 1630 2249 1709 periculum.
2278 1638 2521 1694 Tandem
2546 1639 2754 1694 vicaria
2781 1639 3180 1696 consultatione
3208 1642 3507 1711 reperiunt,

1925 1730 2005 1785 uti
2058 1729 2237 1801 aliqua
2286 1747 2416 1803 pars
2480 1732 2757 1787 exercitus
2805 1732 3091 1803 stipendiis
3151 1732 3509 1803 undecunque

216 1804 523 1852 consuetos
549 1797 808 1854 obtexere
827 1840 841 1865 ,
873 1800 1086 1871 plagam
1118 1812 1500 1857 montanorum
1542 1802 1819 1871 marisque

226 1887 550 1958 petentibus
577 1903 645 1944 ex
690 1890 968 1959 insperato
998 1907 1279 1962 proruere,
1314 1892 1450 1947 nihil
1493 1891 1562 1947 ab
1609 1892 1823 1949 insidiis
1848 1872 1898 1934 Β

213 1990 283 2037 et
310 1981 710 2054 irruptionibus
730 1999 923 2040 vacare
950 1986 1289 2055 permittere.

293 2071 458 2129 Haud
484 2073 670 2144 procul
694 2082 874 2129 autem
911 2075 1034 2130 inde
1061 2075 1311 2132 Castrum
1340 2077 1646 2133 habebatur
1675 2076 1823 2148 quod

208 2165 528 2223 vocabatur
554 2167 717 2238 Areg,
753 2166 805 2221 in
836 2182 944 2236 quo
969 2168 1250 2238 praecipuae
1284 2168 1586 2225 ferocitatis
1615 2168 1823 2226 Turcos

212 2273 332 2329 pro
362 2257 597 2329 praesidii
624 2258 791 2329 ipsius
818 2260 1049 2316 tuitione
1086 2262 1415 2327 locaverant,
1453 2263 1544 2333 qui
1571 2262 1818 2331 Francis,

213 2348 524 2419 aliquoties
553 2349 1149 2421 inconsideratioribus,
1206 2352 1573 2423 frequentium
1635 2355 1819 2411 incur-

208 2456 392 2497 suum
428 2442 614 2498 turbas
644 2443 999 2500 incutiebant.
1034 2447 1108 2501 At
1169 2447 1464 2518 principes,
1502 2456 1666 2504 tantae
1713 2449 1818 2504 im-

210 2533 504 2621 patientes
548 2533 781 2605 injuriae,
833 2553 940 2593 non
993 2554 1161 2609 parva
1200 2541 1442 2610 equitum
1473 2541 1822 2612 peditumque

1927 1825 2317 1882 contrahendis
2339 1825 2643 1892 insisteret,
2678 1825 2850 1880 altera
2877 1834 3068 1896 coeptae
3093 1825 3362 1882 obsidioni
3415 1842 3510 1881 va-

1927 1924 2096 1971 caret.
2121 1915 2201 1970 Ad
2231 1916 2348 1971 haec
2373 1915 2557 1986 itaque
2578 1914 2927 1972 Boemundus
2950 1915 3161 1970 intulit:
3200 1933 3219 1967 ι
3254 1913 3314 1971 Si
3332 1916 3505 1982 vobis,

1928 2009 2127 2079 inquit,
2159 2024 2193 2063 o
2229 2009 2437 2064 strenui
2460 2008 2684 2076 milites,
2712 2017 2887 2064 tutum
2931 2008 3167 2076 videtur,
3200 2023 3300 2080 ego
3346 2009 3511 2064 Flan-

1925 2099 2137 2157 drensis
2167 2099 2382 2156 comitis
2408 2099 2658 2156 suffultus
2684 2100 2924 2166 comitia,
2952 2099 3267 2156 victualium
3302 2114 3502 2169 procu-

1924 2190 2196 2249 curationi
2224 2204 2448 2263 cperam
2470 2190 2629 2247 dabo.
2659 2210 2678 2244 ι
2709 2189 2862 2258 Quod
2880 2186 2926 2245 ἀ
2948 2189 3505 2262 quibusquejuniori-

1922 2285 2028 2341 bus
2060 2293 2210 2339 tanta
2234 2291 2317 2339 est
2345 2283 2710 2356 gratulatione
2730 2292 3065 2353 susceptum,
3088 2295 3292 2355 quanto
3316 2281 3509 2353 majori

1923 2378 2310 2445 extabuerant,
2345 2391 2451 2432 non
2484 2375 2646 2432 modo
2682 2375 2958 2442 ariditate,
2991 2391 3177 2431 verum
3197 2374 3507 2432 omnimoda

1923 2473 2248 2530 necessitate
2291 2471 2558 2527 ciborum.
2606 2468 2889 2526 Celebrata
2946 2470 3147 2539 itaque,
3199 2467 3395 2523 affectu
3448 2477 3508 2525 et

1924 2564 2205 2621 alacritate
2234 2578 2339 2634 qua
2365 2568 2633 2633 poterant,
2676 2560 2968 2615 Nativitate
2991 2557 3502 2629 Dominica,postri-

215 2626 467 2684 conflata
501 2643 687 2695 manu,
714 2630 940 2685 mittunt
967 2633 1056 2700 qui
1101 2632 1388 2702 explorent
1416 2634 1633 2689 ubinam
1688 2634 1824 2689 deli-

217 2723 448 2772 tescere
473 2716 682 2774 soleant
709 2720 801 2789 qui
834 2727 912 2775 tot
938 2721 1053 2777 suis
1074 2721 1215 2777 mala
1258 2723 1522 2794 irrogant.
1554 2725 1819 2795 Reperto-

217 2823 342 2877 que
388 2810 700 2865 eorumdem
748 2810 990 2887 latibulo,
1041 2814 1229 2870 obvios
1278 2816 1496 2884 quidem
1540 2817 1717 2885 primo
1763 2832 1822 2872 se

217 2894 345 2951 illis
370 2898 631 2967 praebent,
661 2899 755 2954 sed
776 2901 1140 2969 postmodum,
1172 2902 1297 2975 fuga
1326 2904 1520 2960 callide
1545 2905 1818 2972 simulata,

215 3004 292 3046 eo
324 3005 386 3045 se
414 2991 481 3047 ab
505 2991 914 3062 insequentibus
941 2995 1065 3050 duci
1102 2995 1309 3064 sinunt,
1357 2997 1444 3053 ubi
1480 2998 1698 3054 indubie
1718 3014 1818 3054 no-

222 3092 430 3138 verant
450 3082 623 3140 latere
646 3085 697 3139 in
728 3086 941 3165 insidiis
962 3086 1354 3144 Boemundum.
1381 3088 1607 3155 Ibidem,
1628 3089 1821 3145 Turcis

220 3176 654 3245 insectantibus,
707 3179 816 3236 duo
857 3194 926 3234 ex
972 3180 1173 3235 nostris
1201 3182 1593 3237 occubuerunt.
1647 3181 1720 3235 At
1756 3182 1822 3238 de

222 3271 461 3328 latebris
512 3288 632 3329 sese
681 3274 1028 3331 Boemundus
1085 3275 1385 3341 excutiens,
1414 3274 1659 3329 hostibus
1696 3289 1820 3329 eum

226 3364 418 3419 debita
443 3364 913 3422 animadversione
939 3368 1211 3433 occurrit;
1238 3382 1332 3422 eos
1360 3366 1453 3437 qui
1499 3365 1826 3421 videbantur

230 3465 394 3528 terga
448 3457 679 3512 vertisse
724 3457 968 3525 reduxit,
1015 3467 1069 3513 et
1104 3456 1502 3514 confertissima
1551 3471 1825 3513 armorum

230 3551 581 3607 consertione
603 3550 866 3607 conflixit.
911 3552 993 3608 Ex
1021 3553 1103 3609 eis
1135 3553 1320 3623 itaque
1349 3551 1611 3622 plurimos
1634 3550 1823 3606 interi-

230 3644 357 3712 mit,
398 3643 534 3699 alios
563 3646 807 3715 captivos
831 3645 1083 3711 abducit;
1113 3646 1181 3700 ad
1226 3645 1377 3700 urbis
1426 3651 1637 3715 portam
1688 3658 1826 3712 quos

235 3743 485 3805 ceperat
503 3734 791 3804 pertrahit,
817 3734 1018 3806 ibique,
1065 3735 1133 3790 ad
1173 3743 1439 3790 terrorem
1462 3732 1825 3804 spectantium

232 3824 461 3890 civium,
502 3825 769 3894 capitibus
798 3827 930 3881 caedi
959 3827 1225 3897 praecipit.
1278 3825 1377 3880 Ast
1425 3825 1590 3895 aliqui
1640 3824 1827 3881 civita-

233 3916 494 3982 tensium,
526 3915 806 3985 cujusdam
853 3917 1285 3974 conscendentes
1335 3926 1503 3988 portae
1552 3930 1822 3986 suprema,

236 4027 673 4083 quaquaversum
730 4012 1030 4083 fatigabant
1072 4022 1291 4070 nostros
1323 4027 1544 4069 suarum
1589 4011 1827 4082 jactibus

239 4104 564 4173 sagittarum
590 4122 603 4157 :
633 4104 686 4158 in
722 4112 929 4159 tantum
959 4113 1018 4159 ut
1044 4105 1186 4159 intra
1230 4104 1494 4160 ambitum
1518 4112 1825 4159 castrorum

241 4195 562 4264 Boemundi,
619 4197 901 4254 missilium
959 4199 1176 4255 nimbus
1225 4196 1496 4265 influeret,
1527 4206 1581 4253 et
1634 4196 1830 4251 mulier

244 4292 444 4347 ibidem
475 4292 582 4348 ictu
612 4292 822 4362 sagitta:
848 4293 1222 4348 occumberet.
1366 4364 1373 4373 .

319 4386 562 4455 Denique
600 4384 873 4455 principes
898 4384 1184 4440 consilium
1235 4382 1662 4448 communicant,
1700 4395 1831 4437 con-

243 4477 584 4546 stituuntque
606 4486 662 4531 et
692 4476 947 4531 ordinant
973 4484 1032 4529 ut
1059 4484 1299 4529 castrum
1351 4474 1469 4528 fieri
1514 4471 1736 4527 deberet
1775 4471 1831 4525 in

245 4569 527 4640 cujusdam
558 4571 760 4625 vertice
787 4570 1008 4635 montis,
1051 4569 1194 4638 quod
1225 4564 1560 4637 Malreguard
1589 4564 1829 4635 appella-

245 4635 397 4727 runt,
429 4659 583 4730 cujus
612 4661 924 4731 praesidium
965 4635 1308 4716 formidinem
1340 4635 1442 4714 sibi
1466 4657 1670 4712 valeret
1704 4656 1832 4712 sub-
1862 4635 1909 4691 D

246 4767 469 4808 movere
515 4752 839 4808 Turcorum.
889 4751 1078 4807 Fiebat
1139 4751 1323 4821 itaque
1387 4748 1668 4819 oppidum,
1732 4746 1829 4802 sed

246 4848 522 4920 praecipue
564 4847 676 4903 illic
723 4846 955 4913 videres,
1004 4846 1062 4901 in
1088 4844 1327 4916 lapidum
1371 4841 1827 4914 comportatione,

246 4942 551 5013 primorum
600 4955 794 4995 manus
840 4939 1127 4997 elaborare
1177 4938 1504 5009 principum.
1542 4936 1660 4992 Non
1710 4936 1832 4991 istic

248 5048 420 5104 egena
467 5047 660 5087 manus
712 5033 969 5103 conqueri
1012 5040 1248 5103 poterat,
1296 5031 1507 5101 aliquas
1558 5044 1679 5086 sese
1735 5043 1834 5098 per

249 5126 517 5197 majorum
543 5125 838 5197 potentiam
872 5126 1124 5196 angarias
1159 5124 1410 5189 tolerare,
1445 5139 1568 5178 cum
1596 5137 1690 5177 eos
1740 5121 1833 5191 qui

252 5217 355 5274 sibi
386 5217 809 5274 dominabantur
836 5217 1161 5281 attenderet,
1191 5217 1246 5270 in
1272 5214 1503 5270 extremi
1536 5213 1697 5269 etiam
1741 5226 1835 5266 ex—

252 5312 533 5367 secutione
555 5312 758 5381 operis,
800 5310 948 5366 nullo
978 5310 1140 5365 modo
1170 5309 1389 5365 sibimet
1433 5310 1604 5364 otium
1662 5305 1838 5362 indul-

256 5418 401 5474 gere.
435 5401 715 5459 Sciebant-
741 5419 977 5473 namque
1026 5404 1128 5474 piae
1155 5414 1362 5458 natura:
1408 5402 1691 5467 instinctu,
1734 5399 1837 5456 etsi

258 5512 365 5553 non
394 5490 657 5568 legerant,
683 5497 827 5567 quod
851 5496 1052 5551 Marius
1088 5495 1176 5551 ille
1208 5496 1503 5551 secundum
1539 5492 1837 5550 Salustium

262 5592 337 5646 ait
365 5605 378 5643 :
418 5609 437 5642 ε
478 5591 536 5645 Si
567 5602 621 5644 tu
656 5601 728 5658 te,
757 5591 951 5660 inquit,
976 5589 1211 5644 molliter
1243 5605 1391 5660 agas,
1418 5588 1717 5644 exercitum
1745 5601 1840 5641 au-

262 5690 369 5737 tem
402 5681 628 5753 imperio
653 5698 836 5753 cogas,
866 5684 970 5738 hoc
1001 5692 1083 5739 est
1102 5683 1383 5738 dominum
1409 5697 1515 5737 non
1549 5682 1839 5751 imperato-

264 5790 375 5832 rem
400 5791 541 5830 esse.
584 5795 602 5827 ›
653 5778 879 5833 Peracto
922 5777 1104 5848 itaque
1152 5787 1355 5844 castro,
1386 5777 1658 5848 principes
1708 5771 1838 5827 illud

266 5868 572 5929 custodierc
586 5870 847 5930 vicissim.

1923 2656 2029 2723 die,
2066 2671 2191 2711 cum
2214 2663 2362 2710 esset
2390 2652 2630 2709 secunda
2653 2650 2808 2717 feria,
2838 2650 2942 2705 duo
2979 2649 3052 2704 illi
3084 2648 3326 2721 praedicti
3356 2648 3508 2717 prin-

1922 2748 2112 2818 cipes,
2177 2744 2388 2800 allectis
2450 2742 2551 2799 sibi
2603 2741 2797 2812 viginti
2856 2739 3096 2811 peditum
3166 2738 3510 2807 militumque

1922 2839 2184 2905 millibus,
2217 2837 2645 2894 Sarracenorum
2690 2832 2998 2905 provincias
3045 2830 3359 2902 depopulari
3411 2844 3509 2901 ag-

1922 2931 2265 3003 grediuntur.

2533 3070 2764 3127 CAPUT
2803 3070 2890 3126 Ill.

2000 3185 2136 3259 [iV.]
2175 3186 2387 3242 Interea
2415 3185 2577 3241 Turci
2631 3195 2686 3242 et
2708 3185 2918 3241 Arabes
2940 3226 2954 3252 ,
2995 3182 3283 3243 Sarraceni
3316 3180 3516 3251 aliique

1927 3279 2181 3350 gentiles,
2212 3278 2303 3350 qui
2334 3279 2580 3335 coierant
2608 3278 2676 3334 ab
2698 3276 3038 3333 Hierusalem
3065 3284 3119 3329 et
3142 3275 3430 3339 Damasco,
3457 3280 3514 3329 et

1925 3370 2082 3440 Alep,
2117 3371 2351 3441 aliisque
2383 3370 2656 3443 gentibus,
2706 3372 2823 3441 pari
2871 3370 3055 3423 animo
3077 3366 3482 3438 .conglomerati
3496 3405 3510 3433 ,

1925 3464 2239 3536 praesidium
2268 3464 2444 3520 eidem
2470 3463 2650 3529 laturi,
2698 3478 2820 3518 cum
2864 3461 3077 3517 inﬁnito
3131 3461 3345 3533 agmine
3398 3461 3515 3516 An-

1928 3557 2190 3612 tiochiam
2249 3555 2635 3626 properabant.
2693 3555 2735 3611 li
2777 3553 2893 3625 jam
2942 3560 3321 3624 compererant
3354 3551 3515 3607 Chri-

1927 3647 2135 3703 stianos
2190 3647 2244 3702 in
2297 3661 2423 3702 suos
2466 3645 2632 3715 fines,
2682 3660 2781 3716 pro
2825 3645 3041 3717 frugum
3088 3652 3518 3711 caeterorumque

1927 3741 2139 3797 utilium
2168 3740 2509 3806 collectione,
2543 3753 2828 3806 cursuros;
2859 3747 2916 3793 et
2959 3734 3282 3807 crepusculo
3332 3732 3533 3790 adhuc'

1929 3833 2113 3899 dubio,
2145 3842 2335 3889 contra
2361 3840 2578 3889 nostros
2600 3832 2718 3888 acie
2739 3840 3062 3903 praeparata,
3089 3829 3182 3885 ubi
3207 3842 3301 3884 eos
3323 3842 3518 3898 exspe-

1929 3933 2082 3981 ctare
2111 3924 2436 3991 didicerant,
2484 3940 2606 3979 cum
2649 3923 2932 3979 alacritate
2960 3921 3332 3978 in‘tristitiam
3388 3934 3517 3975 mox

1929 4018 2209 4085 vertenda,
2245 4019 2597 4073 contendunt.
2632 4017 3039 4088 Dispertiuntur
3063 4012 3251 4089 itaque
3276 4028 3398 4070 sese
3419 4026 3520 4083 per

1931 4109 2159 4164 duarum
2214 4109 2457 4164 acierum
2516 4117 2754 4180 turmas,
2825 4109 3051 4165 alteram
3120 4123 3151 4162 a
3211 4116 3521 4163 nostrorum

1931 4200 2202 4257 frontibus
2246 4201 2667 4271 praemittentes;
2726 4200 2899 4256 altera
2948 4200 3264 4272 retrograda
3300 4213 3518 4254 omnem

1933 4304 2121 4345 eorum
2152 4290 2361 4345 ambire
2408 4289 2711 4345 exercitum
2755 4289 3063 4345 molientes.
3102 4289 3172 4342 At
3220 4286 3523 4342 Flandren-

1933 4382 2072 4438 sium
2111 4397 2315 4450 comes,
2343 4382 2411 4437 de
2440 4380 2623 4437 divina
2658 4379 2969 4436 nullatenus
2996 4381 3199 4434 virtute
3250 4378 3517 4442 diflidens,

1934 4475 2156 4547 praefixo
2203 4474 2353 4530 cordi
2398 4489 2461 4529 ac
2509 4473 2732 4544 corpori
2761 4487 2860 4528 suo
2901 4472 3057 4543 signo
3098 4470 3302 4538 crucis,
3349 4468 3521 4525 fretus

1935 4568 2133 4641 insigni
2188 4567 2389 4623 comite
2440 4566 2774 4632 Boemundo,
2818 4580 2906 4632 ea,
2952 4579 3059 4635 qua
3085 4571 3268 4619 tantos
3296 4560 3523 4618 decebat

1936 4661 2099 4726 viros,
2135 4659 2382 4716 hostibus
2410 4658 2857 4731 magnanimitate
2884 4657 3144 4713 occurrit.
3168 4655 3354 4728 Pugna
3389 4669 3521 4711 con-

1936 4753 2159 4821 seritur,
2194 4752 2288 4809 sed
2321 4752 2375 4808 in
2410 4753 2525 4824 ipsa
2566 4751 2727 4822 primi
2770 4750 3130 4807 attentatione
3175 4763 3519 4822 congressus,

1936 4844 2103 4916 fugax
2134 4844 2308 4901 hostis
2353 4843 2639 4900 avertitur.
2694 4842 2863 4915 398
2911 4842 3189 4898 Mutantur
3233 4840 3374 4896 bella
3408 4847 3522 4893 tro-

1938 4940 2132 5013 phaeis,
2188 4949 2349 5010 atque
2396 4947 2546 5010 terga
2590 4936 2916 4993 vertentium
2986 4935 3127 4991 illisa
3179 4930 3521 5001 corporibus,

1935 5030 2310 5103 multipliciter
2361 5030 2540 5087 rasilis
2602 5030 2760 5086 hasta
2808 5027 3188 5099 confringitur.
3257 5022 3522 5078 Fraxinos

1940 5124 2275 5180 creberrime
2296 5123 2487 5195 longas
2510 5120 2724 5177 hostilis
2756 5119 2958 5190 excipit
2987 5118 3174 5183 umbo,
3228 5122 3283 5170 et
3313 5112 3521 5183 magnis

1943 5214 2190 5283 impactze
2218 5215 2445 5278 viribus,
2472 5228 2571 5284 per
2605 5205 2913 5267 nimietates
2955 5209 3159 5263 ictuum
3192 5206 3246 5261 in
3282 5203 3520 5259 hastulas

1946 5308 2309 5363 minutantur.
2344 5305 2509 5362 Galea
2563 5303 2913 5359 mucronibus
2956 5307 3166 5370 operta,
3216 5297 3518 5367 occipitium

1947 5418 2054 5459 non
2086 5400 2327 5456 defendit
2382 5415 2412 5453 a
2462 5398 2718 5461 vulnere;
2764 5393 3085 5457 loricarum,
3127 5398 3187 5445 ut
3240 5388 3514 5459 putabant,

1948 5493 2439 5565 impenetrabilium
2465 5489 2870 5562 prretextiones,
2914 5483 3195 5540 tenuitatis
3246 5488 3504 5536 accusant

1946 5586 2117 5641 Nullis
2164 5601 2455 5656 corporum
2511 5582 2757 5653 partibus
2806 5578 3141 5635 munimenta
3183 5572 3504 5645 profuerant

1945 5675 2207 5747 quidquid
2240 5681 2413 5729 tutum
2442 5671 2668 5727 Barbari
2701 5670 2949 5741 judicant
2981 5667 3327 5729 infirmatur;
3370 5660 3498 5731 quid

1945 5770 2075 5841 quid
2104 5768 2300 5823 Franci
2336 5766 2562 5836 tetigere
2592 5760 2981 5818 conscinditur.
3012 5757 3285 5814 Sternitur
3315 5764 3504 5841 cam‘pe

1945 5837 2075 5919 stris
2099 5858 2415 5931 superficies
2443 5854 2835 5914 numerositate
2857 5851 3215 5913 cadaverum;
3240 5848 3297 5900 et
3332 5837 3524 5897 crebra
