4012 6346
548 362 659 421 735

1368 352 1433 409 V.
1469 348 1801 409 GUKBERTI
1829 340 2120 403 ABBATIS
2145 342 2211 398 S.
2232 340 2473 401 MANE
2514 341 2603 401 DE
2639 342 3031 404 NOWGENTO
3709 350 3785 414 πο

551 482 893 532 mortuorum
923 471 1219 543 congeries,
1252 468 1544 540 graminosi
1572 467 1782 537 pridem
1816 464 1962 520 ruris
2000 476 2127 518 exa-
2154 458 2206 522 Δ
2229 470 2508 530 coemptas
2531 459 2959 535 circumquaque
2989 464 3191 537 fruges
3224 465 3303 521 ad
3322 469 3617 525 exercitum
3652 474 3785 545 inopia

555 575 741 637 sperat
768 579 983 637 aequor;
1014 563 1187 618 inviso
1218 562 1418 631 ubique
1469 570 1609 616 terra
1634 559 1913 631 gentilium
1937 572 2128 613 cruore

552 675 801 729 respersa
852 657 1130 730 nigrescit.
1173 655 1276 724 Qui
1323 664 1633 710 nostrorum
1675 655 1806 709 caedi
1850 653 2000 709 fuere
2036 669 2130 708 su-

550 752 822 826 perstites.
860 750 1028 806 vitam
1065 749 1171 807 sibi
1196 764 1479 820 gressuum
1510 747 1794 803 celeritate
1827 746 2127 812 lucrentur,

550 854 608 903 et
633 845 821 917 spoliis
851 844 1108 917 propriis,
1143 859 1249 900 non
1308 844 1374 897 ad
1418 842 1612 897 horum
1666 841 1992 897 charitatem
2035 839 2130 895 sed

548 937 618 994 ob
655 937 739 993 sui
786 937 1084 1009 agilitatem
1132 935 1419 991 exonerari
1467 934 1737 989 laetantur.
1792 932 1851 986 In
1898 932 2129 987 alterum

550 1029 732 1101 itaque
757 1039 979 1095 statum,
1012 1044 1133 1086 sese
1166 1027 1332 1082 animi
1360 1035 1677 1082 nostrorum»
1699 1024 1955 1082 habitudo
1983 1038 2132 1079 com-

550 1112 746 1187 mutat,
776 1122 902 1177 dum
928 1129 1105 1175 metus
1126 1120 1181 1174 in
1204 1117 1507 1180 audaciam,
1539 1131 1718 1188 pugna
1744 1116 1801 1171 in
1820 1116 2133 1182 victoriam,

547 1228 753 1269 mceror
775 1213 830 1268 in
852 1211 1117 1277 laetitiam,
1146 1210 1318 1265 fames
1346 1209 1399 1264 in
1430 1208 1762 1279 opulentiam
1802 1208 2131 1276 suscitatur;

547 1306 728 1360 nudus
774 1305 1033 1372 induviis,
1086 1304 1257 1374 pedes
1292 1303 1574 1367 vehiculis,
1614 1317 1820 1373 pauper
1862 1302 2127 1373 pecuniis,

548 1406 741 1453 erutus
761 1397 971 1468 gratiis,
996 1396 1171 1452 victor
1194 1396 1450 1466 tripudiis
1470 1396 1785 1467 ampliatur.

623 1486 739 1562 [v.1
793 1490 1011 1545 Interim
1052 1492 1179 1547 dum
1235 1490 1340 1545 ista
1391 1499 1689 1561 geruntur,
1741 1489 1977 1554 Turcos,
2036 1489 2133 1560 qui

549 1578 851 1639 Antiochiae
894 1593 1182 1653 praeerant,
1236 1582 1608 1639 Boemundum
1638 1600 1760 1639 cum
1806 1584 2129 1640 Flandrensi

547 1674 745 1731 comite
772 1674 1042 1732 obsidioni
1067 1677 1257 1732 deesse
1287 1693 1395 1732 non
1429 1676 1603 1732 latuit.
1649 1677 1818 1731 Tanta
1860 1691 1991 1746 ergo
2039 1686 2131 1731 tu-

550 1766 719 1823 tiores
742 1766 1015 1833 absentia,
1072 1768 1270 1840 srepius
1314 1771 1382 1825 ad
1426 1769 1566 1827 bella
1605 1769 1874 1840 lace-sere
1914 1778 2130 1826 nostros

549 1859 771 1914 exibant
799 1860 1051 1927 sollicite,
1082 1876 1203 1932 qute
1249 1876 1379 1933 pars
1429 1861 1795 1917 obsidentium
1842 1860 2131 1916 haberetur

550 1950 841 2019 infirmior,
891 1965 1247 2026 aucupantes.
1296 1955 1535 2010 Tandem
1582 1966 1764 2025 aptum
1797 1956 1959 2020 diem,
2006 1971 2129 2011 cum

551 2053 699 2099 esset
728 2045 887 2100 tertia
918 2047 1162 2117 quaedam
1193 2046 1350 2113 feria,
1376 2063 1487 2101 suae
1520 2047 1819 2102 fortitudini
1848 2048 2132 2104 excrendae

549 2138 816 2202 videntes,
850 2138 1028 2194 subito
1056 2141 1233 2196 minus
1260 2142 1502 2211 providis
1536 2141 1813 2211 ingruunt,
1848 2151 1903 2196 ct
1947 2157 2013 2196 ex
2039 2156 2133 2211 pec

549 2229 751 2287 ditibus
793 2231 1166 2303 militibusque
1205 2234 1652 2304 quamplurimos,
1698 2238 1825 2291 dum
1878 2236 2012 2290 nihil
2042 2250 2134 2292 ve-

549 2332 767 2391 rentur,
843 2324 1116 2382 occidunt.
1183 2325 1498 2397 Magnificus
1570 2344 1783 2397 quoque
1850 2328 2135 2384 Podiensis

548 2416 835 2487 episcopus
872 2434 984 2473 suae
1035 2419 1202 2475 curiae
1248 2420 1535 2490 majorem,
1580 2422 1940 2491 eumdemque
1968 2422 2134 2492 signi-

550 2505 725 2562 ferum
747 2524 929 2575 suum,
960 2510 1104 2565 inter
1125 2525 1221 2566 eos
1246 2511 1336 2580 qui
1361 2512 1796 2579 perimebantur,
1825 2515 2024 2570 amisit.
2067 2514 2135 2568 Et

550 2598 656 2655 nisi
680 2598 919 2657 ﬂuminis
949 2602 1154 2668 alveus,
1186 2601 1342 2670 cujus
1384 2604 1645 2673 crepidini
1713 2617 1892 2661 castra
1941 2623 2136 2664 conse-

551 2690 770 2759 derant,
800 2693 1133 2764 interjacens
1158 2694 1486 2758 obstitisset.
1524 2705 1838 2751 nostrorum
1894 2698 2134 2753 interne-

551 2781 638 2839 cio
679 2798 787 2839 non
829 2800 996 2855 parva
1048 2794 1106 2841 et
1154 2802 1315 2857 quam
1375 2788 1570 2843 crebra
1628 2788 1841 2846 fuisset.
1897 2790 1977 2845 Ad
2020 2790 2136 2848 haec

551 2874 828 2946 egregium
862 2878 1232 2935 Boemundum
1279 2882 1493 2954 regredi
1537 2885 1863 2952 contigerat,
1912 2885 2137 2954 direptis

553 2966 982 3026 Sarracenorum
1011 2975 1403 3042 provinciis,et
1425 2990 1487 3031 ea
1520 2975 1572 3029 in
1598 2978 1793 3046 quibus
1822 2978 2136 3033 Tancredus

552 3061 869 3118 morabatur
895 3074 1150 3121 montana
1178 3066 1438 3133 revisere,
1468 3068 1593 3122 dum
1644 3070 1874 3125 aestimat
1922 3070 2127 3142 aliquid

552 3154 696 3222 quod
721 3155 1005 3224 prodesset
1028 3158 1408 3215 obsessoribus
1457 3161 1694 3217 civitatis
1737 3178 1794 3218 se
1827 3178 1982 3233 posse
2029 3164 2129 3219 ibi-

554 3243 674 3300 dem
703 3245 959 3316 reperire.
991 3246 1125 3303 Cum
1153 3250 1299 3304 enim
1323 3249 1583 3320 quidquid
1612 3266 1722 3321 prae
1741 3252 1913 3307 oculis
1934 3253 2138 3307 habue-

553 3345 682 3393 rant
716 3339 918 3410 quique
969 3351 1278 3401 nostrorum
1332 3343 1709 3415 diripuissent,
1745 3346 1897 3400 multi
1955 3355 2134 3403 tamen

555 3443 624 3485 ex
645 3428 725 3484 eis
754 3430 888 3485 nihil
920 3431 1198 3500 invenere,
1229 3435 1497 3506 vacuique
1514 3436 1747 3504 rediere,
1772 3452 1964 3493 eorum
1993 3438 2138 3494 scili-

555 3530 643 3576 cet
671 3537 794 3594 quaa
827 3522 989 3580 victui
1015 3529 1325 3583 necessaria
1359 3526 1562 3583 forent.

625 3616 693 3671 At
717 3633 984 3690 nusquam
1016 3636 1210 3690 expers
1232 3621 1443 3677 consilii
1468 3620 1834 3688 Boemundus,
1870 3623 1994 3678 dum
2041 3639 2134 3679 eos

558 3704 741 3777 inepte
772 3706 1032 3765 oberrare
1057 3711 1418 3781 conspiceret,
1453 3712 1719 3777 adoritur,
1752 3713 1937 3769 dicens
1968 3732 1982 3769 :
2020 3734 2039 3767 ‹
2077 3714 2134 3769 Si

556 3798 841 3853 commoda
889 3798 1015 3855 vita
1070 3809 1269 3858 vestrae
1321 3801 1647 3871 disquiritis,
1698 3803 1742 3857 si
1783 3805 1979 3859 vestris
2008 3805 2134 3874 rite,

555 3896 718 3959 prout
741 3899 898 3961 urget
924 3890 1126 3957 inedia,
1154 3892 1474 3963 corporibus
1500 3894 1817 3963 providetis,
1853 3895 1924 3951 ita
1969 3901 2133 3969 agite,

557 3988 849 4049 quatenus,
876 3979 1004 4036 dum
1030 3982 1207 4037 vietus
1229 3983 1509 4053 quatritur,
1547 3985 1746 4039 victum
1775 3990 2134 4056 quaerentium

557 4071 707 4128 nullo
732 4074 891 4130 modo
920 4074 1020 4129 vita
1046 4084 1292 4131 necetur.
1335 4076 1576 4133 Desinite
1597 4077 1904 4136 discurrere
1929 4090 2138 4135 monta-

557 4183 749 4224 norum
768 4185 866 4240 per
883 4171 1163 4238 avia,cum
1196 4172 1380 4228 sciatis
1414 4173 1600 4229 hostes
1629 4184 1837 4231 vestros
1864 4176 2136 4246 incognita

556 4262 712 4319 vobis
740 4264 1083 4319 horridarum
1115 4266 1469 4322 solitudinum
1509 4265 1694 4323 fovere
1719 4268 1957 4323 latibula.
2001 4270 2139 4325 Jun-

555 4363 677 4411 ctus
702 4356 911 4427 pariter
940 4357 1103 4429 (alter
1124 4359 1267 4414 enim
1286 4374 1351 4414 ex
1386 4358 1559 4414 altero
1590 4360 1649 4413 fit
1701 4359 1914 4432 fortior)
1944 4377 2136 4431 proce-

558 4448 651 4503 dat
680 4451 974 4518 exercitus,
1019 4461 1076 4506 ut
1134 4452 1179 4509 si
1227 4454 1364 4522 parti
1398 4453 1630 4509 infertur
1655 4455 1928 4520 violentia,
1967 4457 2136 4528 partis

557 4539 782 4597 alterius
809 4543 986 4599 valeat
1015 4546 1250 4615 experiri
1273 4548 1543 4616 praesidia.
1579 4548 1670 4604 Sic
1701 4550 1865 4613 enim,
1891 4550 1933 4605 si
1962 4551 2078 4605 ovis
2108 4567 2137 4605 a
2168 4586 2216 4645 η

559 4648 719 4685 manu
765 4634 850 4688 vel
898 4639 1186 4704 praesentia
1229 4642 1465 4708 pastoris
1509 4652 1745 4706 exerrat,
1776 4643 2005 4698 rictibus
2054 4644 2136 4698 di-

558 4723 838 4795 gnoscitur
851 4735 1034 4795 patere
1056 4730 1278 4798 lupinis;
1305 4732 1382 4788 sic
1411 4732 1564 4787 miles
1585 4734 1628 4787 si
1658 4750 1686 4788 a
1710 4734 2133 4790 commilitonum

557 4816 919 4873 contubernio
963 4822 1237 4894 solivagus
1295 4834 1484 4892 exeat,
1553 4826 1882 4897 quibuslibet
1950 4828 2137 4897 procul

558 4910 724 4966 dubio
778 4909 1068 4967 ludibrium
1128 4916 1471 4983 praedonibus
1519 4926 1713 4972 exstat.
1747 4918 1927 4973 Satius
1958 4920 2140 4990 itaque

556 5003 711 5058 vobis
757 5003 829 5059 sit
879 5004 1020 5073 apud
1076 5020 1173 5060 vos
1219 5017 1273 5061 et
1310 5023 1430 5062 cum
1464 5010 1682 5074 vestris,
1726 5010 1807 5064 vel
1842 5012 1985 5065 tenui
2020 5012 2141 5066 cibo

556 5096 730 5166 pasci,
773 5111 935 5166 quam
984 5097 1349 5153 inextricabili
1399 5099 1705 5170 captivitati
1749 5101 1995 5155 addictos
2024 5102 2141 5155 lau-

558 5188 680 5242 tiori
713 5188 893 5245 edulio
919 5190 1089 5245 vesci.
1125 5188 1310 5259 Itaque
1339 5206 1443 5244 una
1472 5190 1568 5255 ire,
1601 5191 1909 5262 pariterque
1938 5194 2139 5261 redire,

557 5282 790 5338 canibus
817 5284 1096 5347 delectari,
1136 5284 1521 5355 priesumptive
1548 5283 1619 5337 nil
1649 5299 1829 5353 agere,
1884 5301 2146 5353 quorum-

558 5388 666 5442 que
696 5382 780 5427 est
807 5390 1032 5431 censura
1061 5377 1358 5444 bonorum;
1395 5376 1565 5431 libere
1586 5377 1802 5446 evagari
1839 5378 2018 5447 perire
2044 5392 2142 5431 vo-

558 5464 806 5523 lentium.
851 5489 870 5522 ι
927 5471 1092 5538 Dixit,
1141 5482 1197 5527 et
1244 5474 1311 5527 ad
1359 5472 1539 5527 socios
1573 5471 1857 5540 repellens,
1906 5471 1959 5525 in
1992 5469 2142 5526 nullo

558 5560 871 5616 obsessores
894 5563 1067 5616 reditu
1095 5579 1193 5620 suo
1213 5565 1579 5635 opulentiores
1612 5564 1863 5620 reddidit.

631 5664 833 5721 Verum
861 5664 1245 5720 Armeniorum
1277 5667 1675 5738 Syriorumque
1704 5669 1995 5733 calliditas,
2020 5683 2141 5722 cum

562 5759 765 5815 videret
788 5757 841 5812 in
876 5757 1117 5811 exercitu
1148 5761 1429 5813 extenuari
1475 5761 1701 5824 cibaria,
1755 5762 2021 5814 exinaniri
2056 5775 2144 5813 ve—

562 5850 728 5919 nalia,
756 5864 852 5923 per
880 5846 1137 5921 quaelibet
1181 5849 1283 5903 sibi
1316 5852 1525 5921 cognita
1569 5854 1977 5909 obambulantes
2008 5855 2143 5924 ioca,

2162 3209 2210 3275 ο

2230 550 2566 607 laborantem
2596 552 2875 620 deferunt;
2908 564 2963 609 et
3010 559 3163 612 adeo
3196 557 3565 616 immoderata
3606 563 3789 624 charito-

2229 643 2354 703 dine
2402 645 2664 711 vendunt,
2708 657 2766 702 ut
2812 650 2950 704 asini
2982 652 3155 706 unius
3190 666 3265 707 ex
3312 652 3587 711 frumento
3626 666 3790 718 sarcina

2228 746 2353 794 octo
2381 754 2569 794 eorum
2592 740 2985 811 Bysantieorum
3015 747 3211 815 pretio
3245 746 3663 815 distraheretur,
3694 771 3790 823 quo;

2231 835 2431 892 ibidem
2480 848 2810 909 purpuratos
2865 842 3153 907 vocitant,
3213 843 3314 913 qui
3381 854 3597 897 centum
3652 849 3792 915 viginti

2230 945 2574 985 nummorum
2606 932 2793 988 soiidis
2818 935 3277 989 aestimabantur.
3308 933 3389 988 lbi
3420 938 3625 1005 pensari
3646 949 3791 1009 potest,

2230 1038 2393 1091 quam
2425 1024 2699 1080 horrendo
2723 1025 2881 1082 fumis
2902 1027 3264 1082 succubuere
3294 1027 3622 1093 discrimini,
3649 1033 3795 1099 quibus

2230 1115 2375 1169 nulla
2409 1116 2792 1187 suppeditabat
2831 1116 3061 1174 facultas
3107 1118 3319 1189 pretii.
3361 1118 3431 1172 Et
3457 1119 3545 1173 ubi
3576 1121 3794 1193 principes

2230 1214 2588 1275 coangustare
2627 1205 2741 1275 jam
2796 1220 3043 1279 coeperat
3071 1210 3349 1281 pecuniae
3385 1209 3677 1275 diﬂieultas.
3702 1216 3795 1283 quid

2231 1309 2414 1369 ageret
2450 1300 2560 1368 ille,
2610 1318 2789 1373 quem,
2827 1305 3080 1361 omnibus
3136 1305 3374 1377 pridem
3403 1306 3681 1376 opulentis,
3714 1304 3794 1378 iam

2230 1400 2477 1448 extrema
2506 1395 2789 1464 premebat
2821 1398 3073 1468 egestas?

2340 1482 2478 1557 [VL]
2521 1484 2779 1542 Torserat
2802 1489 3028 1559 grandis
3059 1488 3370 1545 cruciatus
3397 1487 3544 1557 illos,

2338 1578 2529 1634 Victus
2555 1580 2801 1634 arctabat
2826 1581 3003 1636 teuttis
3026 1597 3361 1650 supremos,

2339 1669 2561 1727 Viribus
2594 1670 2729 1727 fusis
2761 1674 2942 1729 rabies
2978 1674 3148 1731 famei

2589 1763 2844 1819 Reddidit
2866 1766 3025 1821 imos.

2340 1854 2521 1925 Copiae
2548 1854 2746 1926 panum
2776 1856 2994 1913 fuerant
3026 1868 3267 1914 remotae

2336 1949 2454 2004 Non
2480 1950 2645 2004 boum
2674 1966 2889 2015 carnes,
2938 1968 3037 2006 nec
3064 1960 3237 2006 erant
3260 1950 3449 2007 suillae
3476 1965 3494 2005 :

2337 2042 2589 2098 Vulserat
2611 2043 2811 2113 passim
2842 2059 3037 2099 manus
3073 2044 3441 2116 indigentum

2586 2136 2845 2192 Gramina
2876 2155 3126 2208 qumque.

2338 2227 2612 2298 Quidquid
2643 2245 2892 2284 escarum
2924 2240 3138 2297 poterat
3173 2229 3360 2285 fuisse

2338 2319 2588 2390 Suppetit
2619 2322 2836 2376 tandem
2860 2308 3304 2392 reperire'nnlii.

2337 2409 2626 2466 Solverant
2658 2421 2829 2477 artus,
2867 2412 3106 2468 tulerant
3135 2423 3194 2466 et
3227 2426 3434 2468 ausum

2588 2504 2818 2560 Pectora
2851 2505 2982 2560 laxi.

2340 2592 2604 2651 Tenditur
2628 2598 2803 2652 dirum
2836 2599 2981 2654 cutis
3006 2598 3061 2653 in
3091 2609 3377 2654 tumorem

2339 2690 2443 2757 Qui
2474 2692 2580 2747 cibi
2606 2692 2810 2747 nullum
2839 2701 3063 2749 tenuere
3094 2708 3340 2749 morem.

2340 2783 2477 2839 Esca
2506 2784 2726 2850 defecit,
2750 2786 2913 2855 periit
2938 2784 3166 2841 facultas
3200 2804 3215 2840 :

2591 2877 2731 2931 Dant
2760 2894 2823 2933 ea
2853 2888 3107 2934 mortem.

2342 2968 2515 3024 Solvit
2543 2970 2752 3026 occisos
2776 2970 2957 3026 brevis
2979 2985 3148 3042 angor
3171 2983 3402 3035 omnes,

2340 3062 2411 3116 At
2440 3060 2583 3117 fame
2615 3072 2787 3118 tactos
2815 3063 3026 3133 agitant
3050 3063 3277 3118 dolores
3302 3078 3317 3115 :

2346 3155 2501 3212 Unde
2522 3165 2815 3226 protracta:
2851 3156 3075 3211 meliora
3103 3163 3331 3227 gestant

2593 3249 2822 3305 Praemia
2858 3259 3081 3304 mortes.

2342 3338 2452 3395 Hos
2474 3339 2619 3396 fovet
2646 3341 2807 3411 plane
2832 3341 2983 3397 cibus
3012 3340 3364 3413 angelorum,

2342 3431 2559 3502 Optimo
2588 3436 2825 3505 gaudent
2855 3436 3044 3491 bravio
3067 3434 3348 3500 laborum,

2345 3523 2461 3589 Quo
2489 3525 2660 3595 magis
2691 3525 2901 3595 pondus
2925 3526 3189 3583 tolerasse
3219 3530 3443 3583 constat

2590 3619 3013 3690 Suppliciorum.

2340 3712 2533 3769 Czeteri
2561 3723 2824 3783 pugnant.
2865 3715 3157 3783 variosque
3197 3727 3368 3769 casus

2221 3802 2399 3876 399
2420 3802 2583 3859 Ferre
2613 3814 2948 3872 concertant,
2978 3806 3234 3877 gravibus
3266 3799 3506 3861 secunda

2344 3894 2463 3951 Ulla
2492 3895 2578 3951 vix
2609 3906 2887 3965 praestant,
2919 3898 3145 3953 meliora
3171 3896 3314 3954 laetis

2594 3988 2791 4044 Tristia
2832 4000 3073 4046 censent.

2343 4077 2461 4134 Jam
2490 4093 2680 4136 cruces
2702 4080 2979 4137 Christum
3010 4082 3257 4152 geminas
3286 4075 3507 4137 ferendo

2342 4172 2603 4242 Prosequi
2624 4181 2839 4238 curant,
2872 4174 3079 4242 potiora
3105 4174 3279 4243 jussis

2344 4265 2576 4338 Aggredi
2609 4268 2845 4338 gaudent
2867 4269 3064 4337 quibus
3091 4277 3288 4325 auctor
3316 4279 3475 4324 unam

2591 4358 2829 4415 Jusserit
2856 4361 3047 4415 isdem.

2346 4449 2482 4505 Huic
2511 4450 2681 4507 fames
2708 4461 2863 4507 atrox
2894 4467 2990 4507 cor
3012 4453 3171 4507 inane
3201 4451 3398 4523 carpit,

2345 4543 2544 4599 Aridus
2572 4543 2769 4600 dudum
2800 4546 3112 4601 stomachus
3142 4545 3370 4602 fatiscit.

2350 4634 2632 4690 Viscerum
2664 4646 2891 4707 strages,
2925 4637 3136 4693 cerebri
3170 4637 3358 4693 ruinas

2362 4720 2375 4725 ’⁷
2599 4727 2782 4783 Passio
2810 4728 2954 4784 fecit.

2346 4819 2497 4876 intus
2523 4820 2639 4875 inec
2678 4821 2827 4876 tabes
2856 4822 3095 4875 animum
3125 4819 3338 4894 fatigat,

2348 4913 2475 4969 inde
2496 4914 2760 4969 bellorum
2789 4913 2976 4969 feritas
3012 4915 3290 4983 molestat,

2347 5005 2415 5060 Et
2442 5006 2558 5061 dies
2586 5018 2641 5061 et
2675 5020 2780 5060 nox
2815 5006 2885 5060 ibi
2918 5005 3075 5075 plena
3111 5007 3260 5063 curis

2596 5098 2843 5153 Cardibus
2866 5098 3054 5152 instat.

2347 5189 2504 5244 Acris
2543 5196 2722 5242 exstat
2749 5202 2924 5252 mens,
2964 5196 3261 5257 tenuesque
3297 5185 3452 5251 vires,

2350 5280 2532 5350 Egrae
2550 5280 2642 5335 sed
2672 5279 2870 5333 mentis
2900 5288 3157 5348 reparant
3194 5279 3399 5346 vigores

2348 5375 2514 5445 Inque
2537 5373 2839 5429 fundendos
2872 5373 3155 5428 minimum
3180 5381 3429 5430 verentur

2600 5466 2683 5521 Ire
2705 5480 2951 5521 cruores.

2844 5569 3074 5627 CAPUT
3111 5570 3197 5626 IV.

2322 5664 2485 5739 [Ἧι]
2513 5625 2967 5736 Cuillelntus,—qui
3076 5663 3300 5718 inaniter
3323 5642 3609 5739 ργωάίεαθίξίν
3629 5625 3723 5739 dim

2246 5730 2905 5830 aufugitf—cuiltetmus
2951 5757 3157 5811 interea
3195 5730 3421 5825 quidam,
3455 5730 3719 5830 qutCWPF'L'

2250 5816 2443 5922 tariuvs,
2481 5866 2588 5908 non
2620 5850 2743 5924 quia
2770 5848 2923 5906 faber
2970 5848 3231 5921 lignarius
3280 5849 3431 5910 esset,
3473 5826 3548 5891 Sed
3574 5816 3719 5894 Ψ¹¹³¹¹¹

3694 6234 3928 6342 Α
