  <div class='ocr_page' id='page_1' title='image "/cluster/home/n/w/nwhite01/storage/ocr_20150623/156/hvd.32044010683712/374.png"; bbox 0 0 4012 6346; ppageno 0'>
   <div class='ocr_carea' id='block_1_1' title="bbox 234 336 374 396">
    <p class='ocr_par' dir='ltr' id='par_1_1' title="bbox 234 336 374 396">
     <span class='ocr_line' id='line_1_1' title="bbox 234 336 374 396; baseline 0 -1"><span class='ocrx_word' id='word_1_1' title='bbox 234 336 374 396; x_wconf 74' lang='grc'><strong>’137</strong></span> 
     </span>
    </p>
   </div>
   <div class='ocr_carea' id='block_1_2' title="bbox 1330 324 2619 391">
    <p class='ocr_par' dir='ltr' id='par_1_2' title="bbox 1330 324 2619 391">
     <span class='ocr_line' id='line_1_2' title="bbox 1330 324 2619 391; baseline -0.009 0"><span class='ocrx_word' id='word_1_2' title='bbox 1330 331 1560 391; x_wconf 72' lang='lat' dir='ltr'><strong>GESTA</strong></span> <span class='ocrx_word' id='word_1_3' title='bbox 1596 329 1709 388; x_wconf 68' lang='lat' dir='ltr'><strong>9E!</strong></span> <span class='ocrx_word' id='word_1_4' title='bbox 1739 327 1878 387; x_wconf 69' lang='lat' dir='ltr'><strong>PER</strong></span> <span class='ocrx_word' id='word_1_5' title='bbox 1913 325 2256 385; x_wconf 77' lang='lat' dir='ltr'><strong>FRANCOS.</strong></span> <span class='ocrx_word' id='word_1_6' title='bbox 2287 356 2358 368; x_wconf 89' lang='lat'><strong>--</strong></span> <span class='ocrx_word' id='word_1_7' title='bbox 2378 324 2507 383; x_wconf 80' lang='lat' dir='ltr'><strong>LIB.</strong></span> <span class='ocrx_word' id='word_1_8' title='bbox 2533 324 2619 381; x_wconf 74' lang='lat' dir='ltr'><strong>iV.</strong></span> 
     </span>
    </p>
   </div>
   <div class='ocr_carea' id='block_1_3' title="bbox 3432 325 3546 385">
    <p class='ocr_par' dir='ltr' id='par_1_3' title="bbox 3432 325 3546 385">
     <span class='ocr_line' id='line_1_3' title="bbox 3432 325 3546 385; baseline 0 -4"><span class='ocrx_word' id='word_1_9' title='bbox 3432 325 3546 385; x_wconf 63' lang='grc' dir='ltr'><strong>Ἴδε</strong></span> 
     </span>
    </p>
   </div>
   <div class='ocr_carea' id='block_1_4' title="bbox 238 439 3542 521">
    <p class='ocr_par' dir='ltr' id='par_1_4' title="bbox 238 439 3542 521">
     <span class='ocr_line' id='line_1_4' title="bbox 238 439 3542 521; baseline -0.004 -11"><span class='ocrx_word' id='word_1_10' title='bbox 238 454 435 510; x_wconf 84' lang='lat' dir='ltr'><strong>bellis</strong></span> <span class='ocrx_word' id='word_1_11' title='bbox 469 449 724 507; x_wconf 65' lang='lat' dir='ltr'><strong>cedendo</strong></span> <span class='ocrx_word' id='word_1_12' title='bbox 752 464 905 507; x_wconf 81' lang='lat' dir='ltr'><strong>more</strong></span> <span class='ocrx_word' id='word_1_13' title='bbox 930 450 1265 521; x_wconf 80' lang='lat' dir='ltr'><strong>carpentarii</strong></span> <span class='ocrx_word' id='word_1_14' title='bbox 1309 450 1605 512; x_wconf 77' lang='lat' dir='ltr'><strong>insisteret,</strong></span> <span class='ocrx_word' id='word_1_15' title='bbox 1650 448 1863 502; x_wconf 81' lang='lat' dir='ltr'><strong>diceba-</strong></span> <span class='ocrx_word' id='word_1_16' title='bbox 1889 448 1941 508; x_wconf 77' lang='grc' dir='ltr'><strong>Α</strong></span> <span class='ocrx_word' id='word_1_17' title='bbox 1970 444 2223 499; x_wconf 87' lang='lat' dir='ltr'><strong>Sanctior</strong></span> <span class='ocrx_word' id='word_1_18' title='bbox 2275 458 2399 499; x_wconf 89' lang='lat' dir='ltr'><strong>esca</strong></span> <span class='ocrx_word' id='word_1_19' title='bbox 2458 441 2600 498; x_wconf 86' lang='lat' dir='ltr'><strong>foret</strong></span> <span class='ocrx_word' id='word_1_20' title='bbox 2651 439 2919 496; x_wconf 78' lang='lat' dir='ltr'><strong>monacho</strong></span> <span class='ocrx_word' id='word_1_21' title='bbox 2945 479 2961 507; x_wconf 93' lang='lat'><strong>,</strong></span> <span class='ocrx_word' id='word_1_22' title='bbox 3035 441 3181 512; x_wconf 85' lang='lat' dir='ltr'><strong>porri</strong></span> <span class='ocrx_word' id='word_1_23' title='bbox 3244 444 3542 507; x_wconf 75' lang='lat' dir='ltr'><strong>nasturcio,</strong></span> 
     </span>
    </p>
   </div>
   <div class='ocr_carea' id='block_1_5' title="bbox 239 544 1861 615">
    <p class='ocr_par' dir='ltr' id='par_1_5' title="bbox 239 544 1861 615">
     <span class='ocr_line' id='line_1_5' title="bbox 239 544 1861 615; baseline -0.004 -12"><span class='ocrx_word' id='word_1_24' title='bbox 239 557 384 613; x_wconf 86' lang='lat' dir='ltr'><strong>tur,</strong></span> <span class='ocrx_word' id='word_1_25' title='bbox 421 550 584 603; x_wconf 86' lang='lat' dir='ltr'><strong>homo</strong></span> <span class='ocrx_word' id='word_1_26' title='bbox 606 546 1090 615; x_wconf 85' lang='lat' dir='ltr'><strong>Transsequanus;</strong></span> <span class='ocrx_word' id='word_1_27' title='bbox 1128 544 1298 599; x_wconf 84' lang='lat' dir='ltr'><strong>dictis</strong></span> <span class='ocrx_word' id='word_1_28' title='bbox 1325 553 1537 615; x_wconf 87' lang='lat' dir='ltr'><strong>potens,</strong></span> <span class='ocrx_word' id='word_1_29' title='bbox 1563 544 1656 598; x_wconf 89' lang='lat' dir='ltr'><strong>sed</strong></span> <span class='ocrx_word' id='word_1_30' title='bbox 1696 556 1861 613; x_wconf 86' lang='lat' dir='ltr'><strong>opere</strong></span> 
     </span>
    </p>
   </div>
   <div class='ocr_carea' id='block_1_6' title="bbox 236 638 1862 712">
    <p class='ocr_par' dir='ltr' id='par_1_6' title="bbox 236 638 1862 712">
     <span class='ocr_line' id='line_1_6' title="bbox 236 638 1862 712; baseline -0.004 -16"><span class='ocrx_word' id='word_1_31' title='bbox 236 655 495 712; x_wconf 73' lang='lat' dir='ltr'><strong>parcus,</strong></span> <span class='ocrx_word' id='word_1_32' title='bbox 523 640 701 709; x_wconf 75' lang='lat' dir='ltr'><strong>magni</strong></span> <span class='ocrx_word' id='word_1_33' title='bbox 734 639 968 693; x_wconf 87' lang='lat' dir='ltr'><strong>nominis</strong></span> <span class='ocrx_word' id='word_1_34' title='bbox 992 638 1207 703; x_wconf 88' lang='lat' dir='ltr'><strong>umbra,</strong></span> <span class='ocrx_word' id='word_1_35' title='bbox 1240 638 1322 691; x_wconf 88' lang='lat' dir='ltr'><strong>vir</strong></span> <span class='ocrx_word' id='word_1_36' title='bbox 1347 638 1550 707; x_wconf 80' lang='lat' dir='ltr'><strong>majora</strong></span> <span class='ocrx_word' id='word_1_37' title='bbox 1581 653 1639 692; x_wconf 91' lang='lat' dir='ltr'><strong>se</strong></span> <span class='ocrx_word' id='word_1_38' title='bbox 1660 650 1862 705; x_wconf 71' lang='lat' dir='ltr'><strong>aggre-</strong></span> 
     </span>
    </p>
   </div>
   <div class='ocr_carea' id='block_1_7' title="bbox 237 729 1864 801">
    <p class='ocr_par' dir='ltr' id='par_1_7' title="bbox 237 729 1864 801">
     <span class='ocr_line' id='line_1_7' title="bbox 237 729 1864 801; baseline -0.001 -15"><span class='ocrx_word' id='word_1_39' title='bbox 237 733 448 793; x_wconf 80' lang='lat' dir='ltr'><strong>diens,</strong></span> <span class='ocrx_word' id='word_1_40' title='bbox 478 739 534 785; x_wconf 87' lang='lat' dir='ltr'><strong>et</strong></span> <span class='ocrx_word' id='word_1_41' title='bbox 552 732 652 801; x_wconf 78' lang='lat' dir='ltr'><strong>qui</strong></span> <span class='ocrx_word' id='word_1_42' title='bbox 674 730 809 785; x_wconf 71' lang='lat' dir='ltr'><strong>nihil</strong></span> <span class='ocrx_word' id='word_1_43' title='bbox 830 730 1180 800; x_wconf 66' lang='lat' dir='ltr'><strong>relinquebat</strong></span> <span class='ocrx_word' id='word_1_44' title='bbox 1206 729 1541 799; x_wconf 60' lang='lat' dir='ltr'><strong>explicitum.</strong></span> <span class='ocrx_word' id='word_1_45' title='bbox 1560 730 1665 797; x_wconf 73' lang='lat' dir='ltr'><strong>Qui</strong></span> <span class='ocrx_word' id='word_1_46' title='bbox 1695 730 1864 785; x_wconf 86' lang='lat' dir='ltr'><strong>etiam</strong></span> 
     </span>
    </p>
   </div>
   <div class='ocr_carea' id='block_1_8' title="bbox 239 819 1861 894">
    <p class='ocr_par' dir='ltr' id='par_1_8' title="bbox 239 819 1861 894">
     <span class='ocr_line' id='line_1_8' title="bbox 239 819 1861 894; baseline 0.001 -20"><span class='ocrx_word' id='word_1_47' title='bbox 239 837 395 877; x_wconf 82' lang='lat' dir='ltr'><strong>cum</strong></span> <span class='ocrx_word' id='word_1_48' title='bbox 438 819 990 894; x_wconf 71' lang='lat' dir='ltr'><strong>Hierosolymitanum</strong></span> <span class='ocrx_word' id='word_1_49' title='bbox 1036 831 1549 889; x_wconf 76' lang='lat' dir='ltr'><strong>essetegressurus</strong></span> <span class='ocrx_word' id='word_1_50' title='bbox 1598 824 1726 886; x_wconf 80' lang='lat' dir='ltr'><strong>iter,</strong></span> <span class='ocrx_word' id='word_1_51' title='bbox 1778 821 1861 876; x_wconf 80' lang='lat' dir='ltr'><strong>di-</strong></span> 
     </span>
    </p>
   </div>
   <div class='ocr_carea' id='block_1_9' title="bbox 240 913 1859 985">
    <p class='ocr_par' dir='ltr' id='par_1_9' title="bbox 240 913 1859 985">
     <span class='ocr_line' id='line_1_9' title="bbox 240 913 1859 985; baseline -0.003 -15"><span class='ocrx_word' id='word_1_52' title='bbox 240 915 448 985; x_wconf 81' lang='lat' dir='ltr'><strong>reptis</strong></span> <span class='ocrx_word' id='word_1_53' title='bbox 496 916 885 983; x_wconf 69' lang='lat' dir='ltr'><strong>contiguoru‘m</strong></span> <span class='ocrx_word' id='word_1_54' title='bbox 932 914 1038 969; x_wconf 87' lang='lat' dir='ltr'><strong>sibi</strong></span> <span class='ocrx_word' id='word_1_55' title='bbox 1104 928 1408 984; x_wconf 81' lang='lat' dir='ltr'><strong>pauperum</strong></span> <span class='ocrx_word' id='word_1_56' title='bbox 1471 913 1859 979; x_wconf 84' lang='lat' dir='ltr'><strong>subs&#39;tantiolis,</strong></span> 
     </span>
    </p>
   </div>
   <div class='ocr_carea' id='block_1_10' title="bbox 236 992 1860 1077">
    <p class='ocr_par' dir='ltr' id='par_1_10' title="bbox 236 992 1860 1077">
     <span class='ocr_line' id='line_1_10' title="bbox 236 992 1860 1077; baseline -0.002 -17"><span class='ocrx_word' id='word_1_57' title='bbox 236 1005 561 1077; x_wconf 71' lang='lat' dir='ltr'><strong>profanum</strong></span> <span class='ocrx_word' id='word_1_58' title='bbox 595 992 850 1061; x_wconf 79' lang='lat' dir='ltr'><strong>viaticum</strong></span> <span class='ocrx_word' id='word_1_59' title='bbox 880 1006 1237 1076; x_wconf 53' lang='lat' dir='ltr'><strong>praeparavit;</strong></span> <span class='ocrx_word' id='word_1_60' title='bbox 1262 1006 1343 1068; x_wconf 43' lang='lat' dir='ltr'><strong>iis,</strong></span> <span class='ocrx_word' id='word_1_61' title='bbox 1374 1005 1615 1074; x_wconf 83' lang='lat' dir='ltr'><strong>inquam,</strong></span> <span class='ocrx_word' id='word_1_62' title='bbox 1650 1004 1860 1068; x_wconf 68' lang='lat' dir='ltr'><strong>inediae,</strong></span> 
     </span>
    </p>
   </div>
   <div class='ocr_carea' id='block_1_11' title="bbox 242 1094 1864 1169">
    <p class='ocr_par' dir='ltr' id='par_1_11' title="bbox 242 1094 1864 1169">
     <span class='ocr_line' id='line_1_11' title="bbox 242 1094 1864 1169; baseline -0.002 -18"><span class='ocrx_word' id='word_1_63' title='bbox 242 1110 440 1168; x_wconf 78' lang='lat' dir='ltr'><strong>quam</strong></span> <span class='ocrx_word' id='word_1_64' title='bbox 498 1098 679 1153; x_wconf 74' lang='lat' dir='ltr'><strong>multo</strong></span> <span class='ocrx_word' id='word_1_65' title='bbox 714 1098 1035 1169; x_wconf 76' lang='lat' dir='ltr'><strong>egentiores</strong></span> <span class='ocrx_word' id='word_1_66' title='bbox 1086 1113 1295 1151; x_wconf 85' lang='lat' dir='ltr'><strong>summa</strong></span> <span class='ocrx_word' id='word_1_67' title='bbox 1339 1095 1600 1150; x_wconf 74' lang='lat' dir='ltr'><strong>cernebat</strong></span> <span class='ocrx_word' id='word_1_68' title='bbox 1635 1094 1864 1149; x_wconf 88' lang='lat' dir='ltr'><strong>tolerare</strong></span> 
     </span>
    </p>
   </div>
   <div class='ocr_carea' id='block_1_12' title="bbox 242 1185 1861 1261">
    <p class='ocr_par' dir='ltr' id='par_1_12' title="bbox 242 1185 1861 1261">
     <span class='ocr_line' id='line_1_12' title="bbox 242 1185 1861 1261; baseline -0.003 -16"><span class='ocrx_word' id='word_1_69' title='bbox 242 1190 753 1261; x_wconf 43' lang='lat' dir='ltr'><strong>ﬁdegimpatiens,</strong></span> <span class='ocrx_word' id='word_1_70' title='bbox 798 1191 1024 1245; x_wconf 89' lang='lat' dir='ltr'><strong>silenter</strong></span> <span class='ocrx_word' id='word_1_71' title='bbox 1064 1189 1299 1260; x_wconf 78' lang='lat' dir='ltr'><strong>aufugit.</strong></span> <span class='ocrx_word' id='word_1_72' title='bbox 1351 1186 1515 1256; x_wconf 79' lang='lat' dir='ltr'><strong>Cujus</strong></span> <span class='ocrx_word' id='word_1_73' title='bbox 1544 1186 1758 1257; x_wconf 84' lang='lat' dir='ltr'><strong>quidem</strong></span> <span class='ocrx_word' id='word_1_74' title='bbox 1806 1185 1861 1240; x_wconf 86' lang='lat' dir='ltr'><strong>in</strong></span> 
     </span>
    </p>
   </div>
   <div class='ocr_carea' id='block_1_13' title="bbox 247 1279 1863 1353">
    <p class='ocr_par' dir='ltr' id='par_1_13' title="bbox 247 1279 1863 1353">
     <span class='ocr_line' id='line_1_13' title="bbox 247 1279 1863 1353; baseline -0.002 -17"><span class='ocrx_word' id='word_1_75' title='bbox 247 1282 449 1337; x_wconf 60' lang='lat' dir='ltr'><strong>armis</strong></span> <span class='ocrx_word' id='word_1_76' title='bbox 468 1282 665 1352; x_wconf 73' lang='lat' dir='ltr'><strong>gloria,</strong></span> <span class='ocrx_word' id='word_1_77' title='bbox 699 1283 755 1338; x_wconf 90' lang='lat' dir='ltr'><strong>in</strong></span> <span class='ocrx_word' id='word_1_78' title='bbox 779 1282 1045 1353; x_wconf 85' lang='lat' dir='ltr'><strong>jactantia</strong></span> <span class='ocrx_word' id='word_1_79' title='bbox 1092 1283 1379 1337; x_wconf 82' lang='lat' dir='ltr'><strong>verborum</strong></span> <span class='ocrx_word' id='word_1_80' title='bbox 1406 1279 1742 1334; x_wconf 82' lang='lat' dir='ltr'><strong>solummodo</strong></span> <span class='ocrx_word' id='word_1_81' title='bbox 1767 1280 1863 1334; x_wconf 87' lang='lat' dir='ltr'><strong>ha-</strong></span> 
     </span>
    </p>
   </div>
   <div class='ocr_carea' id='block_1_14' title="bbox 246 1375 1861 1447">
    <p class='ocr_par' dir='ltr' id='par_1_14' title="bbox 246 1375 1861 1447">
     <span class='ocr_line' id='line_1_14' title="bbox 246 1375 1861 1447; baseline -0.002 -14"><span class='ocrx_word' id='word_1_82' title='bbox 246 1375 529 1442; x_wconf 73' lang='lat' dir='ltr'><strong>bebam,</strong></span> <span class='ocrx_word' id='word_1_83' title='bbox 552 1377 860 1432; x_wconf 76' lang='lat' dir='ltr'><strong>nullatenus</strong></span> <span class='ocrx_word' id='word_1_84' title='bbox 880 1378 941 1431; x_wconf 75' lang='lat' dir='ltr'><strong>in</strong></span> <span class='ocrx_word' id='word_1_85' title='bbox 970 1390 1029 1431; x_wconf 90' lang='lat' dir='ltr'><strong>re</strong></span> <span class='ocrx_word' id='word_1_86' title='bbox 1050 1386 1231 1447; x_wconf 64' lang='lat' dir='ltr'><strong>gesta.</strong></span> <span class='ocrx_word' id='word_1_87' title='bbox 1256 1376 1303 1430; x_wconf 89' lang='lat' dir='ltr'><strong>ls</strong></span> <span class='ocrx_word' id='word_1_88' title='bbox 1328 1377 1386 1429; x_wconf 87' lang='lat' dir='ltr'><strong>in</strong></span> <span class='ocrx_word' id='word_1_89' title='bbox 1414 1376 1712 1445; x_wconf 72' lang='lat' dir='ltr'><strong>Hispaniis,</strong></span> <span class='ocrx_word' id='word_1_90' title='bbox 1737 1389 1861 1429; x_wconf 79' lang='lat' dir='ltr'><strong>cum</strong></span> 
     </span>
    </p>
   </div>
   <div class='ocr_carea' id='block_1_15' title="bbox 248 1468 1863 1540">
    <p class='ocr_par' dir='ltr' id='par_1_15' title="bbox 248 1468 1863 1540">
     <span class='ocr_line' id='line_1_15' title="bbox 248 1468 1863 1540; baseline 0.001 -18"><span class='ocrx_word' id='word_1_91' title='bbox 248 1469 552 1540; x_wconf 71' lang='lat' dir='ltr'><strong>expeditio</strong></span> <span class='ocrx_word' id='word_1_92' title='bbox 581 1470 935 1525; x_wconf 25' lang='lat' dir='ltr'><strong>Francioavad</strong></span> <span class='ocrx_word' id='word_1_93' title='bbox 966 1470 1308 1533; x_wconf 82' lang='lat' dir='ltr'><strong>avertendos,</strong></span> <span class='ocrx_word' id='word_1_94' title='bbox 1338 1471 1428 1537; x_wconf 91' lang='lat' dir='ltr'><strong>qui</strong></span> <span class='ocrx_word' id='word_1_95' title='bbox 1451 1484 1514 1523; x_wconf 79' lang='lat' dir='ltr'><strong>ex</strong></span> <span class='ocrx_word' id='word_1_96' title='bbox 1556 1468 1736 1522; x_wconf 83' lang='lat' dir='ltr'><strong>Africa</strong></span> <span class='ocrx_word' id='word_1_97' title='bbox 1761 1469 1863 1523; x_wconf 84' lang='lat' dir='ltr'><strong>ibi-</strong></span> 
     </span>
    </p>
   </div>
   <div class='ocr_carea' id='block_1_16' title="bbox 246 1558 1860 1632">
    <p class='ocr_par' dir='ltr' id='par_1_16' title="bbox 246 1558 1860 1632">
     <span class='ocr_line' id='line_1_16' title="bbox 246 1558 1860 1632; baseline 0.001 -18"><span class='ocrx_word' id='word_1_98' title='bbox 246 1559 398 1614; x_wconf 73' lang='lat' dir='ltr'><strong>dem</strong></span> <span class='ocrx_word' id='word_1_99' title='bbox 429 1558 819 1627; x_wconf 79' lang='lat' dir='ltr'><strong>conﬂuxerant,</strong></span> <span class='ocrx_word' id='word_1_100' title='bbox 846 1576 1111 1632; x_wconf 75' lang='lat' dir='ltr'><strong>paganos,</strong></span> <span class='ocrx_word' id='word_1_101' title='bbox 1154 1569 1486 1625; x_wconf 82' lang='lat' dir='ltr'><strong>moraretur,</strong></span> <span class='ocrx_word' id='word_1_102' title='bbox 1521 1560 1648 1624; x_wconf 89' lang='lat' dir='ltr'><strong>iste,</strong></span> <span class='ocrx_word' id='word_1_103' title='bbox 1702 1560 1860 1629; x_wconf 84' lang='lat' dir='ltr'><strong>cujus</strong></span> 
     </span>
    </p>
   </div>
   <div class='ocr_carea' id='block_1_17' title="bbox 252 1653 1861 1719">
    <p class='ocr_par' dir='ltr' id='par_1_17' title="bbox 252 1653 1861 1719">
     <span class='ocr_line' id='line_1_17' title="bbox 252 1653 1861 1719; baseline 0.001 -13"><span class='ocrx_word' id='word_1_104' title='bbox 252 1653 529 1708; x_wconf 86' lang='lat' dir='ltr'><strong>universa</strong></span> <span class='ocrx_word' id='word_1_105' title='bbox 577 1665 695 1709; x_wconf 85' lang='lat' dir='ltr'><strong>erat</strong></span> <span class='ocrx_word' id='word_1_106' title='bbox 728 1655 789 1708; x_wconf 80' lang='lat' dir='ltr'><strong>in</strong></span> <span class='ocrx_word' id='word_1_107' title='bbox 839 1655 1020 1708; x_wconf 84' lang='lat' dir='ltr'><strong>verbis</strong></span> <span class='ocrx_word' id='word_1_108' title='bbox 1070 1656 1319 1719; x_wconf 81' lang='lat' dir='ltr'><strong>audacia,</strong></span> <span class='ocrx_word' id='word_1_109' title='bbox 1355 1654 1496 1708; x_wconf 67' lang='lat' dir='ltr'><strong>foede</strong></span> <span class='ocrx_word' id='word_1_110' title='bbox 1532 1653 1774 1717; x_wconf 88' lang='lat' dir='ltr'><strong>recessit,</strong></span> <span class='ocrx_word' id='word_1_111' title='bbox 1798 1661 1861 1708; x_wconf 86' lang='lat' dir='ltr'><strong>et</strong></span> 
     </span>
    </p>
   </div>
   <div class='ocr_carea' id='block_1_18' title="bbox 254 1742 1261 1799">
    <p class='ocr_par' dir='ltr' id='par_1_18' title="bbox 254 1742 1261 1799">
     <span class='ocr_line' id='line_1_18' title="bbox 254 1742 1261 1799; baseline 0 -2"><span class='ocrx_word' id='word_1_112' title='bbox 254 1742 704 1798; x_wconf 82' lang='lat' dir='ltr'><strong>innumerossua</strong></span> <span class='ocrx_word' id='word_1_113' title='bbox 726 1745 1023 1799; x_wconf 78' lang='lat' dir='ltr'><strong>aversione</strong></span> <span class='ocrx_word' id='word_1_114' title='bbox 1055 1744 1261 1799; x_wconf 81' lang='lat' dir='ltr'><strong>fefellit.</strong></span> 
     </span>
    </p>
   </div>
   <div class='ocr_carea' id='block_1_19' title="bbox 3303 538 3472 611">
    <p class='ocr_par' dir='ltr' id='par_1_19' title="bbox 3303 538 3472 611">
     <span class='ocr_line' id='line_1_19' title="bbox 3303 538 3472 611; baseline 0.006 -20"><span class='ocrx_word' id='word_1_115' title='bbox 3303 538 3472 611; x_wconf 84' lang='lat' dir='ltr'><strong>[napi,</strong></span> 
     </span>
    </p>
   </div>
   <div class='ocr_carea' id='block_1_20' title="bbox 1964 632 3546 711">
    <p class='ocr_par' dir='ltr' id='par_1_20' title="bbox 1964 632 3546 711">
     <span class='ocr_line' id='line_1_20' title="bbox 1964 632 3546 711; baseline -0.003 -20"><span class='ocrx_word' id='word_1_116' title='bbox 1964 634 2283 711; x_wconf 79' lang='lat' dir='ltr'><strong>Cardatnus,</strong></span> <span class='ocrx_word' id='word_1_117' title='bbox 2309 641 2471 705; x_wconf 86' lang='lat' dir='ltr'><strong>atque</strong></span> <span class='ocrx_word' id='word_1_118' title='bbox 2500 647 2689 700; x_wconf 81' lang='lat' dir='ltr'><strong>nuces,</strong></span> <span class='ocrx_word' id='word_1_119' title='bbox 2715 632 2907 705; x_wconf 87' lang='lat' dir='ltr'><strong>coryli,</strong></span> <span class='ocrx_word' id='word_1_120' title='bbox 2935 641 3138 702; x_wconf 69' lang='lat' dir='ltr'><strong>tysana:</strong></span> <span class='ocrx_word' id='word_1_121' title='bbox 3181 633 3326 700; x_wconf 74' lang='lat' dir='ltr'><strong>fruit,</strong></span> <span class='ocrx_word' id='word_1_122' title='bbox 3386 633 3546 690; x_wconf 90' lang='lat' dir='ltr'><strong>lentis</strong></span> 
     </span>
    </p>
   </div>
   <div class='ocr_carea' id='block_1_21' title="bbox 3173 726 3473 801">
    <p class='ocr_par' dir='ltr' id='par_1_21' title="bbox 3173 726 3473 801">
     <span class='ocr_line' id='line_1_21' title="bbox 3173 726 3473 801; baseline 0.003 -18"><span class='ocrx_word' id='word_1_123' title='bbox 3173 726 3253 801; x_wconf 88' lang='lat' dir='ltr'><strong>[et</strong></span> <span class='ocrx_word' id='word_1_124' title='bbox 3272 729 3473 795; x_wconf 60' lang='lat' dir='ltr'><strong>herbis,</strong></span> 
     </span>
    </p>
   </div>
   <div class='ocr_carea' id='block_1_22' title="bbox 1962 818 3545 892">
    <p class='ocr_par' dir='ltr' id='par_1_22' title="bbox 1962 818 3545 892">
     <span class='ocr_line' id='line_1_22' title="bbox 1962 818 3545 892; baseline -0.002 -13"><span class='ocrx_word' id='word_1_125' title='bbox 1962 822 2119 879; x_wconf 81' lang='lat' dir='ltr'><strong>Pisce</strong></span> <span class='ocrx_word' id='word_1_126' title='bbox 2162 834 2422 891; x_wconf 85' lang='lat' dir='ltr'><strong>meroque</strong></span> <span class='ocrx_word' id='word_1_127' title='bbox 2468 819 2655 892; x_wconf 82' lang='lat' dir='ltr'><strong>procul</strong></span> <span class='ocrx_word' id='word_1_128' title='bbox 2705 820 2909 891; x_wconf 78' lang='lat' dir='ltr'><strong>posito,</strong></span> <span class='ocrx_word' id='word_1_129' title='bbox 2938 818 3117 876; x_wconf 63' lang='lat' dir='ltr'><strong>Clusio</strong></span> <span class='ocrx_word' id='word_1_130' title='bbox 3146 828 3328 875; x_wconf 66' lang='lat' dir='ltr'><strong>tamen</strong></span> <span class='ocrx_word' id='word_1_131' title='bbox 3363 819 3545 876; x_wconf 75' lang='lat' dir='ltr'><strong>addita</strong></span> 
     </span>
    </p>
   </div>
   <div class='ocr_carea' id='block_1_23' title="bbox 3273 910 3475 984">
    <p class='ocr_par' dir='ltr' id='par_1_23' title="bbox 3273 910 3475 984">
     <span class='ocr_line' id='line_1_23' title="bbox 3273 910 3475 984; baseline 0.01 -19"><span class='ocrx_word' id='word_1_132' title='bbox 3273 910 3475 984; x_wconf 60' lang='lat' dir='ltr'><strong>[panis</strong></span> 
     </span>
    </p>
   </div>
   <div class='ocr_carea' id='block_1_24' title="bbox 2036 1002 3547 1082">
    <p class='ocr_par' dir='ltr' id='par_1_24' title="bbox 2036 1002 3547 1082">
     <span class='ocr_line' id='line_1_24' title="bbox 2036 1002 3547 1082; baseline -0.003 -21"><span class='ocrx_word' id='word_1_133' title='bbox 2036 1006 2178 1082; x_wconf 82' lang='lat' dir='ltr'><strong>[IX.]</strong></span> <span class='ocrx_word' id='word_1_134' title='bbox 2218 1004 2557 1060; x_wconf 84' lang='lat' dir='ltr'><strong>Guillelmum</strong></span> <span class='ocrx_word' id='word_1_135' title='bbox 2581 1013 2628 1058; x_wconf 76' lang='lat' dir='ltr'><strong>et</strong></span> <span class='ocrx_word' id='word_1_136' title='bbox 2664 1002 2882 1080; x_wconf 68' lang='lat' dir='ltr'><strong>Petrum</strong></span> <span class='ocrx_word' id='word_1_137' title='bbox 2914 1002 3215 1059; x_wconf 73' lang='lat' dir='ltr'><strong>Tancredus</strong></span> <span class='ocrx_word' id='word_1_138' title='bbox 3260 1004 3430 1059; x_wconf 79' lang='lat' dir='ltr'><strong>redire</strong></span> <span class='ocrx_word' id='word_1_139' title='bbox 3452 1019 3547 1057; x_wconf 64' lang='lat' dir='ltr'><strong>co-</strong></span> 
     </span>
    </p>
   </div>
   <div class='ocr_carea' id='block_1_25' title="bbox 1962 1093 3548 1170">
    <p class='ocr_par' dir='ltr' id='par_1_25' title="bbox 1962 1093 3548 1170">
     <span class='ocr_line' id='line_1_25' title="bbox 1962 1093 3548 1170; baseline 0.003 -19"><span class='ocrx_word' id='word_1_140' title='bbox 1962 1098 2059 1170; x_wconf 83' lang='lat' dir='ltr'><strong>git.</strong></span> <span class='ocrx_word' id='word_1_141' title='bbox 2089 1127 2159 1138; x_wconf 89' lang='lat'><strong>——</strong></span> <span class='ocrx_word' id='word_1_142' title='bbox 2188 1096 2298 1152; x_wconf 87' lang='lat' dir='ltr'><strong>Hos</strong></span> <span class='ocrx_word' id='word_1_143' title='bbox 2328 1096 2528 1166; x_wconf 68' lang='lat' dir='ltr'><strong>itaque:</strong></span> <span class='ocrx_word' id='word_1_144' title='bbox 2556 1094 2659 1163; x_wconf 61' lang='lat' dir='ltr'><strong>pia:</strong></span> <span class='ocrx_word' id='word_1_145' title='bbox 2688 1093 3005 1160; x_wconf 85' lang='lat' dir='ltr'><strong>obsidionis,</strong></span> <span class='ocrx_word' id='word_1_146' title='bbox 3040 1094 3149 1149; x_wconf 91' lang='lat' dir='ltr'><strong>imo</strong></span> <span class='ocrx_word' id='word_1_147' title='bbox 3197 1102 3400 1150; x_wconf 64' lang='lat' dir='ltr'><strong>sancte</strong></span> <span class='ocrx_word' id='word_1_148' title='bbox 3416 1108 3548 1164; x_wconf 61' lang='grc' dir='ltr'><strong>με·</strong></span> 
     </span>
    </p>
   </div>
   <div class='ocr_carea' id='block_1_26' title="bbox 1952 1184 3546 1258">
    <p class='ocr_par' dir='ltr' id='par_1_26' title="bbox 1952 1184 3546 1258">
     <span class='ocr_line' id='line_1_26' title="bbox 1952 1184 3546 1258; baseline -0.002 -14"><span class='ocrx_word' id='word_1_149' title='bbox 1952 1188 2135 1245; x_wconf 74' lang='grc' dir='ltr'><strong>έείοηίε</strong></span> <span class='ocrx_word' id='word_1_150' title='bbox 2177 1186 2416 1258; x_wconf 78' lang='lat' dir='ltr'><strong>refugas,</strong></span> <span class='ocrx_word' id='word_1_151' title='bbox 2468 1184 2784 1240; x_wconf 90' lang='lat' dir='ltr'><strong>Tancredus</strong></span> <span class='ocrx_word' id='word_1_152' title='bbox 2841 1186 2924 1239; x_wconf 88' lang='lat' dir='ltr'><strong>vir</strong></span> <span class='ocrx_word' id='word_1_153' title='bbox 2975 1186 3268 1255; x_wconf 81' lang='lat' dir='ltr'><strong>pertinacis</strong></span> <span class='ocrx_word' id='word_1_154' title='bbox 3326 1185 3383 1240; x_wconf 80' lang='lat' dir='ltr'><strong>ia</strong></span> <span class='ocrx_word' id='word_1_155' title='bbox 3441 1185 3546 1241; x_wconf 72' lang='lat' dir='ltr'><strong>huc</strong></span> 
     </span>
    </p>
   </div>
   <div class='ocr_carea' id='block_1_27' title="bbox 1956 1275 3546 1347">
    <p class='ocr_par' dir='ltr' id='par_1_27' title="bbox 1956 1275 3546 1347">
     <span class='ocr_line' id='line_1_27' title="bbox 1956 1275 3546 1347; baseline -0.002 -15"><span class='ocrx_word' id='word_1_156' title='bbox 1956 1277 2168 1333; x_wconf 68' lang='lat' dir='ltr'><strong>Christi</strong></span> <span class='ocrx_word' id='word_1_157' title='bbox 2197 1277 2414 1347; x_wconf 78' lang='lat' dir='ltr'><strong>negotio</strong></span> <span class='ocrx_word' id='word_1_158' title='bbox 2435 1276 2780 1339; x_wconf 57' lang='lat' dir='ltr'><strong>constantia,</strong></span> <span class='ocrx_word' id='word_1_159' title='bbox 2806 1275 3171 1345; x_wconf 87' lang='lat' dir='ltr'><strong>persequitur,</strong></span> <span class='ocrx_word' id='word_1_160' title='bbox 3191 1276 3546 1344; x_wconf 88' lang='lat' dir='ltr'><strong>comprehen-</strong></span> 
     </span>
    </p>
   </div>
   <div class='ocr_carea' id='block_1_28' title="bbox 1964 1367 3547 1439">
    <p class='ocr_par' dir='ltr' id='par_1_28' title="bbox 1964 1367 3547 1439">
     <span class='ocr_line' id='line_1_28' title="bbox 1964 1367 3547 1439; baseline -0.001 -15"><span class='ocrx_word' id='word_1_161' title='bbox 1964 1370 2065 1433; x_wconf 90' lang='lat' dir='ltr'><strong>dit,</strong></span> <span class='ocrx_word' id='word_1_162' title='bbox 2093 1379 2148 1424; x_wconf 92' lang='lat' dir='ltr'><strong>et</strong></span> <span class='ocrx_word' id='word_1_163' title='bbox 2177 1379 2237 1424; x_wconf 89' lang='lat' dir='ltr'><strong>ut</strong></span> <span class='ocrx_word' id='word_1_164' title='bbox 2280 1383 2381 1439; x_wconf 88' lang='lat' dir='ltr'><strong>par</strong></span> <span class='ocrx_word' id='word_1_165' title='bbox 2407 1377 2550 1433; x_wconf 83' lang='lat' dir='ltr'><strong>erat,</strong></span> <span class='ocrx_word' id='word_1_166' title='bbox 2581 1383 2688 1422; x_wconf 89' lang='lat' dir='ltr'><strong>non</strong></span> <span class='ocrx_word' id='word_1_167' title='bbox 2718 1368 2836 1423; x_wconf 86' lang='lat' dir='ltr'><strong>sine</strong></span> <span class='ocrx_word' id='word_1_168' title='bbox 2867 1367 3099 1437; x_wconf 77' lang='lat' dir='ltr'><strong>plurima</strong></span> <span class='ocrx_word' id='word_1_169' title='bbox 3147 1380 3241 1422; x_wconf 91' lang='lat' dir='ltr'><strong>eos</strong></span> <span class='ocrx_word' id='word_1_170' title='bbox 3270 1377 3547 1422; x_wconf 85' lang='lat' dir='ltr'><strong>contume-</strong></span> 
     </span>
    </p>
   </div>
   <div class='ocr_carea' id='block_1_29' title="bbox 1964 1460 3544 1526">
    <p class='ocr_par' dir='ltr' id='par_1_29' title="bbox 1964 1460 3544 1526">
     <span class='ocr_line' id='line_1_29' title="bbox 1964 1460 3544 1526; baseline 0.001 -11"><span class='ocrx_word' id='word_1_171' title='bbox 1964 1461 2161 1516; x_wconf 88' lang='lat' dir='ltr'><strong>liarum</strong></span> <span class='ocrx_word' id='word_1_172' title='bbox 2213 1461 2477 1526; x_wconf 89' lang='lat' dir='ltr'><strong>illatione,</strong></span> <span class='ocrx_word' id='word_1_173' title='bbox 2530 1460 2770 1515; x_wconf 77' lang='lat' dir='ltr'><strong>reduxit.</strong></span> <span class='ocrx_word' id='word_1_174' title='bbox 2828 1460 3034 1526; x_wconf 86' lang='lat' dir='ltr'><strong>Quibus</strong></span> <span class='ocrx_word' id='word_1_175' title='bbox 3086 1470 3264 1516; x_wconf 89' lang='lat' dir='ltr'><strong>tamen</strong></span> <span class='ocrx_word' id='word_1_176' title='bbox 3309 1461 3544 1516; x_wconf 79' lang='lat' dir='ltr'><strong>reditum</strong></span> 
     </span>
    </p>
   </div>
   <div class='ocr_carea' id='block_1_30' title="bbox 1964 1552 3544 1623">
    <p class='ocr_par' dir='ltr' id='par_1_30' title="bbox 1964 1552 3544 1623">
     <span class='ocr_line' id='line_1_30' title="bbox 1964 1552 3544 1623; baseline 0 -14"><span class='ocrx_word' id='word_1_177' title='bbox 1964 1570 2216 1609; x_wconf 83' lang='lat' dir='ltr'><strong>sermone</strong></span> <span class='ocrx_word' id='word_1_178' title='bbox 2241 1553 2650 1623; x_wconf 82' lang='lat' dir='ltr'><strong>Spondentibus,</strong></span> <span class='ocrx_word' id='word_1_179' title='bbox 2682 1552 3058 1608; x_wconf 86' lang='lat' dir='ltr'><strong>credulitatem</strong></span> <span class='ocrx_word' id='word_1_180' title='bbox 3091 1553 3321 1617; x_wconf 88' lang='lat' dir='ltr'><strong>distulit,</strong></span> <span class='ocrx_word' id='word_1_181' title='bbox 3372 1554 3544 1610; x_wconf 86' lang='lat' dir='ltr'><strong>donec</strong></span> 
     </span>
    </p>
   </div>
   <div class='ocr_carea' id='block_1_31' title="bbox 1963 1644 3545 1716">
    <p class='ocr_par' dir='ltr' id='par_1_31' title="bbox 1963 1644 3545 1716">
     <span class='ocr_line' id='line_1_31' title="bbox 1963 1644 3545 1716; baseline -0.001 -15"><span class='ocrx_word' id='word_1_182' title='bbox 1963 1646 2070 1701; x_wconf 84' lang='lat' dir='ltr'><strong>ﬁde</strong></span> <span class='ocrx_word' id='word_1_183' title='bbox 2099 1647 2270 1701; x_wconf 89' lang='lat' dir='ltr'><strong>media</strong></span> <span class='ocrx_word' id='word_1_184' title='bbox 2316 1656 2545 1715; x_wconf 87' lang='lat' dir='ltr'><strong>uterque</strong></span> <span class='ocrx_word' id='word_1_185' title='bbox 2571 1646 2775 1716; x_wconf 81' lang='lat' dir='ltr'><strong>pepigit</strong></span> <span class='ocrx_word' id='word_1_186' title='bbox 2829 1646 2971 1716; x_wconf 86' lang='lat' dir='ltr'><strong>quod</strong></span> <span class='ocrx_word' id='word_1_187' title='bbox 3006 1644 3074 1700; x_wconf 90' lang='lat' dir='ltr'><strong>ad</strong></span> <span class='ocrx_word' id='word_1_188' title='bbox 3105 1645 3377 1700; x_wconf 77' lang='lat' dir='ltr'><strong>exercitus</strong></span> <span class='ocrx_word' id='word_1_189' title='bbox 3396 1660 3545 1700; x_wconf 88' lang='lat' dir='ltr'><strong>com-</strong></span> 
     </span>
    </p>
   </div>
   <div class='ocr_carea' id='block_1_32' title="bbox 1963 1737 3546 1808">
    <p class='ocr_par' dir='ltr' id='par_1_32' title="bbox 1963 1737 3546 1808">
     <span class='ocr_line' id='line_1_32' title="bbox 1963 1737 3546 1808; baseline -0.003 -14"><span class='ocrx_word' id='word_1_190' title='bbox 1963 1739 2275 1794; x_wconf 88' lang='lat' dir='ltr'><strong>munionem</strong></span> <span class='ocrx_word' id='word_1_191' title='bbox 2315 1738 2574 1803; x_wconf 85' lang='lat' dir='ltr'><strong>redirent,</strong></span> <span class='ocrx_word' id='word_1_192' title='bbox 2605 1751 2661 1792; x_wconf 88' lang='lat' dir='ltr'><strong>et</strong></span> <span class='ocrx_word' id='word_1_193' title='bbox 2702 1738 3007 1807; x_wconf 77' lang='lat' dir='ltr'><strong>principum</strong></span> <span class='ocrx_word' id='word_1_194' title='bbox 3032 1737 3361 1808; x_wconf 85' lang='lat' dir='ltr'><strong>judiciopro</strong></span> <span class='ocrx_word' id='word_1_195' title='bbox 3398 1737 3546 1791; x_wconf 85' lang='lat' dir='ltr'><strong>mili-</strong></span> 
     </span>
    </p>
   </div>
   <div class='ocr_carea' id='block_1_33' title="bbox 340 1818 3547 1905">
    <p class='ocr_par' dir='ltr' id='par_1_33' title="bbox 340 1818 3547 1905">
     <span class='ocr_line' id='line_1_33' title="bbox 340 1818 3547 1905; baseline -0.002 -17"><span class='ocrx_word' id='word_1_196' title='bbox 340 1832 462 1889; x_wconf 81' lang='lat' dir='ltr'><strong>Nec</strong></span> <span class='ocrx_word' id='word_1_197' title='bbox 492 1835 610 1890; x_wconf 87' lang='lat' dir='ltr'><strong>sine</strong></span> <span class='ocrx_word' id='word_1_198' title='bbox 632 1836 874 1890; x_wconf 81' lang='lat' dir='ltr'><strong>evidenti</strong></span> <span class='ocrx_word' id='word_1_199' title='bbox 928 1837 1018 1889; x_wconf 84' lang='lat' dir='ltr'><strong>Dei</strong></span> <span class='ocrx_word' id='word_1_200' title='bbox 1048 1838 1300 1891; x_wconf 81' lang='lat' dir='ltr'><strong>creditur</strong></span> <span class='ocrx_word' id='word_1_201' title='bbox 1324 1835 1590 1891; x_wconf 88' lang='lat' dir='ltr'><strong>accidisse</strong></span> <span class='ocrx_word' id='word_1_202' title='bbox 1632 1835 1859 1905; x_wconf 83' lang='lat' dir='ltr'><strong>judicio,</strong></span> <span class='ocrx_word' id='word_1_203' title='bbox 1884 1818 1938 1888; x_wconf 63' lang='grc' dir='ltr'><strong>ἶΒ</strong></span> <span class='ocrx_word' id='word_1_204' title='bbox 1968 1831 2052 1885; x_wconf 72' lang='grc' dir='ltr'><strong>ιὶτρ</strong></span> <span class='ocrx_word' id='word_1_205' title='bbox 2079 1830 2389 1885; x_wconf 87' lang='lat' dir='ltr'><strong>desertione</strong></span> <span class='ocrx_word' id='word_1_206' title='bbox 2417 1838 2747 1898; x_wconf 79' lang='lat' dir='ltr'><strong>satagerent.</strong></span> <span class='ocrx_word' id='word_1_207' title='bbox 2791 1827 3111 1884; x_wconf 84' lang='lat' dir='ltr'><strong>Guillelmus</strong></span> <span class='ocrx_word' id='word_1_208' title='bbox 3157 1828 3340 1899; x_wconf 73' lang='lat' dir='ltr'><strong>igitur,</strong></span> <span class='ocrx_word' id='word_1_209' title='bbox 3388 1828 3547 1884; x_wconf 88' lang='lat' dir='ltr'><strong>vellet</strong></span> 
     </span>
    </p>
   </div>
   <div class='ocr_carea' id='block_1_34' title="bbox 253 1928 1861 2000">
    <p class='ocr_par' dir='ltr' id='par_1_34' title="bbox 253 1928 1861 2000">
     <span class='ocr_line' id='line_1_34' title="bbox 253 1928 1861 2000; baseline 0.001 -18"><span class='ocrx_word' id='word_1_210' title='bbox 253 1936 348 1992; x_wconf 75' lang='lat' dir='ltr'><strong>ut,</strong></span> <span class='ocrx_word' id='word_1_211' title='bbox 390 1943 526 1998; x_wconf 88' lang='lat' dir='ltr'><strong>quos</strong></span> <span class='ocrx_word' id='word_1_212' title='bbox 554 1929 834 2000; x_wconf 82' lang='lat' dir='ltr'><strong>popularis</strong></span> <span class='ocrx_word' id='word_1_213' title='bbox 853 1929 1184 1983; x_wconf 84' lang='lat' dir='ltr'><strong>celebriores</strong></span> <span class='ocrx_word' id='word_1_214' title='bbox 1217 1928 1359 1983; x_wconf 88' lang='lat' dir='ltr'><strong>fama</strong></span> <span class='ocrx_word' id='word_1_215' title='bbox 1402 1928 1733 1992; x_wconf 83' lang='lat' dir='ltr'><strong>reddiderat,</strong></span> <span class='ocrx_word' id='word_1_216' title='bbox 1769 1929 1861 1983; x_wconf 85' lang='lat' dir='ltr'><strong>de-</strong></span> 
     </span>
    </p>
   </div>
   <div class='ocr_carea' id='block_1_35' title="bbox 258 2020 1860 2090">
    <p class='ocr_par' dir='ltr' id='par_1_35' title="bbox 258 2020 1860 2090">
     <span class='ocr_line' id='line_1_35' title="bbox 258 2020 1860 2090; baseline -0.001 -14"><span class='ocrx_word' id='word_1_217' title='bbox 258 2022 529 2077; x_wconf 70' lang='lat' dir='ltr'><strong>terrimos</strong></span> <span class='ocrx_word' id='word_1_218' title='bbox 586 2022 852 2087; x_wconf 82' lang='lat' dir='ltr'><strong>omnium,</strong></span> <span class='ocrx_word' id='word_1_219' title='bbox 919 2022 1275 2090; x_wconf 80' lang='lat' dir='ltr'><strong>laborumque</strong></span> <span class='ocrx_word' id='word_1_220' title='bbox 1338 2020 1860 2089; x_wconf 76' lang='lat' dir='ltr'><strong>impatientissimae,</strong></span> 
     </span>
    </p>
   </div>
   <div class='ocr_carea' id='block_1_36' title="bbox 257 2111 1864 2180">
    <p class='ocr_par' dir='ltr' id='par_1_36' title="bbox 257 2111 1864 2180">
     <span class='ocr_line' id='line_1_36' title="bbox 257 2111 1864 2180; baseline -0.001 -14"><span class='ocrx_word' id='word_1_221' title='bbox 257 2113 776 2167; x_wconf 68' lang='lat' dir='ltr'><strong>ostentaretdivina</strong></span> <span class='ocrx_word' id='word_1_222' title='bbox 807 2113 1098 2167; x_wconf 82' lang='lat' dir='ltr'><strong>sententia.</strong></span> <span class='ocrx_word' id='word_1_223' title='bbox 1130 2111 1240 2166; x_wconf 88' lang='lat' dir='ltr'><strong>Nec</strong></span> <span class='ocrx_word' id='word_1_224' title='bbox 1263 2111 1317 2165; x_wconf 88' lang='lat' dir='ltr'><strong>in</strong></span> <span class='ocrx_word' id='word_1_225' title='bbox 1350 2111 1511 2180; x_wconf 82' lang='lat' dir='ltr'><strong>hujus</strong></span> <span class='ocrx_word' id='word_1_226' title='bbox 1536 2111 1714 2164; x_wconf 84' lang='lat' dir='ltr'><strong>solum</strong></span> <span class='ocrx_word' id='word_1_227' title='bbox 1740 2126 1864 2179; x_wconf 85' lang='lat' dir='ltr'><strong>per-</strong></span> 
     </span>
    </p>
   </div>
   <div class='ocr_carea' id='block_1_37' title="bbox 256 2203 1861 2274">
    <p class='ocr_par' dir='ltr' id='par_1_37' title="bbox 256 2203 1861 2274">
     <span class='ocr_line' id='line_1_37' title="bbox 256 2203 1861 2274; baseline -0.002 -15"><span class='ocrx_word' id='word_1_228' title='bbox 256 2218 408 2259; x_wconf 72' lang='lat' dir='ltr'><strong>sona</strong></span> <span class='ocrx_word' id='word_1_229' title='bbox 464 2204 793 2274; x_wconf 71' lang='lat' dir='ltr'><strong>idiportenti</strong></span> <span class='ocrx_word' id='word_1_230' title='bbox 828 2205 1035 2274; x_wconf 88' lang='lat' dir='ltr'><strong>patuit,</strong></span> <span class='ocrx_word' id='word_1_231' title='bbox 1094 2218 1287 2258; x_wconf 80' lang='lat' dir='ltr'><strong>verum</strong></span> <span class='ocrx_word' id='word_1_232' title='bbox 1346 2203 1416 2258; x_wconf 87' lang='lat' dir='ltr'><strong>de</strong></span> <span class='ocrx_word' id='word_1_233' title='bbox 1442 2203 1580 2267; x_wconf 90' lang='lat' dir='ltr'><strong>aliis,</strong></span> <span class='ocrx_word' id='word_1_234' title='bbox 1630 2217 1861 2272; x_wconf 84' lang='lat' dir='ltr'><strong>quorum</strong></span> 
     </span>
    </p>
   </div>
   <div class='ocr_carea' id='block_1_38' title="bbox 261 2293 1859 2366">
    <p class='ocr_par' dir='ltr' id='par_1_38' title="bbox 261 2293 1859 2366">
     <span class='ocr_line' id='line_1_38' title="bbox 261 2293 1859 2366; baseline -0.002 -17"><span class='ocrx_word' id='word_1_235' title='bbox 261 2295 639 2366; x_wconf 88' lang='lat' dir='ltr'><strong>supersedebo</strong></span> <span class='ocrx_word' id='word_1_236' title='bbox 665 2294 993 2356; x_wconf 89' lang='lat' dir='ltr'><strong>nominibus,</strong></span> <span class='ocrx_word' id='word_1_237' title='bbox 1020 2294 1072 2348; x_wconf 90' lang='lat' dir='ltr'><strong>id</strong></span> <span class='ocrx_word' id='word_1_238' title='bbox 1098 2294 1273 2363; x_wconf 91' lang='lat' dir='ltr'><strong>ipsum</strong></span> <span class='ocrx_word' id='word_1_239' title='bbox 1304 2293 1518 2357; x_wconf 88' lang='lat' dir='ltr'><strong>claruit,</strong></span> <span class='ocrx_word' id='word_1_240' title='bbox 1545 2302 1601 2346; x_wconf 92' lang='lat' dir='ltr'><strong>ut</strong></span> <span class='ocrx_word' id='word_1_241' title='bbox 1629 2308 1859 2361; x_wconf 88' lang='lat' dir='ltr'><strong>quorum</strong></span> 
     </span>
    </p>
   </div>
   <div class='ocr_carea' id='block_1_39' title="bbox 254 2386 1864 2442">
    <p class='ocr_par' dir='ltr' id='par_1_39' title="bbox 254 2386 1864 2442">
     <span class='ocr_line' id='line_1_39' title="bbox 254 2386 1864 2442; baseline 0.001 -2"><span class='ocrx_word' id='word_1_242' title='bbox 254 2386 362 2441; x_wconf 74' lang='lat' dir='ltr'><strong>hic</strong></span> <span class='ocrx_word' id='word_1_243' title='bbox 392 2387 535 2441; x_wconf 84' lang='lat' dir='ltr'><strong>inter</strong></span> <span class='ocrx_word' id='word_1_244' title='bbox 554 2402 663 2442; x_wconf 51' lang='lat' dir='ltr'><strong>inus</strong></span> <span class='ocrx_word' id='word_1_245' title='bbox 694 2398 969 2441; x_wconf 83' lang='lat' dir='ltr'><strong>armorum</strong></span> <span class='ocrx_word' id='word_1_246' title='bbox 1003 2386 1265 2441; x_wconf 83' lang='lat' dir='ltr'><strong>terribilis</strong></span> <span class='ocrx_word' id='word_1_247' title='bbox 1293 2387 1582 2439; x_wconf 88' lang='lat' dir='ltr'><strong>admodum</strong></span> <span class='ocrx_word' id='word_1_248' title='bbox 1609 2386 1784 2440; x_wconf 77' lang='lat' dir='ltr'><strong>fuerat</strong></span> <span class='ocrx_word' id='word_1_249' title='bbox 1807 2394 1864 2442; x_wconf 88' lang='lat' dir='ltr'><strong>et</strong></span> 
     </span>
    </p>
   </div>
   <div class='ocr_carea' id='block_1_40' title="bbox 261 2477 1858 2543">
    <p class='ocr_par' dir='ltr' id='par_1_40' title="bbox 261 2477 1858 2543">
     <span class='ocr_line' id='line_1_40' title="bbox 261 2477 1858 2543; baseline -0.003 -9"><span class='ocrx_word' id='word_1_250' title='bbox 261 2477 477 2534; x_wconf 81' lang='lat' dir='ltr'><strong>famosa</strong></span> <span class='ocrx_word' id='word_1_251' title='bbox 508 2478 785 2543; x_wconf 76' lang='lat' dir='ltr'><strong>ferocitas,</strong></span> <span class='ocrx_word' id='word_1_252' title='bbox 817 2493 1006 2532; x_wconf 88' lang='lat' dir='ltr'><strong>eorum</strong></span> <span class='ocrx_word' id='word_1_253' title='bbox 1040 2478 1092 2531; x_wconf 90' lang='lat' dir='ltr'><strong>in</strong></span> <span class='ocrx_word' id='word_1_254' title='bbox 1146 2478 1238 2532; x_wconf 91' lang='lat' dir='ltr'><strong>illo</strong></span> <span class='ocrx_word' id='word_1_255' title='bbox 1284 2478 1564 2533; x_wconf 77' lang='lat' dir='ltr'><strong>Dominico</strong></span> <span class='ocrx_word' id='word_1_256' title='bbox 1595 2478 1858 2541; x_wconf 75' lang='lat' dir='ltr'><strong>exercitu,</strong></span> 
     </span>
    </p>
   </div>
   <div class='ocr_carea' id='block_1_41' title="bbox 264 2563 1863 2634">
    <p class='ocr_par' dir='ltr' id='par_1_41' title="bbox 264 2563 1863 2634">
     <span class='ocr_line' id='line_1_41' title="bbox 264 2563 1863 2634; baseline 0 -17"><span class='ocrx_word' id='word_1_257' title='bbox 264 2563 458 2619; x_wconf 83' lang='lat' dir='ltr'><strong>mitior</strong></span> <span class='ocrx_word' id='word_1_258' title='bbox 485 2564 641 2620; x_wconf 85' lang='lat' dir='ltr'><strong>fieret</strong></span> <span class='ocrx_word' id='word_1_259' title='bbox 665 2567 832 2621; x_wconf 84' lang='lat' dir='ltr'><strong>etiam</strong></span> <span class='ocrx_word' id='word_1_260' title='bbox 865 2565 1145 2634; x_wconf 83' lang='lat' dir='ltr'><strong>leporibus</strong></span> <span class='ocrx_word' id='word_1_261' title='bbox 1190 2566 1499 2619; x_wconf 85' lang='lat' dir='ltr'><strong>miseranda</strong></span> <span class='ocrx_word' id='word_1_262' title='bbox 1557 2564 1863 2633; x_wconf 70' lang='lat' dir='ltr'><strong>tranquilli-</strong></span> 
     </span>
    </p>
   </div>
   <div class='ocr_carea' id='block_1_42' title="bbox 266 2663 1861 2735">
    <p class='ocr_par' dir='ltr' id='par_1_42' title="bbox 266 2663 1861 2735">
     <span class='ocr_line' id='line_1_42' title="bbox 266 2663 1861 2735; baseline 0.001 -18"><span class='ocrx_word' id='word_1_263' title='bbox 266 2673 378 2717; x_wconf 80' lang='lat' dir='ltr'><strong>tas.</strong></span> <span class='ocrx_word' id='word_1_264' title='bbox 412 2663 565 2729; x_wconf 82' lang='lat' dir='ltr'><strong>Quod</strong></span> <span class='ocrx_word' id='word_1_265' title='bbox 593 2674 799 2733; x_wconf 87' lang='lat' dir='ltr'><strong>quanto</strong></span> <span class='ocrx_word' id='word_1_266' title='bbox 821 2680 850 2717; x_wconf 87' lang='lat' dir='ltr'><strong>a</strong></span> <span class='ocrx_word' id='word_1_267' title='bbox 887 2674 1035 2719; x_wconf 85' lang='lat' dir='ltr'><strong>recto</strong></span> <span class='ocrx_word' id='word_1_268' title='bbox 1062 2665 1329 2719; x_wconf 80' lang='lat' dir='ltr'><strong>diversius</strong></span> <span class='ocrx_word' id='word_1_269' title='bbox 1359 2664 1478 2728; x_wconf 83' lang='lat' dir='ltr'><strong>fuit,</strong></span> <span class='ocrx_word' id='word_1_270' title='bbox 1511 2673 1660 2718; x_wconf 85' lang='lat' dir='ltr'><strong>tanto</strong></span> <span class='ocrx_word' id='word_1_271' title='bbox 1690 2664 1861 2735; x_wconf 79' lang='lat' dir='ltr'><strong>magis</strong></span> 
     </span>
    </p>
   </div>
   <div class='ocr_carea' id='block_1_43' title="bbox 263 2756 1858 2827">
    <p class='ocr_par' dir='ltr' id='par_1_43' title="bbox 263 2756 1858 2827">
     <span class='ocr_line' id='line_1_43' title="bbox 263 2756 1858 2827; baseline -0.002 -16"><span class='ocrx_word' id='word_1_272' title='bbox 263 2756 683 2827; x_wconf 86' lang='lat' dir='ltr'><strong>contemptibile</strong></span> <span class='ocrx_word' id='word_1_273' title='bbox 708 2756 894 2811; x_wconf 87' lang='lat' dir='ltr'><strong>haberi</strong></span> <span class='ocrx_word' id='word_1_274' title='bbox 923 2757 1130 2811; x_wconf 89' lang='lat' dir='ltr'><strong>debuit.</strong></span> <span class='ocrx_word' id='word_1_275' title='bbox 1164 2757 1221 2809; x_wconf 85' lang='lat' dir='ltr'><strong>Si</strong></span> <span class='ocrx_word' id='word_1_276' title='bbox 1237 2757 1382 2810; x_wconf 90' lang='lat' dir='ltr'><strong>enim</strong></span> <span class='ocrx_word' id='word_1_277' title='bbox 1407 2757 1497 2810; x_wconf 88' lang='lat' dir='ltr'><strong>hic</strong></span> <span class='ocrx_word' id='word_1_278' title='bbox 1520 2756 1702 2826; x_wconf 85' lang='lat' dir='ltr'><strong>positi,</strong></span> <span class='ocrx_word' id='word_1_279' title='bbox 1732 2758 1858 2809; x_wconf 87' lang='lat' dir='ltr'><strong>dum</strong></span> 
     </span>
    </p>
   </div>
   <div class='ocr_carea' id='block_1_44' title="bbox 265 2850 1859 2925">
    <p class='ocr_par' dir='ltr' id='par_1_44' title="bbox 265 2850 1859 2925">
     <span class='ocr_line' id='line_1_44' title="bbox 265 2850 1859 2925; baseline -0.001 -19"><span class='ocrx_word' id='word_1_280' title='bbox 265 2852 394 2907; x_wconf 86' lang='lat' dir='ltr'><strong>sine</strong></span> <span class='ocrx_word' id='word_1_281' title='bbox 417 2853 539 2922; x_wconf 84' lang='lat' dir='ltr'><strong>jure</strong></span> <span class='ocrx_word' id='word_1_282' title='bbox 570 2863 894 2925; x_wconf 79' lang='lat' dir='ltr'><strong>pugnarent,</strong></span> <span class='ocrx_word' id='word_1_283' title='bbox 925 2852 1051 2907; x_wconf 89' lang='lat' dir='ltr'><strong>dum</strong></span> <span class='ocrx_word' id='word_1_284' title='bbox 1095 2852 1328 2907; x_wconf 69' lang='lat' dir='ltr'><strong>sceleste</strong></span> <span class='ocrx_word' id='word_1_285' title='bbox 1376 2866 1647 2920; x_wconf 81' lang='lat' dir='ltr'><strong>pauperes</strong></span> <span class='ocrx_word' id='word_1_286' title='bbox 1668 2850 1859 2919; x_wconf 69' lang='lat' dir='ltr'><strong>pratda</strong></span> 
     </span>
    </p>
   </div>
   <div class='ocr_carea' id='block_1_45' title="bbox 265 2938 1859 3013">
    <p class='ocr_par' dir='ltr' id='par_1_45' title="bbox 265 2938 1859 3013">
     <span class='ocr_line' id='line_1_45' title="bbox 265 2938 1859 3013; baseline -0.001 -14"><span class='ocrx_word' id='word_1_287' title='bbox 265 2946 477 3000; x_wconf 87' lang='lat' dir='ltr'><strong>eisdem</strong></span> <span class='ocrx_word' id='word_1_288' title='bbox 506 2945 720 3010; x_wconf 80' lang='lat' dir='ltr'><strong>ﬁerent,</strong></span> <span class='ocrx_word' id='word_1_289' title='bbox 756 2960 863 2999; x_wconf 89' lang='lat' dir='ltr'><strong>non</strong></span> <span class='ocrx_word' id='word_1_290' title='bbox 908 2944 1180 2999; x_wconf 88' lang='lat' dir='ltr'><strong>immerito</strong></span> <span class='ocrx_word' id='word_1_291' title='bbox 1206 2944 1377 3013; x_wconf 65' lang='lat' dir='ltr'><strong>.plane</strong></span> <span class='ocrx_word' id='word_1_292' title='bbox 1406 2938 1545 2999; x_wconf 87' lang='lat' dir='ltr'><strong>inter</strong></span> <span class='ocrx_word' id='word_1_293' title='bbox 1578 2946 1714 3007; x_wconf 84' lang='lat' dir='ltr'><strong>ista,</strong></span> <span class='ocrx_word' id='word_1_294' title='bbox 1748 2958 1859 3013; x_wconf 78' lang='lat' dir='ltr'><strong>:pro</strong></span> 
     </span>
    </p>
   </div>
   <div class='ocr_carea' id='block_1_46' title="bbox 264 3035 1859 3099">
    <p class='ocr_par' dir='ltr' id='par_1_46' title="bbox 264 3035 1859 3099">
     <span class='ocr_line' id='line_1_46' title="bbox 264 3035 1859 3099; baseline 0 -9"><span class='ocrx_word' id='word_1_295' title='bbox 264 3038 576 3091; x_wconf 78' lang='lat' dir='ltr'><strong>animarum</strong></span> <span class='ocrx_word' id='word_1_296' title='bbox 606 3052 828 3092; x_wconf 85' lang='lat' dir='ltr'><strong>suarum</strong></span> <span class='ocrx_word' id='word_1_297' title='bbox 872 3037 1239 3099; x_wconf 87' lang='lat' dir='ltr'><strong>damnatione,</strong></span> <span class='ocrx_word' id='word_1_298' title='bbox 1287 3035 1457 3090; x_wconf 85' lang='lat' dir='ltr'><strong>timidi</strong></span> <span class='ocrx_word' id='word_1_299' title='bbox 1511 3035 1757 3091; x_wconf 81' lang='lat' dir='ltr'><strong>fuissent.</strong></span> <span class='ocrx_word' id='word_1_300' title='bbox 1786 3035 1859 3090; x_wconf 83' lang='lat' dir='ltr'><strong>At</strong></span> 
     </span>
    </p>
   </div>
   <div class='ocr_carea' id='block_1_47' title="bbox 267 3126 1857 3197">
    <p class='ocr_par' dir='ltr' id='par_1_47' title="bbox 267 3126 1857 3197">
     <span class='ocr_line' id='line_1_47' title="bbox 267 3126 1857 3197; baseline 0.001 -18"><span class='ocrx_word' id='word_1_301' title='bbox 267 3142 426 3194; x_wconf 84' lang='lat' dir='ltr'><strong>vero,</strong></span> <span class='ocrx_word' id='word_1_302' title='bbox 492 3128 581 3184; x_wconf 91' lang='lat' dir='ltr'><strong>ubi</strong></span> <span class='ocrx_word' id='word_1_303' title='bbox 628 3127 939 3183; x_wconf 83' lang='lat' dir='ltr'><strong>omnimoda</strong></span> <span class='ocrx_word' id='word_1_304' title='bbox 980 3126 1169 3183; x_wconf 87' lang='lat' dir='ltr'><strong>salutis</strong></span> <span class='ocrx_word' id='word_1_305' title='bbox 1206 3136 1325 3181; x_wconf 85' lang='lat' dir='ltr'><strong>erat</strong></span> <span class='ocrx_word' id='word_1_306' title='bbox 1355 3136 1574 3181; x_wconf 65' lang='lat' dir='ltr'><strong>aeterna:</strong></span> <span class='ocrx_word' id='word_1_307' title='bbox 1624 3126 1742 3197; x_wconf 69' lang='lat' dir='ltr'><strong>[al.,</strong></span> <span class='ocrx_word' id='word_1_308' title='bbox 1777 3127 1857 3181; x_wconf 89' lang='lat' dir='ltr'><strong>in-</strong></span> 
     </span>
    </p>
   </div>
   <div class='ocr_carea' id='block_1_48' title="bbox 270 3218 1857 3294">
    <p class='ocr_par' dir='ltr' id='par_1_48' title="bbox 270 3218 1857 3294">
     <span class='ocr_line' id='line_1_48' title="bbox 270 3218 1857 3294; baseline -0.002 -18"><span class='ocrx_word' id='word_1_309' title='bbox 270 3220 465 3294; x_wconf 78' lang='lat' dir='ltr'><strong>ternae]</strong></span> <span class='ocrx_word' id='word_1_310' title='bbox 496 3221 781 3287; x_wconf 70' lang='lat' dir='ltr'><strong>securitas,</strong></span> <span class='ocrx_word' id='word_1_311' title='bbox 819 3220 892 3276; x_wconf 89' lang='lat' dir='ltr'><strong>ibi</strong></span> <span class='ocrx_word' id='word_1_312' title='bbox 940 3220 1189 3291; x_wconf 75' lang='lat' dir='ltr'><strong>profeoto</strong></span> <span class='ocrx_word' id='word_1_313' title='bbox 1234 3219 1338 3274; x_wconf 73' lang='lat' dir='ltr'><strong>fuit</strong></span> <span class='ocrx_word' id='word_1_314' title='bbox 1376 3219 1675 3275; x_wconf 79' lang='lat' dir='ltr'><strong>criminosa</strong></span> <span class='ocrx_word' id='word_1_315' title='bbox 1706 3218 1857 3273; x_wconf 82' lang='lat' dir='ltr'><strong>timi-</strong></span> 
     </span>
    </p>
   </div>
   <div class='ocr_carea' id='block_1_49' title="bbox 272 3313 439 3369">
    <p class='ocr_par' dir='ltr' id='par_1_49' title="bbox 272 3313 439 3369">
     <span class='ocr_line' id='line_1_49' title="bbox 272 3313 439 3369; baseline -0.012 0"><span class='ocrx_word' id='word_1_316' title='bbox 272 3313 439 3369; x_wconf 74' lang='lat' dir='ltr'><strong>ditas.</strong></span> 
     </span>
    </p>
   </div>
   <div class='ocr_carea' id='block_1_50' title="bbox 349 3400 1860 3475">
    <p class='ocr_par' dir='ltr' id='par_1_50' title="bbox 349 3400 1860 3475">
     <span class='ocr_line' id='line_1_50' title="bbox 349 3400 1860 3475; baseline -0.001 -18"><span class='ocrx_word' id='word_1_317' title='bbox 349 3402 530 3475; x_wconf 62' lang='lat'><strong>[31111.]</strong></span> <span class='ocrx_word' id='word_1_318' title='bbox 568 3400 765 3458; x_wconf 60' lang='lat' dir='ltr'><strong>Retrus</strong></span> <span class='ocrx_word' id='word_1_319' title='bbox 796 3401 1031 3458; x_wconf 77' lang='lat' dir='ltr'><strong>Eremita</strong></span> <span class='ocrx_word' id='word_1_320' title='bbox 1064 3404 1120 3458; x_wconf 88' lang='lat' dir='ltr'><strong>in</strong></span> <span class='ocrx_word' id='word_1_321' title='bbox 1147 3402 1498 3473; x_wconf 72' lang='lat' dir='ltr'><strong>insipientiam</strong></span> <span class='ocrx_word' id='word_1_322' title='bbox 1524 3418 1728 3467; x_wconf 68' lang='lat' dir='ltr'><strong>reum,</strong></span> <span class='ocrx_word' id='word_1_323' title='bbox 1767 3417 1860 3456; x_wconf 66' lang='lat' dir='ltr'><strong>ex-</strong></span> 
     </span>
    </p>
   </div>
   <div class='ocr_carea' id='block_1_51' title="bbox 273 3493 1860 3565">
    <p class='ocr_par' dir='ltr' id='par_1_51' title="bbox 273 3493 1860 3565">
     <span class='ocr_line' id='line_1_51' title="bbox 273 3493 1860 3565; baseline -0.004 -13"><span class='ocrx_word' id='word_1_324' title='bbox 273 3496 442 3552; x_wconf 70' lang='lat' dir='ltr'><strong>cutit.</strong></span> <span class='ocrx_word' id='word_1_325' title='bbox 467 3525 540 3534; x_wconf 92' lang='lat'><strong><em>—</em></strong></span> <span class='ocrx_word' id='word_1_326' title='bbox 564 3496 646 3549; x_wconf 78' lang='lat' dir='ltr'><strong>Ad</strong></span> <span class='ocrx_word' id='word_1_327' title='bbox 692 3497 815 3561; x_wconf 81' lang='lat' dir='ltr'><strong>hoc,</strong></span> <span class='ocrx_word' id='word_1_328' title='bbox 842 3506 910 3550; x_wconf 90' lang='lat' dir='ltr'><strong>ut</strong></span> <span class='ocrx_word' id='word_1_329' title='bbox 945 3494 1116 3550; x_wconf 78' lang='lat' dir='ltr'><strong>stella:</strong></span> <span class='ocrx_word' id='word_1_330' title='bbox 1146 3510 1361 3565; x_wconf 79' lang='lat' dir='ltr'><strong>quoque</strong></span> <span class='ocrx_word' id='word_1_331' title='bbox 1393 3494 1549 3562; x_wconf 74' lang='lat' dir='ltr'><strong>juxta</strong></span> <span class='ocrx_word' id='word_1_332' title='bbox 1592 3493 1860 3564; x_wconf 74' lang='lat' dir='ltr'><strong>Apocaly-</strong></span> 
     </span>
    </p>
   </div>
   <div class='ocr_carea' id='block_1_52' title="bbox 262 3586 1859 3658">
    <p class='ocr_par' dir='ltr' id='par_1_52' title="bbox 262 3586 1859 3658">
     <span class='ocr_line' id='line_1_52' title="bbox 262 3586 1859 3658; baseline -0.001 -15"><span class='ocrx_word' id='word_1_333' title='bbox 262 3589 414 3658; x_wconf 79' lang='lat' dir='ltr'><strong>psim</strong></span> <span class='ocrx_word' id='word_1_334' title='bbox 454 3588 522 3643; x_wconf 88' lang='lat' dir='ltr'><strong>de</strong></span> <span class='ocrx_word' id='word_1_335' title='bbox 567 3588 707 3644; x_wconf 70' lang='lat' dir='ltr'><strong>omlo</strong></span> <span class='ocrx_word' id='word_1_336' title='bbox 740 3589 949 3644; x_wconf 79' lang='lat' dir='ltr'><strong>cadere</strong></span> <span class='ocrx_word' id='word_1_337' title='bbox 1004 3589 1316 3644; x_wconf 79' lang='lat' dir='ltr'><strong>viderentur</strong></span> <span class='ocrx_word' id='word_1_338' title='bbox 1357 3607 1369 3641; x_wconf 93' lang='lat'><strong>:</strong></span> <span class='ocrx_word' id='word_1_339' title='bbox 1404 3588 1605 3653; x_wconf 79' lang='lat' dir='ltr'><strong>Petrus</strong></span> <span class='ocrx_word' id='word_1_340' title='bbox 1634 3587 1745 3652; x_wconf 76' lang='lat' dir='ltr'><strong>ide,</strong></span> <span class='ocrx_word' id='word_1_341' title='bbox 1792 3586 1859 3641; x_wconf 86' lang='lat' dir='ltr'><strong>de</strong></span> 
     </span>
    </p>
   </div>
   <div class='ocr_carea' id='block_1_53' title="bbox 276 3681 1860 3752">
    <p class='ocr_par' dir='ltr' id='par_1_53' title="bbox 276 3681 1860 3752">
     <span class='ocr_line' id='line_1_53' title="bbox 276 3681 1860 3752; baseline 0 -15"><span class='ocrx_word' id='word_1_342' title='bbox 276 3696 383 3751; x_wconf 87' lang='lat' dir='ltr'><strong>quo</strong></span> <span class='ocrx_word' id='word_1_343' title='bbox 400 3690 568 3752; x_wconf 80' lang='lat' dir='ltr'><strong>supra</strong></span> <span class='ocrx_word' id='word_1_344' title='bbox 595 3690 777 3738; x_wconf 83' lang='lat' dir='ltr'><strong>actum</strong></span> <span class='ocrx_word' id='word_1_345' title='bbox 819 3681 1341 3749; x_wconf 78' lang='lat' dir='ltr'><strong>est,-celeberrimus</strong></span> <span class='ocrx_word' id='word_1_346' title='bbox 1372 3682 1720 3749; x_wconf 64' lang='lat' dir='ltr'><strong>Eremita,ret</strong></span> <span class='ocrx_word' id='word_1_347' title='bbox 1744 3681 1860 3752; x_wconf 82' lang='lat' dir='ltr'><strong>ipse</strong></span> 
     </span>
    </p>
   </div>
   <div class='ocr_carea' id='block_1_54' title="bbox 277 3775 1268 3847">
    <p class='ocr_par' dir='ltr' id='par_1_54' title="bbox 277 3775 1268 3847">
     <span class='ocr_line' id='line_1_54' title="bbox 277 3775 1268 3847; baseline 0.002 -19"><span class='ocrx_word' id='word_1_348' title='bbox 277 3775 332 3829; x_wconf 90' lang='lat' dir='ltr'><strong>in</strong></span> <span class='ocrx_word' id='word_1_349' title='bbox 359 3776 729 3847; x_wconf 89' lang='lat' dir='ltr'><strong>desipientiam</strong></span> <span class='ocrx_word' id='word_1_350' title='bbox 766 3791 971 3841; x_wconf 87' lang='lat' dir='ltr'><strong>versus,</strong></span> <span class='ocrx_word' id='word_1_351' title='bbox 997 3777 1229 3831; x_wconf 78' lang='lat' dir='ltr'><strong>excessit</strong></span> <span class='ocrx_word' id='word_1_352' title='bbox 1256 3794 1268 3830; x_wconf 88' lang='lat'><strong>:</strong></span> 
     </span>
    </p>
   </div>
   <div class='ocr_carea' id='block_1_55' title="bbox 278 3869 1861 3940">
    <p class='ocr_par' dir='ltr' id='par_1_55' title="bbox 278 3869 1861 3940">
     <span class='ocr_line' id='line_1_55' title="bbox 278 3869 1861 3940; baseline 0.002 -18"><span class='ocrx_word' id='word_1_353' title='bbox 278 3869 392 3936; x_wconf 86' lang='lat' dir='ltr'><strong>Quo</strong></span> <span class='ocrx_word' id='word_1_354' title='bbox 413 3870 556 3940; x_wconf 73' lang='lat' dir='ltr'><strong>geris</strong></span> <span class='ocrx_word' id='word_1_355' title='bbox 596 3871 734 3935; x_wconf 67' lang='lat' dir='ltr'><strong>haec,</strong></span> <span class='ocrx_word' id='word_1_356' title='bbox 775 3870 934 3926; x_wconf 70' lang='lat' dir='ltr'><strong>Petra</strong></span> <span class='ocrx_word' id='word_1_357' title='bbox 980 3869 1243 3925; x_wconf 85' lang='lat' dir='ltr'><strong>consdio?</strong></span> <span class='ocrx_word' id='word_1_358' title='bbox 1270 3885 1368 3925; x_wconf 88' lang='lat' dir='ltr'><strong>cur</strong></span> <span class='ocrx_word' id='word_1_359' title='bbox 1398 3869 1635 3925; x_wconf 89' lang='lat' dir='ltr'><strong>nominis</strong></span> <span class='ocrx_word' id='word_1_360' title='bbox 1666 3870 1861 3925; x_wconf 87' lang='lat' dir='ltr'><strong>imme-</strong></span> 
     </span>
    </p>
   </div>
   <div class='ocr_carea' id='block_1_56' title="bbox 1390 3963 1860 4037">
    <p class='ocr_par' dir='ltr' id='par_1_56' title="bbox 1390 3963 1860 4037">
     <span class='ocr_line' id='line_1_56' title="bbox 1390 3963 1860 4037; baseline 0 -18"><span class='ocrx_word' id='word_1_361' title='bbox 1390 3965 1534 4037; x_wconf 81' lang='lat' dir='ltr'><strong>[mor</strong></span> <span class='ocrx_word' id='word_1_362' title='bbox 1562 3963 1784 4020; x_wconf 75' lang='lat' dir='ltr'><strong>exstas?</strong></span> <span class='ocrx_word' id='word_1_363' title='bbox 1856 3977 1860 3987; x_wconf 95' lang='lat'>&#39;</span> 
     </span>
    </p>
   </div>
   <div class='ocr_carea' id='block_1_57' title="bbox 281 4053 1855 4127">
    <p class='ocr_par' dir='ltr' id='par_1_57' title="bbox 281 4053 1855 4127">
     <span class='ocr_line' id='line_1_57' title="bbox 281 4053 1855 4127; baseline 0.001 -15"><span class='ocrx_word' id='word_1_364' title='bbox 281 4053 338 4112; x_wconf 91' lang='lat' dir='ltr'><strong>Si</strong></span> <span class='ocrx_word' id='word_1_365' title='bbox 375 4055 533 4112; x_wconf 84' lang='lat' dir='ltr'><strong>Petra</strong></span> <span class='ocrx_word' id='word_1_366' title='bbox 570 4066 786 4114; x_wconf 82' lang='lat' dir='ltr'><strong>constat</strong></span> <span class='ocrx_word' id='word_1_367' title='bbox 811 4058 965 4127; x_wconf 73' lang='lat' dir='ltr'><strong>origo</strong></span> <span class='ocrx_word' id='word_1_368' title='bbox 996 4057 1178 4124; x_wconf 86' lang='lat' dir='ltr'><strong>Petri,</strong></span> <span class='ocrx_word' id='word_1_369' title='bbox 1203 4058 1433 4113; x_wconf 90' lang='lat' dir='ltr'><strong>solidum</strong></span> <span class='ocrx_word' id='word_1_370' title='bbox 1465 4058 1593 4127; x_wconf 92' lang='lat' dir='ltr'><strong>quid</strong></span> <span class='ocrx_word' id='word_1_371' title='bbox 1624 4058 1855 4127; x_wconf 90' lang='lat' dir='ltr'><strong>denique</strong></span> 
     </span>
    </p>
   </div>
   <div class='ocr_carea' id='block_1_58' title="bbox 1547 4148 1784 4221">
    <p class='ocr_par' dir='ltr' id='par_1_58' title="bbox 1547 4148 1784 4221">
     <span class='ocr_line' id='line_1_58' title="bbox 1547 4148 1784 4221; baseline 0 -18"><span class='ocrx_word' id='word_1_372' title='bbox 1547 4148 1784 4221; x_wconf 72' lang='lat' dir='ltr'><strong>[signat‘i</strong></span> 
     </span>
    </p>
   </div>
   <div class='ocr_carea' id='block_1_59' title="bbox 278 4242 1852 4315">
    <p class='ocr_par' dir='ltr' id='par_1_59' title="bbox 278 4242 1852 4315">
     <span class='ocr_line' id='line_1_59' title="bbox 278 4242 1852 4315; baseline -0.001 -17"><span class='ocrx_word' id='word_1_373' title='bbox 278 4243 413 4310; x_wconf 76' lang='lat' dir='ltr'><strong>Quid</strong></span> <span class='ocrx_word' id='word_1_374' title='bbox 452 4244 546 4299; x_wconf 89' lang='lat' dir='ltr'><strong>tibi</strong></span> <span class='ocrx_word' id='word_1_375' title='bbox 572 4245 654 4300; x_wconf 90' lang='lat' dir='ltr'><strong>vis</strong></span> <span class='ocrx_word' id='word_1_376' title='bbox 700 4244 1012 4299; x_wconf 80' lang='lat' dir='ltr'><strong>meminisse</strong></span> <span class='ocrx_word' id='word_1_377' title='bbox 1043 4242 1217 4315; x_wconf 70' lang='lat' dir='ltr'><strong>fugat?</strong></span> <span class='ocrx_word' id='word_1_378' title='bbox 1269 4242 1458 4298; x_wconf 87' lang='lat' dir='ltr'><strong>faciles</strong></span> <span class='ocrx_word' id='word_1_379' title='bbox 1492 4243 1665 4298; x_wconf 87' lang='lat' dir='ltr'><strong>nescit</strong></span> <span class='ocrx_word' id='word_1_380' title='bbox 1700 4254 1852 4311; x_wconf 80' lang='lat' dir='ltr'><strong>petra</strong></span> 
     </span>
    </p>
   </div>
   <div class='ocr_carea' id='block_1_60' title="bbox 1558 4335 1780 4408">
    <p class='ocr_par' dir='ltr' id='par_1_60' title="bbox 1558 4335 1780 4408">
     <span class='ocr_line' id='line_1_60' title="bbox 1558 4335 1780 4408; baseline -0.009 -16"><span class='ocrx_word' id='word_1_381' title='bbox 1558 4335 1780 4408; x_wconf 90' lang='lat' dir='ltr'><strong>[motus.</strong></span> 
     </span>
    </p>
   </div>
   <div class='ocr_carea' id='block_1_61' title="bbox 280 4426 1853 4499">
    <p class='ocr_par' dir='ltr' id='par_1_61' title="bbox 280 4426 1853 4499">
     <span class='ocr_line' id='line_1_61' title="bbox 280 4426 1853 4499; baseline -0.001 -16"><span class='ocrx_word' id='word_1_382' title='bbox 280 4428 418 4484; x_wconf 90' lang='lat' dir='ltr'><strong>Siste</strong></span> <span class='ocrx_word' id='word_1_383' title='bbox 462 4429 687 4499; x_wconf 73' lang='lat' dir='ltr'><strong>gradum</strong></span> <span class='ocrx_word' id='word_1_384' title='bbox 722 4446 736 4483; x_wconf 87' lang='lat'><strong>:</strong></span> <span class='ocrx_word' id='word_1_385' title='bbox 768 4439 1010 4486; x_wconf 84' lang='lat' dir='ltr'><strong>veterem</strong></span> <span class='ocrx_word' id='word_1_386' title='bbox 1060 4426 1284 4484; x_wconf 83' lang='lat' dir='ltr'><strong>recolas</strong></span> <span class='ocrx_word' id='word_1_387' title='bbox 1330 4443 1596 4493; x_wconf 87' lang='lat' dir='ltr'><strong>eremum,</strong></span> <span class='ocrx_word' id='word_1_388' title='bbox 1648 4427 1853 4498; x_wconf 85' lang='lat' dir='ltr'><strong>jejunia</strong></span> 
     </span>
    </p>
   </div>
   <div class='ocr_carea' id='block_1_62' title="bbox 1559 4519 1779 4593">
    <p class='ocr_par' dir='ltr' id='par_1_62' title="bbox 1559 4519 1779 4593">
     <span class='ocr_line' id='line_1_62' title="bbox 1559 4519 1779 4593; baseline -0.005 -19"><span class='ocrx_word' id='word_1_389' title='bbox 1559 4519 1779 4593; x_wconf 85' lang='lat' dir='ltr'><strong>[prisca.</strong></span> 
     </span>
    </p>
   </div>
   <div class='ocr_carea' id='block_1_63' title="bbox 278 4611 1851 4678">
    <p class='ocr_par' dir='ltr' id='par_1_63' title="bbox 278 4611 1851 4678">
     <span class='ocr_line' id='line_1_63' title="bbox 278 4611 1851 4678; baseline -0.001 -11"><span class='ocrx_word' id='word_1_390' title='bbox 278 4611 525 4669; x_wconf 71' lang='lat' dir='ltr'><strong>iunxeris</strong></span> <span class='ocrx_word' id='word_1_391' title='bbox 573 4613 835 4669; x_wconf 82' lang='lat' dir='ltr'><strong>hactenus</strong></span> <span class='ocrx_word' id='word_1_392' title='bbox 893 4628 1014 4668; x_wconf 88' lang='lat' dir='ltr'><strong>ossa</strong></span> <span class='ocrx_word' id='word_1_393' title='bbox 1075 4612 1206 4678; x_wconf 87' lang='lat' dir='ltr'><strong>cttti,</strong></span> <span class='ocrx_word' id='word_1_394' title='bbox 1263 4612 1409 4668; x_wconf 89' lang='lat' dir='ltr'><strong>tenui</strong></span> <span class='ocrx_word' id='word_1_395' title='bbox 1462 4612 1641 4669; x_wconf 86' lang='lat' dir='ltr'><strong>radice</strong></span> <span class='ocrx_word' id='word_1_396' title='bbox 1688 4629 1851 4668; x_wconf 89' lang='lat' dir='ltr'><strong>ruen-</strong></span> 
     </span>
    </p>
   </div>
   <div class='ocr_carea' id='block_1_64' title="bbox 1646 4703 1777 4776">
    <p class='ocr_par' dir='ltr' id='par_1_64' title="bbox 1646 4703 1777 4776">
     <span class='ocr_line' id='line_1_64' title="bbox 1646 4703 1777 4776; baseline 0 -18"><span class='ocrx_word' id='word_1_397' title='bbox 1646 4703 1777 4776; x_wconf 87' lang='lat' dir='ltr'><strong>[tem</strong></span> 
     </span>
    </p>
   </div>
   <div class='ocr_carea' id='block_1_65' title="bbox 282 4794 1852 4866">
    <p class='ocr_par' dir='ltr' id='par_1_65' title="bbox 282 4794 1852 4866">
     <span class='ocr_line' id='line_1_65' title="bbox 282 4794 1852 4866; baseline 0.002 -18"><span class='ocrx_word' id='word_1_398' title='bbox 282 4794 515 4849; x_wconf 85' lang='lat' dir='ltr'><strong>Tendere</strong></span> <span class='ocrx_word' id='word_1_399' title='bbox 554 4794 822 4850; x_wconf 86' lang='lat' dir='ltr'><strong>debueras</strong></span> <span class='ocrx_word' id='word_1_400' title='bbox 872 4795 1253 4864; x_wconf 89' lang='lat' dir='ltr'><strong>stomachum,</strong></span> <span class='ocrx_word' id='word_1_401' title='bbox 1314 4794 1521 4866; x_wconf 88' lang='lat' dir='ltr'><strong>pecuali</strong></span> <span class='ocrx_word' id='word_1_402' title='bbox 1605 4796 1852 4863; x_wconf 77' lang='lat' dir='ltr'><strong>gramine</strong></span> 
     </span>
    </p>
   </div>
   <div class='ocr_carea' id='block_1_66' title="bbox 1613 4888 1777 4960">
    <p class='ocr_par' dir='ltr' id='par_1_66' title="bbox 1613 4888 1777 4960">
     <span class='ocr_line' id='line_1_66' title="bbox 1613 4888 1777 4960; baseline 0 -19"><span class='ocrx_word' id='word_1_403' title='bbox 1613 4888 1777 4960; x_wconf 84' lang='lat' dir='ltr'><strong>[vesci</strong></span> 
     </span>
    </p>
   </div>
   <div class='ocr_carea' id='block_1_67' title="bbox 282 4980 1851 5052">
    <p class='ocr_par' dir='ltr' id='par_1_67' title="bbox 282 4980 1851 5052">
     <span class='ocr_line' id='line_1_67' title="bbox 282 4980 1851 5052; baseline 0.003 -19"><span class='ocrx_word' id='word_1_404' title='bbox 282 4980 409 5048; x_wconf 79' lang='lat' dir='ltr'><strong>Quid</strong></span> <span class='ocrx_word' id='word_1_405' title='bbox 429 4981 581 5052; x_wconf 83' lang='lat' dir='ltr'><strong>dapis</strong></span> <span class='ocrx_word' id='word_1_406' title='bbox 611 4980 913 5037; x_wconf 71' lang='lat' dir='ltr'><strong>immodicae</strong></span> <span class='ocrx_word' id='word_1_407' title='bbox 941 4996 1149 5037; x_wconf 90' lang='lat' dir='ltr'><strong>memor</strong></span> <span class='ocrx_word' id='word_1_408' title='bbox 1166 4981 1262 5036; x_wconf 85' lang='lat' dir='ltr'><strong>es?</strong></span> <span class='ocrx_word' id='word_1_409' title='bbox 1289 4980 1364 5036; x_wconf 92' lang='lat' dir='ltr'><strong>nil</strong></span> <span class='ocrx_word' id='word_1_410' title='bbox 1393 4981 1497 5037; x_wconf 87' lang='lat' dir='ltr'><strong>tale</strong></span> <span class='ocrx_word' id='word_1_411' title='bbox 1521 4983 1851 5038; x_wconf 83' lang='lat' dir='ltr'><strong>monasticus</strong></span> 
     </span>
    </p>
   </div>
   <div class='ocr_carea' id='block_1_68' title="bbox 1602 5073 1776 5146">
    <p class='ocr_par' dir='ltr' id='par_1_68' title="bbox 1602 5073 1776 5146">
     <span class='ocr_line' id='line_1_68' title="bbox 1602 5073 1776 5146; baseline 0.006 -19"><span class='ocrx_word' id='word_1_412' title='bbox 1602 5073 1776 5146; x_wconf 70' lang='lat' dir='ltr'><strong>lardo,</strong></span> 
     </span>
    </p>
   </div>
   <div class='ocr_carea' id='block_1_69' title="bbox 286 5162 1846 5236">
    <p class='ocr_par' dir='ltr' id='par_1_69' title="bbox 286 5162 1846 5236">
     <span class='ocr_line' id='line_1_69' title="bbox 286 5162 1846 5236; baseline 0.001 -18"><span class='ocrx_word' id='word_1_413' title='bbox 286 5162 360 5218; x_wconf 73' lang='lat' dir='ltr'><strong>Nil</strong></span> <span class='ocrx_word' id='word_1_414' title='bbox 384 5172 464 5218; x_wconf 91' lang='lat' dir='ltr'><strong>tua</strong></span> <span class='ocrx_word' id='word_1_415' title='bbox 498 5174 548 5219; x_wconf 90' lang='lat' dir='ltr'><strong>te</strong></span> <span class='ocrx_word' id='word_1_416' title='bbox 580 5166 844 5236; x_wconf 56' lang='lat' dir='ltr'><strong>genitura</strong></span> <span class='ocrx_word' id='word_1_417' title='bbox 870 5166 1057 5232; x_wconf 89' lang='lat' dir='ltr'><strong>docet;</strong></span> <span class='ocrx_word' id='word_1_418' title='bbox 1108 5164 1191 5221; x_wconf 86' lang='lat' dir='ltr'><strong>vel</strong></span> <span class='ocrx_word' id='word_1_419' title='bbox 1223 5174 1273 5221; x_wconf 91' lang='lat' dir='ltr'><strong>te</strong></span> <span class='ocrx_word' id='word_1_420' title='bbox 1313 5174 1404 5221; x_wconf 91' lang='lat' dir='ltr'><strong>tua</strong></span> <span class='ocrx_word' id='word_1_421' title='bbox 1451 5167 1698 5236; x_wconf 75' lang='lat' dir='ltr'><strong>dogmata</strong></span> <span class='ocrx_word' id='word_1_422' title='bbox 1728 5166 1846 5235; x_wconf 93' lang='lat' dir='ltr'><strong>pul-</strong></span> 
     </span>
    </p>
   </div>
   <div class='ocr_carea' id='block_1_70' title="bbox 1611 5259 1774 5333">
    <p class='ocr_par' dir='ltr' id='par_1_70' title="bbox 1611 5259 1774 5333">
     <span class='ocr_line' id='line_1_70' title="bbox 1611 5259 1774 5333; baseline -0.006 -18"><span class='ocrx_word' id='word_1_423' title='bbox 1611 5259 1774 5333; x_wconf 88' lang='lat' dir='ltr'><strong>[sent.</strong></span> 
     </span>
    </p>
   </div>
   <div class='ocr_carea' id='block_1_71' title="bbox 286 5348 1849 5422">
    <p class='ocr_par' dir='ltr' id='par_1_71' title="bbox 286 5348 1849 5422">
     <span class='ocr_line' id='line_1_71' title="bbox 286 5348 1849 5422; baseline 0.004 -22"><span class='ocrx_word' id='word_1_424' title='bbox 286 5349 379 5401; x_wconf 57' lang='lat' dir='ltr'><strong>Ceu</strong></span> <span class='ocrx_word' id='word_1_425' title='bbox 427 5348 650 5418; x_wconf 86' lang='lat' dir='ltr'><strong>populos</strong></span> <span class='ocrx_word' id='word_1_426' title='bbox 702 5349 771 5405; x_wconf 89' lang='lat' dir='ltr'><strong>ad</strong></span> <span class='ocrx_word' id='word_1_427' title='bbox 820 5349 873 5405; x_wconf 91' lang='lat' dir='ltr'><strong>id</strong></span> <span class='ocrx_word' id='word_1_428' title='bbox 911 5349 1064 5420; x_wconf 75' lang='lat' dir='ltr'><strong>augis</strong></span> <span class='ocrx_word' id='word_1_429' title='bbox 1101 5350 1226 5417; x_wconf 88' lang='lat' dir='ltr'><strong>iter,</strong></span> <span class='ocrx_word' id='word_1_430' title='bbox 1273 5349 1390 5405; x_wconf 80' lang='lat' dir='ltr'><strong>ﬁeri</strong></span> <span class='ocrx_word' id='word_1_431' title='bbox 1440 5366 1654 5422; x_wconf 85' lang='lat' dir='ltr'><strong>quoque</strong></span> <span class='ocrx_word' id='word_1_432' title='bbox 1702 5352 1849 5422; x_wconf 78' lang='lat' dir='ltr'><strong>cogis</strong></span> 
     </span>
    </p>
   </div>
   <div class='ocr_carea' id='block_1_72' title="bbox 1539 5444 1775 5517">
    <p class='ocr_par' dir='ltr' id='par_1_72' title="bbox 1539 5444 1775 5517">
     <span class='ocr_line' id='line_1_72' title="bbox 1539 5444 1775 5517; baseline 0 -18"><span class='ocrx_word' id='word_1_433' title='bbox 1539 5444 1775 5517; x_wconf 59' lang='lat' dir='ltr'><strong>[egenos</strong></span> 
     </span>
    </p>
   </div>
   <div class='ocr_carea' id='block_1_73' title="bbox 285 5535 1847 5611">
    <p class='ocr_par' dir='ltr' id='par_1_73' title="bbox 285 5535 1847 5611">
     <span class='ocr_line' id='line_1_73' title="bbox 285 5535 1847 5611; baseline 0.003 -20"><span class='ocrx_word' id='word_1_434' title='bbox 285 5535 364 5591; x_wconf 90' lang='lat' dir='ltr'><strong>Sic</strong></span> <span class='ocrx_word' id='word_1_435' title='bbox 392 5536 620 5606; x_wconf 69' lang='lat' dir='ltr'><strong>praiiens</strong></span> <span class='ocrx_word' id='word_1_436' title='bbox 644 5539 804 5595; x_wconf 90' lang='lat' dir='ltr'><strong>modo</strong></span> <span class='ocrx_word' id='word_1_437' title='bbox 825 5536 950 5608; x_wconf 84' lang='lat' dir='ltr'><strong>jura</strong></span> <span class='ocrx_word' id='word_1_438' title='bbox 977 5538 1145 5607; x_wconf 88' lang='lat' dir='ltr'><strong>feras,</strong></span> <span class='ocrx_word' id='word_1_439' title='bbox 1190 5554 1313 5610; x_wconf 86' lang='lat' dir='ltr'><strong>quae</strong></span> <span class='ocrx_word' id='word_1_440' title='bbox 1334 5555 1576 5611; x_wconf 85' lang='lat' dir='ltr'><strong>quosque</strong></span> <span class='ocrx_word' id='word_1_441' title='bbox 1606 5540 1847 5595; x_wconf 90' lang='lat' dir='ltr'><strong>docendo</strong></span> 
     </span>
    </p>
   </div>
   <div class='ocr_carea' id='block_1_74' title="bbox 1561 5634 1772 5707">
    <p class='ocr_par' dir='ltr' id='par_1_74' title="bbox 1561 5634 1772 5707">
     <span class='ocr_line' id='line_1_74' title="bbox 1561 5634 1772 5707; baseline -0.014 -17"><span class='ocrx_word' id='word_1_442' title='bbox 1561 5634 1772 5707; x_wconf 86' lang='lat' dir='ltr'><strong>[tulisli.</strong></span> 
     </span>
    </p>
   </div>
   <div class='ocr_carea' id='block_1_75' title="bbox 285 5722 1845 5799">
    <p class='ocr_par' dir='ltr' id='par_1_75' title="bbox 285 5722 1845 5799">
     <span class='ocr_line' id='line_1_75' title="bbox 285 5722 1845 5799; baseline 0.004 -21"><span class='ocrx_word' id='word_1_443' title='bbox 285 5722 372 5780; x_wconf 84' lang='lat' dir='ltr'><strong>Hic</strong></span> <span class='ocrx_word' id='word_1_444' title='bbox 395 5724 684 5798; x_wconf 88' lang='lat' dir='ltr'><strong>aliquando</strong></span> <span class='ocrx_word' id='word_1_445' title='bbox 719 5726 882 5799; x_wconf 73' lang='lat' dir='ltr'><strong>fugax</strong></span> <span class='ocrx_word' id='word_1_446' title='bbox 929 5726 1165 5796; x_wconf 87' lang='lat' dir='ltr'><strong>Cereris,</strong></span> <span class='ocrx_word' id='word_1_447' title='bbox 1205 5730 1381 5799; x_wconf 88' lang='lat' dir='ltr'><strong>pisces</strong></span> <span class='ocrx_word' id='word_1_448' title='bbox 1420 5744 1481 5785; x_wconf 89' lang='lat' dir='ltr'><strong>ac</strong></span> <span class='ocrx_word' id='word_1_449' title='bbox 1527 5730 1649 5783; x_wconf 85' lang='lat' dir='ltr'><strong>vina</strong></span> <span class='ocrx_word' id='word_1_450' title='bbox 1705 5738 1845 5784; x_wconf 76' lang='lat' dir='ltr'><strong>tere-</strong></span> 
     </span>
    </p>
   </div>
   <div class='ocr_carea' id='block_1_76' title="bbox 1634 5822 1770 5881">
    <p class='ocr_par' dir='ltr' id='par_1_76' title="bbox 1634 5822 1770 5881">
     <span class='ocr_line' id='line_1_76' title="bbox 1634 5822 1770 5881; baseline -0.037 0"><span class='ocrx_word' id='word_1_451' title='bbox 1634 5822 1770 5881; x_wconf 13' lang='lat' dir='ltr'><strong>libat.</strong></span> 
     </span>
    </p>
   </div>
   <div class='ocr_carea' id='block_1_77' title="bbox 1963 1918 3542 1992">
    <p class='ocr_par' dir='ltr' id='par_1_77' title="bbox 1963 1918 3542 1992">
     <span class='ocr_line' id='line_1_77' title="bbox 1963 1918 3542 1992; baseline -0.001 -15"><span class='ocrx_word' id='word_1_452' title='bbox 1963 1922 2150 1988; x_wconf 89' lang='lat' dir='ltr'><strong>nollet,</strong></span> <span class='ocrx_word' id='word_1_453' title='bbox 2186 1936 2429 1976; x_wconf 85' lang='lat' dir='ltr'><strong>remeare</strong></span> <span class='ocrx_word' id='word_1_454' title='bbox 2460 1920 2821 1987; x_wconf 87' lang='lat' dir='ltr'><strong>compellitur,</strong></span> <span class='ocrx_word' id='word_1_455' title='bbox 2853 1928 2909 1975; x_wconf 89' lang='lat' dir='ltr'><strong>et</strong></span> <span class='ocrx_word' id='word_1_456' title='bbox 2946 1935 3045 1990; x_wconf 86' lang='lat' dir='ltr'><strong>pro</strong></span> <span class='ocrx_word' id='word_1_457' title='bbox 3082 1920 3232 1975; x_wconf 79' lang='lat' dir='ltr'><strong>curia</strong></span> <span class='ocrx_word' id='word_1_458' title='bbox 3264 1918 3542 1992; x_wconf 69' lang='lat' dir='ltr'><strong>magniﬁci</strong></span> 
     </span>
    </p>
   </div>
   <div class='ocr_carea' id='block_1_78' title="bbox 1964 2014 3545 2084">
    <p class='ocr_par' dir='ltr' id='par_1_78' title="bbox 1964 2014 3545 2084">
     <span class='ocr_line' id='line_1_78' title="bbox 1964 2014 3545 2084; baseline -0.002 -13"><span class='ocrx_word' id='word_1_459' title='bbox 1964 2017 2282 2081; x_wconf 84' lang='lat' dir='ltr'><strong>Boemundi,</strong></span> <span class='ocrx_word' id='word_1_460' title='bbox 2318 2025 2426 2069; x_wconf 90' lang='lat' dir='ltr'><strong>tota</strong></span> <span class='ocrx_word' id='word_1_461' title='bbox 2453 2025 2613 2070; x_wconf 89' lang='lat' dir='ltr'><strong>nocte</strong></span> <span class='ocrx_word' id='word_1_462' title='bbox 2661 2014 2858 2069; x_wconf 91' lang='lat' dir='ltr'><strong>ibidem</strong></span> <span class='ocrx_word' id='word_1_463' title='bbox 2889 2014 3275 2080; x_wconf 70' lang='lat' dir='ltr'><strong>excubaturus,</strong></span> <span class='ocrx_word' id='word_1_464' title='bbox 3308 2014 3545 2084; x_wconf 78' lang='lat' dir='ltr'><strong>exponi-</strong></span> 
     </span>
    </p>
   </div>
   <div class='ocr_carea' id='block_1_79' title="bbox 1966 2108 3542 2174">
    <p class='ocr_par' dir='ltr' id='par_1_79' title="bbox 1966 2108 3542 2174">
     <span class='ocr_line' id='line_1_79' title="bbox 1966 2108 3542 2174; baseline 0.002 -12"><span class='ocrx_word' id='word_1_465' title='bbox 1966 2118 2070 2163; x_wconf 89' lang='lat' dir='ltr'><strong>tur.</strong></span> <span class='ocrx_word' id='word_1_466' title='bbox 2116 2108 2342 2163; x_wconf 88' lang='lat' dir='ltr'><strong>Postero</strong></span> <span class='ocrx_word' id='word_1_467' title='bbox 2370 2124 2500 2164; x_wconf 88' lang='lat' dir='ltr'><strong>vero</strong></span> <span class='ocrx_word' id='word_1_468' title='bbox 2543 2108 2652 2172; x_wconf 80' lang='lat' dir='ltr'><strong>die,</strong></span> <span class='ocrx_word' id='word_1_469' title='bbox 2679 2108 2769 2162; x_wconf 92' lang='lat' dir='ltr'><strong>ubi</strong></span> <span class='ocrx_word' id='word_1_470' title='bbox 2816 2123 3028 2162; x_wconf 69' lang='lat' dir='ltr'><strong>aurora:</strong></span> <span class='ocrx_word' id='word_1_471' title='bbox 3075 2108 3211 2164; x_wconf 84' lang='lat' dir='ltr'><strong>ﬁbra</strong></span> <span class='ocrx_word' id='word_1_472' title='bbox 3244 2108 3542 2174; x_wconf 84' lang='lat' dir='ltr'><strong>recanduit,</strong></span> 
     </span>
    </p>
   </div>
   <div class='ocr_carea' id='block_1_80' title="bbox 1963 2199 3544 2271">
    <p class='ocr_par' dir='ltr' id='par_1_80' title="bbox 1963 2199 3544 2271">
     <span class='ocr_line' id='line_1_80' title="bbox 1963 2199 3544 2271; baseline -0.002 -14"><span class='ocrx_word' id='word_1_473' title='bbox 1963 2212 2087 2257; x_wconf 88' lang='lat' dir='ltr'><strong>ante</strong></span> <span class='ocrx_word' id='word_1_474' title='bbox 2112 2202 2254 2257; x_wconf 89' lang='lat' dir='ltr'><strong>illius</strong></span> <span class='ocrx_word' id='word_1_475' title='bbox 2275 2203 2375 2256; x_wconf 76' lang='lat' dir='ltr'><strong>viri</strong></span> <span class='ocrx_word' id='word_1_476' title='bbox 2422 2201 2734 2271; x_wconf 88' lang='lat' dir='ltr'><strong>spectabilis</strong></span> <span class='ocrx_word' id='word_1_477' title='bbox 2760 2214 2853 2255; x_wconf 92' lang='lat' dir='ltr'><strong>ora</strong></span> <span class='ocrx_word' id='word_1_478' title='bbox 2876 2200 3177 2256; x_wconf 82' lang='lat' dir='ltr'><strong>inducitur.</strong></span> <span class='ocrx_word' id='word_1_479' title='bbox 3216 2199 3315 2256; x_wconf 91' lang='lat' dir='ltr'><strong>Cui</strong></span> <span class='ocrx_word' id='word_1_480' title='bbox 3336 2213 3400 2254; x_wconf 90' lang='lat' dir='ltr'><strong>eo</strong></span> <span class='ocrx_word' id='word_1_481' title='bbox 3438 2216 3544 2270; x_wconf 81' lang='lat' dir='ltr'><strong>quo</strong></span> 
     </span>
    </p>
   </div>
   <div class='ocr_carea' id='block_1_81' title="bbox 1964 2293 3545 2365">
    <p class='ocr_par' dir='ltr' id='par_1_81' title="bbox 1964 2293 3545 2365">
     <span class='ocr_line' id='line_1_81' title="bbox 1964 2293 3545 2365; baseline -0.001 -15"><span class='ocrx_word' id='word_1_482' title='bbox 1964 2298 2277 2350; x_wconf 86' lang='lat' dir='ltr'><strong>merebatur</strong></span> <span class='ocrx_word' id='word_1_483' title='bbox 2305 2296 2511 2365; x_wconf 91' lang='lat' dir='ltr'><strong>pudore</strong></span> <span class='ocrx_word' id='word_1_484' title='bbox 2558 2294 2785 2359; x_wconf 68' lang='lat' dir='ltr'><strong>suﬂ‘uso,</strong></span> <span class='ocrx_word' id='word_1_485' title='bbox 2817 2294 2890 2349; x_wconf 88' lang='lat' dir='ltr'><strong>ita</strong></span> <span class='ocrx_word' id='word_1_486' title='bbox 2919 2295 3100 2349; x_wconf 90' lang='lat' dir='ltr'><strong>senior</strong></span> <span class='ocrx_word' id='word_1_487' title='bbox 3141 2294 3233 2349; x_wconf 90' lang='lat' dir='ltr'><strong>ille</strong></span> <span class='ocrx_word' id='word_1_488' title='bbox 3273 2293 3545 2364; x_wconf 84' lang='lat' dir='ltr'><strong>proloqui-</strong></span> 
     </span>
    </p>
   </div>
   <div class='ocr_carea' id='block_1_82' title="bbox 1965 2386 3547 2460">
    <p class='ocr_par' dir='ltr' id='par_1_82' title="bbox 1965 2386 3547 2460">
     <span class='ocr_line' id='line_1_82' title="bbox 1965 2386 3547 2460; baseline 0 -18"><span class='ocrx_word' id='word_1_489' title='bbox 1965 2398 2053 2443; x_wconf 92' lang='lat' dir='ltr'><strong>tur</strong></span> <span class='ocrx_word' id='word_1_490' title='bbox 2083 2405 2095 2440; x_wconf 92' lang='lat'><strong>:</strong></span> <span class='ocrx_word' id='word_1_491' title='bbox 2132 2409 2148 2439; x_wconf 74' lang='grc' dir='ltr'><strong><em>ι</em></strong></span> <span class='ocrx_word' id='word_1_492' title='bbox 2201 2388 2358 2455; x_wconf 89' lang='lat' dir='ltr'><strong>Cum,</strong></span> <span class='ocrx_word' id='word_1_493' title='bbox 2391 2389 2586 2458; x_wconf 88' lang='lat' dir='ltr'><strong>inquit,</strong></span> <span class='ocrx_word' id='word_1_494' title='bbox 2638 2389 2839 2459; x_wconf 85' lang='lat' dir='ltr'><strong>ubique</strong></span> <span class='ocrx_word' id='word_1_495' title='bbox 2869 2389 3111 2460; x_wconf 84' lang='lat' dir='ltr'><strong>gentium</strong></span> <span class='ocrx_word' id='word_1_496' title='bbox 3167 2386 3409 2443; x_wconf 60' lang='lat' dir='ltr'><strong>Francia:</strong></span> <span class='ocrx_word' id='word_1_497' title='bbox 3448 2402 3547 2442; x_wconf 92' lang='lat' dir='ltr'><strong>no-</strong></span> 
     </span>
    </p>
   </div>
   <div class='ocr_carea' id='block_1_83' title="bbox 1964 2480 3542 2551">
    <p class='ocr_par' dir='ltr' id='par_1_83' title="bbox 1964 2480 3542 2551">
     <span class='ocr_line' id='line_1_83' title="bbox 1964 2480 3542 2551; baseline 0.001 -18"><span class='ocrx_word' id='word_1_498' title='bbox 1964 2497 2084 2534; x_wconf 90' lang='lat' dir='ltr'><strong>men</strong></span> <span class='ocrx_word' id='word_1_499' title='bbox 2104 2481 2282 2549; x_wconf 65' lang='lat' dir='ltr'><strong>regim,</strong></span> <span class='ocrx_word' id='word_1_500' title='bbox 2310 2481 2450 2535; x_wconf 89' lang='lat' dir='ltr'><strong>inter</strong></span> <span class='ocrx_word' id='word_1_501' title='bbox 2462 2482 2640 2535; x_wconf 83' lang='lat' dir='ltr'><strong>omnia</strong></span> <span class='ocrx_word' id='word_1_502' title='bbox 2667 2496 2854 2551; x_wconf 82' lang='lat' dir='ltr'><strong>regna,</strong></span> <span class='ocrx_word' id='word_1_503' title='bbox 2875 2480 3152 2550; x_wconf 87' lang='lat' dir='ltr'><strong>majestate</strong></span> <span class='ocrx_word' id='word_1_504' title='bbox 3175 2481 3542 2551; x_wconf 66' lang='lat' dir='ltr'><strong>praeemineat,</strong></span> 
     </span>
    </p>
   </div>
   <div class='ocr_carea' id='block_1_84' title="bbox 1961 2572 3546 2643">
    <p class='ocr_par' dir='ltr' id='par_1_84' title="bbox 1961 2572 3546 2643">
     <span class='ocr_line' id='line_1_84' title="bbox 1961 2572 3546 2643; baseline 0.001 -17"><span class='ocrx_word' id='word_1_505' title='bbox 1961 2587 2083 2626; x_wconf 89' lang='lat' dir='ltr'><strong>cum</strong></span> <span class='ocrx_word' id='word_1_506' title='bbox 2112 2573 2330 2626; x_wconf 83' lang='lat' dir='ltr'><strong>virtutis</strong></span> <span class='ocrx_word' id='word_1_507' title='bbox 2372 2582 2535 2642; x_wconf 78' lang='lat' dir='ltr'><strong>atque</strong></span> <span class='ocrx_word' id='word_1_508' title='bbox 2582 2574 2922 2639; x_wconf 81' lang='lat' dir='ltr'><strong>constantiae,</strong></span> <span class='ocrx_word' id='word_1_509' title='bbox 2952 2584 3074 2643; x_wconf 92' lang='lat' dir='ltr'><strong>post</strong></span> <span class='ocrx_word' id='word_1_510' title='bbox 3105 2574 3271 2629; x_wconf 90' lang='lat' dir='ltr'><strong>Deum</strong></span> <span class='ocrx_word' id='word_1_511' title='bbox 3298 2572 3546 2627; x_wconf 79' lang='lat' dir='ltr'><strong>Genitrix</strong></span> 
     </span>
    </p>
   </div>
   <div class='ocr_carea' id='block_1_85' title="bbox 1963 2654 3547 2736">
    <p class='ocr_par' dir='ltr' id='par_1_85' title="bbox 1963 2654 3547 2736">
     <span class='ocr_line' id='line_1_85' title="bbox 1963 2654 3547 2736; baseline 0.001 -19"><span class='ocrx_word' id='word_1_512' title='bbox 1963 2664 2342 2732; x_wconf 85' lang='lat' dir='ltr'><strong>integerritnos</strong></span> <span class='ocrx_word' id='word_1_513' title='bbox 2365 2664 2642 2733; x_wconf 86' lang='lat' dir='ltr'><strong>hucusque</strong></span> <span class='ocrx_word' id='word_1_514' title='bbox 2672 2666 2816 2720; x_wconf 87' lang='lat' dir='ltr'><strong>viros</strong></span> <span class='ocrx_word' id='word_1_515' title='bbox 2843 2665 3078 2730; x_wconf 79' lang='lat' dir='ltr'><strong>emittat,</strong></span> <span class='ocrx_word' id='word_1_516' title='bbox 3111 2674 3181 2730; x_wconf 91' lang='lat' dir='ltr'><strong>te,</strong></span> <span class='ocrx_word' id='word_1_517' title='bbox 3212 2654 3547 2736; x_wconf 77' lang='lat' dir='ltr'><strong>garruléne—</strong></span> 
     </span>
    </p>
   </div>
   <div class='ocr_carea' id='block_1_86' title="bbox 1962 2757 3545 2824">
    <p class='ocr_par' dir='ltr' id='par_1_86' title="bbox 1962 2757 3545 2824">
     <span class='ocr_line' id='line_1_86' title="bbox 1962 2757 3545 2824; baseline 0.006 -19"><span class='ocrx_word' id='word_1_518' title='bbox 1962 2769 2145 2824; x_wconf 83' lang='lat' dir='ltr'><strong>quam,</strong></span> <span class='ocrx_word' id='word_1_519' title='bbox 2185 2767 2238 2810; x_wconf 87' lang='lat' dir='ltr'><strong>et</strong></span> <span class='ocrx_word' id='word_1_520' title='bbox 2267 2757 2507 2810; x_wconf 87' lang='lat' dir='ltr'><strong>omnium</strong></span> <span class='ocrx_word' id='word_1_521' title='bbox 2558 2757 2941 2824; x_wconf 86' lang='lat' dir='ltr'><strong>impurissime,</strong></span> <span class='ocrx_word' id='word_1_522' title='bbox 2991 2768 3042 2813; x_wconf 88' lang='lat' dir='ltr'><strong>te</strong></span> <span class='ocrx_word' id='word_1_523' title='bbox 3072 2772 3171 2813; x_wconf 91' lang='lat' dir='ltr'><strong>suo</strong></span> <span class='ocrx_word' id='word_1_524' title='bbox 3199 2758 3449 2815; x_wconf 84' lang='lat' dir='ltr'><strong>dedecori</strong></span> <span class='ocrx_word' id='word_1_525' title='bbox 3482 2773 3545 2814; x_wconf 88' lang='lat' dir='ltr'><strong>ac</strong></span> 
     </span>
    </p>
   </div>
   <div class='ocr_carea' id='block_1_87' title="bbox 1964 2847 3546 2921">
    <p class='ocr_par' dir='ltr' id='par_1_87' title="bbox 1964 2847 3546 2921">
     <span class='ocr_line' id='line_1_87' title="bbox 1964 2847 3546 2921; baseline 0 -18"><span class='ocrx_word' id='word_1_526' title='bbox 1964 2849 2197 2904; x_wconf 81' lang='lat' dir='ltr'><strong>infamiae</strong></span> <span class='ocrx_word' id='word_1_527' title='bbox 2241 2848 2465 2911; x_wconf 87' lang='lat' dir='ltr'><strong>tulerat,</strong></span> <span class='ocrx_word' id='word_1_528' title='bbox 2518 2857 2567 2903; x_wconf 90' lang='lat' dir='ltr'><strong>te</strong></span> <span class='ocrx_word' id='word_1_529' title='bbox 2600 2850 2793 2903; x_wconf 88' lang='lat' dir='ltr'><strong>amodo</strong></span> <span class='ocrx_word' id='word_1_530' title='bbox 2838 2865 2904 2903; x_wconf 91' lang='lat' dir='ltr'><strong>ac</strong></span> <span class='ocrx_word' id='word_1_531' title='bbox 2954 2850 2998 2906; x_wconf 88' lang='lat' dir='ltr'><strong>si</strong></span> <span class='ocrx_word' id='word_1_532' title='bbox 3040 2856 3354 2919; x_wconf 87' lang='lat' dir='ltr'><strong>portentum</strong></span> <span class='ocrx_word' id='word_1_533' title='bbox 3382 2847 3546 2921; x_wconf 61' lang='lat'><strong>400</strong></span> 
     </span>
    </p>
   </div>
   <div class='ocr_carea' id='block_1_88' title="bbox 1950 2942 3547 3014">
    <p class='ocr_par' dir='ltr' id='par_1_88' title="bbox 1950 2942 3547 3014">
     <span class='ocr_line' id='line_1_88' title="bbox 1950 2942 3547 3014; baseline 0 -17"><span class='ocrx_word' id='word_1_534' title='bbox 1950 2943 2175 2998; x_wconf 78' lang='lat' dir='ltr'><strong>habeat.</strong></span> <span class='ocrx_word' id='word_1_535' title='bbox 2206 2942 2249 2998; x_wconf 92' lang='grc' dir='ltr'><strong>Ο</strong></span> <span class='ocrx_word' id='word_1_536' title='bbox 2279 2945 2419 2997; x_wconf 89' lang='lat' dir='ltr'><strong>bone</strong></span> <span class='ocrx_word' id='word_1_537' title='bbox 2459 2958 2638 2997; x_wconf 88' lang='lat' dir='ltr'><strong>rerum</strong></span> <span class='ocrx_word' id='word_1_538' title='bbox 2683 2942 2863 3006; x_wconf 88' lang='lat' dir='ltr'><strong>Pater,</strong></span> <span class='ocrx_word' id='word_1_539' title='bbox 2897 2944 3050 3013; x_wconf 86' lang='lat' dir='ltr'><strong>cujus</strong></span> <span class='ocrx_word' id='word_1_540' title='bbox 3080 2944 3221 2998; x_wconf 92' lang='lat' dir='ltr'><strong>modi</strong></span> <span class='ocrx_word' id='word_1_541' title='bbox 3249 2943 3547 3014; x_wconf 84' lang='lat' dir='ltr'><strong>Carpenta-</strong></span> 
     </span>
    </p>
   </div>
   <div class='ocr_carea' id='block_1_89' title="bbox 1961 3035 3546 3105">
    <p class='ocr_par' dir='ltr' id='par_1_89' title="bbox 1961 3035 3546 3105">
     <span class='ocr_line' id='line_1_89' title="bbox 1961 3035 3546 3105; baseline 0.001 -15"><span class='ocrx_word' id='word_1_542' title='bbox 1961 3037 2100 3091; x_wconf 86' lang='lat' dir='ltr'><strong>rium</strong></span> <span class='ocrx_word' id='word_1_543' title='bbox 2176 3037 2533 3101; x_wconf 85' lang='lat' dir='ltr'><strong>habebamus,</strong></span> <span class='ocrx_word' id='word_1_544' title='bbox 2582 3035 2696 3105; x_wconf 87' lang='lat' dir='ltr'><strong>qui,</strong></span> <span class='ocrx_word' id='word_1_545' title='bbox 2750 3036 2892 3091; x_wconf 90' lang='lat' dir='ltr'><strong>sicut</strong></span> <span class='ocrx_word' id='word_1_546' title='bbox 2941 3037 3269 3091; x_wconf 85' lang='lat' dir='ltr'><strong>architectus</strong></span> <span class='ocrx_word' id='word_1_547' title='bbox 3324 3035 3546 3092; x_wconf 87' lang='lat' dir='ltr'><strong>dolabro</strong></span> 
     </span>
    </p>
   </div>
   <div class='ocr_carea' id='block_1_90' title="bbox 1964 3129 3547 3201">
    <p class='ocr_par' dir='ltr' id='par_1_90' title="bbox 1964 3129 3547 3201">
     <span class='ocr_line' id='line_1_90' title="bbox 1964 3129 3547 3201; baseline 0.002 -19"><span class='ocrx_word' id='word_1_548' title='bbox 1964 3130 2190 3201; x_wconf 78' lang='lat' dir='ltr'><strong>lignum,</strong></span> <span class='ocrx_word' id='word_1_549' title='bbox 2225 3130 2302 3184; x_wconf 86' lang='lat' dir='ltr'><strong>ita</strong></span> <span class='ocrx_word' id='word_1_550' title='bbox 2336 3129 2542 3185; x_wconf 82' lang='lat' dir='ltr'><strong>lanceis</strong></span> <span class='ocrx_word' id='word_1_551' title='bbox 2562 3139 2615 3183; x_wconf 87' lang='lat' dir='ltr'><strong>et</strong></span> <span class='ocrx_word' id='word_1_552' title='bbox 2666 3130 2891 3185; x_wconf 89' lang='lat' dir='ltr'><strong>ensibus</strong></span> <span class='ocrx_word' id='word_1_553' title='bbox 2938 3129 3148 3185; x_wconf 86' lang='lat' dir='ltr'><strong>triverit</strong></span> <span class='ocrx_word' id='word_1_554' title='bbox 3180 3138 3329 3201; x_wconf 83' lang='lat' dir='ltr'><strong>terga</strong></span> <span class='ocrx_word' id='word_1_555' title='bbox 3373 3131 3547 3201; x_wconf 79' lang='lat' dir='ltr'><strong>genti-</strong></span> 
     </span>
    </p>
   </div>
   <div class='ocr_carea' id='block_1_91' title="bbox 1961 3220 3542 3277">
    <p class='ocr_par' dir='ltr' id='par_1_91' title="bbox 1961 3220 3542 3277">
     <span class='ocr_line' id='line_1_91' title="bbox 1961 3220 3542 3277; baseline 0.001 -2"><span class='ocrx_word' id='word_1_556' title='bbox 1961 3221 2128 3276; x_wconf 86' lang='lat' dir='ltr'><strong>lium?</strong></span> <span class='ocrx_word' id='word_1_557' title='bbox 2156 3220 2297 3276; x_wconf 87' lang='lat' dir='ltr'><strong>Ecce</strong></span> <span class='ocrx_word' id='word_1_558' title='bbox 2345 3222 2549 3275; x_wconf 89' lang='lat' dir='ltr'><strong>ictuum</strong></span> <span class='ocrx_word' id='word_1_559' title='bbox 2588 3221 2909 3276; x_wconf 84' lang='lat' dir='ltr'><strong>assiduitate</strong></span> <span class='ocrx_word' id='word_1_560' title='bbox 2937 3220 3089 3276; x_wconf 88' lang='lat' dir='ltr'><strong>faber</strong></span> <span class='ocrx_word' id='word_1_561' title='bbox 3114 3221 3256 3277; x_wconf 91' lang='lat' dir='ltr'><strong>idem</strong></span> <span class='ocrx_word' id='word_1_562' title='bbox 3286 3221 3432 3277; x_wconf 89' lang='lat' dir='ltr'><strong>mille</strong></span> <span class='ocrx_word' id='word_1_563' title='bbox 3459 3223 3542 3277; x_wconf 89' lang='lat' dir='ltr'><strong>in-</strong></span> 
     </span>
    </p>
   </div>
   <div class='ocr_carea' id='block_1_92' title="bbox 1973 3311 3543 3382">
    <p class='ocr_par' dir='ltr' id='par_1_92' title="bbox 1973 3311 3543 3382">
     <span class='ocr_line' id='line_1_92' title="bbox 1973 3311 3543 3382; baseline 0.001 -15"><span class='ocrx_word' id='word_1_564' title='bbox 1973 3313 2147 3368; x_wconf 87' lang='lat' dir='ltr'><strong>terdiu</strong></span> <span class='ocrx_word' id='word_1_565' title='bbox 2202 3313 2425 3382; x_wconf 86' lang='lat' dir='ltr'><strong>spathas</strong></span> <span class='ocrx_word' id='word_1_566' title='bbox 2451 3312 2756 3375; x_wconf 87' lang='lat' dir='ltr'><strong>obtuderat,</strong></span> <span class='ocrx_word' id='word_1_567' title='bbox 2806 3319 2862 3367; x_wconf 85' lang='lat' dir='ltr'><strong>et</strong></span> <span class='ocrx_word' id='word_1_568' title='bbox 2902 3311 3142 3382; x_wconf 82' lang='lat' dir='ltr'><strong>populos</strong></span> <span class='ocrx_word' id='word_1_569' title='bbox 3199 3313 3543 3369; x_wconf 89' lang='lat' dir='ltr'><strong>ethnicorum</strong></span> 
     </span>
    </p>
   </div>
   <div class='ocr_carea' id='block_1_93' title="bbox 1961 3403 3541 3475">
    <p class='ocr_par' dir='ltr' id='par_1_93' title="bbox 1961 3403 3541 3475">
     <span class='ocr_line' id='line_1_93' title="bbox 1961 3403 3541 3475; baseline 0.001 -14"><span class='ocrx_word' id='word_1_570' title='bbox 1961 3405 2109 3462; x_wconf 87' lang='lat' dir='ltr'><strong>solus</strong></span> <span class='ocrx_word' id='word_1_571' title='bbox 2160 3405 2295 3475; x_wconf 86' lang='lat' dir='ltr'><strong>ipse,</strong></span> <span class='ocrx_word' id='word_1_572' title='bbox 2342 3403 2549 3459; x_wconf 89' lang='lat' dir='ltr'><strong>feriatis</strong></span> <span class='ocrx_word' id='word_1_573' title='bbox 2604 3404 2761 3461; x_wconf 90' lang='lat' dir='ltr'><strong>nobis</strong></span> <span class='ocrx_word' id='word_1_574' title='bbox 2812 3403 3112 3465; x_wconf 85' lang='lat' dir='ltr'><strong>exciderat.</strong></span> <span class='ocrx_word' id='word_1_575' title='bbox 3165 3403 3267 3461; x_wconf 89' lang='lat' dir='ltr'><strong>Ubi</strong></span> <span class='ocrx_word' id='word_1_576' title='bbox 3321 3414 3409 3461; x_wconf 89' lang='lat' dir='ltr'><strong>est</strong></span> <span class='ocrx_word' id='word_1_577' title='bbox 3455 3406 3541 3463; x_wconf 89' lang='lat' dir='ltr'><strong>illa</strong></span> 
     </span>
    </p>
   </div>
   <div class='ocr_carea' id='block_1_94' title="bbox 1960 3501 3542 3575">
    <p class='ocr_par' dir='ltr' id='par_1_94' title="bbox 1960 3501 3542 3575">
     <span class='ocr_line' id='line_1_94' title="bbox 1960 3501 3542 3575; baseline 0.001 -17"><span class='ocrx_word' id='word_1_578' title='bbox 1960 3502 2202 3558; x_wconf 84' lang='lat' dir='ltr'><strong>fastuosa</strong></span> <span class='ocrx_word' id='word_1_579' title='bbox 2245 3503 2514 3574; x_wconf 75' lang='lat' dir='ltr'><strong>rigiditas,</strong></span> <span class='ocrx_word' id='word_1_580' title='bbox 2567 3511 2621 3558; x_wconf 89' lang='lat' dir='ltr'><strong>et</strong></span> <span class='ocrx_word' id='word_1_581' title='bbox 2666 3502 2810 3556; x_wconf 90' lang='lat' dir='ltr'><strong>circa</strong></span> <span class='ocrx_word' id='word_1_582' title='bbox 2852 3501 3092 3573; x_wconf 74' lang='lat' dir='ltr'><strong>Ligerim</strong></span> <span class='ocrx_word' id='word_1_583' title='bbox 3121 3516 3188 3558; x_wconf 86' lang='lat' dir='ltr'><strong>ac</strong></span> <span class='ocrx_word' id='word_1_584' title='bbox 3234 3503 3542 3575; x_wconf 87' lang='lat' dir='ltr'><strong>Sequanam</strong></span> 
     </span>
    </p>
   </div>
   <div class='ocr_carea' id='block_1_95' title="bbox 1961 3594 3541 3670">
    <p class='ocr_par' dir='ltr' id='par_1_95' title="bbox 1961 3594 3541 3670">
     <span class='ocr_line' id='line_1_95' title="bbox 1961 3594 3541 3670; baseline 0 -18"><span class='ocrx_word' id='word_1_585' title='bbox 1961 3595 2223 3652; x_wconf 88' lang='lat' dir='ltr'><strong>innutrita</strong></span> <span class='ocrx_word' id='word_1_586' title='bbox 2256 3596 2579 3667; x_wconf 87' lang='lat' dir='ltr'><strong>loquacitas,</strong></span> <span class='ocrx_word' id='word_1_587' title='bbox 2604 3594 2692 3650; x_wconf 89' lang='lat' dir='ltr'><strong>ubi</strong></span> <span class='ocrx_word' id='word_1_588' title='bbox 2720 3596 3330 3668; x_wconf 29' lang='lat' dir='ltr'><strong>constare‘dignoscitur</strong></span> <span class='ocrx_word' id='word_1_589' title='bbox 3359 3598 3541 3670; x_wconf 89' lang='lat' dir='ltr'><strong>parci-</strong></span> 
     </span>
    </p>
   </div>
   <div class='ocr_carea' id='block_1_96' title="bbox 1943 3689 3541 3761">
    <p class='ocr_par' dir='ltr' id='par_1_96' title="bbox 1943 3689 3541 3761">
     <span class='ocr_line' id='line_1_96' title="bbox 1943 3689 3541 3761; baseline 0.001 -17"><span class='ocrx_word' id='word_1_590' title='bbox 1943 3690 2138 3745; x_wconf 48' lang='lat' dir='ltr'><strong>.monia</strong></span> <span class='ocrx_word' id='word_1_591' title='bbox 2163 3699 2341 3755; x_wconf 85' lang='lat' dir='ltr'><strong>actus,</strong></span> <span class='ocrx_word' id='word_1_592' title='bbox 2364 3700 2420 3745; x_wconf 91' lang='lat' dir='ltr'><strong>et</strong></span> <span class='ocrx_word' id='word_1_593' title='bbox 2467 3690 2697 3760; x_wconf 84' lang='lat' dir='ltr'><strong>crepitat</strong></span> <span class='ocrx_word' id='word_1_594' title='bbox 2728 3690 3040 3746; x_wconf 86' lang='lat' dir='ltr'><strong>indesinens</strong></span> <span class='ocrx_word' id='word_1_595' title='bbox 3083 3689 3432 3761; x_wconf 84' lang='lat' dir='ltr'><strong>loquacitatis</strong></span> <span class='ocrx_word' id='word_1_596' title='bbox 3463 3699 3541 3745; x_wconf 91' lang='lat' dir='ltr'><strong>to-</strong></span> 
     </span>
    </p>
   </div>
   <div class='ocr_carea' id='block_1_97' title="bbox 1860 3781 3535 3853">
    <p class='ocr_par' dir='ltr' id='par_1_97' title="bbox 1860 3781 3535 3853">
     <span class='ocr_line' id='line_1_97' title="bbox 1860 3781 3535 3853; baseline -0.002 -13"><span class='ocrx_word' id='word_1_597' title='bbox 1860 3820 1867 3821; x_wconf 46' lang='grc' dir='ltr'><em>κ</em></span> <span class='ocrx_word' id='word_1_598' title='bbox 1944 3784 2172 3840; x_wconf 88' lang='lat' dir='ltr'><strong>-nitrus?</strong></span> <span class='ocrx_word' id='word_1_599' title='bbox 2193 3783 2351 3839; x_wconf 90' lang='lat' dir='ltr'><strong>Solus</strong></span> <span class='ocrx_word' id='word_1_600' title='bbox 2372 3783 2475 3850; x_wconf 85' lang='lat' dir='ltr'><strong>iste</strong></span> <span class='ocrx_word' id='word_1_601' title='bbox 2500 3783 2769 3839; x_wconf 87' lang='lat' dir='ltr'><strong>laboranti</strong></span> <span class='ocrx_word' id='word_1_602' title='bbox 2792 3792 3004 3853; x_wconf 85' lang='lat' dir='ltr'><strong>poterat</strong></span> <span class='ocrx_word' id='word_1_603' title='bbox 3025 3796 3347 3839; x_wconf 83' lang='lat' dir='ltr'><strong>succurrere</strong></span> <span class='ocrx_word' id='word_1_604' title='bbox 3366 3781 3535 3848; x_wconf 83' lang='lat' dir='ltr'><strong>lumc,</strong></span> 
     </span>
    </p>
   </div>
   <div class='ocr_carea' id='block_1_98' title="bbox 1961 3875 3536 3956">
    <p class='ocr_par' dir='ltr' id='par_1_98' title="bbox 1961 3875 3536 3956">
     <span class='ocr_line' id='line_1_98' title="bbox 1961 3875 3536 3956; baseline -0.001 -25"><span class='ocrx_word' id='word_1_605' title='bbox 1961 3877 2104 3949; x_wconf 83' lang='lat' dir='ltr'><strong>(Juv.</strong></span> <span class='ocrx_word' id='word_1_606' title='bbox 2130 3877 2241 3933; x_wconf 76' lang='lat' dir='ltr'><strong>Sat.</strong></span> <span class='ocrx_word' id='word_1_607' title='bbox 2271 3879 2326 3949; x_wconf 84' lang='lat'><strong>6)</strong></span> <span class='ocrx_word' id='word_1_608' title='bbox 2352 3893 2471 3932; x_wconf 92' lang='lat' dir='ltr'><strong>cum</strong></span> <span class='ocrx_word' id='word_1_609' title='bbox 2529 3887 2705 3932; x_wconf 88' lang='lat' dir='ltr'><strong>tamen</strong></span> <span class='ocrx_word' id='word_1_610' title='bbox 2761 3876 2833 3931; x_wconf 90' lang='lat' dir='ltr'><strong>nil</strong></span> <span class='ocrx_word' id='word_1_611' title='bbox 2865 3875 3077 3943; x_wconf 78' lang='lat' dir='ltr'><strong>efﬁcax,</strong></span> <span class='ocrx_word' id='word_1_612' title='bbox 3109 3876 3254 3956; x_wconf 66' lang='grc' dir='ltr'><strong>[φάε</strong></span> <span class='ocrx_word' id='word_1_613' title='bbox 3288 3884 3536 3946; x_wconf 82' lang='lat' dir='ltr'><strong>torpens,</strong></span> 
     </span>
    </p>
   </div>
   <div class='ocr_carea' id='block_1_99' title="bbox 1963 3969 3536 4042">
    <p class='ocr_par' dir='ltr' id='par_1_99' title="bbox 1963 3969 3536 4042">
     <span class='ocr_line' id='line_1_99' title="bbox 1963 3969 3536 4042; baseline -0.001 -16"><span class='ocrx_word' id='word_1_614' title='bbox 1963 3974 2262 4042; x_wconf 84' lang='lat' dir='ltr'><strong>praetendat</strong></span> <span class='ocrx_word' id='word_1_615' title='bbox 2293 3973 2344 4027; x_wconf 93' lang='lat' dir='ltr'><strong>in</strong></span> <span class='ocrx_word' id='word_1_616' title='bbox 2369 3972 2635 4041; x_wconf 89' lang='lat' dir='ltr'><strong>opere.Et</strong></span> <span class='ocrx_word' id='word_1_617' title='bbox 2658 3979 2806 4026; x_wconf 92' lang='lat' dir='ltr'><strong>certe</strong></span> <span class='ocrx_word' id='word_1_618' title='bbox 2833 3971 3170 4041; x_wconf 90' lang='lat' dir='ltr'><strong>eompetebat</strong></span> <span class='ocrx_word' id='word_1_619' title='bbox 3191 3969 3267 4025; x_wconf 92' lang='lat' dir='ltr'><strong>illi</strong></span> <span class='ocrx_word' id='word_1_620' title='bbox 3293 3978 3398 4025; x_wconf 67' lang='lat' dir='ltr'><strong>tua:</strong></span> <span class='ocrx_word' id='word_1_621' title='bbox 3430 3978 3536 4024; x_wconf 87' lang='lat' dir='ltr'><strong>tan-</strong></span> 
     </span>
    </p>
   </div>
   <div class='ocr_carea' id='block_1_100' title="bbox 1961 4061 3538 4134">
    <p class='ocr_par' dir='ltr' id='par_1_100' title="bbox 1961 4061 3538 4134">
     <span class='ocr_line' id='line_1_100' title="bbox 1961 4061 3538 4134; baseline 0 -17"><span class='ocrx_word' id='word_1_622' title='bbox 1961 4071 2028 4117; x_wconf 64' lang='lat' dir='ltr'><strong>ta:</strong></span> <span class='ocrx_word' id='word_1_623' title='bbox 2060 4062 2361 4118; x_wconf 90' lang='lat' dir='ltr'><strong>fortitudini</strong></span> <span class='ocrx_word' id='word_1_624' title='bbox 2389 4065 2564 4134; x_wconf 87' lang='lat' dir='ltr'><strong>utqui</strong></span> <span class='ocrx_word' id='word_1_625' title='bbox 2594 4064 2770 4133; x_wconf 79' lang='lat' dir='ltr'><strong>gentis</strong></span> <span class='ocrx_word' id='word_1_626' title='bbox 2800 4063 3093 4118; x_wconf 83' lang='lat' dir='ltr'><strong>Dominicae</strong></span> <span class='ocrx_word' id='word_1_627' title='bbox 3120 4061 3375 4121; x_wconf 81' lang='lat' dir='ltr'><strong>exstitisti</strong></span> <span class='ocrx_word' id='word_1_628' title='bbox 3410 4075 3538 4131; x_wconf 87' lang='lat' dir='ltr'><strong>pro-</strong></span> 
     </span>
    </p>
   </div>
   <div class='ocr_carea' id='block_1_101' title="bbox 1960 4153 3536 4227">
    <p class='ocr_par' dir='ltr' id='par_1_101' title="bbox 1960 4153 3536 4227">
     <span class='ocr_line' id='line_1_101' title="bbox 1960 4153 3536 4227; baseline -0.004 -16"><span class='ocrx_word' id='word_1_629' title='bbox 1960 4158 2104 4212; x_wconf 90' lang='lat' dir='ltr'><strong>ditor</strong></span> <span class='ocrx_word' id='word_1_630' title='bbox 2142 4158 2194 4211; x_wconf 93' lang='lat' dir='ltr'><strong>in</strong></span> <span class='ocrx_word' id='word_1_631' title='bbox 2231 4157 2517 4227; x_wconf 84' lang='lat' dir='ltr'><strong>Hispania,</strong></span> <span class='ocrx_word' id='word_1_632' title='bbox 2552 4157 2694 4212; x_wconf 89' lang='lat' dir='ltr'><strong>idem</strong></span> <span class='ocrx_word' id='word_1_633' title='bbox 2739 4158 2902 4226; x_wconf 70' lang='lat' dir='ltr'><strong>empti</strong></span> <span class='ocrx_word' id='word_1_634' title='bbox 2953 4155 3174 4209; x_wconf 87' lang='lat' dir='ltr'><strong>honoris</strong></span> <span class='ocrx_word' id='word_1_635' title='bbox 3206 4155 3293 4209; x_wconf 92' lang='lat' dir='ltr'><strong>hic</strong></span> <span class='ocrx_word' id='word_1_636' title='bbox 3322 4153 3536 4208; x_wconf 89' lang='lat' dir='ltr'><strong>habitu-</strong></span> 
     </span>
    </p>
   </div>
   <div class='ocr_carea' id='block_1_102' title="bbox 1961 4244 3535 4319">
    <p class='ocr_par' dir='ltr' id='par_1_102' title="bbox 1961 4244 3535 4319">
     <span class='ocr_line' id='line_1_102' title="bbox 1961 4244 3535 4319; baseline -0.004 -17"><span class='ocrx_word' id='word_1_637' title='bbox 1961 4265 2054 4302; x_wconf 87' lang='lat' dir='ltr'><strong>rus</strong></span> <span class='ocrx_word' id='word_1_638' title='bbox 2092 4249 2396 4313; x_wconf 89' lang='lat' dir='ltr'><strong>cumulum,</strong></span> <span class='ocrx_word' id='word_1_639' title='bbox 2432 4248 2699 4303; x_wconf 90' lang='lat' dir='ltr'><strong>molireris</strong></span> <span class='ocrx_word' id='word_1_640' title='bbox 2753 4249 2804 4301; x_wconf 89' lang='lat' dir='ltr'><strong>in</strong></span> <span class='ocrx_word' id='word_1_641' title='bbox 2836 4248 3009 4319; x_wconf 87' lang='lat' dir='ltr'><strong>Syria.</strong></span> <span class='ocrx_word' id='word_1_642' title='bbox 3046 4248 3193 4300; x_wconf 88' lang='lat' dir='ltr'><strong>Esto.</strong></span> <span class='ocrx_word' id='word_1_643' title='bbox 3230 4245 3397 4299; x_wconf 80' lang='lat' dir='ltr'><strong>Plane</strong></span> <span class='ocrx_word' id='word_1_644' title='bbox 3444 4244 3535 4297; x_wconf 89' lang='lat' dir='ltr'><strong>tibi</strong></span> 
     </span>
    </p>
   </div>
   <div class='ocr_carea' id='block_1_103' title="bbox 1959 4338 3534 4408">
    <p class='ocr_par' dir='ltr' id='par_1_103' title="bbox 1959 4338 3534 4408">
     <span class='ocr_line' id='line_1_103' title="bbox 1959 4338 3534 4408; baseline -0.003 -12"><span class='ocrx_word' id='word_1_645' title='bbox 1959 4343 2315 4397; x_wconf 84' lang='lat' dir='ltr'><strong>conveniebat</strong></span> <span class='ocrx_word' id='word_1_646' title='bbox 2335 4344 2407 4395; x_wconf 90' lang='lat' dir='ltr'><strong>nil</strong></span> <span class='ocrx_word' id='word_1_647' title='bbox 2430 4341 2572 4396; x_wconf 90' lang='lat' dir='ltr'><strong>aliud</strong></span> <span class='ocrx_word' id='word_1_648' title='bbox 2589 4355 2770 4408; x_wconf 77' lang='lat' dir='ltr'><strong>agere,</strong></span> <span class='ocrx_word' id='word_1_649' title='bbox 2800 4349 2855 4395; x_wconf 90' lang='lat' dir='ltr'><strong>et</strong></span> <span class='ocrx_word' id='word_1_650' title='bbox 2881 4340 3003 4393; x_wconf 91' lang='lat' dir='ltr'><strong>ideo</strong></span> <span class='ocrx_word' id='word_1_651' title='bbox 3030 4353 3192 4407; x_wconf 85' lang='lat' dir='ltr'><strong>super</strong></span> <span class='ocrx_word' id='word_1_652' title='bbox 3230 4347 3378 4391; x_wconf 89' lang='lat' dir='ltr'><strong>reatu</strong></span> <span class='ocrx_word' id='word_1_653' title='bbox 3404 4338 3534 4391; x_wconf 82' lang='lat' dir='ltr'><strong>adeo</strong></span> 
     </span>
    </p>
   </div>
   <div class='ocr_carea' id='block_1_104' title="bbox 1962 4430 3032 4504">
    <p class='ocr_par' dir='ltr' id='par_1_104' title="bbox 1962 4430 3032 4504">
     <span class='ocr_line' id='line_1_104' title="bbox 1962 4430 3032 4504; baseline -0.005 -18"><span class='ocrx_word' id='word_1_654' title='bbox 1962 4435 2132 4502; x_wconf 89' lang='lat' dir='ltr'><strong>turpi,</strong></span> <span class='ocrx_word' id='word_1_655' title='bbox 2174 4433 2477 4504; x_wconf 78' lang='lat' dir='ltr'><strong>largissima</strong></span> <span class='ocrx_word' id='word_1_656' title='bbox 2506 4433 2660 4485; x_wconf 87' lang='lat' dir='ltr'><strong>venia</strong></span> <span class='ocrx_word' id='word_1_657' title='bbox 2688 4430 2978 4485; x_wconf 86' lang='lat' dir='ltr'><strong>donabere.</strong></span> <span class='ocrx_word' id='word_1_658' title='bbox 3012 4447 3032 4481; x_wconf 75' lang='grc' dir='ltr'><strong><em>ι</em></strong></span> 
     </span>
    </p>
   </div>
   <div class='ocr_carea' id='block_1_105' title="bbox 1866 4520 3534 4601">
    <p class='ocr_par' dir='ltr' id='par_1_105' title="bbox 1866 4520 3534 4601">
     <span class='ocr_line' id='line_1_105' title="bbox 1866 4520 3534 4601; baseline -0.002 -21"><span class='ocrx_word' id='word_1_659' title='bbox 1866 4541 1932 4601; x_wconf 56' lang='grc' dir='ltr'><strong>λι)</strong></span> <span class='ocrx_word' id='word_1_660' title='bbox 2027 4525 2145 4579; x_wconf 86' lang='lat' dir='ltr'><strong>.lam</strong></span> <span class='ocrx_word' id='word_1_661' title='bbox 2178 4525 2334 4592; x_wconf 86' lang='lat' dir='ltr'><strong>hujus</strong></span> <span class='ocrx_word' id='word_1_662' title='bbox 2388 4535 2496 4578; x_wconf 89' lang='lat' dir='ltr'><strong>tam</strong></span> <span class='ocrx_word' id='word_1_663' title='bbox 2540 4524 2797 4577; x_wconf 68' lang='lat' dir='ltr'><strong>irrisorie:</strong></span> <span class='ocrx_word' id='word_1_664' title='bbox 2839 4521 3249 4576; x_wconf 82' lang='lat' dir='ltr'><strong>declamationis</strong></span> <span class='ocrx_word' id='word_1_665' title='bbox 3293 4520 3534 4576; x_wconf 84' lang='lat' dir='ltr'><strong>Francos</strong></span> 
     </span>
    </p>
   </div>
   <div class='ocr_carea' id='block_1_106' title="bbox 1944 4615 3532 4687">
    <p class='ocr_par' dir='ltr' id='par_1_106' title="bbox 1944 4615 3532 4687">
     <span class='ocr_line' id='line_1_106' title="bbox 1944 4615 3532 4687; baseline -0.004 -12"><span class='ocrx_word' id='word_1_666' title='bbox 1944 4620 2368 4675; x_wconf 79' lang='lat' dir='ltr'><strong>circumstantes</strong></span> <span class='ocrx_word' id='word_1_667' title='bbox 2415 4617 2617 4687; x_wconf 90' lang='lat' dir='ltr'><strong>pudere</strong></span> <span class='ocrx_word' id='word_1_668' title='bbox 2649 4622 2912 4685; x_wconf 74' lang='lat' dir='ltr'><strong>cmperat,</strong></span> <span class='ocrx_word' id='word_1_669' title='bbox 2962 4615 3158 4684; x_wconf 83' lang='lat' dir='ltr'><strong>vixque</strong></span> <span class='ocrx_word' id='word_1_670' title='bbox 3184 4631 3213 4669; x_wconf 87' lang='lat' dir='ltr'><strong>a</strong></span> <span class='ocrx_word' id='word_1_671' title='bbox 3239 4615 3359 4671; x_wconf 86' lang='lat' dir='ltr'><strong>viro</strong></span> <span class='ocrx_word' id='word_1_672' title='bbox 3400 4615 3532 4670; x_wconf 85' lang='lat' dir='ltr'><strong>sub-</strong></span> 
     </span>
    </p>
   </div>
   <div class='ocr_carea' id='block_1_107' title="bbox 1951 4705 3534 4778">
    <p class='ocr_par' dir='ltr' id='par_1_107' title="bbox 1951 4705 3534 4778">
     <span class='ocr_line' id='line_1_107' title="bbox 1951 4705 3534 4778; baseline -0.006 -11"><span class='ocrx_word' id='word_1_673' title='bbox 1951 4712 2327 4767; x_wconf 87' lang='lat' dir='ltr'><strong>stomachante</strong></span> <span class='ocrx_word' id='word_1_674' title='bbox 2370 4710 2661 4778; x_wconf 88' lang='lat' dir='ltr'><strong>impetrant</strong></span> <span class='ocrx_word' id='word_1_675' title='bbox 2691 4716 2752 4762; x_wconf 93' lang='lat' dir='ltr'><strong>ut</strong></span> <span class='ocrx_word' id='word_1_676' title='bbox 2788 4707 2964 4762; x_wconf 87' lang='lat' dir='ltr'><strong>sileat.</strong></span> <span class='ocrx_word' id='word_1_677' title='bbox 3012 4705 3259 4777; x_wconf 84' lang='lat' dir='ltr'><strong>Pepercit</strong></span> <span class='ocrx_word' id='word_1_678' title='bbox 3288 4707 3534 4778; x_wconf 90' lang='lat' dir='ltr'><strong>improbo</strong></span> 
     </span>
    </p>
   </div>
   <div class='ocr_carea' id='block_1_108' title="bbox 1954 4799 3534 4870">
    <p class='ocr_par' dir='ltr' id='par_1_108' title="bbox 1954 4799 3534 4870">
     <span class='ocr_line' id='line_1_108' title="bbox 1954 4799 3534 4870; baseline -0.004 -11"><span class='ocrx_word' id='word_1_679' title='bbox 1954 4805 2178 4859; x_wconf 85' lang='lat' dir='ltr'><strong>illustris</strong></span> <span class='ocrx_word' id='word_1_680' title='bbox 2203 4804 2303 4857; x_wconf 88' lang='lat' dir='ltr'><strong>viri</strong></span> <span class='ocrx_word' id='word_1_681' title='bbox 2332 4802 2750 4863; x_wconf 89' lang='lat' dir='ltr'><strong>scveritas,-non</strong></span> <span class='ocrx_word' id='word_1_682' title='bbox 2776 4800 2962 4870; x_wconf 78' lang='lat' dir='ltr'><strong>ignara</strong></span> <span class='ocrx_word' id='word_1_683' title='bbox 2993 4799 3290 4862; x_wconf 66' lang='lat' dir='ltr'><strong>modestiae,</strong></span> <span class='ocrx_word' id='word_1_684' title='bbox 3320 4814 3386 4853; x_wconf 89' lang='lat' dir='ltr'><strong>eo</strong></span> <span class='ocrx_word' id='word_1_685' title='bbox 3415 4800 3534 4868; x_wconf 85' lang='lat' dir='ltr'><strong>qui-</strong></span> 
     </span>
    </p>
   </div>
   <div class='ocr_carea' id='block_1_109' title="bbox 1942 4892 3528 4962">
    <p class='ocr_par' dir='ltr' id='par_1_109' title="bbox 1942 4892 3528 4962">
     <span class='ocr_line' id='line_1_109' title="bbox 1942 4892 3528 4962; baseline -0.004 -10"><span class='ocrx_word' id='word_1_686' title='bbox 1942 4899 2071 4952; x_wconf 12' lang='lat' dir='ltr'><strong>idem</strong></span> <span class='ocrx_word' id='word_1_687' title='bbox 2094 4904 2347 4951; x_wconf 89' lang='lat' dir='ltr'><strong>contenta</strong></span> <span class='ocrx_word' id='word_1_688' title='bbox 2368 4905 2555 4949; x_wconf 92' lang='lat' dir='ltr'><strong>tenore</strong></span> <span class='ocrx_word' id='word_1_689' title='bbox 2578 4900 2636 4947; x_wconf 87' lang='lat' dir='ltr'><strong>ut</strong></span> <span class='ocrx_word' id='word_1_690' title='bbox 2660 4892 2784 4947; x_wconf 89' lang='lat' dir='ltr'><strong>dato</strong></span> <span class='ocrx_word' id='word_1_691' title='bbox 2798 4892 3144 4962; x_wconf 89' lang='lat' dir='ltr'><strong>polliceretur</strong></span> <span class='ocrx_word' id='word_1_692' title='bbox 3166 4900 3528 4955; x_wconf 87' lang='lat' dir='ltr'><strong>sacramento,</strong></span> 
     </span>
    </p>
   </div>
   <div class='ocr_carea' id='block_1_110' title="bbox 1951 4984 3530 5059">
    <p class='ocr_par' dir='ltr' id='par_1_110' title="bbox 1951 4984 3530 5059">
     <span class='ocr_line' id='line_1_110' title="bbox 1951 4984 3530 5059; baseline -0.004 -15"><span class='ocrx_word' id='word_1_693' title='bbox 1951 5004 2226 5059; x_wconf 89' lang='lat' dir='ltr'><strong>nunquam</strong></span> <span class='ocrx_word' id='word_1_694' title='bbox 2285 5003 2344 5043; x_wconf 92' lang='lat' dir='ltr'><strong>se</strong></span> <span class='ocrx_word' id='word_1_695' title='bbox 2398 4986 2467 5040; x_wconf 91' lang='lat' dir='ltr'><strong>ab</strong></span> <span class='ocrx_word' id='word_1_696' title='bbox 2513 4985 3003 5056; x_wconf 82' lang='lat' dir='ltr'><strong>Hierosolymitano</strong></span> <span class='ocrx_word' id='word_1_697' title='bbox 3054 4985 3263 5039; x_wconf 85' lang='lat' dir='ltr'><strong>resilire</strong></span> <span class='ocrx_word' id='word_1_698' title='bbox 3317 4984 3530 5048; x_wconf 87' lang='lat' dir='ltr'><strong>itinere,</strong></span> 
     </span>
    </p>
   </div>
   <div class='ocr_carea' id='block_1_111' title="bbox 1951 5066 3534 5152">
    <p class='ocr_par' dir='ltr' id='par_1_111' title="bbox 1951 5066 3534 5152">
     <span class='ocr_line' id='line_1_111' title="bbox 1951 5066 3534 5152; baseline -0.003 -16"><span class='ocrx_word' id='word_1_699' title='bbox 1951 5066 2064 5136; x_wconf 71' lang='lat' dir='ltr'><strong>sive</strong></span> <span class='ocrx_word' id='word_1_700' title='bbox 2088 5096 2343 5152; x_wconf 83' lang='lat' dir='ltr'><strong>prospera</strong></span> <span class='ocrx_word' id='word_1_701' title='bbox 2380 5088 2754 5144; x_wconf 86' lang='lat' dir='ltr'><strong>occurrerent,</strong></span> <span class='ocrx_word' id='word_1_702' title='bbox 2797 5078 2883 5133; x_wconf 89' lang='lat' dir='ltr'><strong>vel</strong></span> <span class='ocrx_word' id='word_1_703' title='bbox 2908 5077 3387 5148; x_wconf 83' lang='lat' dir='ltr'><strong>tempusobviaret</strong></span> <span class='ocrx_word' id='word_1_704' title='bbox 3416 5076 3534 5131; x_wconf 93' lang='lat' dir='ltr'><strong>ino-</strong></span> 
     </span>
    </p>
   </div>
   <div class='ocr_carea' id='block_1_112' title="bbox 1950 5168 3534 5242">
    <p class='ocr_par' dir='ltr' id='par_1_112' title="bbox 1950 5168 3534 5242">
     <span class='ocr_line' id='line_1_112' title="bbox 1950 5168 3534 5242; baseline -0.003 -17"><span class='ocrx_word' id='word_1_705' title='bbox 1950 5174 2072 5242; x_wconf 65' lang='lat' dir='ltr'><strong>piae.</strong></span> <span class='ocrx_word' id='word_1_706' title='bbox 2097 5175 2328 5242; x_wconf 88' lang='lat' dir='ltr'><strong>spondet</strong></span> <span class='ocrx_word' id='word_1_707' title='bbox 2356 5182 2406 5225; x_wconf 91' lang='lat' dir='ltr'><strong>et</strong></span> <span class='ocrx_word' id='word_1_708' title='bbox 2438 5173 2551 5241; x_wconf 90' lang='lat' dir='ltr'><strong>ipse</strong></span> <span class='ocrx_word' id='word_1_709' title='bbox 2580 5170 2621 5224; x_wconf 83' lang='grc' dir='ltr'>Τ</span> <span class='ocrx_word' id='word_1_710' title='bbox 2624 5169 2942 5233; x_wconf 86' lang='lat' dir='ltr'><strong>ancredum,</strong></span> <span class='ocrx_word' id='word_1_711' title='bbox 2970 5168 3062 5238; x_wconf 92' lang='lat' dir='ltr'><strong>qui</strong></span> <span class='ocrx_word' id='word_1_712' title='bbox 3102 5183 3223 5221; x_wconf 89' lang='lat' dir='ltr'><strong>eum</strong></span> <span class='ocrx_word' id='word_1_713' title='bbox 3256 5184 3285 5221; x_wconf 92' lang='lat' dir='ltr'><strong>a</strong></span> <span class='ocrx_word' id='word_1_714' title='bbox 3318 5168 3534 5221; x_wconf 88' lang='lat' dir='ltr'><strong>subter-</strong></span> 
     </span>
    </p>
   </div>
   <div class='ocr_carea' id='block_1_113' title="bbox 1954 5258 3529 5331">
    <p class='ocr_par' dir='ltr' id='par_1_113' title="bbox 1954 5258 3529 5331">
     <span class='ocr_line' id='line_1_113' title="bbox 1954 5258 3529 5331; baseline -0.002 -16"><span class='ocrx_word' id='word_1_715' title='bbox 1954 5262 2098 5331; x_wconf 71' lang='lat' dir='ltr'><strong>fngio</strong></span> <span class='ocrx_word' id='word_1_716' title='bbox 2123 5263 2458 5326; x_wconf 86' lang='lat' dir='ltr'><strong>cohibuerat,</strong></span> <span class='ocrx_word' id='word_1_717' title='bbox 2501 5262 2733 5317; x_wconf 91' lang='lat' dir='ltr'><strong>amicum</strong></span> <span class='ocrx_word' id='word_1_718' title='bbox 2763 5261 3017 5329; x_wconf 90' lang='lat' dir='ltr'><strong>deinceps</strong></span> <span class='ocrx_word' id='word_1_719' title='bbox 3058 5258 3193 5324; x_wconf 91' lang='lat' dir='ltr'><strong>fore,</strong></span> <span class='ocrx_word' id='word_1_720' title='bbox 3224 5259 3267 5314; x_wconf 90' lang='lat' dir='ltr'><strong>si</strong></span> <span class='ocrx_word' id='word_1_721' title='bbox 3298 5274 3419 5314; x_wconf 89' lang='lat' dir='ltr'><strong>eum</strong></span> <span class='ocrx_word' id='word_1_722' title='bbox 3450 5259 3529 5312; x_wconf 84' lang='lat' dir='ltr'><strong>vi-</strong></span> 
     </span>
    </p>
   </div>
   <div class='ocr_carea' id='block_1_114' title="bbox 1952 5350 3526 5425">
    <p class='ocr_par' dir='ltr' id='par_1_114' title="bbox 1952 5350 3526 5425">
     <span class='ocr_line' id='line_1_114' title="bbox 1952 5350 3526 5425; baseline -0.005 -16"><span class='ocrx_word' id='word_1_723' title='bbox 1952 5356 2128 5410; x_wconf 89' lang='lat' dir='ltr'><strong>riliter</strong></span> <span class='ocrx_word' id='word_1_724' title='bbox 2178 5354 2486 5410; x_wconf 89' lang='lat' dir='ltr'><strong>constiterit</strong></span> <span class='ocrx_word' id='word_1_725' title='bbox 2529 5368 2871 5422; x_wconf 87' lang='lat' dir='ltr'><strong>permanere.</strong></span> <span class='ocrx_word' id='word_1_726' title='bbox 2926 5350 3022 5405; x_wconf 84' lang='lat' dir='ltr'><strong>His</strong></span> <span class='ocrx_word' id='word_1_727' title='bbox 3045 5350 3204 5405; x_wconf 89' lang='lat' dir='ltr'><strong>dictis</strong></span> <span class='ocrx_word' id='word_1_728' title='bbox 3242 5350 3526 5425; x_wconf 66' lang='lat' dir='ltr'><strong>utrobique</strong></span> 
     </span>
    </p>
   </div>
   <div class='ocr_carea' id='block_1_115' title="bbox 1951 5444 3529 5523">
    <p class='ocr_par' dir='ltr' id='par_1_115' title="bbox 1951 5444 3529 5523">
     <span class='ocr_line' id='line_1_115' title="bbox 1951 5444 3529 5523; baseline -0.004 -19"><span class='ocrx_word' id='word_1_729' title='bbox 1951 5463 2230 5504; x_wconf 88' lang='lat' dir='ltr'><strong>assensum</strong></span> <span class='ocrx_word' id='word_1_730' title='bbox 2265 5457 2368 5503; x_wconf 92' lang='lat' dir='ltr'><strong>est.</strong></span> <span class='ocrx_word' id='word_1_731' title='bbox 2401 5448 2474 5500; x_wconf 87' lang='lat' dir='ltr'><strong>At</strong></span> <span class='ocrx_word' id='word_1_732' title='bbox 2506 5462 2612 5500; x_wconf 88' lang='lat' dir='ltr'><strong>non</strong></span> <span class='ocrx_word' id='word_1_733' title='bbox 2658 5446 2824 5501; x_wconf 92' lang='lat' dir='ltr'><strong>multo</strong></span> <span class='ocrx_word' id='word_1_734' title='bbox 2849 5454 2969 5514; x_wconf 90' lang='lat' dir='ltr'><strong>post</strong></span> <span class='ocrx_word' id='word_1_735' title='bbox 3014 5453 3254 5515; x_wconf 84' lang='lat' dir='ltr'><strong>tempore</strong></span> <span class='ocrx_word' id='word_1_736' title='bbox 3290 5444 3529 5523; x_wconf 45' lang='lat' dir='ltr'><strong>Carpon,</strong></span> 
     </span>
    </p>
   </div>
   <div class='ocr_carea' id='block_1_116' title="bbox 1952 5522 3522 5609">
    <p class='ocr_par' dir='ltr' id='par_1_116' title="bbox 1952 5522 3522 5609">
     <span class='ocr_line' id='line_1_116' title="bbox 1952 5522 3522 5609; baseline -0.002 -15"><span class='ocrx_word' id='word_1_737' title='bbox 1952 5543 2122 5597; x_wconf 83' lang='lat' dir='ltr'><strong>larius</strong></span> <span class='ocrx_word' id='word_1_738' title='bbox 2152 5541 2239 5595; x_wconf 91' lang='lat' dir='ltr'><strong>ille</strong></span> <span class='ocrx_word' id='word_1_739' title='bbox 2270 5540 2553 5603; x_wconf 86' lang='lat' dir='ltr'><strong>mirabilis,</strong></span> <span class='ocrx_word' id='word_1_740' title='bbox 2582 5540 2672 5609; x_wconf 85' lang='lat' dir='ltr'><strong>qui</strong></span> <span class='ocrx_word' id='word_1_741' title='bbox 2721 5539 3011 5608; x_wconf 89' lang='lat' dir='ltr'><strong>quondam,</strong></span> <span class='ocrx_word' id='word_1_742' title='bbox 3064 5538 3116 5592; x_wconf 93' lang='lat' dir='ltr'><strong>in</strong></span> <span class='ocrx_word' id='word_1_743' title='bbox 3149 5547 3264 5592; x_wconf 88' lang='lat' dir='ltr'><strong>tuto</strong></span> <span class='ocrx_word' id='word_1_744' title='bbox 3293 5522 3522 5603; x_wconf 86' lang='lat' dir='ltr'><strong>positus,</strong></span> 
     </span>
    </p>
   </div>
   <div class='ocr_carea' id='block_1_117' title="bbox 1949 5618 3523 5698">
    <p class='ocr_par' dir='ltr' id='par_1_117' title="bbox 1949 5618 3523 5698">
     <span class='ocr_line' id='line_1_117' title="bbox 1949 5618 3523 5698; baseline -0.003 -7"><span class='ocrx_word' id='word_1_745' title='bbox 1949 5636 2287 5691; x_wconf 86' lang='lat' dir='ltr'><strong>carnificium</strong></span> <span class='ocrx_word' id='word_1_746' title='bbox 2318 5650 2376 5688; x_wconf 89' lang='lat' dir='ltr'><strong>se</strong></span> <span class='ocrx_word' id='word_1_747' title='bbox 2414 5649 2672 5689; x_wconf 78' lang='lat' dir='ltr'><strong>exercere</strong></span> <span class='ocrx_word' id='word_1_748' title='bbox 2719 5633 3029 5689; x_wconf 89' lang='lat' dir='ltr'><strong>minabatur</strong></span> <span class='ocrx_word' id='word_1_749' title='bbox 3076 5634 3131 5688; x_wconf 92' lang='lat' dir='ltr'><strong>in</strong></span> <span class='ocrx_word' id='word_1_750' title='bbox 3163 5631 3389 5698; x_wconf 10' lang='lat' dir='ltr'><strong>Taureos,</strong></span> <span class='ocrx_word' id='word_1_751' title='bbox 3439 5618 3523 5687; x_wconf 45' lang='lat' dir='ltr'><strong>sai</strong></span> 
     </span>
    </p>
   </div>
   <div class='ocr_carea' id='block_1_118' title="bbox 1947 5723 3521 5799">
    <p class='ocr_par' dir='ltr' id='par_1_118' title="bbox 1947 5723 3521 5799">
     <span class='ocr_line' id='line_1_118' title="bbox 1947 5723 3521 5799; baseline -0.001 -16"><span class='ocrx_word' id='word_1_752' title='bbox 1947 5730 2212 5783; x_wconf 87' lang='lat' dir='ltr'><strong>eramenti</strong></span> <span class='ocrx_word' id='word_1_753' title='bbox 2276 5730 2635 5793; x_wconf 90' lang='lat' dir='ltr'><strong>incontinens,</strong></span> <span class='ocrx_word' id='word_1_754' title='bbox 2690 5728 3246 5799; x_wconf 77' lang='lat' dir='ltr'><strong>ﬁdeique&#39;prodigus.</strong></span> <span class='ocrx_word' id='word_1_755' title='bbox 3292 5723 3521 5781; x_wconf 85' lang='lat' dir='ltr'><strong>furtivus</strong></span> 
     </span>
    </p>
   </div>
   <div class='ocr_carea' id='block_1_119' title="bbox 1947 5821 2746 5895">
    <p class='ocr_par' dir='ltr' id='par_1_119' title="bbox 1947 5821 2746 5895">
     <span class='ocr_line' id='line_1_119' title="bbox 1947 5821 2746 5895; baseline 0.003 -18"><span class='ocrx_word' id='word_1_756' title='bbox 1947 5822 2123 5895; x_wconf 71' lang='lat' dir='ltr'><strong>fugam</strong></span> <span class='ocrx_word' id='word_1_757' title='bbox 2148 5822 2346 5881; x_wconf 87' lang='lat' dir='ltr'><strong>iterare</strong></span> <span class='ocrx_word' id='word_1_758' title='bbox 2383 5837 2487 5875; x_wconf 91' lang='lat' dir='ltr'><strong>non</strong></span> <span class='ocrx_word' id='word_1_759' title='bbox 2519 5821 2746 5879; x_wconf 85' lang='lat' dir='ltr'><strong>distulit.</strong></span> 
     </span>
    </p>
   </div>
  </div>
