4012 6346
564 289 674 349 739

1304 291 1366 349 Ὗ.
1397 285 1720 350 GUIBERTI
1750 283 2045 344 ABBATIS
2084 283 2142 340 S.
2181 279 2424 339 MARIIE
2452 276 2543 334 DE
2582 269 2983 330 NOVIGENTO

2368 217 2414 242 ι,
2810 228 2831 235 ,ε

3736 282 3807 341 740

639 403 751 461 Has
766 410 942 461 autem
962 396 1221 464 exercitui
1245 408 1373 480 ipsi,
1403 409 1531 464 licet
1568 408 1679 479 pio,
1715 404 1972 475 penurias
2008 398 2222 458 obii-.A
2254 397 2484 467 turpiter
2513 396 2640 453 dum
2683 397 2975 468 pejeraret,
3015 394 3292 462 incessit,
3325 408 3431 453 nec
3458 409 3679 468 unquam
3706 402 3809 459 dein-

573 497 720 572 gisse
751 498 879 553 nulli
912 498 1105 551 mirum
1135 501 1419 567 habeatur,
1461 518 1583 555 cum
1610 499 1828 554 indubic
1856 497 1998 551 credi
2023 511 2145 566 pos-

572 591 645 647 sit
671 592 795 661 quia
812 591 1006 645 divinae
1052 606 1170 661 qua:
1188 594 1271 648 eis
1296 594 1342 649 si
1366 595 1506 651 bene
1538 601 1760 664 agerent
1787 606 1894 645 non
1909 590 2144 667 deesset,

518 704 531 719 κ
570 682 912 753 prosperitati
990 682 1247 740 maximis
1322 684 1641 741 criminibus
1710 683 2142 739 obluctabantur.

570 774 703 831 Cum
729 775 875 830 enim
909 784 1062 837 tanta
1083 791 1182 832 eos
1212 791 1429 849 urgeret
1457 785 1694 847 egestas,
1732 785 1786 832 et
1810 777 2009 846 quique
2047 789 2181 857 ne-_

569 865 708 937 gatis
736 866 995 921 atrociter
1033 866 1451 938 proﬂigarentur
1484 867 1699 929 eduliis,
1745 868 1788 921 si
1836 866 2149 936 quempiam

571 956 639 1011 ab
663 956 905 1011 exercitu
936 969 1199 1012 remotius
1228 957 1307 1011 ire
1328 957 1684 1027 contingeret,
1709 973 1805 1025 pro
1835 955 2010 1026 pretio
2037 956 2151 1010 exi-

568 1061 675 1119 guo
700 1048 917 1118 aliquis,
959 1064 1070 1103 non
1106 1049 1248 1103 alius
1281 1059 1455 1102 tamen
1483 1066 1642 1119 quam
1669 1058 2001 1118 nostrorum,
2026 1065 2149 1104 cum

566 1141 613 1195 si
650 1141 824 1196 solum
886 1141 1172 1210 reperiret,
1222 1142 1514 1195 occideret.
1562 1142 1692 1196 inde
1744 1142 1910 1208 igitur
1944 1157 2007 1197 ea
2058 1157 2153 1212 per

567 1249 759 1288 omnes
784 1232 1075 1289 infelicitas
1113 1235 1498 1300 bacchabatur,
1522 1245 1583 1289 ut
1615 1236 1700 1289 vix
1740 1234 1794 1290 in
1827 1243 1977 1291 tanto
1999 1236 2153 1292 hoste

569 1324 717 1378 mille
742 1324 867 1393 equi
894 1326 1282 1396 reperirentur.
1312 1326 1450 1382 Hinc
1472 1328 1624 1397 panis
1658 1328 1940 1384 universos
1976 1329 2155 1385 ferali-

570 1424 656 1471 ter
676 1417 1026 1472 excruciabat
1075 1419 1353 1489 angustia;
1384 1436 1505 1489 quae
1552 1429 1732 1476 tamen
1764 1438 1869 1477 non
1912 1424 2151 1491 arcebat,

573 1509 669 1564 sed
701 1509 914 1580 aliquos
946 1511 1128 1566 acrius
1149 1512 1441 1583 instigabat
1472 1513 1540 1568 ad
1564 1515 1809 1570 crimina.
1845 1516 1937 1570 His
1966 1532 2153 1571 verum

568 1603 669 1658 sibi
691 1603 950 1660 divinitus
978 1607 1360 1663 accedentibus
1402 1606 1651 1679 ﬂagellis,
1684 1624 1790 1663 non
1820 1610 2042 1664 dubium
2074 1619 2157 1667 est

567 1696 769 1753 multos
795 1699 1116 1754 eorumdem
1148 1700 1212 1755 ad
1256 1701 1339 1755 sui
1382 1702 1815 1757 recordationem
1842 1704 2155 1773 paenitendo

566 1790 839 1853 reductos,
873 1798 929 1846 et
957 1792 1023 1846 de
1046 1792 1159 1847 suis
1202 1793 1554 1863 desperantes
1579 1795 1806 1861 viribus,
1841 1796 1908 1850 ad
1932 1796 2025 1851 Dei
2072 1811 2161 1852 so-

566 1882 673 1937 lius
703 1883 1028 1951 subsidium,
1052 1886 1152 1941 sub
1179 1894 1326 1940 tanta
1370 1888 1609 1953 miseria,
1636 1890 1797 1944 unice
1839 1891 2156 1959 praestolan-

569 1977 729 2041 dum,
776 1977 895 2046 spei
955 1978 1217 2034 instinctu
1279 1980 1546 2047 melioris,
1602 1983 1874 2054 appulsos.
1931 1984 2159 2041 Fiebant

567 2062 843 2138 plane'his
865 2069 977 2139 jam
1008 2072 1333 2128 eruditiores
1381 2077 1688 2144 eventibus,
1729 2087 1788 2132 ut
1834 2094 1939 2149 quo
1987 2082 2159 2149 magis

568 2176 701 2217 suas
723 2164 1070 2220 attenderent
1094 2175 1184 2221 aut
1206 2168 1393 2237 copias
1431 2171 1737 2235 extenuari,
1768 2182 1860 2226 aut
1886 2170 2161 2229 fortitudi-

566 2269 664 2310 nes
685 2254 961 2322 enervari,
992 2273 1058 2313 eo
1089 2260 1324 2329 amplius
1356 2262 1424 2317 ad
1465 2263 1656 2326 Deum,
1693 2265 1780 2319 cui
1828 2267 2006 2320 omnia
2036 2282 2161 2337 pos-

567 2343 745 2399 sibilia
777 2346 1085 2414 crederent,
1114 2350 1438 2406 docerentur
1469 2353 1649 2409 debita
1682 2355 1986 2413 humilitate
2026 2358 2157 2413 sub-

561 2433 678 2502 jici.

558 2574 561 2579 ,
641 2527 759 2601 [X.]
796 2531 1090 2598 Prmtcrea,
1140 2534 1361 2603 quidam
1404 2552 1621 2607 quoque
1671 2554 1738 2594 ex
1789 2539 1999 2611 legatis,
2053 2541 2160 2598 nisi

570 2621 752 2689 fallor,
783 2626 1057 2695 tyrannici
1085 2626 1454 2695 imperatoris,
1483 2631 1574 2700 qui
1596 2631 1819 2702 Tetigus
1845 2634 2158 2701 vocabatur,

570 2721 626 2766 ct
652 2711 723 2766 illi
754 2714 1020 2770 obsidioni
1060 2716 1344 2783 intererat,
1386 2719 1470 2773 vir
1511 2721 1779 2791 siquidem
1808 2724 1985 2791 gravis
2023 2740 2159 2793 aevo,

571 2803 667 2858 sed
716 2820 867 2872 naso,
908 2818 1024 2877 qua
1077 2809 1262 2863 nescio
1298 2812 1605 2878 occasione,
1660 2813 1864 2881 deciso,
1916 2826 1970 2871 et
2020 2815 2089 2871 ob
2109 2817 2162 2872 id

572 2904 731 2953 utens
755 2913 943 2955 aureo.
986 2899 1124 2956 Hinc
1172 2902 1366 2958 timore
1408 2903 1711 2961 Turcorum
1737 2917 1980 2973 coactus,
2016 2908 2164 2964 illinc

570 2993 732 3050 famis
755 2996 997 3066 periculo
1028 3006 1356 3065 coarctatus,
1384 3001 1554 3056 multa
1578 3003 1983 3059 mendaciorum
2009 3019 2163 3059 coor-

570 3088 790 3144 natione
830 3090 1053 3160 politus,
1105 3092 1348 3149 seniores
1406 3094 1698 3149 adoritur:
1733 3113 1753 3147 ι
1809 3096 2081 3162 Vestram,
2129 3112 2163 3152 ο

568 3180 758 3251 optimi
790 3181 977 3249 duces,
1012 3167 1393 3240 excellentiam
1428 3188 1649 3258 grandis
1694 3189 1840 3260 cogit
1888 3191 2028 3245 scire
2067 3205 2165 3247 ne-

569 3272 797 3328 cessitas
820 3275 1042 3344 quantis
1070 3277 1214 3332 intra
1244 3292 1343 3334 nos
1374 3281 1741 3337 anxietatibus
1765 3283 2162 3353 depritnamur,

567 3364 788 3434 quantis
811 3367 977 3422 etiam
1008 3377 1165 3423 extra
1194 3372 1498 3427 terroribus
1540 3374 1906 3430 stimulemur.
1939 3376 2006 3430 Et
2040 3393 2163 3433 cum

554 3454 704 3513 foris
753 3457 1056 3514 habeantur
1103 3476 1319 3533 pugnae,
1364 3464 1511 3520 intus
1559 3465 1718 3521 famis
1762 3482 1868 3521 non
1898 3467 2167 3525 desistant

569 3565 669 3606 nos
701 3554 1017 3623 excruciare
1048 3554 1283 3622 dolores,
1314 3556 1519 3612 nullum
1557 3574 1949 3630 usquequaque
1976 3570 2165 3630 patere

568 3641 780 3696 videtur
823 3641 1103 3714 effugium,
1152 3645 1356 3701 nullum
1397 3648 1610 3718 adjacet
1654 3651 1797 3720 quod
1848 3666 1948 3707 nos
1995 3651 2163 3708 faciat

568 3733 841 3803 respirare
870 3736 1141 3792 solatium.
1174 3737 1264 3804 At,
1291 3739 1334 3793 si
1359 3741 1643 3810 prudentae
1671 3746 1873 3798 vestrae
1898 3742 2015 3799 fore
2043 3760 2164 3800 cre-

569 3823 731 3877 datur
759 3824 1035 3894 idoneum,
1095 3830 1255 3883 detur
1307 3831 1438 3885 mihi
1493 3831 1724 3888 facultas
1776 3835 1831 3889 in
1878 3834 2163 3891 Romaniae
2236 3859 2247 3866 -

568 3924 755 3986 partes
783 3919 968 3987 eundi,
1021 3928 1078 3975 et
1122 3920 1316 3977 faciam
1359 3924 1521 3980 istinc
1560 3925 1914 3997 frumentum,
1953 3930 2161 3994 vinum,

570 4005 855 4073 hordeum,
908 4024 1152 4078 carnem,
1193 4012 1445 4078 farinam,
1483 4030 1811 4087 caseumque
1856 4028 1911 4073 et
1962 4029 2161 4076 cretera

568 4096 797 4155 diversis
821 4100 1023 4163 usibus,
1057 4104 1343 4159 commoda
1379 4120 1499 4160 cum
1534 4106 1766 4176 plurima
1794 4124 1855 4164 ac
1886 4109 2160 4180 frequenti

567 4187 745 4245 classe
772 4190 989 4258 deduci,
1023 4208 1086 4249 ac
1110 4194 1501 4252 indesinentem
1527 4214 1866 4272 quorumque
1890 4204 2158 4261 venalium

563 4295 664 4351 per
690 4284 860 4338 maria
885 4296 1271 4355 commeatum,
1292 4289 1643 4360 imperatorio
1665 4296 1869 4365 passim
1885 4307 2160 4369 praeeunte

564 4375 742 4431 edicto
770 4382 1070 4448 procurabo
1102 4382 1337 4440 institui.
1374 4385 1673 4455 Equorum,
1708 4396 1763 4443 et
1811 4391 1854 4444 si
1886 4406 2005 4462 quae
2031 4400 2158 4446 sunt

563 4467 683 4523 alia:
711 4471 1024 4528 animalium
1054 4484 1220 4546 atque
1265 4478 1611 4550 vectigalium
1653 4481 1942 4549 utilitates,
1982 4485 2161 4539 omnis

563 4559 718 4614 vobis
743 4575 840 4630 per
880 4571 1104 4633 terram,
1138 4566 1452 4625 Graecorum
1499 4572 1779 4642 provincia
1828 4575 2151 4646 deportabit.

562 4650 866 4720 Imperator
895 4655 1011 4724 ipse
1029 4673 1193 4728 quem
1216 4672 1396 4719 vestra
1422 4664 1579 4720 latuit
1602 4667 1884 4739 hucusque
1905 4669 2151 4739 penuria,

561 4742 630 4796 ad
664 4741 952 4799 deferenda
987 4747 1297 4818 indigentiae
1324 4763 1485 4809 tanta
1529 4758 1770 4813 subsidia
1814 4775 2156 4831 summopere

563 4834 653 4889 ubi
702 4840 1033 4907 compererit
1091 4847 1426 4913 properabit.
1481 4849 1549 4903 Et
1609 4851 1765 4906 vobis
1814 4862 2154 4911 sacramento

560 4939 804 4985 astruam
840 4935 985 5004 quod
1019 4935 1163 4999 lucc,
1191 4948 1249 4993 ut
1275 4940 1408 5008 dixi,
1439 4944 1619 5000 omnia
1645 4945 1750 5001 fide
1779 4952 2153 5018 perseveranti

560 5026 884 5097 eompleam.
930 5029 1063 5098 Quae
1097 5032 1264 5087 etiam
1297 5050 1418 5089 cum
1468 5038 1802 5108 explicuero,
1833 5052 2023 5113 empta:
2054 5044 2153 5098 ltu-

557 5117 645 5186 jus
669 5122 973 5179 obsidionis
1001 5125 1281 5183 laboribus
1308 5142 1395 5183 me
1426 5130 1730 5189 nullatenus
1758 5145 2154 5206 reprtcsentare

562 5212 783 5270 timebo.
812 5214 965 5282 Quod
1017 5220 1062 5275 si
1108 5231 1349 5277 vestrum
1396 5225 1837 5295 contubernium,
1890 5229 2152 5302 famisque

559 5306 902 5377 participium
944 5327 1030 5368 me
1063 5313 1372 5373 detrectare
1411 5318 1699 5386 veremini,
1737 5335 1864 5376 ecce
1919 5323 2151 5378 tentoria

561 5408 701 5456 mea,
728 5412 853 5453 ecce
885 5406 1188 5460 remansuri
1214 5417 1344 5463 sunt
1380 5410 1523 5480 apud
1556 5426 1651 5467 vos
1694 5414 1987 5469 necessarii
2021 5414 2149 5481 mei,

559 5501 696 5553 quos
726 5489 825 5542 etsi
857 5492 925 5544 ad
974 5502 1185 5564 tempus
1231 5500 1528 5573 reliquero,
1582 5504 1632 5558 in
1682 5505 1846 5560 finem
1900 5515 2149 5562 contem-

559 5580 734 5648 psisse
786 5596 889 5637 non
961 5593 1172 5653 potero.
1217 5610 1235 5641 ι
1297 5591 1463 5661 Dixit,
1514 5605 1568 5650 et
1638 5613 1921 5667 procerum
1990 5615 2151 5666 aures

559 5669 741 5726 multm
788 5671 1059 5729 lenocinio
1098 5677 1598 5743 circumlocutionis
1649 5667 1838 5744 illexit.
1875 5674 2151 5762 lgiturille

563 5762 788 5820 recessit
822 5766 1044 5825 omnino
1086 5783 1193 5825 non
1222 5770 1425 5829 veritus
1470 5779 1679 5836 crimen
1727 5784 1871 5855 quod
1906 5784 1961 5839 in
1997 5797 2150 5853 eum,

2251 505 2378 559 ceps
2408 489 2477 544 ad
2504 490 2559 545 id
2583 489 2729 561 quod
2765 489 3170 561 spoponderat,
3212 497 3423 545 cuncta
3470 490 3725 560 mentitus,
3749 512 3809 551 tc-

2249 582 2434 638 cessit.
3162 577 3178 585 ’

2325 671 2465 747 [XL]
2510 672 2722 746 Ingenti
2748 676 2891 746 fame
2920 677 3253 731 cruciantur
3280 686 3638 748 oppugnantes
3666 682 3811 740 urbem.

2250 798 2321 807 ——
2345 766 2534 837 Itaque
2574 768 2629 822 in
2658 776 2869 823 tantum
2913 784 3006 825 eos
3044 778 3323 841 coeperat
3355 770 3614 825 instantia
3634 771 3812 830 hostium

2188 856 2197 868 “
2236 857 2443 926 visque
2471 857 2851 928 constringere
2876 867 2937 913 ut
2978 870 3321 916 nostrorum
3354 858 3558 925 nullus,
3601 876 3690 931 pro
3720 877 3814 933 quo-

2236 965 2471 1021 ,cunque
2521 952 2760 1022 negotio,
2818 962 3194 1022 praesumeret
3251 952 3564 1024 papiliones
3609 969 3717 1010 suos
3755 968 3815 1011 aut

2258 1044 2564 1099 communia
2588 1053 2772 1099 castra
2798 1045 3091 1100 excedere.
3119 1046 3215 1099 Ad
3269 1045 3383 1100 hoc
3412 1045 3630 1101 omnino
3654 1045 3816 1103 misera-

2256 1133 2418 1188 bilius
2443 1148 2536 1188 eos
2563 1134 2903 1203 inquietabat
2928 1136 3275 1202 domestica,
3307 1144 3367 1191 et
3394 1136 3563 1191 rabiei
3585 1136 3814 1203 simillima,

2259 1227 2427 1293 pestis
2449 1227 2661 1283 inediae.
2687 1226 2747 1284 Si
2777 1229 2945 1297 enim,
2967 1238 3028 1295 ut
3054 1230 3142 1285 ait
3162 1230 3433 1301 quidam,
3458 1230 3603 1285 Nihil
3626 1231 3705 1286 illa
3721 1233 3815 1302 {aut

2260 1320 2527 1375 molestius
2577 1338 2695 1392 qua:
2757 1331 3103 1394 extorquetur
3174 1324 3381 1391 invito,
3438 1339 3573 1394 quas
3613 1327 3814 1384 torsiooes

2260 1413 2594 1468 aestimamus
2627 1428 2841 1485 passos,
2889 1415 3086 1484 quibus
3139 1416 3424 1471 continue
3448 1416 3684 1471 crucibus
3713 1416 3816 1471 addi-

2262 1514 2400 1570 ctos,
2425 1506 2518 1576 qui
2561 1506 2708 1561 nulla
2738 1522 2834 1577 spe
2878 1508 2947 1562 ad
2976 1509 3299 1576 modicum,
3330 1507 3421 1564 vel
3451 1506 3604 1573 falsa,
3632 1510 3811 1575 relerati,

2234 1594 2368 1659 illis
2398 1610 2526 1650 vere
2576 1596 3086 1668 inexpugnabilibus
3140 1598 3336 1654 muris
3385 1599 3622 1670 quotidie
3665 1602 3812 1656 asside-

2263 1686 2434 1741 bant?
2481 1687 2683 1758 Vulgus
2714 1699 2921 1757 autem,
2953 1691 3231 1761 pauperie
3286 1691 3599 1747 omnimoda
3632 1707 3809 1758 exesum,

2193 1772 2236 1827 Β
2265 1798 2358 1853 per
2389 1783 2631 1838 diversas
2680 1783 2976 1840 oberrabat
3032 1785 3399 1855 provincias.
3457 1784 3565 1839 Alii
3612 1783 3808 1855 Cyprum,

2263 1875 2423 1948 401
2458 1877 2777 1933 Romaniam
2826 1878 3014 1948 aliqui,
3044 1880 3285 1950 quidam
3316 1893 3424 1950 per
3468 1888 3697 1933 montana
3742 1894 3804 1931 ra.

2266 1969 2402 2040 gari,
2425 1969 2601 2025 victus
2658 1967 3042 2024 insuﬂicientia
3086 1976 3528 2041 coangustante,
3549 1969 3652 2038 jam
3681 1983 3804 2038 cepe-

2267 2070 2410 2116 rant.
2435 2061 2606 2119 Porro
2634 2062 2779 2116 viam
2804 2063 2997 2129 maris,
3029 2077 3311 2118 occursus
3349 2063 3552 2134 ubique
3580 2059 3800 2117 Turcorum

2266 2156 2458 2211 creber
2478 2155 2804 2213 occluserat.
2838 2154 3119 2228 Nusquam
3152 2158 3409 2228 denique
3433 2154 3642 2229 patebat
3663 2155 3805 2211 nostris

2266 2248 2465 2303 exitus.
2948 2290 2953 2293 .

2337 2339 2504 2414 [XIL]
2535 2341 2776 2399 Audiens
2805 2343 3013 2401 interea
3036 2343 3412 2401 Boemundus
3437 2344 3695 2399 innumera
3712 2341 3803 2396 Tur-

2268 2448 2457 2489 corum
2506 2435 2723 2504 agmina
2780 2444 3092 2493 nostrorum
3148 2436 3595 2508 supervenientia
3647 2432 3795 2497 castris,

2266 2526 2540 2598 principes
2570 2528 2705 2584 alios
2733 2530 3064 2601 aggreditur,
3096 2531 3299 2588 dicens
3327 2549 3341 2585 :
3383 2548 3404 2582 ‹
3439 2529 3570 2586 Cum
3592 2536 3711 2582 tanta
3727 2524 3799 2594 jam

2268 2620 2438 2676 nostri
2489 2621 2736 2691 paucitas
2790 2622 3065 2678 exercitus
3108 2623 3415 2687 habeatur,
3468 2628 3526 2675 ut
3571 2618 3650 2674 uni
3683 2614 3797 2671 conti-

2268 2714 2460 2770 ciendo
2489 2715 2777 2770 certamini
2805 2716 2986 2772 tenuis
3003 2715 3120 2786 jam
3148 2733 3218 2773 ac
3244 2714 3576 2772 insuﬂicicns
3600 2712 3795 2771 videatur.

2268 2809 2467 2865 nedum
2505 2810 2573 2865 ad
2618 2811 2723 2866 duo
2773 2814 3077 2867 exercenda
3115 2811 3316 2883 praelia
3354 2809 3595 2866 bifariam
3620 2806 3794 2874 dispare-

2271 2909 2377 2966 tur,
2414 2903 2822 2958 retractandum
2855 2903 3013 2958 nobis
3033 2911 3142 2971 est,
3168 2904 3216 2959 si
3255 2918 3289 2957 a
3316 2901 3497 2967 nobis,
3537 2912 3646 2954 cum
3668 2892 3793 2965 quali-

2270 3011 2485 3067 cunque
2511 2998 2776 3065 exercitu,
2810 2997 3004 3053 Turcis
3040 2998 3265 3054 obviam
3295 2990 3688 3068 ingredientibus
3702 2987 3790 3049 itur,

2270 3090 2393 3160 quis
2440 3089 2567 3144 huic
2607 3090 2814 3146 civitati
2860 3090 3101 3146 obsideri
3154 3098 3358 3163 empta:
3406 3077 3793 3158 impugnatauin-

2268 3181 2429 3236 terim
2454 3221 2469 3247 ,
2525 3182 2649 3252 quis
2705 3182 3180 3240 tabernaculorum
3245 3190 3556 3238 nostrorum
3607 3171 3792 3228 defensor

2267 3274 2627 3345 relinquitur?
2676 3274 2734 3330 Si
2767 3290 2897 3348 ergo
2930 3284 3113 3331 vestro
3153 3282 3338 3331 ratum
3372 3272 3579 3327 videtur
3606 3259 3788 3322 arbitrio,

2236 3393 2240 3396 ~
2267 3366 2529 3422 delectam
2558 3368 2885 3438 optimorum
2934 3376 3144 3439 partem
3174 3369 3447 3440 peditum,
3475 3361 3537 3417 ad
3564 3353 3788 3416 custodiam

2267 3460 2419 3514 urbis
2453 3458 2791 3515 destinemus
2822 3460 3098 3528 obsessae;
3130 3461 3352 3532 equites
3389 3470 3536 3521 vero,
3562 3446 3690 3522 quasi
3708 3443 3785 3499 for-

2268 3553 2454 3619 tiores,
2489 3551 2791 3607 Turcorum
2832 3551 3060 3608 insaniae
3105 3550 3423 3624 comparari
3453 3547 3633 3604 debere
3654 3548 3785 3595 cense

2266 3657 2409 3699 mus.
2433 3662 2451 3695 ι
2486 3643 2730 3711 Dixerat,
2757 3651 2814 3700 et
2840 3644 2974 3699 nulli
2988 3644 3303 3717 principum
3326 3643 3395 3699 ab
3419 3639 3532 3712 ejus
3552 3635 3784 3692 disseusm

2266 3735 2513 3792 consilio.

2192 3133 2236 3194 (ἶ

2890 3830 3123 3888 CAPUT
3170 3832 3240 3889 γ.

2338 3922 2526 3997 [Χ111.]
2544 3903 2883 3979 Boemundus
2906 3923 3103 3981 Turcoa
3118 3923 3446 3996 aggreditur.
3459 3914 3633 3974 Milite:
3644 3906 3779 4005 am":

2263 3994 2641 4072 latim—llam
2674 4018 2909 4073 hostium
2944 3994 3203 4073 examina
3231 4017 3388 4089 juxta
3421 4007 3664 4070 castellum
3692 3994 3774 4052 urbi

2263 4112 2596 4183 contiguum,
2624 4113 2767 4182 quod
2797 4112 3095 4168 vocabatur
3124 4112 3287 4185 Areg,
3320 4118 3495 4166 castra
3533 4098 3772 4174 posuerant.

2264 4215 2418 4261 trans
2430 4214 2649 4276 pontem
2667 4205 3095 4276 Pharphareum.
3115 4206 3242 4262 Dies
3264 4213 3381 4262 erat
3398 4194 3625 4273 proclivis
3640 4186 3691 4243 ad
3705 4196 3768 4286 te.-

2261 4314 2505 4370 sperum,
2528 4308 2582 4353 et
2604 4299 2752 4353 omni
2779 4299 3125 4354 Boemundus
3152 4299 3319 4353 citata
3349 4292 3529 4352 militia
3554 4287 3610 4342 de
3632 4286 3771 4338 castris

2261 4395 2557 4466 egreditur,
2591 4402 2646 4448 et
2668 4407 2996 4464 prosperans
3024 4394 3164 4447 inter
3195 4392 3390 4448 ﬂumen
3411 4379 3765 4472 adjacentemfluf

2192 4494 2237 4551 Ι)
2264 4487 2439 4542 lacum
2474 4493 2915 4542 castrametatur.
2953 4484 3249 4541 Ubi'mane
3280 4477 3535 4540 inclaruit,
3556 4466 3767 4526 celerrime

2257 4580 2629 4651 exploratores
2673 4578 2881 4649 dirigit,
2924 4586 2986 4632 ut
3027 4576 3331 4632 Turcorum
3365 4563 3759 4651 quantitate

2257 4646 2447 4743 pensa,
2477 4671 2711 4742 qualiter
2741 4646 2809 4726 sev
2830 4677 2993 4741 agant
3038 4676 3093 4725 et
3138 4669 3230 4725 ubi
3268 4661 3628 4725 commaneant,
3656 4646 3760 4743 le-sli-

2256 4733 2387 4820 nent
2422 4733 2736 4819 renuntiare
2781 4763 3067 4820 maturius.
3107 4760 3277 4818 Paule
3327 4747 3669 4831 processerant.
3690 4733 3753 4787 πιο-

2256 4867 2518 4928 stesque,
2569 4873 2801 4929 quorum
2851 4858 3182 4928 personabat
3241 4856 3525 4912 adventus,
3578 4836 3755 4907 ηυωῖθτε

2256 4956 2557 5020 coeperant,
2589 4964 2711 5005 cum
2749 4964 2878 5005 ecce
2922 4948 3134 5004 infinita
3172 4962 3357 5005 eorum
3387 4939 3588 5027 cernunt
3624 4930 3747 5027 emft“

2254 5059 2381 5117 gere
2419 5044 2691 5110 examina,
2742 5058 2840 5113 per
2892 5043 3120 5099 duarum
3170 5026 3644 5117 acierumlegiones
3671 5012 3747 5117 dILS'

2253 5099 2471 5206 parata;
2502 5142 2649 5190 retro
2674 5099 2804 5189 vero
2832 5149 3020 5189 eorum
3040 5134 3371 5205 pedetentim
3397 5099 3742 5206 multitudo

2254 5202 2584 5299 sequebatur
2629 5228 2888 5284 maxima.
2934 5202 3141 5295 Quibus
3183 5219 3469 5299 prospectis
3504 5202 3744 5300 quanmflfs

2254 5284 2636 5391 regrediuntur
2667 5339 2680 5376 :
2710 5314 2736 5373 ἰ
2773 5320 2989 5387 Hostes,
3022 5322 3195 5388 aiunt,
3216 5319 3328 5390 jam
3364 5284 3738 5391 imminenbndef

2255 5382 2366 5469 toie
2394 5425 2454 5469 ut
2484 5414 2652 5470 fortes
2691 5429 2789 5471 vos
2837 5424 2893 5470 et
2937 5382 3160 5487 paratos
3182 5382 3481 5470 inveniant.
3514 5417 3530 5452 ι
3566 5382 3734 5489 “ulla?

2252 5508 2621 5574 Boemundus,
2655 5509 2771 5564 suis
2810 5508 2864 5563 in
2891 5475 3112 5564 Christo
3141 5507 3389 5563 fratribus
3412 5512 3467 5554 ac
3490 5475 3731 5547 commimo‘

2252 5602 2411 5657 nibus
2437 5602 2765 5668 excitandis,
2804 5601 3079 5672 eloquitur
3109 5619 3122 5655 :
3156 5621 3176 5653 (
3211 5593 3537 5657 Victoriarum
3577 5576 3727 5672 vestra:

2253 5710 2393 5765 rum,
2427 5710 2459 5749 o
2502 5696 2692 5765 optimi
2742 5695 2960 5760 milites,
3005 5694 3198 5750 creber
3245 5698 3453 5753 evenws
3489 5687 3572 5731 non

2253 5754 2407 5843 vobis
2436 5754 2711 5845 ministrat
2749 5788 3067 5846 occasiones
3096 5784 3352 5843 audaciae.
3382 5768 3505 5836 Fidei
3538 5754 3722 5824 hactenus

3732 6112 3922 6292 Λ
