4012 6346
310 338 443 396 ’74!

1427 327 1657 389 GESTA
1696 326 1810 386 DEI
1830 325 1971 384 PER
2007 320 2352 381 FRANCOS.
2391 350 2461 365 --
2496 320 2628 379 LIB.
2664 320 2754 380 IV.

3432 272 3443 275 ἦ
3510 321 3624 387 742

336 462 530 513 centra
552 452 837 527 perfidiam
878 448 1017 508 bella
1048 450 1311 525 gessistis,
1345 459 1398 508 et
1442 450 1586 506 inter
1611 449 1791 506 omnia
1824 448 1932 502 dis-
1959 447 2009 508 Α
2037 443 2301 515 solymam
2330 440 2439 496 Deo
2476 440 2745 497 redimere
2780 452 2844 497 ac
2876 437 2993 513 ejus
3027 420 3259 497 liberare
3288 424 3618 512 sepulcrum.

336 547 569 603 crimina
597 544 781 599 felices
815 543 994 599 exitus
1032 542 1322 599 habuistis.
1368 542 1647 596 Delectare
1672 555 1768 594 vos
1801 552 1924 608 pro-

332 639 480 695 fecto
520 638 633 709 jam
666 637 852 692 debuit
878 635 1079 690 Christi
1110 634 1442 689 fortitudinis
1473 632 1769 702 saepissime
1806 630 1918 685 evi-

336 730 469 786 dens
507 728 959 800 ex-perimentum,
1006 726 1320 798 prtesertim‘
1354 740 1479 781 cum
1528 733 1678 779 certo
1723 721 1924 779 certius

332 819 618 884 noveritis,
642 817 696 872 in
737 817 843 871 illis
888 831 1009 887 quae
1038 815 1378 886 potissimum
1414 815 1684 885 urgebant
1724 811 1924 883 praeliis

330 925 443 966 non
472 925 569 965 vos
595 923 887 980 pugnasse,
936 907 1032 962 sed
1081 907 1379 963 Christum.
1418 904 1548 973 Quae
1583 920 1713 976 ergo
1748 903 1924 959 valeat

326 1010 529 1060 vestrae
552 1001 745 1066 menti,
775 1015 874 1070 pro
902 1001 1122 1056 incursu
1157 1000 1354 1070 aliquo,
1388 998 1708 1069 desipientia
1735 999 1923 1069 despe-

324 1096 561 1153 rationis
605 1095 870 1165 irrepere,
916 1109 1053 1164 quos
1092 1094 1235 1148 mala
1277 1092 1407 1147 nulli
1436 1094 1697 1148 hactenus
1747 1100 1923 1148 atten-

329 1196 468 1255 tata,
495 1187 607 1245 Deo
636 1188 973 1252 sublevante,
1002 1185 1466 1255 evadere,quibus
1497 1185 1798 1255 triumphos
1825 1185 1922 1240 ho-

328 1282 464 1337 mini
513 1278 879 1352 impossibiles
927 1278 1156 1349 contigit
1205 1278 1554 1348 provenisse?
1608 1277 1662 1331 in
1712 1285 1921 1333 tantum

320 1370 438 1441 jam
463 1385 678 1442 precor,
702 1369 843 1441 apud
872 1383 967 1424 vos
999 1368 1130 1423 ftdes
1168 1376 1391 1438 experta
1418 1366 1667 1437 proficiat
1694 1376 1753 1421 ut
1779 1366 1923 1423 nulla

329 1464 488 1519 vobis
517 1463 752 1518 humana
802 1460 1056 1531 deinceps
1098 1459 1359 1514 fortitudo
1396 1458 1634 1514 resistat.
1674 1457 1786 1512 liae
1817 1459 1922 1513 ita-

327 1570 438 1627 que
481 1555 693 1609 animos
744 1553 972 1607 tutiores
1024 1550 1239 1618 efﬁcite,
1287 1559 1446 1605 caute
1501 1550 1809 1620 proccditc,
1867 1556 1923 1603 et

326 1648 607 1705 Christum
645 1656 828 1702 vestra
852 1688 867 1713 ,
908 1655 967 1701 ut
998 1645 1219 1710 assolet,
1244 1644 1436 1699 vexilla
1487 1643 1771 1709 ferentem,
1810 1650 1921 1697 tota
1968 1700 1971 1701 ν

325 1742 595 1797 mentium
630 1740 928 1795 acrimonia
980 1738 1283 1795 consectari
1319 1752 1463 1793 nunc
1495 1745 1551 1791 et
1580 1735 1922 1791 conclamare
1972 1780 1973 1783 η

324 1841 539 1889 curate.
580 1852 599 1886 ι

398 1922 603 1991 Quibus
625 1923 855 1979 fideliter
870 1938 934 1978 ac
955 1923 1135 1979 vivide
1156 1922 1660 1994 circumspecteque
1685 1936 1743 1977 se
1766 1931 1918 1977 actu-

320 2029 420 2071 ros
467 2014 921 2082 acclamantibus,
963 2023 1020 2071 et
1067 2016 1305 2071 acierum
1355 2029 1569 2085 quoque
1597 2029 1818 2069 suarum
1843 2014 1920 2071 ei-

320 2108 450 2162 dem
488 2106 951 2172 distributionem,
997 2114 1183 2177 utpote
1232 2104 1495 2161 bellorum
1541 2104 1921 2175 expertissimo

276 2218 279 2219 '
322 2197 698 2263 credentibus,
724 2197 879 2269 jubet
925 2196 1065 2253 idem
1094 2196 1440 2252 Boemundus
1470 2210 1737 2266 quemque
1768 2193 1918 2264 prin-

317 2291 506 2361 cipum
551 2289 877 2361 appendices
920 2304 1046 2344 suas
1090 2289 1193 2344 sibi
1244 2288 1519 2360 colligere,
1558 2296 1614 2343 et
1644 2286 1920 2358 propriam

317 2382 570 2453 singulos
616 2381 788 2436 aciem
842 2380 1117 2435 ordinare.
1166 2378 1274 2436 Sex
1322 2380 1511 2451 igitur,
1558 2380 1637 2433 uti
1682 2378 1917 2443 dixerat,

316 2474 547 2529 aciebus
605 2471 905 2542 expositis,
972 2472 1042 2527 ad
1098 2472 1472 2543 pervadendos
1525 2471 1707 2527 hostes
1762 2470 1922 2525 factis

316 2565 872 2639 singillatimcuneis,
902 2580 1025 2621 cum
1050 2580 1262 2620 summa
1292 2564 1503 2619 cautela
1529 2564 1768 2635 quinque
1795 2578 1922 2634 pro-

315 2658 546 2713 cedunt.
594 2655 666 2711 At
694 2654 1037 2711 Boemundus
1072 2670 1193 2710 cum
1225 2670 1322 2711 suo
1351 2655 1589 2728 agmine,
1630 2656 1696 2710 ad
1740 2654 1922 2711 feren-

316 2751 480 2816 dum,
506 2750 553 2805 si
582 2749 885 2805 necessitas
910 2748 1269 2815 incubuisset,
1299 2748 1621 2815 subsidium,
1652 2748 1921 2819 posterior

316 2842 675 2913 sequebatur.
735 2841 949 2898 Nostris
996 2842 1181 2913 itaque
1231 2841 1334 2897 hoc
1394 2842 1555 2896 modo
1611 2840 1916 2909 distinctis,

270 2954 275 2957 ‘
321 2937 458 2993 dum
498 2935 695 2991 animis
744 2935 1076 3007 spirantibus
1115 2934 1300 3005 stipati
1369 2932 1765 2989 confertissime
1798 2948 1921 3004 gra-

317 3031 550 3088 diuntur
570 3030 637 3085 ad
661 3029 930 3102 praelium,
963 3027 1101 3085 alter
1140 3028 1368 3085 alterius
1405 3027 1576 3084 latere
1605 3036 1748 3082 tacto
1774 3026 1921 3082 solli-

320 3123 660 3181 sollicitabat
714 3122 945 3188 socium,
996 3130 1056 3177 ut
1095 3121 1299 3186 nullus,
1346 3129 1607 3191 quantum
1650 3127 1921 3189 spectaret

274 3232 277 3233 '
316 3231 394 3271 an
450 3213 710 3286 cujusque
745 3228 1037 3284 personam
1066 3253 1081 3279 ,
1118 3219 1398 3283 pateretur
1436 3211 1739 3267 claudicare
1791 3224 1921 3265 con-

316 3304 557 3363 ﬂictum.
583 3305 655 3361 At
681 3304 775 3360 ubi
800 3319 887 3360 res
908 3304 1158 3359 manibus
1184 3302 1271 3371 agi
1299 3301 1482 3373 cmpit.

316 3418 439 3475 Nec
467 3432 639 3482 mora,
663 3416 904 3472 curvatis
934 3415 1135 3471 adeunt
1157 3413 1444 3470 hastilibus
1474 3413 1680 3480 hostes,

320 3500 574 3571 Cumque
599 3499 779 3556 calent
805 3498 1021 3565 animis,
1053 3507 1109 3554 et
1133 3512 1303 3569 equos
1329 3496 1633 3551 calcaribus
1658 3500 1872 3566 urgent,

319 3593 408 3651 Ac
436 3592 724 3663 utrobique
752 3590 885 3647 feris
906 3592 1151 3661 quatitur
1176 3587 1505 3645 clamoribus
1529 3586 1724 3653 mther,

322 3685 672 3742 Concurrunt
695 3686 862 3751 acies,
895 3693 1169 3741 torserunt
1194 3682 1399 3756 Spicula
1428 3682 1611 3738 Turci.

320 3773 681 3847 Francigena:
704 3775 955 3847 impactis
981 3775 1327 3831 terebrarunt
1352 3782 1575 3843 pectora
1612 3770 1756 3828 telis.

322 3869 531 3925 Ictibus
559 3869 706 3925 ensis
728 3869 897 3925 hebes
926 3869 1121 3937 fuerat,
1153 3868 1331 3926 fecere
1354 3867 1628 3941 fragorem

324 3960 514 4017 Collisi
542 3941 822 4033 chalybes,
851 3960 1071 4017 molitur
1095 3960 1322 4016 vulnera
1353 3960 1517 4029 ferro,

324 4053 461 4122 Qua:
486 4054 599 4108 sitit
619 4054 916 4109 obscenum
940 4054 1281 4123 rapidissima
1313 4054 1501 4109 dextra
1524 4068 1793 4111 cruorem.

322 4146 409 4203 Ac
439 4147 483 4202 si
515 4145 791 4202 cornicum
818 4147 1005 4201 videas
1024 4147 1273 4201 examina
1304 4156 1474 4214 mota,

325 4241 398 4297 Et
427 4240 575 4296 velut
601 4240 893 4295 immodico
932 4239 1255 4310 processerit
1284 4240 1498 4312 agmine
1524 4242 1711 4296 turdus
1738 4256 1756 4294 :

329 4332 429 4389 Sic
454 4332 679 4389 caeleste
698 4332 860 4405 jubar
888 4341 1016 4387 tunc
1038 4341 1325 4402 protexere
1354 4332 1587 4402 sagitta},

325 4428 507 4483 Aerea
539 4428 832 4480 densantes
866 4425 1169 4496 jaculorum
1196 4425 1459 4497 grandine
1487 4441 1711 4482 caecum.

2028 534 2139 589 Nec
2168 533 2348 587 minus
2380 532 2474 587 tibi
2505 541 2718 589 constat
2756 533 2955 588 divinis
2998 533 3177 603 potius
3216 534 3538 604 adjumentis
3565 535 3621 593 id

2027 622 2208 695 operis
2240 622 2632 690 administrari,
2664 639 2823 694 quam
2877 623 3148 679 humanis.
3178 622 3339 697 402
3368 624 3482 695 Age
3511 626 3619 682 ita.

2026 728 2131 784 que
2169 720 2225 768 et
2255 722 2403 767 tuam
2442 713 2674 783 patienti
2709 701 2927 771 Christo
2967 713 3081 786 jam
3120 716 3270 771 defer
3310 718 3618 791 audaciam,

2024 820 2126 861 nec
2152 815 2262 860 tam
2289 813 2623 875 opportunus
2657 814 2707 862 te
2732 823 2952 880 segnem
2980 808 3133 866 locus
3162 809 3421 876 inveniat,
3449 826 3613 883 quem

2026 906 2118 952 tuo
2166 897 2392 952 forsitan
2433 898 2574 953 Deus
2617 898 2811 955 honori
2854 911 3142 972 praeparat.
3184 921 3203 956 ›
3236 902 3332 961 His
3371 906 3621 969 concitus

2026 991 2114 1047 ille
2138 991 2507 1058 sermonibus,
2537 999 2650 1047 tota
2676 992 2787 1048 Deo
2810 1004 2993 1049 mente
3023 994 3229 1051 inuisus
3253 1012 3269 1050 :

2024 1107 2241 1174 Exsilit,
2279 1116 2335 1163 et
2361 1107 2559 1163 densas
2588 1107 2792 1162 dirimit
2814 1122 3075 1165 mucrone
3100 1118 3385 1167 catervas:

2027 1199 2189 1270 Signa
2223 1199 2374 1255 ducis
2412 1198 2652 1271 praefert,
2679 1215 2798 1272 quae
2824 1200 2905 1255 sic
2935 1200 3145 1257 diversa
3167 1210 3407 1270 veretur,

2025 1291 2097 1347 Ut
2123 1292 2226 1347 sibi
2258 1293 2385 1348 dum
2410 1302 2656 1363 praeeunt
2694 1310 2822 1364 pars
2848 1302 3039 1351 nostra
3062 1295 3248 1368 vigore
3277 1296 3509 1355 levetur.

2024 1385 2139 1442 Non
2180 1386 2342 1458 igitur
2369 1402 2525 1444 secus
2554 1388 2644 1443 ille
2673 1387 2805 1443 furit
2831 1403 2993 1458 quam
3022 1388 3224 1445 fetibus
3257 1390 3394 1446 orba

2028 1480 2243 1535 Assolet
2270 1482 2491 1552 ereptis,
2519 1480 2734 1552 objecta
2764 1496 2964 1537 necare
2982 1481 3169 1537 leaena.

2024 1570 2214 1627 Mucro
2239 1571 2357 1626 vias
2382 1572 2577 1642 aperit,
2601 1570 2903 1627 confertum
2934 1571 3156 1627 discidit
3185 1586 3380 1644 agmen
3406 1590 3423 1630 :

2026 1662 2194 1720 Obvia
2224 1665 2570 1733 contuderat,
2598 1679 2829 1721 cuneum
2860 1664 3018 1720 docet
3049 1665 3128 1720 ire
3151 1675 3488 1735 sequentem.

2102 1774 2335 1829 Tandem
2362 1775 2636 1829 victoriam
2664 1774 2898 1844 referunt
2920 1771 3231 1827 Christiani.
3255 1804 3327 1815 —
3347 1772 3488 1830 Hinc
3511 1774 3620 1833 ita-

2024 1882 2132 1939 que
2164 1867 2359 1932 nostri,
2386 1867 2511 1921 dum
2550 1865 2849 1922 Boemundi
2886 1880 2997 1921 non
3033 1864 3368 1936 incognitum
3409 1866 3621 1938 signum

2022 1961 2124 2017 sibi
2173 1961 2227 2016 in
2274 1959 2423 2015 nullo
2472 1959 2729 2015 vacillare
2778 1958 3141 2028 conspiciunt,
3189 1968 3245 2015 et
3299 1957 3620 2030 praedic‘um

2022 2053 2221 2110 stabuli
2269 2052 2528 2108 comitem
2566 2061 2718 2107 tanta
2756 2052 2810 2107 in
2851 2050 3059 2106 TurCos
3104 2050 3454 2107 animositate
3494 2051 3624 2113 bac-

2021 2146 2208 2210 chari,
2261 2146 2539 2215 rcsipuere
2593 2145 2783 2211 simul,
2834 2153 3091 2214 tantaque
3139 2146 3321 2201 hostes
3367 2145 3622 2207 violentia

2020 2239 2329 2310 propulere,
2376 2247 2437 2293 ut
2484 2238 2652 2293 solius
2693 2237 2831 2308 fuga:
2860 2245 3185 2308 cogerentur
3217 2252 3438 2306 sperare
3482 2254 3624 2311 prte-

2028 2331 2188 2388 sidia.
2238 2331 2417 2386 Nostri
2465 2331 2698 2401 denique
2744 2328 3076 2399 fugientibus
3119 2329 3347 2396 instant,
3396 2338 3450 2386 et
3494 2332 3625 2391 dum

2020 2424 2137 2479 sine
2174 2424 2365 2479 ordine
2411 2429 2738 2494 properant,
2782 2420 3092 2492 praecipites
3136 2430 3288 2479 actos
3334 2437 3506 2493 usque
3552 2423 3623 2490 ad

2019 2514 2372 2586 Pharpharici
2407 2515 2588 2585 pontis
2626 2513 2909 2584 angustias
2949 2512 3162 2569 caedere
3201 2529 3266 2570 ac
3296 2514 3624 2578 detruncaro

2019 2622 2127 2662 non
2171 2614 2410 2663 cessant.
2452 2606 2569 2674 Qua
2619 2606 2782 2661 Turci
2824 2604 2973 2661 caede
3024 2615 3272 2677 suscepta
3300 2647 3317 2674 ,
3359 2616 3621 2681 castrum,

2020 2696 2164 2768 quod
2205 2697 2347 2768 Areg
2401 2698 2650 2768 superius
2698 2698 3006 2765 nominavi,
3046 2699 3397 2765 subintrant,‘
3446 2702 3623 2763 omni-

2020 2790 2197 2844 modis
2240 2788 2493 2860 spoliant,
2542 2789 2721 2859 ignem
2763 2789 3058 2858 municipio
3089 2790 3265 2846 eidem
3304 2791 3622 2862 subjiciunt,

2019 2896 2406 2952 nunquamque
2468 2881 2725 2952 deinceps
2786 2881 2853 2935 ad
2904 2882 2957 2935 id
3022 2882 3252 2938 redituri
3312 2881 3619 2955 diffugiunt.

2018 2972 2402 3027 Armeniorum
2446 2980 2627 3027 autem
2667 2971 3038 3043 Syrorumque
3081 2989 3216 3045 gens
3259 2976 3488 3045 perfida,
3529 2977 3623 3049 qui

2020 3064 2166 3119 inter
2192 3072 2451 3134 utrosque
2468 3065 2697 3135 populos
2724 3065 2912 3132 medii,
2939 3066 3249 3137 praeliorum
3280 3071 3625 3141 aucupaban-

3645 1344 3653 1393 ἕ

1946 3186 1991 3250 C
2024 3168 2114 3215 tur
2138 3159 2336 3226 exitus,
2367 3168 2429 3214 ut
2460 3159 2548 3215 cui
2588 3160 2845 3216 cessisset
2883 3160 3135 3229 victoria,
3163 3162 3240 3217 illi
3280 3163 3623 3233 potissimum

2023 3250 2387 3317 inhmrerent;
2430 3251 2559 3306 dum
2600 3251 2809 3307 Turcos
2854 3249 3143 3308 inferiores
3190 3253 3498 3319 attendunt,
3530 3270 3625 3326 ag-

2022 3345 2341 3415 grediuntur
2366 3344 2521 3414 quasi
2545 3344 2772 3400 semitas
2794 3344 3067 3410 obsidere,
3094 3352 3150 3400 et
3171 3342 3377 3400 Turcos
3396 3353 3627 3415 praeter-

2036 3447 2229 3494 euntes
2270 3437 2560 3509 perimere.
2610 3435 2781 3507 Igitur
2822 3452 2891 3494 ex
2929 3437 3191 3509 hiisqute
3238 3437 3485 3492 hostibus
3531 3436 3626 3494 de-

2024 3538 2200 3584 tracta
2232 3537 2358 3584 sunt
2384 3529 2564 3595 victis,
2597 3526 2836 3584 crudelis
2864 3536 3176 3584 nostrorum
3206 3526 3502 3598 indigentia
3530 3526 3621 3585 illa

2022 3621 2317 3689 convaluit,
2362 3621 2518 3692 equis
2546 3628 2603 3677 et
2638 3606 2945 3692 sumptibus
2993 3619 3332 3686 sublevatur,
3385 3620 3451 3675 ab
3495 3620 3625 3691 ipsis

2023 3715 2262 3784 insuper,
2294 3721 2492 3769 eventu
2525 3712 2929 3782 triumphorum
2951 3712 3332 3768 crebrescente
3361 3711 3620 3779 secundo,

2023 3806 2328 3863 Turcorum
2356 3804 2545 3862 feritas
2581 3805 2966 3879 contemnitur.
3000 3802 3155 3860 Unde
3205 3811 3261 3860 et
3296 3811 3420 3874 post
3447 3804 3624 3860 victo-

2023 3898 2187 3962 riam,
2218 3904 2437 3953 centum
2476 3910 2663 3952 eorum
2694 3895 2785 3965 qui
2836 3894 2982 3951 bello
3033 3892 3401 3950 occubuerant
3447 3894 3624 3963 capita

2021 3987 2411 4060 praecidantur,
2459 3994 2516 4043 et
2564 3973 2631 4042 ad
2682 3986 2987 4043 Turcorum
3014 4026 3030 4053 ,
3072 3986 3165 4057 qui
3213 3986 3623 4053 obsidebantur,

2022 4081 2506 4147 exanimationem,
2533 4088 2658 4136 ante
2701 4096 2887 4136 muros
2926 4079 3234 4136 Antiochia:
3276 4080 3619 4153 suspendun-

2025 4185 2133 4233 tur.
2177 4177 2274 4232 Est
2315 4184 2495 4232 autem
2551 4176 2888 4232 consuetudo
2928 4175 3207 4246 gentilium
3251 4181 3311 4229 ut
3356 4188 3622 4231 caesorum

2023 4269 2225 4340 capita,
2251 4268 2318 4323 ad
2349 4267 2609 4324 indicium
2646 4267 2912 4334 victoriae,
2946 4280 3229 4322 reservare
3256 4280 3321 4321 ac
3345 4273 3623 4322 ostentare

2024 4360 2257 4416 soleant.

2095 4451 2287 4506 Fidem
2310 4452 2673 4524 amplexurum
2703 4469 2758 4507 se
2788 4452 3075 4523 imperator
3094 4450 3333 4521 spondet,
3357 4450 3405 4504 si
3428 4467 3460 4504 a
3486 4449 3623 4505 Tur-

324 4520 498 4625 érma
519 4526 743 4625 (frfpa‘m
761 4526 816 4620 ef
837 4532 1006 4625 éttuf's
1028 4519 1169 4625 rapi}
1193 4519 1445 4625 ίῖξψθξνδν
1472 4534 1653 4588 “isque
1677 4517 1919 4620 r‘flinni“
1946 4564 2002 4625 Ι)
2027 4544 2102 4598 cis
2130 4544 2308 4599 ablata
2336 4517 2438 4615 ipsi
2478 4545 2842 4599 restituantur.
2862 4517 2945 4584 '—-
2969 4517 3180 4597 Interea
3211 4539 3339 4595 dum
3365 4542 3480 4596 ha‘c
3509 4557 3626 4613 per-

326 4611 483 4667 Caesa
512 4609 716 4675 dolent,
748 4608 995 4663 victricia
1022 4612 1279 4677 gaudent,
1319 4607 1537 4662 dissona
1572 4622 1674 4662 vox
1716 4608 1777 4663 it.

406 4721 509 4778 Ubi
546 4737 676 4777 vero
726 4729 897 4777 totum
945 4721 1158 4793 pondus
1208 4721 1481 4777 exercitus
1533 4723 1675 4792 quod
1720 4723 1924 4793 primas

325 4815 767 4885 subsequebatur
816 4815 994 4893 acies,
1047 4814 1387 4869 atrocissima
1428 4814 1502 4869 illi
1539 4814 1820 4873 certamini
1866 4829 1925 4870 se

328 4906 570 4971 infudit,
624 4906 791 4977 erepit
854 4915 1165 4962 nostrorum
1223 4907 1372 4977 gravi
1427 4907 1664 4962 hostium
1722 4906 1924 4976 impetu

329 5014 566 5057 acumen
612 4999 860 5065 obtundi,
908 5009 965 5055 et
999 5015 1188 5056 eorum
1236 5000 1554 5070 proliciente
1593 5014 1844 5066 numero,
1894 5015 1924 5054 a

326 5095 609 5169 proposita
639 5094 839 5150 virtute
877 5108 1168 5165 parumper
1200 5092 1420 5150 inflecti.
1458 5094 1611 5162 Quod
1653 5094 1924 5151 Boemun-

330 5192 439 5245 dus
468 5189 773 5256 attenderis,
804 5188 897 5259 qui
943 5189 1218 5244 custodias
1254 5198 1402 5246 retro
1429 5190 1688 5246 auxilium
1718 5190 1926 5246 laturus

330 5282 613 5347 observat,
649 5281 832 5337 multae
871 5280 1354 5338 animadversionis
1403 5291 1554 5337 motu
1602 5282 1923 5339 infrenduit.

332 5372 604 5429 Comitem
638 5358 833 5429 stabuli
862 5388 992 5445 ergo
1031 5374 1264 5430 accersit
1294 5389 1447 5429 suum
1494 5374 1788 5430 Robertum
1816 5375 1927 5430 sci-

332 5465 468 5521 licet
494 5464 709 5521 Girardi
756 5464 944 5530 tilium,
982 5464 1180 5537 illoque
1218 5466 1439 5537 dirigit:
1473 5484 1492 5518 ‹
1530 5466 1696 5532 Vade,
1730 5466 1925 5537 inquit,

332 5565 495 5612 utere
528 5556 643 5628 jam
680 5571 825 5612 nunc
867 5558 1311 5628 magnanimitate
1359 5573 1463 5629 qua
1509 5559 1691 5626 debes,
1723 5566 1777 5614 et
1808 5575 1928 5630 qua:

333 5656 497 5707 tanto
524 5649 742 5721 negotio
786 5650 1062 5721 competit,
1108 5660 1164 5707 et
1199 5651 1458 5723 assumpti
1487 5651 1647 5723 hujus
1674 5651 1929 5708 intentio-

335 5759 468 5802 nem
495 5743 592 5799 tibi
618 5758 860 5816 propone
894 5743 1118 5811 laboris,
1151 5745 1277 5801 dum
1314 5759 1532 5801 causam
1563 5745 1717 5803 nobis
1746 5754 1800 5803 et
1831 5746 1927 5804 tibi

337 5837 464 5902 fore
503 5837 723 5899 noveris
755 5838 921 5898 totius
957 5837 1381 5901 Christianitatis
1418 5840 1707 5916 auxilium,
1739 5841 1925 5902 Hiero-

2029 4643 2259 4707 aguntur
2302 4651 2331 4689 a
2376 4636 2602 4704 nostris,
2652 4634 3011 4708 Babylonicus
3054 4634 3352 4704 imperator
3398 4632 3625 4705 legatio-

2026 4744 2151 4784 nem
2206 4728 2274 4784 ad
2327 4729 2602 4799 principes
2651 4728 2825 4784 nostri
2871 4727 3143 4783 exercitus
3186 4726 3478 4794 direxerat,
3529 4742 3626 4799 per

2027 4836 2165 4893 quos
2198 4821 2266 4877 de
2308 4821 2395 4876 his
2427 4836 2546 4892 quae
2593 4836 2723 4891 erga
2767 4820 2976 4875 Turcos
3010 4830 3236 4891 egerant
3273 4820 3354 4877 eis
3385 4819 3623 4893 gratula.

2030 4915 2247 4971 bundus
2300 4915 2603 4982 exstiterat,
2647 4914 2857 4984 pariter
2883 4928 3119 4985 quoque,
3161 4914 3264 4969 etsi
3301 4912 3459 4978 falso,
3503 4927 3625 4981 spo-

2027 5006 2291 5080 ponderat
2340 5006 2483 5078 quod
2537 5006 2882 5063 Christianus
2938 5005 3109 5070 fieret,
3163 5004 3208 5059 si
3256 5018 3388 5075 gens
3438 5011 3623 5058 nostra

2029 5100 2223 5157 Turcis
2251 5115 2314 5156 ea
2342 5114 2462 5169 quae
2492 5099 2560 5155 de
2588 5098 2705 5168 ejus
2748 5098 2975 5169 imperio
3011 5098 3364 5168 diripuerant,
3391 5094 3624 5150 ademis-

2029 5201 2114 5250 set
2148 5192 2360 5264 sibique
2387 5192 2718 5247 restitueret.
2757 5191 3002 5246 Diximus
3041 5190 3199 5261 plane
3232 5188 3481 5259 superius
3517 5187 3621 5242 Ba-

2029 5286 2339 5355 bylonicum
2366 5286 2655 5355 imperium
2678 5284 2836 5356 longe
2849 5283 3127 5355 potentius
3154 5281 3338 5353 regnis
3367 5281 3622 5338 Orienta-

2029 5379 2171 5436 libus
2196 5379 2502 5446 exstitisse;
2551 5378 2646 5433 sed
2689 5376 2898 5432 Turcos
2938 5374 3107 5430 armis
3145 5372 3447 5445 animisque
3485 5374 3624 5429 fero-

2030 5466 2211 5529 ciores
2246 5472 2413 5528 multa
2453 5472 2571 5544 ejus
2612 5483 2925 5540 usurpasse.
2961 5466 3032 5524 At
3070 5466 3146 5522 hii
3185 5467 3277 5537 qui
3313 5466 3433 5523 urbi
3472 5466 3621 5522 absi-

2031 5563 2421 5621 dendae'relicti
2452 5563 2688 5627 fuerant,
2714 5570 2770 5617 et
2807 5561 2909 5634 ipsi
2948 5576 3162 5633 quoque
3187 5575 3310 5616 cum
3339 5559 3623 5616 civitaten-

2032 5656 2183 5712 sibus
2215 5657 2483 5714 acerrime
2518 5654 2899 5721 conﬂixerunt,
2927 5670 3034 5711 non
3062 5655 3221 5713 modo
3253 5668 3361 5710 uno
3395 5653 3447 5708 in
3480 5652 3618 5719 loco,

2033 5749 2128 5809 sed
2167 5758 2293 5806 ante
2332 5759 2518 5823 portas
2553 5749 2665 5807 fere
2704 5750 2881 5807 omnis
2913 5748 3029 5821 ejus
3070 5749 3242 5805 urbis.
3276 5748 3400 5803 Dies
3438 5756 3621 5805 autem

2035 5844 2291 5931 triumphi
2326 5843 2487 5919 hujus
2522 5845 2713 5919 quinto
2750 5842 2876 5903 ldus
2914 5842 3223 5913 Februarii,
3270 5840 3445 5914 pridie
3493 5847 3621 5905 ante
