4012 6346
497 219 606 278 ’1ιὸ

1315 209 1382 270 γ.
1416 203 1744 284 GUIBEBTI
1777 199 2070 262 ABBATIS
2099 201 2159 260 S.
2189 197 2431 264 ΜΑΒῙᾸΞ
2467 197 2554 256 DE
2580 194 2980 253 NOVIGENTO

3679 193 3762 249 ῖιι

497 331 688 411 jejunii
730 335 912 404 caput.
953 327 1066 388 Nec
1111 326 1167 392 id
1207 326 1425 399 injuria,
1455 333 1515 380 ut
1561 338 1669 394 qua
1701 322 1787 378 die
1812 329 1935 374 ante
1966 320 2080 391 ipsa
2108 323 2156 380 Α
2254 316 2387 370 Illos
2450 315 2782 385 persequitur
2834 306 3207 366 Boemtmdus
3240 344 3257 371 ,
3332 312 3596 378 morteque
3645 310 3765 377 (11w:

498 427 707 499 jejunia
732 428 994 481 debentur
1013 420 1332 478 Christianis
1357 417 1548 489 epulae,
1579 432 1641 470 ea
1675 430 1834 484 quam
1863 412 2083 483 potissi-

505 534 653 574 mum
702 515 1023 571 affectabam
1072 511 1306 566 hostium
1354 510 1658 578 iniquorum
1709 508 2084 576 saginarentur

507 610 675 668 caade.
709 608 905 672 Franci
941 605 1122 676 igitur,
1166 611 1330 662 tanta:
1364 599 1608 655 victoriae
1636 596 1880 651 fervente
1918 595 2086 663 tripu-

509 703 620 766 dio,
649 708 898 754 votorum
929 694 1270 751 multitudine
1299 693 1411 746 Deo
1431 687 1768 760 cooperatori
1804 686 2086 758 gratulan-

509 801 612 857 tes,
660 805 766 846 non
808 790 926 844 sine
969 787 1200 858 plurimo
1239 783 1542 854 praedarum
1575 779 1773 844 frucru,
1804 777 1868 830 ad
1909 786 2088 831 castra

507 881 796 947 recedunt;
826 873 990 934 Turci
1011 891 1142 932 vero
1169 873 1512 943 impatientes
1541 885 1649 940 pra:
1670 869 1870 938 pudore
1897 864 2088 930 videri,

508 967 786 1029 cuniculis
813 979 870 1027 et
915 967 1132 1034 caveis,
1176 966 1223 1021 si
1263 963 1542 1027 valerent,
1581 960 1996 1030 regrederentur
2035 955 2088 1010 in

508 1061 740 1135 patrias.

1123 1206 1350 1266 CAPUT
1389 1205 1479 1266 Vl.

584 1323 1044 1404 [11mm
1066 1338 1224 1395 prope
1252 1321 1394 1380 urbis
1425 1320 1646 1375 absent!
1673 1325 1876 1388 portant
1901 1313 2096 1368 consti-

515 1417 1058 1488 tuitur.—Denique
1099 1415 1336 1485 majores
1379 1412 1672 1476 exercitus,
1723 1409 1850 1464 dum
1903 1406 2097 1461 crebro

516 1511 860 1584 per-pendunt
895 1508 1159 1578 plurimas
1183 1520 1243 1562 se
1271 1503 1474 1575 perpeti
1512 1503 1580 1557 ab
1621 1501 1707 1558 bis
1751 1500 1842 1568 qui
1877 1498 2097 1554 obside-

517 1604 715 1660 bantur
733 1601 1054 1658 ,incumuum
1086 1596 1457 1665 indignitates,
1488 1601 1676 1648 coacto
1715 1589 1942 1646 concilio
1963 1585 2100 1642 ditii-

2183 405 2619 480 quamplurimos.
2667 432 2736 444 ——
2765 404 2834 457 At
2875 401 3255 456 Boemundus
3296 397 3509 450 infinita
3537 412 3681 468 super
3701 401 3767 454 tali

2187 499 2484 556 infortunio
2533 497 2808 551 anxietate
2863 495 3141 554 detritus,
3203 491 3298 544 via
3347 489 3770 558 compendiosiore

2187 591 2464 661 digressus
2492 604 2522 642 a
2559 587 2743 651 sociis,
2799 601 2921 640 cum
2960 581 3177 654 paucis
3206 582 3280 636 ad
3314 579 3650 652 obsidionem
3675 597 3772 650 per-

2189 684 2337 737 venit
2362 681 2657 751 equitibus,
2686 696 2822 750 quos
2849 669 2906 734 iet
2933 676 3158 748 reperit
3176 681 3554 743 congregatos
3576 672 3772 730 insimul.

2189 769 2444 826 Efferatis
2469 769 2654 840 itaque
2688 768 2930 823 omnium
2957 773 3142 837 super
3176 779 3420 818 suorum
3453 761 3777 834 internecione

2191 861 2407 928 animis,
2434 869 2488 915 et
2525 860 2742 915 Christo
2797 857 3178 914 amarissimis
3213 854 3472 910 fidelium
3502 854 3777 926 singultibus

2190 964 2504 1025 provocato,
2536 967 2630 1008 eos
2659 952 2750 1022 qui
2787 960 2932 1006 tanta
2953 950 3066 1006 sibi
3123 947 3501 1008 incommoda
3529 947 3780 1004 intulerant

2191 1045 2523 1100 unanimiter
2550 1044 2814 1110 invasuri,
2849 1044 2912 1099 ad
2942 1042 3131 1114 pmlii
3158 1041 3294 1095 loca
3323 1039 3670 1114 perveniunt.
3687 1039 3775 1116 Sta.

2190 1139 2324 1193 bant
2389 1137 2627 1192 hostium
2672 1136 2950 1200 cohortes,
2995 1135 3071 1189 de
3111 1146 3332 1187 recens
3369 1139 3496 1184 acta
3522 1131 3781 1206 victoria,e

2194 1227 2415 1299 regione
2437 1243 2666 1293 securte,
2697 1227 3030 1282 aestimantes
3059 1223 3201 1279 istic
3236 1235 3302 1278 se
3329 1220 3525 1280 itidem
3546 1218 3782 1292 enectum

2196 1337 2316 1391 quae
2360 1336 2482 1374 cum
2511 1320 2709 1374 comite
2749 1329 2802 1374 et
2845 1318 3184 1374 Boemuntlo
3217 1332 3284 1372 se
3326 1315 3511 1386 egisse
3527 1313 3780 1384 iactabant.

2195 1411 2395 1469 Verum
2419 1412 2672 1483 malignis
2693 1413 2759 1467 de
2786 1412 3026 1482 nequitia
3054 1408 3550 1482 proponentibus,
3567 1406 3784 1478 benignus

2197 1504 2340 1560 Deus
2363 1505 2450 1574 pie
2479 1505 2717 1574 disponit
2744 1519 2865 1575 qua:
2891 1503 3092 1558 debeat
3119 1500 3388 1556 remedia
3417 1508 3664 1569 praestare
3682 1513 3784 1572 ωᾳδ-

2198 1595 2463 1651 rentibus.
2523 1596 2766 1666 lnsignes
2797 1609 2928 1668 ergo
2964 1593 3090 1660 viri,
3134 1590 3348 1648 dolore
3401 1589 3629 1665 fratrum
3656 1588 3783 1646 inter-

514 1694 674 1752 niunt
697 1701 778 1760 ut,
803 1700 1094 1760 antequam
1117 1687 1352 1757 aliquam
1379 1684 1570 1760 quovis
1597 1698 1725 1739 casu
1757 1696 1871 1738 sua:
1894 1680 2098 1735 militiae

2212 1687 2467 1744 rectorum
2484 1686 2882 1756 compassionis
2908 1685 3113 1751 adacti,
3135 1683 3313 1755 signo
3337 1682 3524 1738 crucis
3543 1681 3779 1742 Dominitz

415 1825 418 1829 .
517 1783 937 1840 minorationem
969 1781 1268 1852 patiantur,
1296 1779 1360 1834 ad
1381 1787 1591 1848 portam
1615 1774 1892 1840 urbis,ubi
1913 1788 2100 1828 eorum

520 1876 707 1934 fanum
732 1875 1054 1943 habebatur,
1071 1873 1162 1932 ubi
1177 1887 1391 1944 quoque
1415 1880 1633 1942 pontem
1657 1877 1871 1926 constat
1885 1868 2100 1934 haberi,

518 1978 758 2026 castrum
786 1966 1098 2032 instituant,
1127 1966 1268 2022 unde
1298 1963 1686 2035 aliquantisper
1718 1961 1951 2018 hostium
1990 1968 2106 2014 ten-

521 2068 755 2118 tatnenta
799 2060 1147 2130 restringant,
1199 2057 1295 2114 Cui
1345 2072 1532 2112 eorum
1580 2055 1883 2121 sententiae,
1922 2051 2106 2108 cuncti

519 2161 646 2210 sunt
671 2151 923 2224 juniores
953 2151 1185 2212 assensi.
1220 2149 1304 2204 Ad
1345 2151 1460 2205 haec
1489 2148 1675 2204 Sancti
1714 2146 1886 2218 Egidii
1923 2159 2107 2202 comes

518 2244 725 2314 primus
767 2241 987 2309 intulit;
1019 2261 1038 2294 ς
1073 2241 1207 2312 Ego,
1258 2241 1465 2312 inquit,
1511 2239 1798 2312 stipendiis
1845 2236 2103 2291 fulciam:

520 2337 772 2410 idemque
820 2336 1048 2392 servabo
1087 2333 1412 2392 castellum:
1443 2341 1650 2388 tantum
1698 2331 1830 2386 mibi
1873 2329 2107 2401 opitula—

520 2429 654 2485 mini
704 2427 773 2482 ad
818 2426 1217 2484 aedificandum.
1269 2443 1291 2476 ι
1339 2424 1438 2480 Cui
1489 2422 1658 2478 refert
1701 2422 2046 2476 Boemuntlus
2090 2435 2106 2473 :

528 2541 555 2590 ι
587 2521 644 2577 Si
678 2521 889 2576 libitum
923 2519 1079 2576 vobis
1107 2519 1194 2583 sit,
1228 2519 1466 2590 spondeo
1505 2533 1590 2571 tne
1629 2517 1828 2570 iturum
1869 2529 1990 2569 cum
2020 2529 2112 2568 co-

522 2587 662 2686 mite
684 2611 813 2679 isto,
843 2611 938 2681 qui
978 2625 1038 2666 se
1071 2586 1404 2679 praeobtulit:
1435 2607 1502 2662 ad
1538 2617 1754 2678 portum
1798 2606 1983 2661 Sancti
2028 2604 2116 2659 Si-

524 2706 734 2762 meonis
761 2746 777 2773 ,
801 2705 891 2761 ubi
921 2703 1125 2774 pariter
1173 2717 1268 2758 eos
1298 2702 1570 2756 tuebimur
1591 2701 1681 2771 qui
1715 2701 1840 2756 huic
1866 2700 2117 2754 insistent

524 2798 700 2872 op'eri.
746 2796 969 2852 Residui
1006 2795 1276 2852 obsidioni
1315 2808 1535 2862 operam
1591 2796 1738 2862 dettl,
1785 2807 1888 2847 nec
1933 2792 2117 2846 hostes

525 2893 677 2948 urbis
725 2898 912 2964 portas
957 2889 1221 2946 excedere
1263 2889 1470 2944 sinant.
1511 2907 1532 2940 ι
1573 2887 1768 2948 Comes
1825 2888 2008 2956 itaque
2051 2900 2118 2940 ac

527 2985 870 3054 Boemundus
904 2984 974 3040 ad
1022 2982 1207 3042 Sancti
1251 2981 1545 3048 Simeonis,
1588 2981 1665 3038 uti
1705 2988 2117 3052 proposuerant,

2206 1779 2474 1836 frontibus
2489 1779 3047 1850 animisqueprazfixo,
3085 1777 3376 1832 universa
3401 1775 3457 1830 in
3492 1773 3607 1828 illos
3632 1774 3777 1828 virium

2207 1889 2430 1929 suarum
2459 1872 2745 1926 collatione
2791 1869 3123 1925 funduntur.
3172 1866 3439 1938 Quorum
3463 1864 3542 1920 illi
3566 1863 3776 1942 unanimi.

2209 1977 2320 2022 tate
2345 1981 2612 2037 perpensa
2643 1963 2904 2020 continuo
2933 1963 3168 2029 cedunt,
3199 1970 3262 2016 et
3299 1961 3374 2016 ad
3406 1957 3771 2028 Pbarpltaricum

2197 2069 2432 2131 .pontem
2483 2075 2581 2129 per
2617 2058 2734 2130 ejus
2778 2057 3060 2129 angustias
3110 2051 3430 2109 transituri
3481 2047 3772 2108 contendunt.

2198 2142 2616 2222 'Angustabatur
2669 2151 3066 2206 transeuntium
3120 2146 3478 2213 multitudo,
3539 2143 3651 2200 dum
3689 2140 3778 2218 fuga

2211 2253 2605 2316 pracpmpcrat,
2656 2252 2713 2298 et
2749 2259 2874 2298 cum
2907 2243 3158 2314 peditum
3211 2239 3582 2310 equitumque
3600 2250 3775 2299 cuneus,

2217 2339 2392 2407 spatio
2423 2353 2544 2393 sese
2587 2337 2840 2392 breviore
2871 2343 3200 2407 coaggerat,
3233 2349 3404 2389 suum
3431 2332 3650 2402 quisque
3666 2343 3778 2394 cont-

2213 2449 2422 2507 parem,
2471 2432 2598 2486 dum
2645 2431 2840 2485 nititur
2883 2429 3316 2501 praetervolare,
3367 2419 3776 2498 praecipitaLNrc

2217 2525 2424 2581 nostris
2473 2539 2637 2594 super
2692 2523 2797 2578 isto
2829 2521 2950 2596 [al.,
2999 2520 3168 2595 istos]
3204 2519 3503 2592 vigilantia
3538 2519 3718 2582 deerat,
3737 2521 3779 2580 ut

2217 2616 2309 2672 ubi
2345 2616 2487 2687 vulgi
2517 2616 2774 2686 fugientis
2803 2615 3116 2686 frequentia
3161 2608 3771 2682 densescerevidebatur.

2221 2710 2296 2766 ibi
2335 2725 2441 2764 non
2474 2709 2540 2764 de
2567 2708 2902 2776 vulneribus,
2935 2708 3032 2765 sed
3062 2709 3132 2764 de
3181 2705 3507 2783 praecipitio
3554 2710 3774 2774 ageretur.

2179 2833 2186 2838 ο
2221 2803 2372 2872 Quod
2404 2803 2447 2858 si
2475 2803 2596 2873 quis
2627 2803 2781 2873 aquis
2821 2803 3138 2869 immersus,
3163 2810 3270 2858 aut
3293 2815 3403 2872 per
3425 2797 3602 2872 pontis
3619 2793 3773 2860 colum'

2223 2911 2323 2950 nas
2369 2896 2624 2965 rependo,
2679 2904 2776 2948 aut
2803 2895 3053 2962 manibus
3085 2893 3378 2952 enatando
3405 2891 3473 2970 ad
3489 2888 3772 2960 aridamco-

2226 2997 2486 3043 narentur
2516 3002 2820 3059 emergere,
2863 2987 3007 3043 illico
3039 3001 3071 3044 a
3093 2987 3349 3053 nostris,
3383 2985 3554 3058 ripam
3585 2977 3770 3046 attulit!”

526 3093 845 3150 Processere
863 3085 1103 3148 Ροηυίηο
1129 3075 1216 3131 Hii
1243 3089 1371 3134 νθιῗο
1393 3075 1486 3146 (ιυί
1503 3083 1902 3140 remanserant.
1927 3074 2120 3130 υθειθι·
2147 3050 2193 3114 c
2224 3081 2609 3148 ambientibus,
2640 3050 2844 3146 medias
2875 3080 3048 3148 undas
3096 3050 3414 3154 cogebatur
3432 3050 3772 3161 absotywﬂil'

528 3168 640 3225 lum
686 3167 975 3224 instituere
1029 3165 1248 3228 fuerant
1291 3167 1562 3240 aggressi,
1615 3168 1710 3222 sed
1755 3165 1920 3226 Turci
1963 3166 2122 3236 hujus

531 3261 746 3320 aediﬁcii
779 3260 1049 3338 principia
1105 3260 1584 3322 vehementissimo
1623 3260 1825 3332 impetu
1871 3259 2121 3322 turbave-

531 3364 682 3410 runt.
712 3353 1010 3427 Repentino
1048 3367 1178 3432 ergo
1223 3362 1442 3426 nostros
1479 3352 1838 3425 pervadentes
1864 3352 2122 3420 ,iucursu,

536 3454 687 3519 terga
730 3461 825 3506 eos
867 3456 1080 3508 vertere
1105 3455 1434 3522 coegerunt.
1481 3445 1746 3517 plurimos
1781 3447 2124 3513 occiderunt,

536 3539 681 3596 diem
711 3538 952 3602 Francis.
967 3539 1252 3612 lugubrem
1275 3539 1599 3614 intulerunt.

609 3631 802 3699 Turci,
856 3633 1148 3703 irruptiane
1193 3632 1368 3703 facta,
1405 3649 1442 3690 ι
1489 3632 1801 3696 Christianis
1849 3631 2128 3692 nonnullos

536 3725 1362 3796 interﬁciunt.—=Comperiuut
1408 3727 1668 3796 postridie
1714 3726 1874 3784 Τυτοί
1917 3729 2131 3798 aliquos

539 3817 847 3888 principum
906 3815 1175 3874 obsidioni
1226 3816 1454 3881 deesse,
1503 3824 1561 3872 et
1599 3816 1745 3886 quod
1796 3816 1864 3874 ad
1913 3829 2127 3887 portum

542 3908 728 3966 Sancti
785 3907 1058 3968 Simeonis
1100 3909 1372 3974 abissent;
1413 3908 1592 3972 multo
1633 3919 1902 3980 apparatu
1949 3924 2009 3964 se
2053 3909 2134 3964 in-

541 4009 763 4059 struunt
785 4009 949 4071 atque
976 4016 1006 4056 a
1037 4011 1195 4072 portu
1236 4000 1590 4056 redeuntibus
1613 4001 1794 4060 subito
1807 4009 2130 4059 occurrunt.

542 4091 787 4162 Cumque
821 4091 1072 4150 comitem
1101 4107 1164 4148 ac
1187 4089 1556 4146 Boemundutn
1593 4107 1714 4144 cum
1767 4090 1986 4152 militari
2025 4091 2135 4146 fre-

544 4184 771 4254 quentia
793 4185 1088 4238 adventare
1121 4183 1518 4254 conspicerent,
1550 4195 1768 4252 cepere
1792 4183 2054 4246 stridores
2079 4194 2134 4240 et

545 4277 783 4349 garritus
827 4275 969 4330 ftede
1007 4276 1168 4330 nimis
1214 4274 1606 4330 conclamando
1653 4274 1920 4339 emittere,
1963 4277 2134 4331 unde-

545 4386 760 4442 cunque
790 4383 1004 4426 nostros
1042 4369 1272 4436 ambire,
1298 4368 1554 4440 jaculari,
1579 4369 1861 4438 sagittare,
1895 4367 2126 4422 vulneri-

548 4465 650 4520 bus
676 4464 843 4519 etiam
885 4462 1102 4518 inﬂictis
1123 4465 1456 4519 truculeuter
1484 4461 1751 4517 occidere.
1785 4458 1958 4516 Tanta
1984 4475 2138 4518 natu-

549 4573 656 4626 que
692 4556 794 4612 fuit
829 4570 1016 4612 eorum
1053 4555 1370 4627 irruptionis
1411 4555 1704 4622 acerbitas,
1746 4563 1806 4608 ut
1839 4554 2016 4627 nostri
2046 4555 2140 4608 vix

552 4624 896 4704 elaberentur
941 4662 1040 4716 per
1089 4624 1342 4719 contigua
1393 4657 1646 4702 montana
1697 4624 2036 4716 pracipites,
2083 4655 2139 4700 et

555 4752 766 4808 quaqua
796 4747 1230 4806 versumpatere
1274 4737 1541 4810 potuisset
1571 4751 1846 4792 excessus.
1887 4736 1989 4804 Qui
2037 4752 2134 4806 po-

556 4831 660 4886 tuit
685 4829 862 4900 aliqua
887 4828 1152 4894 volucres,
1182 4840 1240 4885 ut
1266 4831 1346 4886 sic
1373 4830 1624 4894 dixerim,
1655 4844 1825 4898 equos
1863 4830 2138 4886 celeritate

553 4921 716 4998 4.03
747 4921 1114 4994 prietergredi,
1138 4924 1340 4986 evasit;
1369 4923 1413 4977 si
1451 4937 1613 4993 quem
1642 4921 1860 4990 gentilis
1877 4923 2136 4984 alacritas

557 5017 760 5088 reperit
786 5015 1117 5086 segniorem,
1140 5014 1410 5070 occubuit.
1437 5013 1495 5072 In
1517 5015 1621 5070 hac
1642 5021 1816 5079 tanta,
1845 5029 1963 5084 qua:
1985 5025 2136 5085 puta-

554 5112 738 5176 batur,
785 5109 1128 5178 calamitate,
1171 5116 1482 5165 nostrorum
1530 5089 1889 5164 milienaiium
1939 5109 2138 5164 mortui

553 5218 884 5274 superavere
930 5218 1235 5262 numerum.
1281 5201 1427 5269 Quos
1453 5200 1574 5258 fidei
1607 5201 1914 5262 testimonio
1943 5202 2137 5272 proba-

557 5298 711 5359 biles,
746 5296 897 5365 juxta
941 5299 1280 5370 Apostotum,
1327 5295 1577 5354 inventos
1617 5291 1700 5365 (Il
1745 5292 1885 5352 Tim.
1936 5311 1994 5360 ιι,
2025 5295 2136 5368 15),

559 5390 794 5461 gloriosa
811 5401 1160 5459 .postneoem
1193 5397 1523 5460 exceperunt
1550 5386 1768 5458 praemia
1805 5388 2139 5456 passionum,

561 5475 792 5550 quibus,
839 5483 883 5535 si
926 5496 1060 5552 quas
1114 5497 1333 5538 necesse
1380 5481 1543 5540 fuerit
1596 5488 1944 5550 peccatorum
1995 5481 2143 5538 luere

561 5589 774 5676 paruas,
805 5573 916 5629 sola
961 5575 1240 5644 sanguinis
1266 5575 1696 5636 effusio-omnem
1742 5575 1842 5632 fuit
1877 5577 2140 5647 potentis.-

565 5668 699 5792 ἐμω
723 5681 955 5740 purgare
980 5675 1209 5721 reatum.

2222 3189 2459 3230 sumere.

2295 3263 2469 3319 Tanta
2493 3272 2675 3318 autem
2705 3263 2867 3334 hujus
2897 3261 3198 3319 redhibitio
3229 3260 3405 3319 credis
3424 3255 3678 3314 exstitisse
3699 3264 3769 3325 co-

2225 3359 2530 3431 gnoscitur,
2562 3367 2620 3412 ut
2661 3355 3000 3428 Pbarpharis
3038 3356 3181 3410 unda
3219 3354 3411 3427 potius
3436 3347 3631 3430 cruoris
3647 3356 3766 3420 quatit

2225 3449 2402 3505 laticis
2458 3457 2762 3522 putaretur.
2813 3447 3001 3503 Tantis
3058 3441 3270 3506 ibidem
3319 3445 3452 3501 victi
3490 3441 3768 3513 victoresqtge

2228 3557 2596 3612 concrepuere
2629 3540 2980 3610 clamoribus,
3013 3549 3161 3618 tanta
3191 3528 3766 3614 pereuntiumpetiisti!le

2231 3635 2564 3709 cogentium,
2621 3644 2841 3705 tamque
2867 3633 3126 3690 terribilis
3157 3631 3436 3692 vocalitas
3465 3623 3747 3704 ferebatur!

2230 3727 2436 3798 pulsari
2491 3725 2808 3797 strepitibus
2837 3724 3098 3780 cmiordm
3121 3723 3463 3802 supremitas
3489 3714 3760 3802 crederetur.

2236 3818 2460 3875 Crebris
2485 3817 2715 3873 telorum
2741 3817 3001 3893 jactibus,
3043 3799 3378 3888 exterisque
3415 3807 3678 3890 missilibus
3693 3799 3760 3854 lie-

2234 3914 2328 3969 bat
2364 3911 2578 3968 nubilus
2602 3927 2720 3978 aer,
2745 3911 2998 3984 globique
3020 3913 3218 3966 solaris
3241 3897 3487 3982 Claritas.
3513 3898 3757 3984 jaculortnil

2236 4006 2538 4060 errantium
2573 3983 2868 4059 interstitio
2891 4005 3192 4076 tegebatur.
3227 4002 3482 4064 Mulieres
3503 3991 3638 4066 urbis
3657 3983 3752 4076 ίωβί·

2236 4114 2408 4170 gente,
2434 4075 3035 4168 Cht'istianaz'quidem,
3063 4097 3209 4152 circa
3244 4095 3387 4164 muri
3417 4075 3754 4165 propugnaculi

2238 4189 2551 4259 spectaculo
2593 4187 2900 4257 ltujusmodi
2953 4188 3346 4259 pascebantur,
3378 4193 3431 4240 et
3458 4172 3753 4252 dum

2237 4283 2450 4352 perimi,
2487 4290 2671 4352 totque
2716 4285 2972 4338 aerumnis
3001 4284 3176 4356 addici
3233 4275 3584 4356 prospiciunt,
3607 4261 3756 4356 atacie

2239 4374 2518 4442 ingemunt
2545 4391 2558 4427 :
2585 4375 2680 4428 sed
2705 4376 2912 4430 aversis
2939 4351 3173 4431 vultibus
3189 4351 3516 4430 Francorum
3533 4352 3749 4434 prosperis

2239 4463 2524 4518 eventibus
2584 4463 2819 4519 latenter
2873 4466 3226 4538 applaudunt.
3267 4445 3593 4534 Cogebantur
3614 4455 3750 4538 auletll

2238 4555 2480 4609 Armenii
2509 4570 2574 4610 ac
2606 4555 2753 4627 Syri,
2779 4533 2924 4612 cum—
2942 4533 3132 4614 essent
3162 4533 3472 4616 Christiani,
3494 4547 3681 4622 sagittas
3699 4533 3744 4588 ad

2239 4654 2457 4700 nostros
2480 4645 2752 4713 emittere,
2783 4647 3005 4716 quidam
3035 4658 3215 4703 autem
3241 4664 3308 4704 ex
3332 4644 3476 4716 ipsis,
3505 4646 3550 4693 et
3570 4632 3745 4700 idil’w'“

2241 4737 2514 4793 faciebant
2535 4750 2745 4809 sponte.
2775 4739 3158 4796 Occubueruut
3183 4741 3444 4812 siquidem
3469 4731 3571 4788 istic
3594 4719 3741 4812 duode‘

2241 4831 2348 4886 cim
2377 4832 2443 4886 de
2467 4846 2654 4886 eorum
2679 4832 3008 4902 primoribus
3037 4834 3159 4899 viri,
3191 4811 3325 4904 quos
3341 4829 3494 4886 verbo
3515 4811 3742 4904 Chaldaiw

2249 4935 2517 4995 satrapas,
2571 4926 2866 4981 secundum
2900 4942 3089 4982 eorum
3129 4902 3427 5001 barbariem
3453 4902 3736 5001 admiraris)s

2249 4994 2456 5080 dicunt,
2523 5014 2720 5086 aliique
2769 5016 3122 5087 quamplures
3173 5018 3241 5073 de
3277 4995 3440 5090 magi§
3481 4994 3737 5082 Ρτπάίίίδπ

2247 5105 2627 5163 solertioribus
2672 5109 2911 5178 ipsorum
2943 5111 3212 5181 personis,
3259 5110 3442 5180 quibus
3465 5107 3556 5155 tota
3579 5093 3732 5186 incutit-

2243 5199 2410 5255 bebat
2441 5201 2686 5257 defensio
2737 5203 2994 5259 civitatis.
3023 5205 3126 5272 Qui
3151 5204 3451 5260 ferebantur
3474 5189 3596 5250 mille
3613 5185 3732 5272 etsti-

2248 5293 2379 5348 tisse
2406 5294 2706 5365 quingenti.
2758 5297 2859 5364 Qui
2891 5313 3020 5354 vero
3057 5299 3180 5355 huic
3211 5295 3402 5354 residui
3436 5277 3566 5346 tum
3587 5270 3723 5365 exitio,

2231 5385 2468 5450 .nostris,
2493 5386 2569 5439 uti
2605 5397 2730 5441 ante
2778 5401 3190 5454 consueverant,
3225 5388 3466 5444 insultare
3499 5363 3724 5432 desierunt.

2248 5478 2393 5534 nulla
2445 5495 2631 5534 eorum
2662 5483 2973 5552 garrulitas,
3012 5485 3086 5538 nil
3116 5485 3364 5554 deinceps
3390 5469 3580 5535 scurrile
3599 5469 3720 5532 at)?"

2250 5577 2380 5642 ruit,
2413 5577 2530 5632 dies
2564 5578 2668 5633 ista
2701 5580 3034 5642 ,diuturnum
3060 5581 3274 5638 illorum
3306 5558 3720 5654 gaudiummimw

2239 5667 2500 5724 mutavit.
3313 5659 3316 5662 ’
