2006 3173
743 138 771 147 α

87 181 149 211 τιὸ

88 239 166 275 Ergo
178 242 371 273 superveniens
385 242 448 269 nox,
464 235 559 271 vulgus
572 239 716 270 utrumque
727 236 846 269 diremit,

88 284 312 318 Destiterantque
325 289 430 314 manus,
450 282 548 309 animis
561 282 725 317 agitantibus
739 289 825 309 arma.
866 289 881 311 3

126 330 159 358 lu
183 334 287 357 tantqu
302 333 393 357 autem
411 328 468 356 haec
490 328 590 356 nostris
606 327 706 363 profuit
725 328 835 355 victoria
851 331 882 356 ut.

87 382 231 410 nunquam
246 373 358 401 ulterius
370 378 474 401 tantum
489 373 593 402 roboris
608 380 640 400 ac
651 373 747 401 virium
760 373 882 401 videren-

88 425 136 447 tur
153 420 263 452 habere,
288 426 437 454 eorumque
461 426 512 447 vox
536 419 732 447 eonticescerct
749 419 879 447 irrisoria.

86 465 179 495 Porro
198 464 281 492 etiam
296 464 331 492 de
345 464 447 496 multis,
470 472 584 499 quorum
600 462 709 492 nostros
720 464 882 492 necessitate

87 509 238 538 constabat
250 509 353 545 urgeri,
375 509 477 539 affatim
491 509 595 539 refecta
617 514 670 544 est,
683 510 738 538 Deo
752 510 880 546 propitio,

85 555 251 590 indigentia.

124 600 241 630 Postero
264 601 348 637 igitur
363 601 407 629 die
418 608 480 629 cum
501 601 655 635 diluxisset,
669 600 821 628 Turcorum
834 600 882 628 ali-

86 647 137 682 qui
152 648 185 676 de
198 648 264 677 urbe
278 648 421 684 prodeunt,
438 652 606 676 mortuorum
620 655 732 676 suorum
746 648 881 676 cadavera

83 694 231 729 colligunt,
241 694 365 730 quaedam
378 695 486 730 quidem
499 702 640 730 reperere;
656 695 708 723 alia
719 702 796 727 vero,
810 695 880 723 intra

83 740 211 769 ﬂuminis
234 741 339 769 alveum
360 746 456 770 enecta
481 742 641 777 disperiere,
657 742 881 777 etquazinvenire

82 785 214 823 contigit,
224 787 258 815 ad
271 786 363 814 fanum
383 795 461 815 suum
471 788 544 823 quod
556 787 762 815 Mathomariam
772 792 878 822 vocant,

83 833 160 861 ultra
186 838 295 869 pontem
320 833 534 869 Pharpharicum
556 834 698 870 sepeliere,
727 833 760 861 ad
772 838 880 869 portam

82 879 252 908 Antiochizc.
284 879 313 907 in
335 887 451 915 quorum
479 880 590 908 tumulis
606 888 766 916 'reposuere
785 880 877 915 pallia,

627 176 740 206 GESTA
761 177 817 206 DE!
833 176 901 205 PER
914 175 1083 206 FRANCOS.
1095 191 1130 198 —
1146 176 1210 205 LIB.
1230 177 1278 207 Ν.

1665 180 1729 211 ἀὖ

894 234 1034 267 Αιιιυοτὶε
1059 235 1187 263 instantia
1216 237 1281 271 quid
1308 236 1375 264 mihi
1402 236 1578 272 imposterum
1595 238 1727 270 utilitatis.

932 279 1092 315 obtingeret,
1109 287 1159 315 ego
1173 281 1353 309 sollicitudine
1372 283 1546 317 competenti,
1560 275 1727 313 domestico?

933 333 993 352 rum
1008 333 1129 353 nieorum
1145 327 1323 360 contubernio
1344 327 1438 361 fultus,
1463 329 1532 355 idem
1547 334 1666 357 castrum
1678 338 1722 357 sa-

932 376 1052 408 tagerem
1079 374 1221 408 roberare,
1248 379 1276 402 et
1290 376 1349 404 vias
1365 384 1414 411 per
1437 384 1505 412 quas
1523 377 1614 405 hostes
1634 379 1722 405 nostri

931 420 1096 455 procedendi
1112 420 1200 448 solent
1213 421 1315 449 habere
1328 422 1477 455 licentiam,
1494 423 1548 451 Deo
1561 424 1721 458 auxiliante,

932 465 1052 494 conabor
1065 466 1221 494 occludere.
1237 476 1246 493 ι
1261 466 1344 501 Cujus
1367 468 1504 504 principes
1519 469 1647 497 benevola
1662 470 1723 497 illa-

931 511 1004 539 tione
1029 512 1127 547 gavisi,
1146 513 1281 548 spondent
1296 513 1423 542 continuo
1444 522 1474 543 se
1492 515 1579 543 eidem
1589 516 1721 551 praebitu-

931 565 977 585 ros
993 558 1208 594 quadringentas
1223 559 1350 588 marchas
1373 560 1490 595 argenti.
1506 560 1589 596 Egre
1601 562 1648 590 tali
1660 559 1722 599 prol

931 604 1025 638 misso,
1037 605 1100 640 quia
1111 606 1144 633 ad
1155 605 1334 640 quantitatem
1345 606 1428 634 studii
1439 606 1576 635 videretur
1583 608 1722 646 exiguum,

932 649 1091 678 Taneredus
1117 651 1245 679 assensit.
1269 651 1407 686 Attamen,
1426 652 1450 680 si
1463 652 1609 683 desisteret
1622 661 1656 681 ne
1675 655 1723 682 de-

931 702 1074 733 putaretur
1097 698 1214 731 inertite,
1244 698 1382 733 equitibus
1404 703 1487 734 atque
1506 699 1661 733 clientibus.
1675 701 1723 738 qui

931 743 982 771 sibi
1008 743 1182 772 familiariter
1207 745 1392 779 adhaerebant,
1416 746 1560 774 confestim
1575 750 1602 774 et
1614 746 1722 775 indubi—

931 793 1022 817 tanter
1031 790 1190 825 assumptis,
1200 790 1350 818 dominium
1377 791 1480 819 castelli
1493 792 1619 825 obtinuit,
1634 792 1721 820 facul-

931 838 1014 862 tatem
1026 835 1183 870 egrediendi
1195 840 1272 864 extra
1294 836 1370 865 urbis
1384 841 1477 873 portas
1491 837 1615 865 hostibus
1626 837 1721 865 abstu-

930 880 973 914 lit,
999 881 1202 917 maximamque
1222 891 1317 911 eorum
1342 890 1403 918 quae
1417 884 1451 911 ad
1475 890 1607 923 equorum
1622 883 1723 918 pabula.

83 924 243 961 Byzanteos
273 933 380 959 aureos,
407 925 521 961 sagittas
536 930 563 954 et
578 933 669 959 arcus,
681 925 811 961 pluraque
825 925 878 953 alia
892 922 917 952 Β
929 927 1068 963 pertinent
1083 928 1236 963 penuriam,
1257 928 1393 964 lignorum
1408 929 1491 957 etiam
1504 922 1723 965 ceterorumque

83 970 232 1004 utensilia,
259 978 320 1006 quae
341 971 494 1006 exprimere
518 970 728 1007 supersedimus.
759 970 878 1004 Quarum

83 1008 325 1045 inferiarum'cum
340 1018 374 1045 ad
385 1021 493 1045 nostros
509 1018 661 1045 devenisset
683 1016 789 1051 notitia,
802 1016 879 1045 fune-

83 1068 163 1092 stum
177 1063 364 1092 etemeterium
380 1063 456 1098 illud,
472 1063 556 1091 multo
570 1071 708 1091 armorum
721 1063 782 1091 freti
799 1070 880 1098 appa-

82 1111 165 1142 ratu,
201 1107 315 1141 adeunt,
344 1107 492 1144 fractisque
518 1107 652 1143 sepulcris
681 1108 739 1135 erui
766 1115 880 1142 corpora

80 1153 189 1182 exinde
208 1154 389 1189 praecipiunt,
405 1154 532 1189 factaque
556 1154 682 1189 congerie
697 1154 724 1181 in
739 1153 879 1188 cujusdam

82 1200 174 1228 foveae
189 1200 244 1227 ima
256 1200 412 1228 devolvunt.
434 1200 554 1234 Quorum
568 1200 703 1235 capitibus
719 1192 809 1227 tamen
821 1207 880 1227 am-

82 1246 201 1283 putatis,
216 1247 250 1274 ad
263 1254 311 1275 sua
323 1254 357 1275 ea
374 1246 512 1281 deportari
541 1247 630 1274 fecere
647 1247 772 1279 tentoria,
784 1251 880 1282 quate-

82 1300 140 1320 nus
152 1300 249 1320 eorum
275 1293 322 1328 qui
348 1293 542 1327 occubuerant,
559 1294 715 1328 supputatio
734 1293 880 1321 haberetur

83 1343 178 1372 certa,
203 1339 324 1374 exceptis
351 1343 468 1374 quatuor
495 1346 627 1374 equorum
651 1339 790 1373 oneribus,
818 1346 880 1374 qua:

83 1389 297 1421 asportaverant
311 1385 482 1420 imperatoris
493 1384 647 1421 Babylonici
659 1384 751 1419 legati,
767 1389 880 1420 patrata:

84 1431 197 1460 scilicet
216 1436 311 1459 contra
340 1430 446 1458 Tureos
476 1431 597 1458 victoria
625 1431 788 1458 testimonia.
815 1431 895 1464 Quae

85 1478 176 1506 Turci
201 1478 384 1511 attendentes,
411 1477 495 1505 multo
510 1478 608 1512 aegrius
624 1477 710 1505 tulere
726 1478 759 1505 de
773 1477 881 1512 exposi-

88 1523 166 1552 tione
180 1525 344 1552 cadaverum
359 1531 439 1559 quam
465 1524 582 1551 tulerant
595 1531 676 1559 super
689 1523 880 1551 interfectione

85 1571 223 1606 ipsorum.
238 1570 296 1598 Non
307 1570 381 1598 enim
393 1569 449 1605 jam
458 1569 614 1598 maestitiam
634 1569 763 1597 modestis
773 1568 880 1597 fletibus

930 974 1049 1007 utilium,
1062 974 1207 1009 plurimam
1219 974 1361 1002 raritatem
1375 974 1483 1002 indixit.

966 1018 1059 1053 itaque
1082 1018 1125 1046 vir
1148 1019 1290 1054 egregius,
1316 1022 1525 1059 perseveranter
1547 1026 1722 1058 commanere

931 1062 1029 1098 delegit
1055 1063 1167 1097 ibidem,
1193 1068 1221 1091 et
1247 1064 1395 1092 subtractis
1413 1063 1610 1098 commeatibus
1637 1064 1722 1099 coepit

930 1108 1156 1144 circumcingere,
1183 1109 1238 1137 imo
1255 1110 1482 1145 obstruere'omni
1497 1110 1637 1146 vigilantia
1657 1110 1722 1137 civi-

930 1158 1025 1182 tatem.
1044 1154 1103 1190 ipsa
1130 1159 1220 1183 autem
1235 1155 1278 1184 die
1300 1163 1352 1191 qua
1368 1156 1440 1185 idem
1455 1161 1575 1185 castrum
1587 1152 1720 1190 subierat,

930 1207 1027 1235 magna
1055 1199 1210 1235 frequentia
1224 1200 1417 1229 Armeniorum
1432 1205 1514 1237 atque
1524 1194 1655 1239 Syrorum
1672 1208 1721 1236 per

930 1249 1057 1272 montana
1071 1246 1207 1279 veniebat,
1224 1253 1284 1281 quae
1302 1245 1421 1277 obsessae
1434 1241 1538 1275 civitati
1550 1247 1721 1275 diversorum

930 1290 1121 1331 alimentorum
1140 1291 1274 1326 stipendia
1289 1291 1468 1319 convehebat.
1484 1292 1587 1325 Quibus
1599 1292 1721 1327 optimus

930 1336 975 1364 ille
987 1344 1083 1372 eques,
1110 1340 1140 1364 ut
1152 1336 1233 1365 oﬂieii
1250 1337 1331 1372 coepti
1350 1345 1496 1374 prosperos
1508 1338 1621 1371 haberet
1635 1346 1719 1367 even-

931 1386 985 1416 tus,
1000 1390 1053 1410 non
1070 1386 1124 1410 tam
1139 1387 1213 1410 sorte
1226 1391 1306 1418 quam
1322 1383 1378 1411 Deo
1388 1383 1539 1420 ingerente,
1555 1383 1587 1416 fit
1599 1384 1721 1418 obviam,

930 1432 958 1456 et
972 1428 1161 1464 apprehensis,
1189 1429 1303 1456 multam
1329 1428 1469 1464 frumenti,
1488 1430 1544 1458 vini
1561 1434 1643 1466 atque
1654 1429 1720 1464 olei,

930 1475 1101 1511 aliorumque
1127 1483 1182 1504 non
1203 1476 1293 1503 minus
1308 1476 1526 1504 necessariorum
1541 1476 1654 1512 diripuit
1674 1483 1721 1505 co-

929 1521 1012 1558 piam.
1027 1520 1148 1556 Necjam
1165 1521 1208 1549 vir
1222 1521 1310 1550 bonus
1332 1522 1463 1557 conqueri
1478 1522 1575 1558 potuit,
1587 1530 1649 1562 cum
1664 1528 1722 1550 tam

929 1567 975 1603 pio
987 1572 1163 1595 exerceretur
1187 1567 1295 1603 negotio
1310 1567 1441 1595 divinitus
1460 1575 1519 1595 sese
1534 1567 1658 1601 oblitum,
1673 1568 1722 1596 sed

88 1616 292 1653 temperabant,
307 1616 356 1645 sed
369 1615 472 1651 pudore
484 1623 603 1649 recusso,
625 1608 768 1651 ejuiatibus
781 1615 878 1651 predi-
893 1610 914 1642 G
930 1613 958 1641 in
984 1613 1035 1640 hac
1056 1613 1258 1648 quamprimum
1284 1612 1392 1641 fortuna
1419 1613 1530 1641 edidicit
1547 1612 1619 1649 quod
1633 1620 1722 1648 neque

87 1663 203 1696 cabaut.

124 1707 219 1737 Tertia
243 1708 341 1737 abhinc
366 1709 410 1737 die
437 1712 557 1737 castrum
575 1707 718 1744 praefatum
745 1706 880 1735 aedificare

87 1761 252 1792 creperum,
274 1763 308 1783 ex
330 1755 373 1784 his
399 1755 527 1784 videlicet
551 1754 684 1791 lapidibus
704 1753 787 1791 404
811 1761 879 1789 quos

84 1802 184 1831 fractis
195 1802 335 1838 gentiliqu
350 1802 526 1838 sarcophagis
548 1801 675 1829 tulerunt.
689 1800 785 1828 Castro
802 1800 880 1827 deni-

85 1857 141 1886 que
165 1849 307 1884 explicito,
333 1849 414 1884 cmpit
434 1848 491 1883 jam
519 1848 615 1876 civitas
631 1854 691 1884 quae
704 1846 880 1875 obsidebatur

85 1894 203 1928 arctari,
228 1894 256 1922 in
282 1898 384 1922 tantum
398 1899 429 1923 ut
442 1894 476 1927 is,
503 1901 583 1930 quem
598 1893 701 1928 pridem
716 1893 877 1928 habuerant,

83 1942 143 1978 jam
165 1939 300 1975 inciperet
326 1944 416 1982 tumor
433 1940 544 1968 omnino
555 1938 654 1968 retiari.
668 1938 774 1967 Nostris
788 1942 879 1966 autem

85 1988 173 2017 libera
190 1986 287 2023 quovis
306 1987 388 2015 eundi
405 1988 579 2024 aperiebatur
593 1986 720 2020 facultas,
734 1990 878 2014 montanu-

86 2043 149 2063 rum
162 2037 259 2072 etiam,
273 2038 410 2073 quondam
424 2038 556 2072 diiliciles,
570 2042 735 2074 opportunas
750 2036 878 2072 deinceps

86 2081 211 2111 habuere
230 2084 264 2113 ad
279 2085 424 2120 quaerenda
441 2085 570 2115 victualia
584 2085 704 2113 semitas.
725 2084 809 2120 Igitur
819 2091 878 2112 om-

85 2126 168 2156 nibus
181 2135 398 2165 quaquaversum
411 2130 462 2158 viis
474 2126 624 2158 Turcorum
636 2130 746 2158 utilitati
762 2129 877 2165 praelu-

85 2173 137 2206 sis,
152 2174 277 2209 quaedam
290 2183 355 2211 pars
375 2184 391 2203 a
413 2175 536 2209 flumine,
552 2175 597 2204 ubi
614 2179 747 2208 castrum,
762 2179 790 2202 et
799 2174 877 2209 juxta

85 2223 209 2247 castrum
224 2219 276 2248 sita
288 2225 349 2249 erat
361 2221 493 2254 Ecclesia,
502 2220 708 2256 possibilitatem
718 2220 808 2248 exitus
820 2220 878 2248 sive

85 2264 219 2297 introitus
233 2266 322 2297 adhuc
332 2271 461 2305 praestare
472 2266 625 2295 videbatur.
642 2265 719 2299 Quod
730 2266 752 2293 si
766 2265 876 2304 quidem

85 2320 221 2347 castrum.
233 2323 294 2344 cum
309 2319 409 2344 nostrae
419 2318 491 2343 esset
501 2314 597 2349 partis,
607 2312 630 2340 si
643 2311 738 2339 fuisset
752 2318 767 2338 a
777 2310 877 2338 nostris

86 2363 196 2398 integre
209 2362 416 2395 communitum,
451 2360 552 2388 frustra
568 2359 625 2395 jam
641 2357 757 2386 hostium
778 2355 877 2391 aliquis

86 2409 239 2445 prodeundi
258 2408 409 2438 libertatem
430 2408 606 2442 praesumeret
620 2408 763 2432 attentare.
777 2401 876 2430 Conci-
894 2429 898 2434 ,

86 2454 123 2485 lio
143 2454 236 2492 itaque
258 2460 385 2491 proceres
407 2456 513 2484 coacto,
530 2450 557 2477 id
571 2455 698 2484 reperere
719 2446 835 2478 consilii,
849 2449 878 2474 ut

86 2508 173 2533 unum
187 2508 204 2528 e
218 2500 276 2528 suis
298 2499 410 2535 eligant,
431 2498 477 2533 qui
489 2496 573 2525 castri
596 2494 727 2524 custodiae
742 2493 875 2529 praeficias

86 2553 140 2582 tur,
166 2546 285 2581 sollicite
305 2545 426 2578 muniat,
454 2542 571 2572 ﬁdeliter
598 2544 719 2573 tueatur,
744 2543 879 2574 quatenus

85 2594 176 2625 onmis
198 2598 366 2630 paganorum
385 2588 571 2624 oberrantium
588 2594 635 2621 per
647 2589 753 2614 montes
766 2588 793 2611 et
804 2590 880 2616 cam-

87 2646 136 2673 pos
157 2644 290 2671 excursus
313 2634 477 2671 omnimodis
502 2633 683 2664 abstineatur,
700 2629 790 2659 aditus
811 2634 878 2656 vero

88 2686 131 2713 vel
144 2685 236 2713 exitus
251 2684 326 2712 urbis
342 2681 522 2715 nihilominus
534 2678 720 2707 abscindatur.

122 2731 248 2765 Cumque
262 2736 377 2764 persona
390 2731 464 2755 tanto
477 2725 586 2762 negotio
601 2723 701 2759 passim
715 2729 764 2757 per
778 2719 879 2756 princi-

86 2786 136 2816 pes
160 2777 361 2813 disquireretur
386 2775 499 2807 idonea,
526 2771 683 2813 Tancredus
714 2768 778 2816 ille,
789 2766 835 2803 qui
851 2766 879 2795 in

86 2814 168 2855 bellis
176 2823 326 2854 Dominicis
336 2822 443 2851 titulum
450 2818 635 2855 sagacissime
645 2816 726 2851 juven
731 2814 794 2844 tutis
809 2819 881 2848 nunc

86 2878 177 2912 usque
191 2873 352 2901 meretur-et
365 2867 478 2901 meruit.
499 2864 617 2912 propriae
629 2860 782 2912 vivacitatis
797 2858 882 2912 impii:

86 2903 171 2962 υρῇι.
196 2916 271 2949 illico
290 2915 392 2955 erupit,
413 2913 508 2945 dicem
525 2921 533 2944 ι
553 2921 563 2943 t
590 2910 620 2943 Si
634 2908 733 2942 scirem
748 2912 798 2947 pro
814 2903 883 2938 tanti

253 2976 391 3017 Parant.
410 2971 519 3011 CLVI.

930 1666 1048 1694 unquam
1074 1658 1158 1686 nimie
1186 1658 1372 1694 corporalibus
1399 1659 1545 1694 indigeret,
1572 1662 1600 1686 et
1623 1658 1722 1693 deinde

929 1703 1038 1733 fructus
1063 1705 1236 1737 aeternitatis,
1267 1708 1329 1740 post
1342 1704 1400 1740 ipsa
1421 1705 1511 1738 carnis
1524 1704 1657 1735 subsidia,
1669 1704 1723 1732 sibi

929 1758 982 1779 non
999 1750 1108 1778 deesset
1129 1750 1164 1779 ad
1177 1750 1273 1779 Deum.
1290 1750 1357 1778 Erat
1371 1750 1464 1786 itaque
1479 1749 1586 1783 Turcis,
1599 1750 1722 1787 quolibet

929 1800 1006 1824 extra
1018 1804 1110 1831 muros
1127 1796 1219 1829 eundi,
1235 1797 1292 1824 sive
1303 1796 1424 1832 gerendi,
1436 1796 1544 1832 penitus
1557 1795 1723 1837 circumclu-

929 1850 958 1870 sa
970 1843 1105 1878 potentia,
1120 1843 1216 1879 hisque
1232 1850 1292 1878 quae
1310 1843 1381 1871 infra
1400 1843 1476 1884 urbis
1489 1843 1589 1883 mlcenia
1605 1842 1722 1879 reperiri

929 1894 1066 1926 poterant,
1083 1890 1252 1927 cogebantur
1265 1897 1326 1921 esse
1334 1889 1466 1924 contenti,
1482 1891 1568 1930 donec
1577 1893 1723 1927 caperetur

928 1934 1082 1964 Antiochia.

1228 1980 1343 2010 CAPUT
1363 1981 1419 2010 Vl].

965 2027 1048 2065 [XV.]
1066 2026 1217 2058 Christiana
1229 2029 1312 2064 pietas
1323 2029 1350 2056 in
1362 2033 1456 2056 castris
1467 2028 1620 2063 vigebat.—
1630 2027 1659 2055 In
1669 2027 1721 2055 hac

928 2074 985 2109 ipsa
996 2075 1138 2103 obsidione
1149 2082 1263 2111 magnus
1276 2075 1512 2110 Christianmlegis
1522 2074 1719 2109 exstititvigor,

928 2124 958 2148 ut
972 2120 995 2149 si
1010 2119 1128 2155 aliquem
1154 2119 1319 2155 quibuslibet
1337 2120 1461 2147 convinci
1479 2119 1640 2147 criminibus
1653 2125 1719 2145 cou-

928 2166 1053 2198 stitisset,
1075 2165 1216 2193 acerrimae
1241 2165 1384 2192 sententiae
1404 2159 1560 2199 principum
1583 2162 1721 2190 exercitus

926 2210 1050 2247 judiciali
1069 2218 1184 2239 censura
1207 2211 1405 2238 succumberet.
1422 2210 1525 2236 Praeter
1545 2210 1601 2236 haee
1616 2212 1718 2240 autem,

930 2256 1084 2291 specialiter
1094 2256 1245 2292 corporalis
1258 2256 1434 2290 impudicitia:
1445 2254 1543 2288 ﬂagitia
1553 2253 1720 2288 jubebantur

891 2294 917 2326 Ι)
931 2300 1039 2333 ulcisci;
1056 2308 1107 2328 nec
1122 2300 1148 2327 id
1164 2300 1309 2327 immerito.
1329 2300 1379 2332 Qui
1391 2299 1463 2327 enim
1479 2298 1598 2333 penuriis
1614 2296 1719 2324 ambie-

931 2347 1031 2374 bantur
1045 2345 1195 2378 atrocibus,
1222 2346 1267 2379 qui
1289 2345 1409 2379 quotidie
1427 2344 1559 2377 hostium,
1580 2343 1632 2370 nisi
1649 2342 1720 2370 Deus

932 2396 1095 2428 protegeret,
1124 2391 1285 2419 videbantur
1296 2396 1389 2426 patere
1404 2390 1588 2421 mucronibus,
1604 2389 1646 2416 his
1658 2396 1722 2423 pro-

933 2439 1004 2467 fecto
1015 2438 1104 2466 nullus
1116 2437 1313 2465 rationabiliter
1323 2437 1453 2465 debuerat
1467 2435 1551 2470 ingeri
1567 2434 1722 2469 petulantia).

931 2485 1073 2521 cogitatus.
1097 2485 1129 2512 Et
1140 2484 1201 2519 quis
1217 2484 1253 2511 ibi
1271 2491 1331 2511 esse
1340 2489 1445 2519 poterat
1460 2484 1549 2511 aditus
1562 2480 1718 2520 voluptatis,

931 2529 978 2557 ubi
990 2533 1050 2557 erat
1073 2528 1229 2556 indesinens
1262 2527 1380 2562 suspicio
1406 2526 1525 2553 mortis?
1550 2524 1626 2551 Unde
1640 2523 1723 2549 fiebat

932 2579 963 2602 ut
976 2574 1012 2603 ibi
1026 2581 1075 2601 nec
1090 2573 1190 2601 mentio
1202 2573 1296 2604 scorti,
1313 2579 1363 2599 nec
1382 2578 1478 2598 nomen
1499 2567 1641 2603 prostibuli
1657 2565 1723 2593 tolc-
1737 2578 1740 2585 η

934 2628 1043 2651 raretur
1054 2620 1158 2652 haberi,
1178 2619 1328 2656 praesertim
1344 2626 1402 2645 cum
1415 2625 1463 2652 pro
1476 2617 1525 2643 hoc
1538 2615 1596 2649 ipso
1610 2612 1723 2644 scelere,

934 2669 1042 2705 gladiis,
1066 2658 1208 2703 gentilium
1236 2667 1292 2692 Deo
1321 2665 1420 2698 judice,
1446 2665 1606 2690 vererentur
1623 2657 1725 2688 addici,

933 2715 1012 2750 Quod
1020 2714 1042 2742 si
1054 2713 1192 2752 gravidam
1207 2711 1322 2739 inveniri
1333 2709 1499 2737 constitisset
1506 2707 1623 2741 aliquam
1630 2711 1725 2755 earum

934 2761 1090 2792 mulierum,
1104 2766 1164 2794 quae
1181 2757 1367 2793 probabantur
1379 2761 1475 2782 carere
1490 2752 1604 2783 maritis,
1624 2752 1727 2778 atroci-v

935 2810 986 2839 bus
1001 2806 1159 2835 tradebatur
1171 2812 1231 2832 cum
1248 2812 1296 2831 suo
1316 2803 1414 2831 lenone
1440 2799 1589 2837 suppliciis.
1604 2794 1728 2830 Contigit
1770 2809 1772 2811 -

936 2856 1041 2885 interea
1072 2851 1217 2889 quemdam
1244 2847 1461 2886 prtctlieatissimi
1477 2845 1597 2876 omnium
1610 2839 1728 2889 cmnobil

937 2886 1111 2938 mouentum,
1137 2897 1184 2938 qui
1208 2894 1368 2928 monasterii
1393 2894 1435 2925 sui
1464 2886 1731 2934 claustrafugacitel

1430 2952 1470 2988 ῦὸ
