3980 6324
596 328 717 415 ἤιε-ι’

1362 341 1424 397 ν.
1465 335 1789 396 GUIBERTI
1825 329 2117 389 ABBATIS
2152 327 2213 387 S.
2256 322 2497 384 MARIIE
2537 321 2627 382 DE
2665 316 3061 381 NOVIGENTO

3682 334 3765 398 "8

595 473 923 529 excesserat,
961 469 1014 515 et
1056 436 1561 525 Jetosolytnttunam
1603 449 2024 519 expeditionem,
2059 459 2164 497 non
2195 448 2241 501 A
2272 459 2293 492 ‹
2341 447 2466 501 stat,
2500 447 2801 507 praesertim
2836 445 2958 487 cum
3006 428 3062 482 hi
3093 426 3186 525 qui
3219 432 3607 494 commonitores
3625 456 3767 515 erant,

593 564 812 633 pietate,
843 555 933 608 sed
965 551 1180 605 levitate
1213 556 1558 616 provocatus,
1592 544 1812 603 inierat,
1840 555 1958 592 cum
1987 538 2165 605 aliqua

594 627 791 707 femina
820 647 891 699 ibi
916 640 1273 712 deprehendi;
1309 635 1485 707 igniti,
1516 634 1568 686 ni
1598 632 1776 696 fallor,
1809 630 1939 684 ferri
1960 627 2169 696 judicio

592 737 861 803 convinci,
892 749 955 789 ac
982 735 1220 792 demum,
1249 726 1537 782 Podiensis
1561 721 1797 795 episcopi
1823 730 2171 775 cancrorum-

590 847 696 902 que
716 835 1008 901 praecepto,
1048 838 1144 893 per
1169 834 1359 875 omnes
1406 826 1712 872 castrorum
1738 813 1887 867 vicos
1918 811 2170 865 miseram

592 925 739 980 illam
791 935 912 975 cum
943 931 1041 972 suo
1071 913 1281 970 amasio
1313 907 1671 971 circumduci,
1716 915 1769 959 et
1791 902 1976 974 ﬂagris
1998 900 2172 955 nudos

591 1021 658 1089 ad
695 1028 959 1074 terrorem
995 1010 1319 1067 intuentium
1347 1003 1619 1061 diris‘sime
1649 998 1945 1055 verberari.

665 1107 857 1185 [XVL]
903 1106 1105 1163 Adhaac
1148 1102 1315 1158 etiam
1345 1108 1405 1154 ut
1431 1095 1784 1169 patientiores
1805 1092 1871 1146 ad
1895 1088 2172 1161 penurias,

593 1182 1105 1275 circumspectiores
1128 1199 1195 1252 ad
1223 1196 1353 1250 vitia
1380 1193 1589 1254 fierent,
1614 1187 1871 1259 praefatus
1893 1182 2176 1239 Podieusis

595 1302 884 1371 episcopus
928 1291 1277 1351 multifariam
1338 1283 1707 1342 exhortationi
1761 1279 2024 1339 vacabat,
2076 1288 2177 1329 nec

597 1368 740 1448 ullus
786 1368 903 1444 dies
948 1383 1281 1447 Dominicus,
1338 1386 1432 1431 aut
1470 1375 1604 1430 festa
1654 1371 1795 1442 apud
1834 1368 2177 1425 Christianos

600 1478 1004 1549 transigebatur
1054 1470 1369 1532 celebritas,
1418 1480 1523 1536 qua
1566 1479 1671 1518 non
1700 1477 1796 1531 per
1816 1472 2061 1530 quosque
2087 1470 2179 1511 ca-

597 1584 834 1629 strorum
864 1564 1090 1637 angulos
1127 1562 1433 1617 divinorum
1481 1556 1769 1610 verborum
1792 1550 2181 1620 praedicaretur

596 1664 914 1722 auctoritas.
969 1654 1358 1728 lnjungebatur
1409 1658 1588 1703 autem
1619 1646 1691 1710 id,
1729 1645 1772 1699 si
1801 1642 1891 1713 qui
1932 1641 2070 1696 forte
2100 1640 2182 1693 in-

596 1756 938 1821 terfuissent,
980 1752 1048 1805 ab
1077 1748 1263 1803 eodem
1286 1742 1534 1814 praesule,
1570 1738 1858 1810 episcopis,
1882 1733 2177 1808 405³1)-

596 1848 837 1913 batibus,
855 1851 950 1901 aut
967 1838 1327 1903 clericalibus,
1350 1849 1471 1906 quae
1493 1832 1811 1889 videbantur
1832 1828 2175 1890 eruditiores,

775 1958 865 1994 118.

775 1958 793 1994 1
848 1978 865 1994 .

597 1956 886 2108 Ρθὶἓὲἶῗλ
917 2028 1093 2083 Fraus
1118 2025 1320 2080 abbatis
1354 2021 1654 2093 cujusdam.
1699 2017 1803 2083 Qui
1842 2025 2018 2069 tamen
2043 2009 2184 2065 mul-

602 2105 712 2184 tum
747 2124 950 2197 profuit
998 2117 1336 2175 Christianis.
1371 2113 1571 2168 Factus
1617 2110 1876 2166 Cttsarete
1915 2105 2180 2175 archiepi-

599 2237 808 2291 scopus.
833 2248 906 2259 —-
936 2216 1165 2287 Dignum
1194 2220 1375 2266 autem
1420 2208 1592 2263 relatu
1621 2205 1754 2260 mihi
1779 2203 2010 2262 videtur,
2034 2213 2183 2269 quo-

601 2314 747 2369 niam
799 2324 859 2365 se
891 2306 1045 2379 operi
1091 2312 1281 2359 nostro
1338 2299 1594 2354 abbatum
1646 2309 1840 2350 nomen
1893 2288 2181 2354 immersit,

601 2402 897 2477 quemdam
950 2398 1027 2453 ibi
1081 2394 1362 2453 exstitisse
1408 2391 1686 2452 abbatem,
1736 2386 1985 2455 quicum
2025 2380 2186 2451 hujus

600 2498 703 2553 viae
730 2495 908 2550 adhuc
931 2491 1074 2546 inter
1106 2502 1204 2543 nos
1238 2491 1570 2540 tractaretur
1600 2480 1836 2544 initium,
1872 2485 1927 2531 et
1957 2490 2013 2531 se
2038 2489 2187 2528 com-

601 2596 796 2659 petens
832 2590 981 2637 tanto
1029 2579 1213 2635 itineri
1254 2592 1362 2631 non
1419 2574 1622 2629 habere
1671 2570 2028 2639 comperisset
2066 2580 2188 2636 pre-

605 2656 771 2742 tium,
797 2673 926 2729 illud
962 2671 1151 2728 Crucis
1204 2668 1440 2739 signum,
1471 2663 1613 2734 quod
1639 2658 1973 2715 vestimentis
2002 2673 2069 2712 ex
2091 2656 2190 2710 ali-

606 2776 715 2840 qua
769 2765 991 2821 materia
1047 2762 1248 2817 factum
1308 2756 1500 2828 apponi
1556 2759 1928 2814 consueverat,
1960 2749 2072 2816 ipse
2096 2761 2190 2801 ne-

609 2862 725 2919 scio
760 2860 864 2917 sibi
893 2872 1003 2927 quo
1050 2853 1283 2910 artiﬁcio
1318 2849 1495 2905 media
1536 2848 1589 2901 in
1620 2846 1797 2900 fronte
1828 2840 2188 2913 prmsculpsit,

607 2961 669 3009 ut
699 2966 806 3006 non
830 2951 993 3005 modo
1028 2947 1253 3016 pictum,
1306 2941 1401 2996 sed
1431 2936 1681 2994 militaris
1719 2934 1987 3005 stigmatis
2022 2934 2193 2986 instar

607 3044 753 3103 ferro
789 3049 935 3098 esset
962 3036 1247 3093 indictum.
1279 3033 1399 3099 Quo
1442 3030 1608 3092 facto,
1638 3036 1694 3081 ut
1723 3027 1874 3081 fraus
1910 3022 2193 3079 mendacio

608 3138 945 3202 firmaretur,
976 3135 1043 3190 ab
1070 3130 1262 3202 angelo
1294 3129 1397 3183 sibi
1437 3141 1534 3196 per
1584 3124 1848 3178 visionem
1879 3116 2007 3174 illud
2054 3119 2195 3174 cele-

613 3230 795 3288 bravit
822 3230 1169 3297 impressum.
1203 3219 1314 3274 Nec
1342 3216 1456 3289 spei
1501 3214 1656 3284 hujus
1686 3211 2075 3281 qualiscunque
2100 3210 2192 3261 de-

611 3324 714 3379 fuit
737 3321 970 3382 fructus,
1002 3330 1127 3371 nam
1155 3314 1208 3368 id
1230 3325 1355 3366 cum
1388 3304 1851 3365 subintellexisset
1888 3300 2117 3356 indocile
2140 3309 2195 3353 et

613 3427 881 3472 novarum
908 3422 1090 3465 rerum
1124 3404 1380 3473 cupidum
1409 3398 1624 3468 vulgus,
1647 3395 1893 3465 plurimis
1922 3393 2193 3447 hominem

613 3508 668 3565 in
694 3522 793 3564 sua
816 3514 871 3560 et
897 3512 1059 3558 extra
1080 3512 1234 3553 suam
1301 3492 1570 3563 regionem
1599 3497 1946 3561 prosecutum
1974 3494 2058 3540 est
2081 3500 2192 3538 mu,

616 3590 862 3655 net-ibus.
896 3592 1007 3647 Nec
1056 3597 1238 3641 tamen
1285 3590 1494 3655 poterat
1532 3580 1798 3650 argutiam
1862 3576 2090 3631 solerter
2116 3575 2198 3629 in-

620 3687 966 3761 spicicntium
998 3680 1120 3736 talis
1142 3680 1309 3733 latere
1357 3675 1585 3737 fallacia,
1625 3688 1747 3727 cum
1775 3680 2023 3739 patenter
2052 3667 2200 3722 virus

619 3781 899 3838 exstillare
927 3775 1203 3830 videretur
1228 3769 1404 3825 crucis
1454 3767 1623 3837 ipsius
1654 3763 1917 3819 violenter
1940 3762 2199 3830 inscripta

616 3872 836 3929 lineola.
869 3870 919 3924 ls
952 3865 1164 3922 tandem
1221 3861 1512 3934 profectus,
1567 3874 1690 3915 cum
1717 3856 2071 3911 Antiocheme
2099 3854 2198 3910 ob-

621 3964 818 4044 sidioni
847 3962 1152 4020 interesset,
1169 3969 1289 4025 qua:
1319 3953 1574 4008 mendose
1598 3950 1954 4011 conﬂuxerat,
1984 3948 2109 4002 licet
2134 3947 2202 4002 ab

620 4040 742 4111 aliis
763 4054 870 4124 jam
904 4049 1103 4105 dudum
1135 4044 1490 4114 deprehensa,
1524 4041 1755 4113 aperuit,
1778 4050 1833 4094 et
1872 4040 2003 4093 lucri
2032 4040 2204 4094 inten-

622 4148 823 4203 tionem
869 4157 978 4199 non
1027 4138 1213 4193 tacuit.
1245 4135 1347 4202 Qui
1388 4135 1605 4203 quidem
1646 4132 1874 4186 honeste
1917 4130 2115 4185 ibidem
2145 4146 2205 4186 se

624 4237 833 4301 habuit,
856 4243 911 4289 et
938 4230 1219 4286 Dominico
1248 4225 1512 4282 exercitui
1566 4222 1731 4277 multa
1759 4222 2203 4277 documentorum

625 4332 804 4405 gratia
834 4325 1059 4399 proluit.
1085 4321 1510 4378 [Emulatiouem
1563 4320 1763 4389 quippe
1793 4318 1888 4372 Dei
1920 4319 2203 4384 habuerat,

625 4425 722 4483 sed
782 4436 890 4476 non
935 4415 1234 4471 secundum
1284 4411 1569 4466 scientiam
1628 4425 1853 4480 prorsus
1915 4409 1968 4464 id
2024 4417 2207 4479 egerat

2277 551 2294 584 ι
2338 534 2513 586 cidem
2559 527 2855 583 tolerantiae
2910 527 2960 580 in
3002 514 3251 578 omnibus
3295 514 3763 595 comn1unicarent.i

2271 623 2410 690 Quid
2464 622 2529 675 de
2581 620 2686 675 illis
2738 619 2804 673 ad
2856 617 3107 671 ultimum
3141 617 3336 677 dicam,
3364 617 3449 685 qui
3498 619 3544 673 in
3574 624 3657 678 hac
3681 629 3768 699 ipsa

2271 714 2615 784 expeditione
2659 710 2892 767 diversis
2947 710 3000 765 in
3054 709 3185 764 locis
3223 709 3456 780 martyrii
3500 715 3771 781 professione

2273 805 2474 861 sanciti
2499 803 2664 859 sunt?
2686 801 2849 868 Quid,
2881 800 3023 872 quod
3052 815 3159 854 non
3200 800 3355 854 modo
3382 804 3669 873 sacerdotes,
3691 827 3771 873 non

2273 898 2495 954 litterati
2543 895 2807 967 quilibet,
2842 894 2936 949 sed
2963 894 3063 947 viri
3107 892 3385 959 militares,
3410 903 3462 946 et
3496 897 3667 967 quique
3687 904 3769 972 ple.

2272 988 2379 1043 beii
2399 1026 2414 1052 ,
2444 988 2511 1040 de
2555 984 2751 1053 quibus
2776 982 2925 1037 nulla
2951 991 3163 1053 poterat
3187 981 3304 1037 fore
3329 982 3650 1043 confessionis
3667 1005 3773 1061 Spes,

2276 1081 2341 1134 ad
2379 1079 2537 1148 hujus
2567 1086 2770 1133 sortem
2825 1076 3008 1146 gloria:
3044 1075 3199 1130 asciti
3248 1075 3401 1129 sunt?
3427 1074 3602 1133 Multos
3624 1084 3777 1142 ettanim

2275 1183 2465 1244 captos
2497 1188 2565 1227 ex
2593 1172 2678 1226 his
2710 1185 2740 1224 a
2788 1170 3014 1240 paganis
3048 1169 3374 1233 audivimus,
3403 1167 3510 1239 qui,
3544 1176 3777 1243 cumjube-

2278 1279 2470 1322 rentur
2511 1265 2635 1321 ﬁdei
2679 1273 3021 1321 sacramenta
3068 1278 3286 1334 negare,
3348 1262 3625 1319 maluerunt
3649 1270 3779 1338 capita

2277 1359 2472 1429 gladiis
2519 1373 2794 1428 exponere
2851 1372 3013 1426 quam
3069 1354 3252 1421 fidem,
3296 1370 3399 1425 qua
3447 1357 3599 1411 semel
3640 1358 3779 1416 imbuti

2278 1449 2517 1515 fuerant,
2548 1447 2913 1503 Christianam
2938 1443 3188 1515 prodere.

2355 1562 2494 1628 Quid
2528 1560 2737 1625 nobilis,
2766 1558 3053 1613 Matthwus
3083 1558 3309 1621 nomine,
3337 1554 3546 1626 gloriose
3569 1561 3713 1628 egerit.
3735 1593 3782 1605 -

2278 1653 2428 1707 inter
2487 1666 2626 1721 quos
2674 1649 2981 1720 specialiter
3036 1663 3196 1717 quem
3238 1645 3463 1702 referam
3509 1648 3625 1720 elegi
3643 1667 3782 1721 unum,

2280 1743 2573 1799 militarem
2602 1742 2852 1813 equidem
2883 1742 3083 1805 virum,
3112 1756 3311 1811 genere
3342 1739 3581 1807 nobilem,
3606 1744 3683 1798 sed
3702 1760 3783 1815 pra

2282 1834 2535 1890 omnibus
2564 1847 2677 1890 sua:
2712 1831 3053 1903 cognationis
3079 1839 3135 1885 et
3162 1830 3372 1885 ordinis
3399 1830 3671 1887 hominibus
3690 1849 3785 1904 quos

2282 1929 2527 1985 noverim
2576 1927 2819 1982 moribus
2878 1924 3051 1993 magis
3094 1923 3383 1992 insignem.
3434 1922 3787 1994 Hunc,apuero

2284 2023 2415 2080 mihi
2441 2020 2734 2091 cognitum,
2766 2025 2955 2072 sancto
2982 2015 3090 2069 vidi
3131 2014 3431 2070 adolevisse
3458 2014 3656 2085 ingenio,
3682 2031 3789 2085 prte-

2284 2118 2472 2173 sertim
2526 2129 2649 2169 cum
2678 2127 2746 2167 ex
2775 2112 2967 2168 eodem
2995 2124 3101 2179 quo
3135 2117 3189 2163 et
3236 2123 3339 2178 ego
3369 2107 3635 2176 municipio
3655 2109 3791 2164 oriun-

2286 2211 2386 2264 dus
2415 2205 2712 2272 exstiterit,
2740 2214 2795 2259 et
2841 2213 2951 2259 tam
2980 2202 3095 2270 ipse
3125 2216 3286 2270 quam
3339 2209 3577 2271 parentes
3597 2200 3707 2270 ejus,
3723 2214 3791 2269 pa-

2294 2308 2507 2354 rentum
2559 2312 2804 2351 meorum
2856 2292 3121 2349 beneficia
3168 2291 3425 2352 tenuerit,
3472 2290 3637 2360 eisque
3666 2291 3793 2344 homi-

2287 2391 2438 2446 nium
2464 2389 2736 2452 debuerit,
2763 2401 2872 2441 una
2904 2399 3113 2440 mecum
3165 2382 3403 2438 creverit
3426 2382 3640 2452 mihique
3660 2380 3712 2435 ad
3738 2381 3793 2436 itt-

2292 2494 2500 2553 tegrum
2546 2482 2657 2536 vita
2704 2480 2823 2549 ejus
2880 2479 3226 2547 studiumque
3280 2475 3533 2546 patuerit.
3556 2474 3667 2530 Cum
3694 2474 3795 2529 enim

2291 2576 2531 2647 equestri
2561 2574 2672 2643 jam
2692 2571 3091 2644 prmmiuuisset
3118 2568 3314 2632 ollicio,
3343 2582 3600 2624 armorum
3623 2566 3796 2620 fuitsin-

2292 2669 2495 2741 gularis
2548 2666 2731 2730 titulo;
2786 2663 2878 2718 sed
2929 2661 3105 2716 omnis
3161 2658 3477 2730 petulantia:
3536 2654 3746 2711 immunis
3777 2668 3799 2708 ι

2293 2764 2446 2828 vitio,
2502 2762 2556 2815 in
2611 2754 3193 2825 Constantinopolitani
3250 2750 3602 2823 imperatoris,
3642 2747 3799 2803 scilicet

2294 2852 2501 2915 Alexis,
2536 2850 2925 2906 celeberrimus
2970 2846 3194 2916 palatio,
3228 2859 3358 2899 nam
3388 2843 3441 2897 in
3466 2841 3575 2912 ejus
3593 2837 3803 2909 obsequiis

2295 2952 2655 3001 consueverat
2686 2938 3019 3012 peregrinari
3058 2936 3260 2993 sedulo.
3307 2934 3412 3004 Qui
3442 2934 3652 3003 quidem,
3677 2944 3803 3001 quan-

2299 3047 2410 3093 tum
2435 3040 2502 3091 ad
2535 3052 2689 3091 suum
2724 3033 3004 3104 spectabat
3032 3030 3333 3095 modulum,
3377 3043 3497 3083 cum
3523 3024 3712 3081 essetin
3740 3036 3804 3079 ex-

2300 3131 2485 3187 tcriori
2515 3131 2649 3184 bene
2680 3127 2984 3182 fortunatus
3032 3124 3183 3192 copia
3206 3162 3222 3189 ,
3266 3122 3407 3176 adeo
3443 3120 3609 3191 largus
3630 3113 3805 3171 habeba-

2300 3234 2387 3279 tur
2416 3224 2468 3277 iu
2502 3222 2863 3292 elcemosyua,
2898 3219 2949 3271 in
2997 3227 3200 3271 tantum
3237 3215 3493 3285 frequens
3511 3212 3641 3267 circa
3676 3206 3807 3263 divina

2301 3314 2582 3385 mysteria,
2626 3324 2682 3368 ut
2716 3327 2820 3367 non
2863 3311 3113 3365 videatur
3163 3307 3376 3370 militis,
3411 3306 3503 3360 sed
3538 3303 3689 3375 potius
3710 3296 3807 3354 anti-

2298 3409 2444 3462 stitis
2479 3407 2595 3478 ejus
2637 3406 2771 3459 vita.
2804 3404 2937 3458 Cum
2965 3401 3110 3455 enim
3140 3398 3258 3470 ejus
3288 3397 3473 3454 recolo
3518 3390 3809 3468 jugitatemin

2301 3501 2572 3565 oratione,
2628 3499 2886 3567 pietatem
2942 3494 3001 3548 in
3044 3494 3227 3559 verbo,
3276 3485 3714 3561 benignitatemiu
3735 3496 3800 3536 mu

2302 3609 2451 3657 nere,
2504 3600 2705 3647 sanctae
2742 3590 2861 3660 ejus
2909 3588 3133 3643 nitnium
3190 3582 3505 3655 aggratulor
3557 3572 3810 3640 intentioni;

2303 3687 2396 3743 Sed
2420 3701 2524 3741 non
2555 3685 2734 3739 minus
2765 3683 2980 3752 iugemo
3009 3693 3160 3735 meae.
3188 3676 3382 3730 Talem
3406 3676 3545 3731 enim
3574 3671 3812 3742 ipsiussum

2302 3787 2558 3849 expertus
2588 3776 2880 3841 actionem,
2920 3789 3037 3845 qua:
3084 3770 3375 3834 meruerit,
3400 3782 3508 3822 non
3533 3764 3675 3819 alium
3697 3769 3814 3829 quam

2305 3869 2550 3940 martyrii
2592 3868 2777 3922 ﬁnem.
2818 3865 3032 3921 Glorior
3084 3871 3255 3925 certe,
3306 3870 3363 3915 et
3414 3855 3621 3931 gloriari
3649 3854 3817 3922 possunt

2306 3961 2616 4032 quicunque
2667 3958 2810 4012 illius
2860 3956 3115 4025 consequi
3169 3963 3398 4023 potuere
3444 3946 3704 4007 notitiam,
3741 3950 3817 3993 non

2304 4067 2573 4124 praesumo
2600 4050 2783 4105 dicere
2813 4048 3127 4111 amicitiam,
3156 4046 3283 4115 quia
3308 4042 3554 4113 quisquis
3577 4050 3685 4093 eum
3707 4028 3819 4094 Vidl‘i

2305 4141 2492 4209 procul
2521 4140 2684 4194 dubio
2708 4148 3000 4207 martyrem
3033 4136 3235 4190 vidisse
3256 4149 3316 4188 se
3339 4130 3565 4187 noverit.

2379 4232 2598 4299 Dempta
2630 4231 2798 4301 capite
2847 4227 3053 4281 illustre
3110 4225 3236 4294 ﬁdei
3279 4220 3624 4278 testimonium
3667 4211 3822 4268 Christo

2306 4322 2473 4376 dedit.
2495 4349 2567 4361 ——
2606 4319 2654 4373 ls
2695 4318 2854 4388 plane
2894 4332 2924 4370 a
2963 4315 3189 4386 paganis
3214 4324 3427 4384 captus,
3461 4323 3578 4365 cum
3601 4308 3821 4381 cogeretur

2307 4411 2508 4467 Christi
2548 4423 2748 4480 negare
2798 4407 2984 4472 tidem,
3038 4404 3287 4459 inducias
3345 4399 3571 4471 expetiit
3609 4388 3825 4466 apertidis

628 4515 804 4585 (Rom.
832 4511 997 4581 x,2);
1025 4508 1080 4562 in
1113 4513 1324 4560 tantum
1351 4511 1531 4557 autem
1551 4503 1777 4557 eminuit
1804 4511 1881 4569 ut,
1907 4511 2063 4571 capta
2086 4501 2209 4554 llie-
2234 4528 2285 4589 ο
2311 4520 2483 4573 usque
2522 4503 2587 4556 ad
2617 4478 2923 4571 proximum
2979 4506 3151 4553 sextae
3195 4494 3345 4550 feria;
3381 4493 3546 4549 diem.
3573 4478 3824 4543 Cuicumli-

626 4606 893 4670 rusalem,
945 4602 1127 4656 Beatai
1176 4596 1358 4653 Maria:
1400 4595 1665 4660 ecclesiae,
1690 4596 1740 4649 in
1787 4594 1923 4649 valle
1951 4592 2193 4662 Josaphat

2311 4593 2629 4652 beatissime
2665 4590 3002 4652 annuissent,
3063 4586 3402 4651 aestimantes
3439 4596 3564 4637 eum
3600 4567 3825 4633 morosiori

626 4685 847 4769 positae,
871 4692 1043 4748 abbas
1070 4687 1465 4760 praeficeretur,
1499 4701 1563 4741 ac
1593 4695 1833 4756 tempore
1873 4683 2207 4748 succedenti,

630 4787 893 4844 Caesarea}
940 4778 1392 4839 Palaesthiuorum
1443 4775 1727 4846 metropoli
1773 4774 2212 4844 archiepisc0pus

630 4886 932 4937 crearetur.

709 4970 960 5044 Martyrii
1010 4967 1242 5039 palmam
1292 4965 1467 5037 plures
1516 4963 1711 5033 adepti.
1758 4962 1989 5017 —l|lud
2032 4972 2212 5018 autem

630 5071 847 5125 constat
893 5075 1015 5117 esse
1042 5058 1327 5115 indubium
1379 5056 1546 5127 quod,
1574 5055 1677 5109 nisi
1719 5054 1886 5109 divini
1916 5054 2063 5110 verbi
2097 5070 2214 5109 cre-

632 5157 875 5215 berrima
908 5152 988 5207 eis
1019 5150 1464 5205 ministrarentur
1515 5146 1730 5211 solatia,
1769 5163 2040 5216 nunquam
2074 5149 2217 5203 inter

614 5254 789 5325 tanta
818 5240 979 5297 famis
1009 5240 1385 5306 bellorumque
1424 5236 1742 5291 discrimina
1795 5238 1930 5292 adeo
1961 5253 2213 5307 perseve-

634 5353 766 5397 rans
794 5351 981 5393 eorum
1024 5330 1323 5388 exstitisset
1350 5329 1627 5398 patientia.
1646 5328 1807 5385 Unde
1835 5329 2101 5401 quoslibet
2130 5332 2216 5386 vi-

640 5441 698 5486 ta
728 5429 948 5500 probos,
977 5422 1205 5480 scientia
1234 5422 1627 5491 praeditosmon
1654 5423 1852 5486 minus,
1883 5423 1992 5477 imo
2024 5424 2212 5495 magis,

638 5522 783 5579 inter
802 5536 897 5577 eos
922 5517 1157 5573 valuisse
1179 5516 1429 5582 dicimus,
1468 5532 1628 5587 quam
1676 5531 1769 5572 eos
1798 5516 1889 5588 qui
1928 5532 2074 5570 arma
2103 5518 2215 5588 ipsa

616 5614 875 5689 propriis
927 5619 1118 5667 contra
1166 5611 1351 5666 hostes
1404 5619 1706 5667 tractavcre
1754 5598 2024 5667 manibus.
2059 5631 2077 5663 ι
2114 5611 2216 5682 Qui

616 5723 670 5787 ἐς
717 5705 861 5763 enim
916 5701 1082 5761 animi
1136 5700 1404 5758 delectum
1462 5703 1828 5760 admonitione
1876 5703 2216 5772 consolidat,

618 5792 621 5793 ⁷
652 5812 672 5861 ς
712 5795 884 5873 major
935 5792 1179 5869 profecto
1208 5806 1272 5851 co
1318 5800 1402 5853 est
1427 5794 1515 5855 cui
1545 5794 1690 5855 vires
1719 5810 1815 5857 suo
1843 5797 2061 5856 hortatu
2085 5810 2218 5873 pree—

2311 4686 2694 4744 retractatione
2721 4681 3060 4744 mutandum,
3076 4678 3276 4733 accidit
3302 4678 3521 4731 demum
3546 4679 3603 4725 ut
3621 4668 3823 4735 diesprz-

2313 4777 2452 4832 ﬁxus
2478 4778 2711 4839 adesset,
2741 4786 2973 4840 eumque
2994 4769 3144 4824 furor
3175 4766 3459 4838 gentilium
3489 4769 3708 4833 urgeret,
3731 4769 3828 4824 qua-

2315 4878 2473 4923 tenus
2500 4880 2686 4921 eorum
2709 4864 2989 4920 sententiae
3017 4861 3256 4924 cederet,
3294 4858 3499 4913 dixisse
3536 4855 3691 4910 fertur
3715 4865 3728 4901 :
3751 4862 3765 4897 ι
3790 4841 3828 4896 Si

2320 4978 2339 5011 ι
2385 4959 2587 5013 idcirco
2618 4954 2852 5027 gladium
2907 4966 2992 5006 me
3036 4950 3443 5020 impendentem
3497 4941 3741 5000 distulisse
3762 4948 3831 5005 ρυο

2321 5070 2342 5105 ι
2388 5052 2538 5116 tatis,
2571 5057 2630 5103 ut
2654 5051 2845 5101 borum
2875 5044 3083 5098 dierum
3129 5041 3261 5096 mihi
3289 5039 3497 5094 lumina
3527 5050 3678 5107 parva
3705 5030 3832 5083 lucra-

2322 5168 2342 5202 ι
2385 5164 2493 5211 rer,
2541 5154 2596 5200 et
2629 5159 2735 5200 non
2768 5141 2946 5212 potius
2983 5147 3044 5193 ut
3075 5153 3138 5193 ea
3188 5139 3301 5207 ipsa
3343 5135 3458 5200 die,
3490 5148 3595 5204 qua
3637 5124 3834 5185 Dominus

2316 5258 2344 5294 ι
2389 5254 2542 5296 meus
2584 5235 2742 5292 Jesus
2790 5233 3043 5288 Christus
3088 5230 3384 5285 crucifixus
3434 5233 3541 5290 est,
3587 5219 3709 5277 mori
3740 5211 3835 5270 mihi

2324 5353 2342 5387 ι
2383 5331 2736 5399 contingeret,
2766 5325 2985 5393 dignum
3004 5329 3090 5376 est
3118 5329 3177 5374 ut
3197 5318 3424 5373 evidens
3449 5316 3565 5379 fiat,
3594 5308 3708 5382 quid
3728 5316 3837 5361 tuens

2324 5446 2344 5481 ι
2384 5421 2691 5480 Christiana
2720 5415 2941 5487 cogitat.
2974 5411 3241 5482 lnsurgite
3287 5422 3443 5478 ergo,
3485 5404 3669 5475 inquit,
3694 5405 3838 5463 etquo

2311 5510 2346 5572 ³(
2393 5516 2552 5572 vultis
2587 5528 2672 5569 me
2699 5508 2948 5581 exemplo
2972 5504 3226 5570 occidite,
3257 5509 3469 5557 tantum
3498 5508 3557 5555 ut
3578 5497 3626 5555 ei
3653 5508 3738 5568 pro
3758 5490 3839 5560 ipso

2312 5630 2345 5665 ι
2394 5609 2768 5678 interemptus,
2819 5601 3057 5658 animam
3118 5609 3295 5652 meum
3335 5593 3641 5650 restituam.
3674 5584 3750 5658 qui
3772 5592 3840 5650 pro

2324 5726 2344 5760 ι
2389 5702 2625 5779 generali
2678 5700 2918 5758 omnium
2963 5697 3075 5754 vita
3120 5690 3280 5750 hodie
3306 5687 3633 5762 impenderit
3655 5693 3836 5744 suanm

2302 5769 2419 5864 ‘llis
2468 5798 2645 5871 dictis,
2697 5794 2876 5875 gladio
2926 5784 3229 5857 imminenti
3280 5781 3589 5871 subjectum
3623 5769 3840 5863 protendit
