  <div class='ocr_page' id='page_1' title='image "/cluster/home/n/w/nwhite01/storage/ocr_20150623/156/hvd.32044010683712/380.png"; bbox 0 0 4012 6346; ppageno 0'>
   <div class='ocr_carea' id='block_1_1' title="bbox 247 412 359 471">
    <p class='ocr_par' dir='ltr' id='par_1_1' title="bbox 247 412 359 471">
     <span class='ocr_line' id='line_1_1' title="bbox 247 412 359 471; baseline 0.027 -3"><span class='ocrx_word' id='word_1_1' title='bbox 247 412 359 471; x_wconf 69' lang='grc'><strong>749</strong></span> 
     </span>
    </p>
   </div>
   <div class='ocr_carea' id='block_1_2' title="bbox 1332 399 2615 465">
    <p class='ocr_par' dir='ltr' id='par_1_2' title="bbox 1332 399 2615 465">
     <span class='ocr_line' id='line_1_2' title="bbox 1332 399 2615 465; baseline -0.005 -1"><span class='ocrx_word' id='word_1_2' title='bbox 1332 404 1553 465; x_wconf 81' lang='lat' dir='ltr'><strong>GESTA</strong></span> <span class='ocrx_word' id='word_1_3' title='bbox 1590 403 1701 461; x_wconf 81' lang='lat' dir='ltr'><strong>DEI</strong></span> <span class='ocrx_word' id='word_1_4' title='bbox 1736 399 2257 460; x_wconf 70' lang='lat' dir='ltr'><strong>PEBFRANCOS.</strong></span> <span class='ocrx_word' id='word_1_5' title='bbox 2290 432 2362 444; x_wconf 89' lang='lat'><strong><em>—</em></strong></span> <span class='ocrx_word' id='word_1_6' title='bbox 2385 401 2517 459; x_wconf 84' lang='lat' dir='ltr'><strong>LIB.</strong></span> <span class='ocrx_word' id='word_1_7' title='bbox 2548 400 2615 459; x_wconf 70' lang='grc' dir='ltr'><strong>ν.</strong></span> 
     </span>
    </p>
   </div>
   <div class='ocr_carea' id='block_1_3' title="bbox 3430 406 3536 470">
    <p class='ocr_par' dir='ltr' id='par_1_3' title="bbox 3430 406 3536 470">
     <span class='ocr_line' id='line_1_3' title="bbox 3430 406 3536 470; baseline 0.075 -8"><span class='ocrx_word' id='word_1_8' title='bbox 3430 406 3536 470; x_wconf 83' lang='grc'><strong>750</strong></span> 
     </span>
    </p>
   </div>
   <div class='ocr_carea' id='block_1_4' title="bbox 244 512 3531 613">
    <p class='ocr_par' dir='ltr' id='par_1_4' title="bbox 244 512 3531 613">
     <span class='ocr_line' id='line_1_4' title="bbox 244 512 3531 613; baseline -0.003 -22"><span class='ocrx_word' id='word_1_9' title='bbox 244 534 516 606; x_wconf 80' lang='lat' dir='ltr'><strong>jugulum,</strong></span> <span class='ocrx_word' id='word_1_10' title='bbox 553 539 629 587; x_wconf 83' lang='lat' dir='ltr'><strong>et</strong></span> <span class='ocrx_word' id='word_1_11' title='bbox 673 545 813 589; x_wconf 68' lang='lat' dir='ltr'><strong>eteso</strong></span> <span class='ocrx_word' id='word_1_12' title='bbox 867 532 1083 603; x_wconf 89' lang='lat' dir='ltr'><strong>capite,</strong></span> <span class='ocrx_word' id='word_1_13' title='bbox 1139 528 1524 585; x_wconf 88' lang='lat' dir='ltr'><strong>transmittitur</strong></span> <span class='ocrx_word' id='word_1_14' title='bbox 1571 542 1638 582; x_wconf 86' lang='lat' dir='ltr'><strong>aa</strong></span> <span class='ocrx_word' id='word_1_15' title='bbox 1691 540 1842 590; x_wconf 84' lang='lat' dir='ltr'><strong>eum,</strong></span> <span class='ocrx_word' id='word_1_16' title='bbox 1876 524 2248 586; x_wconf 73' lang='lat' dir='ltr'><strong>Avocabatur</strong></span> <span class='ocrx_word' id='word_1_17' title='bbox 2301 522 2607 590; x_wconf 73' lang='lat' dir='ltr'><strong>Matthseus,</strong></span> <span class='ocrx_word' id='word_1_18' title='bbox 2653 537 2801 588; x_wconf 92' lang='lat' dir='ltr'><strong>vere,</strong></span> <span class='ocrx_word' id='word_1_19' title='bbox 2828 522 2982 594; x_wconf 83' lang='lat' dir='ltr'><strong>juxta</strong></span> <span class='ocrx_word' id='word_1_20' title='bbox 3028 521 3531 613; x_wconf 84' lang='lat' dir='ltr'><strong>interpretationem</strong></span> 
     </span>
    </p>
   </div>
   <div class='ocr_carea' id='block_1_5' title="bbox 244 618 1837 696">
    <p class='ocr_par' dir='ltr' id='par_1_5' title="bbox 244 618 1837 696">
     <span class='ocr_line' id='line_1_5' title="bbox 244 618 1837 696; baseline -0.009 -12"><span class='ocrx_word' id='word_1_21' title='bbox 244 626 408 696; x_wconf 77' lang='lat' dir='ltr'><strong>Cujus</strong></span> <span class='ocrx_word' id='word_1_22' title='bbox 447 624 792 682; x_wconf 83' lang='lat' dir='ltr'><strong>similitudini</strong></span> <span class='ocrx_word' id='word_1_23' title='bbox 839 626 1033 681; x_wconf 86' lang='lat' dir='ltr'><strong>mortis</strong></span> <span class='ocrx_word' id='word_1_24' title='bbox 1092 623 1429 685; x_wconf 87' lang='lat' dir='ltr'><strong>inhiaverat,</strong></span> <span class='ocrx_word' id='word_1_25' title='bbox 1461 620 1762 677; x_wconf 88' lang='lat' dir='ltr'><strong>dominum.</strong></span> <span class='ocrx_word' id='word_1_26' title='bbox 1788 618 1837 671; x_wconf 90' lang='lat' dir='ltr'><strong>ls</strong></span> 
     </span>
    </p>
   </div>
   <div class='ocr_carea' id='block_1_6' title="bbox 1948 616 3173 688">
    <p class='ocr_par' dir='ltr' id='par_1_6' title="bbox 1948 616 3173 688">
     <span class='ocr_line' id='line_1_6' title="bbox 1948 616 3173 688; baseline 0.001 -16"><span class='ocrx_word' id='word_1_27' title='bbox 1948 617 2026 672; x_wconf 88' lang='lat' dir='ltr'><strong>sui</strong></span> <span class='ocrx_word' id='word_1_28' title='bbox 2066 616 2305 671; x_wconf 86' lang='lat' dir='ltr'><strong>nominis</strong></span> <span class='ocrx_word' id='word_1_29' title='bbox 2350 632 2457 670; x_wconf 78' lang='lat' dir='ltr'><strong>non</strong></span> <span class='ocrx_word' id='word_1_30' title='bbox 2483 617 2574 671; x_wconf 90' lang='lat' dir='ltr'><strong>alii</strong></span> <span class='ocrx_word' id='word_1_31' title='bbox 2598 632 2762 688; x_wconf 84' lang='lat' dir='ltr'><strong>quam</strong></span> <span class='ocrx_word' id='word_1_32' title='bbox 2792 617 2903 673; x_wconf 89' lang='lat' dir='ltr'><strong>Deo</strong></span> <span class='ocrx_word' id='word_1_33' title='bbox 2926 618 3173 673; x_wconf 88' lang='lat' dir='ltr'><strong>donatus.</strong></span> 
     </span>
    </p>
   </div>
   <div class='ocr_carea' id='block_1_7' title="bbox 258 758 3522 804">
    <p class='ocr_par' dir='ltr' id='par_1_7' title="bbox 258 758 3522 804">
     <span class='ocr_line' id='line_1_7' title="bbox 258 758 3522 804; baseline 0.002 -19"><span class='ocrx_word' id='word_1_34' title='bbox 258 758 3522 804; x_wconf 61' lang='lat'><strong>._______...____.—————-———-—————————-———-——-————</strong></span> 
     </span>
    </p>
   </div>
   <div class='ocr_carea' id='block_1_8' title="bbox 1140 912 2690 1031">
    <p class='ocr_par' dir='ltr' id='par_1_8' title="bbox 1140 912 2690 1031">
     <span class='ocr_line' id='line_1_8' title="bbox 1140 912 2690 1031; baseline -0.006 -16"><span class='ocrx_word' id='word_1_35' title='bbox 1140 916 1606 1014; x_wconf 79' lang='lat' dir='ltr'><strong>INCIPIT</strong></span> <span class='ocrx_word' id='word_1_36' title='bbox 1679 912 2041 1004; x_wconf 83' lang='lat' dir='ltr'><strong>LIBER</strong></span> <span class='ocrx_word' id='word_1_37' title='bbox 2113 914 2690 1020; x_wconf 79' lang='lat' dir='ltr'><strong>QUINTUS.</strong></span> 
     </span>
    </p>
   </div>
   <div class='ocr_carea' id='block_1_9' title="bbox 1673 1088 2119 1115">
    <p class='ocr_par' dir='ltr' id='par_1_9' title="bbox 1673 1088 2119 1115">
     <span class='ocr_line' id='line_1_9' title="bbox 1673 1088 2119 1115; baseline 0 -6"><span class='ocrx_word' id='word_1_38' title='bbox 1673 1088 2119 1115; x_wconf 47' lang='lat'><strong>*—</strong></span> 
     </span>
    </p>
   </div>
   <div class='ocr_carea' id='block_1_10' title="bbox 770 1251 1320 1313">
    <p class='ocr_par' dir='ltr' id='par_1_10' title="bbox 770 1251 1320 1313">
     <span class='ocr_line' id='line_1_10' title="bbox 770 1251 1320 1313; baseline -0.011 0"><span class='ocrx_word' id='word_1_39' title='bbox 770 1253 997 1313; x_wconf 84' lang='lat' dir='ltr'><strong>CAPUT</strong></span> <span class='ocrx_word' id='word_1_40' title='bbox 1028 1251 1320 1310; x_wconf 75' lang='lat' dir='ltr'><strong>PRIMUM.</strong></span> 
     </span>
    </p>
   </div>
   <div class='ocr_carea' id='block_1_11' title="bbox 325 1340 1842 1430">
    <p class='ocr_par' dir='ltr' id='par_1_11' title="bbox 325 1340 1842 1430">
     <span class='ocr_line' id='line_1_11' title="bbox 325 1340 1842 1430; baseline -0.011 -19"><span class='ocrx_word' id='word_1_41' title='bbox 325 1354 415 1430; x_wconf 68' lang='lat' dir='ltr'><strong>{I.]</strong></span> <span class='ocrx_word' id='word_1_42' title='bbox 447 1352 613 1428; x_wconf 62' lang='grc'><strong>406</strong></span> <span class='ocrx_word' id='word_1_43' title='bbox 648 1350 768 1419; x_wconf 85' lang='lat' dir='ltr'><strong>Qua</strong></span> <span class='ocrx_word' id='word_1_44' title='bbox 799 1362 967 1405; x_wconf 83' lang='lat' dir='ltr'><strong>mente</strong></span> <span class='ocrx_word' id='word_1_45' title='bbox 996 1357 1182 1403; x_wconf 83' lang='lat' dir='ltr'><strong>auctor</strong></span> <span class='ocrx_word' id='word_1_46' title='bbox 1218 1343 1412 1401; x_wconf 86' lang='lat' dir='ltr'><strong>scribat</strong></span> <span class='ocrx_word' id='word_1_47' title='bbox 1442 1340 1739 1399; x_wconf 76' lang='lat' dir='ltr'><strong>historiam.</strong></span> <span class='ocrx_word' id='word_1_48' title='bbox 1770 1368 1842 1381; x_wconf 89' lang='lat'><strong>-—</strong></span> 
     </span>
    </p>
   </div>
   <div class='ocr_carea' id='block_1_12' title="bbox 240 1432 1841 1518">
    <p class='ocr_par' dir='ltr' id='par_1_12' title="bbox 240 1432 1841 1518">
     <span class='ocr_line' id='line_1_12' title="bbox 240 1432 1841 1518; baseline -0.014 -11"><span class='ocrx_word' id='word_1_49' title='bbox 240 1446 508 1518; x_wconf 87' lang='lat' dir='ltr'><strong>Opusculi</strong></span> <span class='ocrx_word' id='word_1_50' title='bbox 533 1444 692 1512; x_wconf 87' lang='lat' dir='ltr'><strong>hujus</strong></span> <span class='ocrx_word' id='word_1_51' title='bbox 708 1442 834 1507; x_wconf 91' lang='lat' dir='ltr'><strong>mei,</strong></span> <span class='ocrx_word' id='word_1_52' title='bbox 854 1449 1051 1511; x_wconf 73' lang='lat' dir='ltr'><strong>praeter</strong></span> <span class='ocrx_word' id='word_1_53' title='bbox 1070 1436 1431 1507; x_wconf 88' lang='lat' dir='ltr'><strong>spiritualem,</strong></span> <span class='ocrx_word' id='word_1_54' title='bbox 1449 1433 1492 1489; x_wconf 91' lang='lat' dir='ltr'><strong>si</strong></span> <span class='ocrx_word' id='word_1_55' title='bbox 1511 1432 1634 1502; x_wconf 85' lang='lat' dir='ltr'><strong>quis</strong></span> <span class='ocrx_word' id='word_1_56' title='bbox 1661 1441 1841 1486; x_wconf 88' lang='lat' dir='ltr'><strong>tamen</strong></span> 
     </span>
    </p>
   </div>
   <div class='ocr_carea' id='block_1_13' title="bbox 243 1520 1844 1601">
    <p class='ocr_par' dir='ltr' id='par_1_13' title="bbox 243 1520 1844 1601">
     <span class='ocr_line' id='line_1_13' title="bbox 243 1520 1844 1601; baseline -0.012 -8"><span class='ocrx_word' id='word_1_57' title='bbox 243 1537 469 1593; x_wconf 75' lang='lat' dir='ltr'><strong>futurus</strong></span> <span class='ocrx_word' id='word_1_58' title='bbox 514 1544 619 1601; x_wconf 91' lang='lat' dir='ltr'><strong>est,</strong></span> <span class='ocrx_word' id='word_1_59' title='bbox 673 1531 932 1597; x_wconf 88' lang='lat' dir='ltr'><strong>fructum,</strong></span> <span class='ocrx_word' id='word_1_60' title='bbox 984 1545 1046 1583; x_wconf 89' lang='lat' dir='ltr'><strong>ea</strong></span> <span class='ocrx_word' id='word_1_61' title='bbox 1100 1526 1330 1581; x_wconf 90' lang='lat' dir='ltr'><strong>intentio</strong></span> <span class='ocrx_word' id='word_1_62' title='bbox 1360 1535 1443 1580; x_wconf 90' lang='lat' dir='ltr'><strong>est</strong></span> <span class='ocrx_word' id='word_1_63' title='bbox 1495 1524 1567 1578; x_wconf 89' lang='lat' dir='ltr'><strong>ita</strong></span> <span class='ocrx_word' id='word_1_64' title='bbox 1597 1538 1684 1577; x_wconf 88' lang='lat' dir='ltr'><strong>me</strong></span> <span class='ocrx_word' id='word_1_65' title='bbox 1708 1520 1844 1575; x_wconf 84' lang='lat' dir='ltr'><strong>velle</strong></span> 
     </span>
    </p>
   </div>
   <div class='ocr_carea' id='block_1_14' title="bbox 242 1616 1843 1689">
    <p class='ocr_par' dir='ltr' id='par_1_14' title="bbox 242 1616 1843 1689">
     <span class='ocr_line' id='line_1_14' title="bbox 242 1616 1843 1689; baseline -0.009 -3"><span class='ocrx_word' id='word_1_66' title='bbox 242 1631 435 1686; x_wconf 87' lang='lat' dir='ltr'><strong>dicere</strong></span> <span class='ocrx_word' id='word_1_67' title='bbox 459 1628 538 1682; x_wconf 88' lang='lat' dir='ltr'><strong>uti</strong></span> <span class='ocrx_word' id='word_1_68' title='bbox 567 1627 634 1680; x_wconf 92' lang='lat' dir='ltr'><strong>ab</strong></span> <span class='ocrx_word' id='word_1_69' title='bbox 664 1625 790 1689; x_wconf 88' lang='lat' dir='ltr'><strong>alio,</strong></span> <span class='ocrx_word' id='word_1_70' title='bbox 819 1624 865 1678; x_wconf 91' lang='lat' dir='ltr'><strong>si</strong></span> <span class='ocrx_word' id='word_1_71' title='bbox 898 1623 1087 1677; x_wconf 87' lang='lat' dir='ltr'><strong>eadem</strong></span> <span class='ocrx_word' id='word_1_72' title='bbox 1141 1620 1427 1682; x_wconf 90' lang='lat' dir='ltr'><strong>scriberet,</strong></span> <span class='ocrx_word' id='word_1_73' title='bbox 1460 1618 1593 1673; x_wconf 91' lang='lat' dir='ltr'><strong>mihi</strong></span> <span class='ocrx_word' id='word_1_74' title='bbox 1638 1616 1843 1671; x_wconf 89' lang='lat' dir='ltr'><strong>referre</strong></span> 
     </span>
    </p>
   </div>
   <div class='ocr_carea' id='block_1_15' title="bbox 214 1708 1842 1787">
    <p class='ocr_par' dir='ltr' id='par_1_15' title="bbox 214 1708 1842 1787">
     <span class='ocr_line' id='line_1_15' title="bbox 214 1708 1842 1787; baseline -0.012 -6"><span class='ocrx_word' id='word_1_75' title='bbox 214 1768 219 1771; x_wconf 83' lang='lat'><strong>.</strong></span> <span class='ocrx_word' id='word_1_76' title='bbox 244 1724 539 1781; x_wconf 77' lang='lat' dir='ltr'><strong>voluerim.</strong></span> <span class='ocrx_word' id='word_1_77' title='bbox 569 1719 718 1775; x_wconf 86' lang='lat' dir='ltr'><strong>Talis</strong></span> <span class='ocrx_word' id='word_1_78' title='bbox 748 1732 983 1787; x_wconf 79' lang='lat' dir='ltr'><strong>namque</strong></span> <span class='ocrx_word' id='word_1_79' title='bbox 1010 1716 1193 1770; x_wconf 88' lang='lat' dir='ltr'><strong>animo</strong></span> <span class='ocrx_word' id='word_1_80' title='bbox 1215 1728 1335 1768; x_wconf 90' lang='lat' dir='ltr'><strong>meo</strong></span> <span class='ocrx_word' id='word_1_81' title='bbox 1356 1711 1602 1766; x_wconf 87' lang='lat' dir='ltr'><strong>voluntas</strong></span> <span class='ocrx_word' id='word_1_82' title='bbox 1630 1708 1842 1777; x_wconf 88' lang='lat' dir='ltr'><strong>adjacet</strong></span> 
     </span>
    </p>
   </div>
   <div class='ocr_carea' id='block_1_16' title="bbox 243 1804 1839 1885">
    <p class='ocr_par' dir='ltr' id='par_1_16' title="bbox 243 1804 1839 1885">
     <span class='ocr_line' id='line_1_16' title="bbox 243 1804 1839 1885; baseline -0.012 -11"><span class='ocrx_word' id='word_1_83' title='bbox 243 1826 315 1874; x_wconf 83' lang='lat' dir='ltr'><strong>ut</strong></span> <span class='ocrx_word' id='word_1_84' title='bbox 343 1818 415 1872; x_wconf 87' lang='lat' dir='ltr'><strong>sit</strong></span> <span class='ocrx_word' id='word_1_85' title='bbox 451 1815 624 1885; x_wconf 84' lang='lat' dir='ltr'><strong>magis</strong></span> <span class='ocrx_word' id='word_1_86' title='bbox 655 1812 1118 1867; x_wconf 87' lang='lat' dir='ltr'><strong>subobscurorum</strong></span> <span class='ocrx_word' id='word_1_87' title='bbox 1168 1817 1453 1876; x_wconf 85' lang='lat' dir='ltr'><strong>appetens,</strong></span> <span class='ocrx_word' id='word_1_88' title='bbox 1478 1804 1688 1859; x_wconf 93' lang='lat' dir='ltr'><strong>rudium</strong></span> <span class='ocrx_word' id='word_1_89' title='bbox 1711 1817 1839 1856; x_wconf 85' lang='lat' dir='ltr'><strong>vero</strong></span> 
     </span>
    </p>
   </div>
   <div class='ocr_carea' id='block_1_17' title="bbox 1950 1226 3546 1306">
    <p class='ocr_par' dir='ltr' id='par_1_17' title="bbox 1950 1226 3546 1306">
     <span class='ocr_line' id='line_1_17' title="bbox 1950 1226 3546 1306; baseline 0.003 -12"><span class='ocrx_word' id='word_1_90' title='bbox 1950 1237 2078 1304; x_wconf 85' lang='lat' dir='ltr'><strong>mei,</strong></span> <span class='ocrx_word' id='word_1_91' title='bbox 2103 1235 2198 1293; x_wconf 88' lang='lat' dir='ltr'><strong>sed</strong></span> <span class='ocrx_word' id='word_1_92' title='bbox 2220 1233 2498 1292; x_wconf 90' lang='lat' dir='ltr'><strong>multoties</strong></span> <span class='ocrx_word' id='word_1_93' title='bbox 2524 1233 2629 1291; x_wconf 90' lang='lat' dir='ltr'><strong>sibi</strong></span> <span class='ocrx_word' id='word_1_94' title='bbox 2660 1232 2908 1306; x_wconf 82' lang='lat' dir='ltr'><strong>ingestis,</strong></span> <span class='ocrx_word' id='word_1_95' title='bbox 2947 1232 3166 1291; x_wconf 82' lang='lat' dir='ltr'><strong>tandem</strong></span> <span class='ocrx_word' id='word_1_96' title='bbox 3194 1226 3546 1299; x_wconf 24' lang='lat' dir='ltr'><strong>lenocinante.</strong></span> 
     </span>
    </p>
   </div>
   <div class='ocr_carea' id='block_1_18' title="bbox 1916 1322 3541 1397">
    <p class='ocr_par' dir='ltr' id='par_1_18' title="bbox 1916 1322 3541 1397">
     <span class='ocr_line' id='line_1_18' title="bbox 1916 1322 3541 1397; baseline 0.004 -16"><span class='ocrx_word' id='word_1_97' title='bbox 1916 1328 2341 1393; x_wconf 77' lang='lat' dir='ltr'><strong>emolumento,</strong></span> <span class='ocrx_word' id='word_1_98' title='bbox 2400 1322 2699 1393; x_wconf 77' lang='lat' dir='ltr'><strong>consensit,</strong></span> <span class='ocrx_word' id='word_1_99' title='bbox 2756 1326 2917 1397; x_wconf 88' lang='lat' dir='ltr'><strong>eique</strong></span> <span class='ocrx_word' id='word_1_100' title='bbox 2943 1325 3254 1395; x_wconf 77' lang='lat' dir='ltr'><strong>huiusmodi</strong></span> <span class='ocrx_word' id='word_1_101' title='bbox 3283 1332 3541 1389; x_wconf 80' lang='lat' dir='ltr'><strong>mandata</strong></span> 
     </span>
    </p>
   </div>
   <div class='ocr_carea' id='block_1_19' title="bbox 1949 1418 3541 1491">
    <p class='ocr_par' dir='ltr' id='par_1_19' title="bbox 1949 1418 3541 1491">
     <span class='ocr_line' id='line_1_19' title="bbox 1949 1418 3541 1491; baseline 0.001 -14"><span class='ocrx_word' id='word_1_102' title='bbox 1949 1422 2152 1477; x_wconf 78' lang='lat' dir='ltr'><strong>direxit</strong></span> <span class='ocrx_word' id='word_1_103' title='bbox 2182 1437 2198 1477; x_wconf 90' lang='lat'><strong>:</strong></span> <span class='ocrx_word' id='word_1_104' title='bbox 2230 1438 2249 1471; x_wconf 74' lang='grc' dir='ltr'>ι</span> <span class='ocrx_word' id='word_1_105' title='bbox 2279 1418 2488 1483; x_wconf 87' lang='lat' dir='ltr'><strong>Trium,</strong></span> <span class='ocrx_word' id='word_1_106' title='bbox 2522 1418 2718 1488; x_wconf 90' lang='lat' dir='ltr'><strong>inquit,</strong></span> <span class='ocrx_word' id='word_1_107' title='bbox 2748 1419 2975 1473; x_wconf 86' lang='lat' dir='ltr'><strong>turrium</strong></span> <span class='ocrx_word' id='word_1_108' title='bbox 2996 1422 3257 1477; x_wconf 64' lang='lat' dir='ltr'><strong>custodia:</strong></span> <span class='ocrx_word' id='word_1_109' title='bbox 3285 1436 3541 1491; x_wconf 71' lang='lat' dir='ltr'><strong>praesum.</strong></span> 
     </span>
    </p>
   </div>
   <div class='ocr_carea' id='block_1_20' title="bbox 1954 1506 3551 1583">
    <p class='ocr_par' dir='ltr' id='par_1_20' title="bbox 1954 1506 3551 1583">
     <span class='ocr_line' id='line_1_20' title="bbox 1954 1506 3551 1583; baseline 0.001 -15"><span class='ocrx_word' id='word_1_110' title='bbox 1954 1513 2102 1583; x_wconf 84' lang='lat' dir='ltr'><strong>Ipsas</strong></span> <span class='ocrx_word' id='word_1_111' title='bbox 2133 1521 2224 1566; x_wconf 91' lang='lat' dir='ltr'><strong>tuo</strong></span> <span class='ocrx_word' id='word_1_112' title='bbox 2278 1511 2493 1564; x_wconf 84' lang='lat' dir='ltr'><strong>tradam</strong></span> <span class='ocrx_word' id='word_1_113' title='bbox 2524 1508 2785 1573; x_wconf 90' lang='lat' dir='ltr'><strong>dominio,</strong></span> <span class='ocrx_word' id='word_1_114' title='bbox 2819 1524 3037 1579; x_wconf 86' lang='lat' dir='ltr'><strong>quaque</strong></span> <span class='ocrx_word' id='word_1_115' title='bbox 3081 1510 3217 1566; x_wconf 89' lang='lat' dir='ltr'><strong>hora</strong></span> <span class='ocrx_word' id='word_1_116' title='bbox 3271 1512 3369 1567; x_wconf 83' lang='lat' dir='ltr'><strong>tibi</strong></span> <span class='ocrx_word' id='word_1_117' title='bbox 3392 1506 3551 1570; x_wconf 47' lang='lat' dir='ltr'><strong>colli;</strong></span> 
     </span>
    </p>
   </div>
   <div class='ocr_carea' id='block_1_21' title="bbox 1956 1600 3545 1676">
    <p class='ocr_par' dir='ltr' id='par_1_21' title="bbox 1956 1600 3545 1676">
     <span class='ocr_line' id='line_1_21' title="bbox 1956 1600 3545 1676; baseline 0.003 -17"><span class='ocrx_word' id='word_1_118' title='bbox 1956 1606 2137 1661; x_wconf 88' lang='lat' dir='ltr'><strong>buerit</strong></span> <span class='ocrx_word' id='word_1_119' title='bbox 2182 1612 2239 1659; x_wconf 90' lang='lat' dir='ltr'><strong>et</strong></span> <span class='ocrx_word' id='word_1_120' title='bbox 2266 1611 2629 1673; x_wconf 90' lang='lat' dir='ltr'><strong>opportunum</strong></span> <span class='ocrx_word' id='word_1_121' title='bbox 2681 1600 2868 1667; x_wconf 85' lang='lat' dir='ltr'><strong>fuerit,</strong></span> <span class='ocrx_word' id='word_1_122' title='bbox 2899 1610 2951 1657; x_wconf 88' lang='lat' dir='ltr'><strong>te</strong></span> <span class='ocrx_word' id='word_1_123' title='bbox 2986 1602 3042 1658; x_wconf 90' lang='lat' dir='ltr'><strong>in</strong></span> <span class='ocrx_word' id='word_1_124' title='bbox 3072 1603 3220 1672; x_wconf 89' lang='lat' dir='ltr'><strong>ipsas</strong></span> <span class='ocrx_word' id='word_1_125' title='bbox 3244 1643 3262 1671; x_wconf 93' lang='lat'><strong>,</strong></span> <span class='ocrx_word' id='word_1_126' title='bbox 3290 1605 3377 1660; x_wconf 93' lang='lat' dir='ltr'><strong>vel</strong></span> <span class='ocrx_word' id='word_1_127' title='bbox 3406 1620 3545 1676; x_wconf 88' lang='lat' dir='ltr'><strong>quos</strong></span> 
     </span>
    </p>
   </div>
   <div class='ocr_carea' id='block_1_22' title="bbox 1949 1694 3544 1768">
    <p class='ocr_par' dir='ltr' id='par_1_22' title="bbox 1949 1694 3544 1768">
     <span class='ocr_line' id='line_1_22' title="bbox 1949 1694 3544 1768; baseline 0.002 -17"><span class='ocrx_word' id='word_1_128' title='bbox 1949 1698 2210 1762; x_wconf 90' lang='lat' dir='ltr'><strong>volueris,</strong></span> <span class='ocrx_word' id='word_1_129' title='bbox 2266 1703 2550 1767; x_wconf 78' lang='lat' dir='ltr'><strong>gratanter</strong></span> <span class='ocrx_word' id='word_1_130' title='bbox 2604 1694 2914 1749; x_wconf 88' lang='lat' dir='ltr'><strong>admittam.</strong></span> <span class='ocrx_word' id='word_1_131' title='bbox 2980 1713 3003 1748; x_wconf 75' lang='grc' dir='ltr'><strong><em>ι</em></strong></span> <span class='ocrx_word' id='word_1_132' title='bbox 3035 1695 3163 1751; x_wconf 81' lang='lat' dir='ltr'><strong>Haec</strong></span> <span class='ocrx_word' id='word_1_133' title='bbox 3213 1711 3339 1768; x_wconf 84' lang='lat' dir='ltr'><strong>spes</strong></span> <span class='ocrx_word' id='word_1_134' title='bbox 3377 1712 3544 1767; x_wconf 85' lang='lat' dir='ltr'><strong>quam</strong></span> 
     </span>
    </p>
   </div>
   <div class='ocr_carea' id='block_1_23' title="bbox 1948 1786 3547 1856">
    <p class='ocr_par' dir='ltr' id='par_1_23' title="bbox 1948 1786 3547 1856">
     <span class='ocr_line' id='line_1_23' title="bbox 1948 1786 3547 1856; baseline -0.001 -11"><span class='ocrx_word' id='word_1_135' title='bbox 1948 1792 2185 1845; x_wconf 84' lang='lat' dir='ltr'><strong>maxime</strong></span> <span class='ocrx_word' id='word_1_136' title='bbox 2214 1787 2464 1842; x_wconf 87' lang='lat' dir='ltr'><strong>attollere</strong></span> <span class='ocrx_word' id='word_1_137' title='bbox 2489 1795 2732 1856; x_wconf 74' lang='lat' dir='ltr'><strong>cmperat</strong></span> <span class='ocrx_word' id='word_1_138' title='bbox 2777 1786 3175 1856; x_wconf 90' lang='lat' dir='ltr'><strong>Boemundum,</strong></span> <span class='ocrx_word' id='word_1_139' title='bbox 3205 1797 3262 1845; x_wconf 90' lang='lat' dir='ltr'><strong>et</strong></span> <span class='ocrx_word' id='word_1_140' title='bbox 3301 1791 3426 1845; x_wconf 89' lang='lat' dir='ltr'><strong>dum</strong></span> <span class='ocrx_word' id='word_1_141' title='bbox 3459 1805 3547 1849; x_wconf 80' lang='lat' dir='ltr'><strong>se-</strong></span> 
     </span>
    </p>
   </div>
   <div class='ocr_carea' id='block_1_24' title="bbox 247 1877 3548 1979">
    <p class='ocr_par' dir='ltr' id='par_1_24' title="bbox 247 1877 3548 1979">
     <span class='ocr_line' id='line_1_24' title="bbox 247 1877 3548 1979; baseline -0.009 -12"><span class='ocrx_word' id='word_1_142' title='bbox 247 1920 310 1967; x_wconf 84' lang='lat' dir='ltr'><strong>et</strong></span> <span class='ocrx_word' id='word_1_143' title='bbox 330 1877 573 1979; x_wconf 71' lang='lat' dir='ltr'><strong>impolite</strong></span> <span class='ocrx_word' id='word_1_144' title='bbox 603 1908 870 1962; x_wconf 89' lang='lat' dir='ltr'><strong>dictorum</strong></span> <span class='ocrx_word' id='word_1_145' title='bbox 894 1905 1151 1974; x_wconf 79' lang='lat' dir='ltr'><strong>fugitans.</strong></span> <span class='ocrx_word' id='word_1_146' title='bbox 1188 1902 1259 1956; x_wconf 85' lang='lat' dir='ltr'><strong>Ea</strong></span> <span class='ocrx_word' id='word_1_147' title='bbox 1291 1900 1484 1969; x_wconf 89' lang='lat' dir='ltr'><strong>quippe</strong></span> <span class='ocrx_word' id='word_1_148' title='bbox 1514 1915 1634 1967; x_wconf 76' lang='lat' dir='ltr'><strong>qua:</strong></span> <span class='ocrx_word' id='word_1_149' title='bbox 1664 1912 1841 1953; x_wconf 89' lang='lat' dir='ltr'><strong>meum</strong></span> <span class='ocrx_word' id='word_1_150' title='bbox 1875 1906 1919 1963; x_wconf 86' lang='grc' dir='ltr'><strong>Β</strong></span> <span class='ocrx_word' id='word_1_151' title='bbox 1948 1882 2135 1937; x_wconf 61' lang='lat' dir='ltr'><strong>curius</strong></span> <span class='ocrx_word' id='word_1_152' title='bbox 2182 1880 2532 1979; x_wconf 50' lang='lat' dir='ltr'><strong>lfr39_5f0|alur</strong></span> <span class='ocrx_word' id='word_1_153' title='bbox 2568 1877 2831 1979; x_wconf 45' lang='grc' dir='ltr'><strong>ςίνίῑθιίε».</strong></span> <span class='ocrx_word' id='word_1_154' title='bbox 2864 1878 3169 1979; x_wconf 39' lang='lat' dir='ltr'><strong>infinitum}</strong></span> <span class='ocrx_word' id='word_1_155' title='bbox 3219 1889 3548 1979; x_wconf 56' lang='lat' dir='ltr'><strong>eontceptam</strong></span> 
     </span>
    </p>
   </div>
   <div class='ocr_carea' id='block_1_25' title="bbox 246 1989 1840 2066">
    <p class='ocr_par' dir='ltr' id='par_1_25' title="bbox 246 1989 1840 2066">
     <span class='ocr_line' id='line_1_25' title="bbox 246 1989 1840 2066; baseline -0.009 -10"><span class='ocrx_word' id='word_1_156' title='bbox 246 2014 511 2056; x_wconf 79' lang='lat' dir='ltr'><strong>exercere</strong></span> <span class='ocrx_word' id='word_1_157' title='bbox 540 2007 740 2066; x_wconf 79' lang='lat' dir='ltr'><strong>queant</strong></span> <span class='ocrx_word' id='word_1_158' title='bbox 796 1995 1036 2048; x_wconf 90' lang='lat' dir='ltr'><strong>animum</strong></span> <span class='ocrx_word' id='word_1_159' title='bbox 1063 1992 1235 2063; x_wconf 89' lang='lat' dir='ltr'><strong>pluris</strong></span> <span class='ocrx_word' id='word_1_160' title='bbox 1277 1989 1738 2059; x_wconf 79' lang='lat' dir='ltr'><strong>appretiorquam</strong></span> <span class='ocrx_word' id='word_1_161' title='bbox 1775 2003 1840 2042; x_wconf 88' lang='lat' dir='ltr'><strong>ea</strong></span> 
     </span>
    </p>
   </div>
   <div class='ocr_carea' id='block_1_26' title="bbox 246 2082 1842 2162">
    <p class='ocr_par' dir='ltr' id='par_1_26' title="bbox 246 2082 1842 2162">
     <span class='ocr_line' id='line_1_26' title="bbox 246 2082 1842 2162; baseline -0.007 -16"><span class='ocrx_word' id='word_1_162' title='bbox 246 2108 374 2162; x_wconf 75' lang='lat' dir='ltr'><strong>qua:</strong></span> <span class='ocrx_word' id='word_1_163' title='bbox 411 2099 569 2159; x_wconf 88' lang='lat' dir='ltr'><strong>captu</strong></span> <span class='ocrx_word' id='word_1_164' title='bbox 626 2088 836 2152; x_wconf 82' lang='lat' dir='ltr'><strong>facilia;</strong></span> <span class='ocrx_word' id='word_1_165' title='bbox 885 2086 1017 2140; x_wconf 87' lang='lat' dir='ltr'><strong>nihil</strong></span> <span class='ocrx_word' id='word_1_166' title='bbox 1066 2083 1419 2139; x_wconf 77' lang='lat' dir='ltr'><strong>inentorabile</strong></span> <span class='ocrx_word' id='word_1_167' title='bbox 1442 2082 1601 2136; x_wconf 86' lang='lat' dir='ltr'><strong>avido</strong></span> <span class='ocrx_word' id='word_1_168' title='bbox 1628 2096 1842 2149; x_wconf 80' lang='lat' dir='ltr'><strong>semper</strong></span> 
     </span>
    </p>
   </div>
   <div class='ocr_carea' id='block_1_27' title="bbox 246 2175 1841 2252">
    <p class='ocr_par' dir='ltr' id='par_1_27' title="bbox 246 2175 1841 2252">
     <span class='ocr_line' id='line_1_27' title="bbox 246 2175 1841 2252; baseline -0.008 -12"><span class='ocrx_word' id='word_1_169' title='bbox 246 2184 512 2240; x_wconf 76' lang='lat' dir='ltr'><strong>novitatis</strong></span> <span class='ocrx_word' id='word_1_170' title='bbox 561 2182 867 2252; x_wconf 82' lang='lat' dir='ltr'><strong>largiuntur</strong></span> <span class='ocrx_word' id='word_1_171' title='bbox 900 2179 1136 2249; x_wconf 82' lang='lat' dir='ltr'><strong>ingenio.</strong></span> <span class='ocrx_word' id='word_1_172' title='bbox 1171 2177 1282 2247; x_wconf 86' lang='lat' dir='ltr'><strong>Ego</strong></span> <span class='ocrx_word' id='word_1_173' title='bbox 1324 2176 1482 2245; x_wconf 87' lang='lat' dir='ltr'><strong>plane</strong></span> <span class='ocrx_word' id='word_1_174' title='bbox 1511 2190 1633 2229; x_wconf 89' lang='lat' dir='ltr'><strong>cum</strong></span> <span class='ocrx_word' id='word_1_175' title='bbox 1686 2175 1841 2244; x_wconf 89' lang='lat' dir='ltr'><strong>plura</strong></span> 
     </span>
    </p>
   </div>
   <div class='ocr_carea' id='block_1_28' title="bbox 247 2267 1843 2347">
    <p class='ocr_par' dir='ltr' id='par_1_28' title="bbox 247 2267 1843 2347">
     <span class='ocr_line' id='line_1_28' title="bbox 247 2267 1843 2347; baseline -0.008 -12"><span class='ocrx_word' id='word_1_176' title='bbox 247 2276 569 2347; x_wconf 79' lang='lat' dir='ltr'><strong>scripserim</strong></span> <span class='ocrx_word' id='word_1_177' title='bbox 592 2285 645 2329; x_wconf 88' lang='lat' dir='ltr'><strong>et</strong></span> <span class='ocrx_word' id='word_1_178' title='bbox 670 2274 992 2343; x_wconf 89' lang='lat' dir='ltr'><strong>scriptitem,</strong></span> <span class='ocrx_word' id='word_1_179' title='bbox 1022 2272 1094 2325; x_wconf 91' lang='lat' dir='ltr'><strong>ita</strong></span> <span class='ocrx_word' id='word_1_180' title='bbox 1116 2285 1307 2326; x_wconf 89' lang='lat' dir='ltr'><strong>omnes</strong></span> <span class='ocrx_word' id='word_1_181' title='bbox 1334 2268 1538 2324; x_wconf 83' lang='lat' dir='ltr'><strong>extrusi</strong></span> <span class='ocrx_word' id='word_1_182' title='bbox 1566 2267 1633 2321; x_wconf 91' lang='lat' dir='ltr'><strong>ab</strong></span> <span class='ocrx_word' id='word_1_183' title='bbox 1661 2267 1843 2322; x_wconf 88' lang='lat' dir='ltr'><strong>animo</strong></span> 
     </span>
    </p>
   </div>
   <div class='ocr_carea' id='block_1_29' title="bbox 248 2359 1842 2434">
    <p class='ocr_par' dir='ltr' id='par_1_29' title="bbox 248 2359 1842 2434">
     <span class='ocr_line' id='line_1_29' title="bbox 248 2359 1842 2434; baseline -0.008 -11"><span class='ocrx_word' id='word_1_184' title='bbox 248 2377 313 2422; x_wconf 90' lang='lat' dir='ltr'><strong>ut</strong></span> <span class='ocrx_word' id='word_1_185' title='bbox 367 2365 497 2421; x_wconf 88' lang='lat' dir='ltr'><strong>mihi</strong></span> <span class='ocrx_word' id='word_1_186' title='bbox 547 2366 644 2420; x_wconf 90' lang='lat' dir='ltr'><strong>soli</strong></span> <span class='ocrx_word' id='word_1_187' title='bbox 701 2364 986 2434; x_wconf 90' lang='lat' dir='ltr'><strong>profutura</strong></span> <span class='ocrx_word' id='word_1_188' title='bbox 1035 2372 1241 2432; x_wconf 80' lang='lat' dir='ltr'><strong>putem,</strong></span> <span class='ocrx_word' id='word_1_189' title='bbox 1296 2361 1430 2415; x_wconf 89' lang='lat' dir='ltr'><strong>nulli</strong></span> <span class='ocrx_word' id='word_1_190' title='bbox 1456 2359 1545 2413; x_wconf 90' lang='lat' dir='ltr'><strong>alii</strong></span> <span class='ocrx_word' id='word_1_191' title='bbox 1577 2359 1842 2428; x_wconf 84' lang='lat' dir='ltr'><strong>placitura</strong></span> 
     </span>
    </p>
   </div>
   <div class='ocr_carea' id='block_1_30' title="bbox 244 2454 1843 2529">
    <p class='ocr_par' dir='ltr' id='par_1_30' title="bbox 244 2454 1843 2529">
     <span class='ocr_line' id='line_1_30' title="bbox 244 2454 1843 2529; baseline -0.006 -12"><span class='ocrx_word' id='word_1_192' title='bbox 244 2476 459 2517; x_wconf 89' lang='lat' dir='ltr'><strong>curem.</strong></span> <span class='ocrx_word' id='word_1_193' title='bbox 485 2460 844 2529; x_wconf 88' lang='lat' dir='ltr'><strong>Opinionibus</strong></span> <span class='ocrx_word' id='word_1_194' title='bbox 895 2460 1076 2528; x_wconf 87' lang='lat' dir='ltr'><strong>itaque</strong></span> <span class='ocrx_word' id='word_1_195' title='bbox 1098 2459 1340 2512; x_wconf 91' lang='lat' dir='ltr'><strong>omnium</strong></span> <span class='ocrx_word' id='word_1_196' title='bbox 1364 2454 1666 2524; x_wconf 86' lang='lat' dir='ltr'><strong>supersedi,</strong></span> <span class='ocrx_word' id='word_1_197' title='bbox 1696 2454 1843 2509; x_wconf 87' lang='lat' dir='ltr'><strong>ideo-</strong></span> 
     </span>
    </p>
   </div>
   <div class='ocr_carea' id='block_1_31' title="bbox 232 2547 1844 2623">
    <p class='ocr_par' dir='ltr' id='par_1_31' title="bbox 232 2547 1844 2623">
     <span class='ocr_line' id='line_1_31' title="bbox 232 2547 1844 2623; baseline -0.005 -16"><span class='ocrx_word' id='word_1_198' title='bbox 232 2568 361 2623; x_wconf 83' lang='lat' dir='ltr'><strong>que</strong></span> <span class='ocrx_word' id='word_1_199' title='bbox 403 2554 507 2607; x_wconf 91' lang='lat' dir='ltr'><strong>mei</strong></span> <span class='ocrx_word' id='word_1_200' title='bbox 538 2566 766 2607; x_wconf 87' lang='lat' dir='ltr'><strong>securus</strong></span> <span class='ocrx_word' id='word_1_201' title='bbox 808 2563 901 2604; x_wconf 83' lang='lat' dir='ltr'><strong>aut</strong></span> <span class='ocrx_word' id='word_1_202' title='bbox 936 2550 1238 2620; x_wconf 81' lang='lat' dir='ltr'><strong>negligens,</strong></span> <span class='ocrx_word' id='word_1_203' title='bbox 1287 2547 1568 2617; x_wconf 83' lang='lat' dir='ltr'><strong>praestolor</strong></span> <span class='ocrx_word' id='word_1_204' title='bbox 1595 2560 1680 2600; x_wconf 89' lang='lat' dir='ltr'><strong>me</strong></span> <span class='ocrx_word' id='word_1_205' title='bbox 1711 2560 1844 2613; x_wconf 89' lang='lat' dir='ltr'><strong>quo-</strong></span> 
     </span>
    </p>
   </div>
   <div class='ocr_carea' id='block_1_32' title="bbox 243 2636 1844 2706">
    <p class='ocr_par' dir='ltr' id='par_1_32' title="bbox 243 2636 1844 2706">
     <span class='ocr_line' id='line_1_32' title="bbox 243 2636 1844 2706; baseline -0.006 -8"><span class='ocrx_word' id='word_1_206' title='bbox 243 2642 510 2697; x_wconf 87' lang='lat' dir='ltr'><strong>rumlibet</strong></span> <span class='ocrx_word' id='word_1_207' title='bbox 537 2643 827 2697; x_wconf 79' lang='lat' dir='ltr'><strong>verborum</strong></span> <span class='ocrx_word' id='word_1_208' title='bbox 850 2640 1078 2695; x_wconf 89' lang='lat' dir='ltr'><strong>verbere</strong></span> <span class='ocrx_word' id='word_1_209' title='bbox 1116 2638 1270 2692; x_wconf 82' lang='lat' dir='ltr'><strong>caedi.</strong></span> <span class='ocrx_word' id='word_1_210' title='bbox 1308 2638 1710 2706; x_wconf 84' lang='lat' dir='ltr'><strong>Prosequamur</strong></span> <span class='ocrx_word' id='word_1_211' title='bbox 1741 2636 1844 2705; x_wconf 77' lang='lat' dir='ltr'><strong>igi-</strong></span> 
     </span>
    </p>
   </div>
   <div class='ocr_carea' id='block_1_33' title="bbox 246 2732 1843 2806">
    <p class='ocr_par' dir='ltr' id='par_1_33' title="bbox 246 2732 1843 2806">
     <span class='ocr_line' id='line_1_33' title="bbox 246 2732 1843 2806; baseline -0.003 -15"><span class='ocrx_word' id='word_1_212' title='bbox 246 2746 348 2791; x_wconf 85' lang='lat' dir='ltr'><strong>tur</strong></span> <span class='ocrx_word' id='word_1_213' title='bbox 370 2743 572 2806; x_wconf 73' lang='lat' dir='ltr'><strong>cmpta,</strong></span> <span class='ocrx_word' id='word_1_214' title='bbox 602 2735 1088 2804; x_wconf 70' lang='lat' dir='ltr'><strong>aequaniiniterque</strong></span> <span class='ocrx_word' id='word_1_215' title='bbox 1120 2732 1415 2788; x_wconf 84' lang='lat' dir='ltr'><strong>toleremus</strong></span> <span class='ocrx_word' id='word_1_216' title='bbox 1439 2732 1717 2786; x_wconf 86' lang='lat' dir='ltr'><strong>hominum</strong></span> <span class='ocrx_word' id='word_1_217' title='bbox 1744 2745 1843 2786; x_wconf 91' lang='lat' dir='ltr'><strong>nos</strong></span> 
     </span>
    </p>
   </div>
   <div class='ocr_carea' id='block_1_34' title="bbox 246 2826 1745 2894">
    <p class='ocr_par' dir='ltr' id='par_1_34' title="bbox 246 2826 1745 2894">
     <span class='ocr_line' id='line_1_34' title="bbox 246 2826 1745 2894; baseline -0.007 -10"><span class='ocrx_word' id='word_1_218' title='bbox 246 2826 518 2884; x_wconf 87' lang='lat' dir='ltr'><strong>dilatrare</strong></span> <span class='ocrx_word' id='word_1_219' title='bbox 540 2826 768 2894; x_wconf 85' lang='lat' dir='ltr'><strong>judicia.</strong></span> <span class='ocrx_word' id='word_1_220' title='bbox 1742 2832 1745 2837; x_wconf 90' lang='lat'>&#39;</span> 
     </span>
    </p>
   </div>
   <div class='ocr_carea' id='block_1_35' title="bbox 324 2913 1845 2993">
    <p class='ocr_par' dir='ltr' id='par_1_35' title="bbox 324 2913 1845 2993">
     <span class='ocr_line' id='line_1_35' title="bbox 324 2913 1845 2993; baseline -0.003 -19"><span class='ocrx_word' id='word_1_221' title='bbox 324 2917 439 2993; x_wconf 63' lang='grc' dir='ltr'><strong>[ιι]</strong></span> <span class='ocrx_word' id='word_1_222' title='bbox 462 2918 844 2973; x_wconf 79' lang='lat' dir='ltr'><strong>Antiochenam</strong></span> <span class='ocrx_word' id='word_1_223' title='bbox 876 2918 1199 2972; x_wconf 80' lang='lat' dir='ltr'><strong>obsidionem</strong></span> <span class='ocrx_word' id='word_1_224' title='bbox 1224 2917 1576 2987; x_wconf 79' lang='lat' dir='ltr'><strong>prosequitur.</strong></span> <span class='ocrx_word' id='word_1_225' title='bbox 1605 2943 1675 2955; x_wconf 90' lang='lat'><strong>-—</strong></span> <span class='ocrx_word' id='word_1_226' title='bbox 1715 2913 1845 2981; x_wconf 62' lang='lat' dir='ltr'><strong>Quae</strong></span> 
     </span>
    </p>
   </div>
   <div class='ocr_carea' id='block_1_36' title="bbox 245 3007 3421 3092">
    <p class='ocr_par' dir='ltr' id='par_1_36' title="bbox 245 3007 3421 3092">
     <span class='ocr_line' id='line_1_36' title="bbox 245 3007 3421 3092; baseline -0.002 -23"><span class='ocrx_word' id='word_1_227' title='bbox 245 3012 396 3070; x_wconf 81' lang='lat' dir='ltr'><strong>facta</strong></span> <span class='ocrx_word' id='word_1_228' title='bbox 433 3021 559 3068; x_wconf 87' lang='lat' dir='ltr'><strong>sunt</strong></span> <span class='ocrx_word' id='word_1_229' title='bbox 589 3013 641 3067; x_wconf 91' lang='lat' dir='ltr'><strong>in</strong></span> <span class='ocrx_word' id='word_1_230' title='bbox 694 3012 1032 3067; x_wconf 84' lang='lat' dir='ltr'><strong>Antiochena</strong></span> <span class='ocrx_word' id='word_1_231' title='bbox 1071 3010 1385 3074; x_wconf 86' lang='lat' dir='ltr'><strong>obsidione,</strong></span> <span class='ocrx_word' id='word_1_232' title='bbox 1435 3008 1636 3064; x_wconf 88' lang='lat' dir='ltr'><strong>nemini</strong></span> <span class='ocrx_word' id='word_1_233' title='bbox 1672 3007 1845 3062; x_wconf 88' lang='lat' dir='ltr'><strong>relatu</strong></span> <span class='ocrx_word' id='word_1_234' title='bbox 1934 3007 2106 3084; x_wconf 44' lang='grc' dir='ltr'><strong>η¹¹¹υ¹¹ξ</strong></span> <span class='ocrx_word' id='word_1_235' title='bbox 2143 3007 2461 3083; x_wconf 60' lang='grc' dir='ltr'><strong>υ¹¹¹⁰ξ¹¹¹ξυ²⁵ι</strong></span> <span class='ocrx_word' id='word_1_236' title='bbox 2484 3007 2727 3092; x_wconf 30' lang='grc' dir='ltr'><strong>¹¹⁰⁵ξιτξ¹¹¹¹</strong></span> <span class='ocrx_word' id='word_1_237' title='bbox 2761 3007 3008 3092; x_wconf 44' lang='grc' dir='ltr'><strong>υυιλ¹¹θξθ</strong></span> <span class='ocrx_word' id='word_1_238' title='bbox 3040 3007 3421 3092; x_wconf 43' lang='grc' dir='ltr'><strong>,δξηθξωο</strong></span> 
     </span>
    </p>
   </div>
   <div class='ocr_carea' id='block_1_37' title="bbox 1930 3074 3550 3142">
    <p class='ocr_par' dir='ltr' id='par_1_37' title="bbox 1930 3074 3550 3142">
     <span class='ocr_line' id='line_1_37' title="bbox 1930 3074 3550 3142; baseline 0.005 -15"><span class='ocrx_word' id='word_1_239' title='bbox 1930 3074 2237 3142; x_wconf 70' lang='lat' dir='ltr'><strong>contingat</strong></span> <span class='ocrx_word' id='word_1_240' title='bbox 2279 3074 2434 3128; x_wconf 87' lang='lat' dir='ltr'><strong>istius</strong></span> <span class='ocrx_word' id='word_1_241' title='bbox 2461 3075 2821 3142; x_wconf 80' lang='lat' dir='ltr'><strong>proditionem</strong></span> <span class='ocrx_word' id='word_1_242' title='bbox 2855 3074 2969 3130; x_wconf 83' lang='lat' dir='ltr'><strong>ﬁeri</strong></span> <span class='ocrx_word' id='word_1_243' title='bbox 3005 3077 3260 3133; x_wconf 83' lang='lat' dir='ltr'><strong>civitatis.</strong></span> <span class='ocrx_word' id='word_1_244' title='bbox 3293 3078 3424 3133; x_wconf 78' lang='lat' dir='ltr'><strong>Mihi</strong></span> <span class='ocrx_word' id='word_1_245' title='bbox 3446 3095 3550 3135; x_wconf 84' lang='lat' dir='ltr'><strong>au-</strong></span> 
     </span>
    </p>
   </div>
   <div class='ocr_carea' id='block_1_38' title="bbox 234 3100 1844 3178">
    <p class='ocr_par' dir='ltr' id='par_1_38' title="bbox 234 3100 1844 3178">
     <span class='ocr_line' id='line_1_38' title="bbox 234 3100 1844 3178; baseline -0.005 -16"><span class='ocrx_word' id='word_1_246' title='bbox 234 3105 535 3178; x_wconf 70' lang='lat' dir='ltr'><strong>possibilia</strong></span> <span class='ocrx_word' id='word_1_247' title='bbox 591 3106 994 3168; x_wconf 80' lang='lat' dir='ltr'><strong>existimamus,</strong></span> <span class='ocrx_word' id='word_1_248' title='bbox 1029 3104 1180 3173; x_wconf 89' lang='lat' dir='ltr'><strong>quia,</strong></span> <span class='ocrx_word' id='word_1_249' title='bbox 1209 3104 1350 3157; x_wconf 87' lang='lat' dir='ltr'><strong>inter</strong></span> <span class='ocrx_word' id='word_1_250' title='bbox 1379 3117 1475 3158; x_wconf 91' lang='lat' dir='ltr'><strong>eos</strong></span> <span class='ocrx_word' id='word_1_251' title='bbox 1505 3102 1597 3170; x_wconf 90' lang='lat' dir='ltr'><strong>qui</strong></span> <span class='ocrx_word' id='word_1_252' title='bbox 1644 3100 1844 3155; x_wconf 88' lang='lat' dir='ltr'><strong>ibidem</strong></span> 
     </span>
    </p>
   </div>
   <div class='ocr_carea' id='block_1_39' title="bbox 238 3192 1843 3267">
    <p class='ocr_par' dir='ltr' id='par_1_39' title="bbox 238 3192 1843 3267">
     <span class='ocr_line' id='line_1_39' title="bbox 238 3192 1843 3267; baseline -0.007 -10"><span class='ocrx_word' id='word_1_253' title='bbox 238 3196 645 3264; x_wconf 84' lang='lat' dir='ltr'><strong>interfuerunt,</strong></span> <span class='ocrx_word' id='word_1_254' title='bbox 700 3197 885 3255; x_wconf 70' lang='lat' dir='ltr'><strong>nullus,</strong></span> <span class='ocrx_word' id='word_1_255' title='bbox 944 3195 1189 3267; x_wconf 86' lang='lat' dir='ltr'><strong>profecto</strong></span> <span class='ocrx_word' id='word_1_256' title='bbox 1246 3195 1420 3265; x_wconf 91' lang='lat' dir='ltr'><strong>potuit</strong></span> <span class='ocrx_word' id='word_1_257' title='bbox 1457 3194 1707 3264; x_wconf 90' lang='lat' dir='ltr'><strong>reperiri,</strong></span> <span class='ocrx_word' id='word_1_258' title='bbox 1753 3192 1843 3263; x_wconf 92' lang='lat' dir='ltr'><strong>qui</strong></span> 
     </span>
    </p>
   </div>
   <div class='ocr_carea' id='block_1_40' title="bbox 245 3287 1843 3360">
    <p class='ocr_par' dir='ltr' id='par_1_40' title="bbox 245 3287 1843 3360">
     <span class='ocr_line' id='line_1_40' title="bbox 245 3287 1843 3360; baseline -0.003 -15"><span class='ocrx_word' id='word_1_259' title='bbox 245 3300 481 3355; x_wconf 87' lang='lat' dir='ltr'><strong>cuneta,</strong></span> <span class='ocrx_word' id='word_1_260' title='bbox 534 3304 656 3360; x_wconf 69' lang='lat' dir='ltr'><strong>qua:</strong></span> <span class='ocrx_word' id='word_1_261' title='bbox 702 3291 848 3343; x_wconf 88' lang='lat' dir='ltr'><strong>circa</strong></span> <span class='ocrx_word' id='word_1_262' title='bbox 898 3289 1143 3343; x_wconf 87' lang='lat' dir='ltr'><strong>eamdem</strong></span> <span class='ocrx_word' id='word_1_263' title='bbox 1187 3288 1376 3342; x_wconf 89' lang='lat' dir='ltr'><strong>urbem</strong></span> <span class='ocrx_word' id='word_1_264' title='bbox 1426 3287 1508 3357; x_wconf 89' lang='lat' dir='ltr'><strong>agi</strong></span> <span class='ocrx_word' id='word_1_265' title='bbox 1532 3294 1843 3355; x_wconf 85' lang='lat' dir='ltr'><strong>potuerunt,</strong></span> 
     </span>
    </p>
   </div>
   <div class='ocr_carea' id='block_1_41' title="bbox 246 3378 1842 3451">
    <p class='ocr_par' dir='ltr' id='par_1_41' title="bbox 246 3378 1842 3451">
     <span class='ocr_line' id='line_1_41' title="bbox 246 3378 1842 3451; baseline -0.004 -12"><span class='ocrx_word' id='word_1_266' title='bbox 246 3382 520 3439; x_wconf 86' lang='lat' dir='ltr'><strong>valuisset</strong></span> <span class='ocrx_word' id='word_1_267' title='bbox 571 3383 873 3451; x_wconf 87' lang='lat' dir='ltr'><strong>pervidere,</strong></span> <span class='ocrx_word' id='word_1_268' title='bbox 897 3390 951 3435; x_wconf 90' lang='lat' dir='ltr'><strong>et</strong></span> <span class='ocrx_word' id='word_1_269' title='bbox 986 3382 1059 3435; x_wconf 88' lang='lat' dir='ltr'><strong>ita</strong></span> <span class='ocrx_word' id='word_1_270' title='bbox 1086 3381 1152 3435; x_wconf 89' lang='lat' dir='ltr'><strong>ad</strong></span> <span class='ocrx_word' id='word_1_271' title='bbox 1194 3381 1462 3450; x_wconf 85' lang='lat' dir='ltr'><strong>integrum</strong></span> <span class='ocrx_word' id='word_1_272' title='bbox 1490 3378 1842 3446; x_wconf 84' lang='lat' dir='ltr'><strong>comprehen-</strong></span> 
     </span>
    </p>
   </div>
   <div class='ocr_carea' id='block_1_42' title="bbox 238 3470 1939 3549">
    <p class='ocr_par' dir='ltr' id='par_1_42' title="bbox 238 3470 1939 3549">
     <span class='ocr_line' id='line_1_42' title="bbox 238 3470 1939 3549; baseline -0.005 -18"><span class='ocrx_word' id='word_1_273' title='bbox 238 3474 413 3549; x_wconf 85' lang='lat' dir='ltr'><strong>dere,</strong></span> <span class='ocrx_word' id='word_1_274' title='bbox 454 3475 595 3529; x_wconf 88' lang='lat' dir='ltr'><strong>sicut</strong></span> <span class='ocrx_word' id='word_1_275' title='bbox 621 3489 680 3529; x_wconf 91' lang='lat' dir='ltr'><strong>se</strong></span> <span class='ocrx_word' id='word_1_276' title='bbox 710 3473 873 3527; x_wconf 91' lang='lat' dir='ltr'><strong>habet</strong></span> <span class='ocrx_word' id='word_1_277' title='bbox 914 3472 1049 3527; x_wconf 88' lang='lat' dir='ltr'><strong>ordo</strong></span> <span class='ocrx_word' id='word_1_278' title='bbox 1079 3479 1243 3541; x_wconf 78' lang='lat' dir='ltr'><strong>gestae</strong></span> <span class='ocrx_word' id='word_1_279' title='bbox 1285 3471 1383 3525; x_wconf 92' lang='lat' dir='ltr'><strong>rei.</strong></span> <span class='ocrx_word' id='word_1_280' title='bbox 1407 3470 1479 3524; x_wconf 88' lang='lat' dir='ltr'><strong>At</strong></span> <span class='ocrx_word' id='word_1_281' title='bbox 1504 3471 1759 3540; x_wconf 89' lang='lat' dir='ltr'><strong>quoniam</strong></span> <span class='ocrx_word' id='word_1_282' title='bbox 1785 3484 1849 3525; x_wconf 90' lang='lat' dir='ltr'><strong>ea</strong></span> <span class='ocrx_word' id='word_1_283' title='bbox 1936 3522 1939 3523; x_wconf 30' lang='grc' dir='ltr'><em>ν</em></span> 
     </span>
    </p>
   </div>
   <div class='ocr_carea' id='block_1_43' title="bbox 246 3561 1846 3637">
    <p class='ocr_par' dir='ltr' id='par_1_43' title="bbox 246 3561 1846 3637">
     <span class='ocr_line' id='line_1_43' title="bbox 246 3561 1846 3637; baseline -0.003 -17"><span class='ocrx_word' id='word_1_284' title='bbox 246 3580 380 3637; x_wconf 72' lang='lat' dir='ltr'><strong>quae</strong></span> <span class='ocrx_word' id='word_1_285' title='bbox 424 3565 567 3636; x_wconf 88' lang='lat' dir='ltr'><strong>passi</strong></span> <span class='ocrx_word' id='word_1_286' title='bbox 622 3573 749 3619; x_wconf 91' lang='lat' dir='ltr'><strong>sunt</strong></span> <span class='ocrx_word' id='word_1_287' title='bbox 787 3564 840 3617; x_wconf 90' lang='lat' dir='ltr'><strong>in</strong></span> <span class='ocrx_word' id='word_1_288' title='bbox 880 3562 1143 3632; x_wconf 88' lang='lat' dir='ltr'><strong>peuuriis,</strong></span> <span class='ocrx_word' id='word_1_289' title='bbox 1197 3561 1570 3632; x_wconf 86' lang='lat' dir='ltr'><strong>bellorumque</strong></span> <span class='ocrx_word' id='word_1_290' title='bbox 1601 3562 1846 3617; x_wconf 89' lang='lat' dir='ltr'><strong>diverso-</strong></span> 
     </span>
    </p>
   </div>
   <div class='ocr_carea' id='block_1_44' title="bbox 246 3653 1850 3722">
    <p class='ocr_par' dir='ltr' id='par_1_44' title="bbox 246 3653 1850 3722">
     <span class='ocr_line' id='line_1_44' title="bbox 246 3653 1850 3722; baseline -0.002 -7"><span class='ocrx_word' id='word_1_291' title='bbox 246 3672 380 3715; x_wconf 84' lang='lat' dir='ltr'><strong>rum</strong></span> <span class='ocrx_word' id='word_1_292' title='bbox 424 3656 640 3712; x_wconf 83' lang='lat' dir='ltr'><strong>casibus</strong></span> <span class='ocrx_word' id='word_1_293' title='bbox 658 3656 975 3709; x_wconf 87' lang='lat' dir='ltr'><strong>summatim</strong></span> <span class='ocrx_word' id='word_1_294' title='bbox 1000 3653 1286 3722; x_wconf 87' lang='lat' dir='ltr'><strong>perstricta</strong></span> <span class='ocrx_word' id='word_1_295' title='bbox 1316 3663 1462 3718; x_wconf 90' lang='lat' dir='ltr'><strong>sunt,</strong></span> <span class='ocrx_word' id='word_1_296' title='bbox 1491 3658 1685 3710; x_wconf 85' lang='lat' dir='ltr'><strong>amodo</strong></span> <span class='ocrx_word' id='word_1_297' title='bbox 1710 3656 1850 3710; x_wconf 87' lang='lat' dir='ltr'><strong>vide-</strong></span> 
     </span>
    </p>
   </div>
   <div class='ocr_carea' id='block_1_45' title="bbox 249 3746 1851 3827">
    <p class='ocr_par' dir='ltr' id='par_1_45' title="bbox 249 3746 1851 3827">
     <span class='ocr_line' id='line_1_45' title="bbox 249 3746 1851 3827; baseline -0.001 -21"><span class='ocrx_word' id='word_1_298' title='bbox 249 3760 351 3806; x_wconf 88' lang='lat' dir='ltr'><strong>tur</strong></span> <span class='ocrx_word' id='word_1_299' title='bbox 374 3749 626 3804; x_wconf 90' lang='lat' dir='ltr'><strong>idoneum</strong></span> <span class='ocrx_word' id='word_1_300' title='bbox 660 3758 739 3812; x_wconf 95' lang='lat' dir='ltr'><strong>ut,</strong></span> <span class='ocrx_word' id='word_1_301' title='bbox 774 3747 840 3801; x_wconf 91' lang='lat' dir='ltr'><strong>ad</strong></span> <span class='ocrx_word' id='word_1_302' title='bbox 871 3762 1032 3817; x_wconf 86' lang='lat' dir='ltr'><strong>quem</strong></span> <span class='ocrx_word' id='word_1_303' title='bbox 1081 3746 1242 3800; x_wconf 85' lang='lat' dir='ltr'><strong>ﬁnem</strong></span> <span class='ocrx_word' id='word_1_304' title='bbox 1297 3747 1594 3827; x_wconf 80' lang='lat' dir='ltr'><strong>obsidendo</strong></span> <span class='ocrx_word' id='word_1_305' title='bbox 1619 3749 1851 3805; x_wconf 86' lang='lat' dir='ltr'><strong>devene-</strong></span> 
     </span>
    </p>
   </div>
   <div class='ocr_carea' id='block_1_46' title="bbox 247 3840 1850 3913">
    <p class='ocr_par' dir='ltr' id='par_1_46' title="bbox 247 3840 1850 3913">
     <span class='ocr_line' id='line_1_46' title="bbox 247 3840 1850 3913; baseline -0.001 -14"><span class='ocrx_word' id='word_1_306' title='bbox 247 3844 370 3899; x_wconf 81' lang='lat' dir='ltr'><strong>rint</strong></span> <span class='ocrx_word' id='word_1_307' title='bbox 426 3857 694 3913; x_wconf 87' lang='lat' dir='ltr'><strong>quemque</strong></span> <span class='ocrx_word' id='word_1_308' title='bbox 744 3840 981 3895; x_wconf 88' lang='lat' dir='ltr'><strong>fructum</strong></span> <span class='ocrx_word' id='word_1_309' title='bbox 1042 3840 1175 3895; x_wconf 87' lang='lat' dir='ltr'><strong>tanti</strong></span> <span class='ocrx_word' id='word_1_310' title='bbox 1204 3840 1407 3895; x_wconf 87' lang='lat' dir='ltr'><strong>laboris</strong></span> <span class='ocrx_word' id='word_1_311' title='bbox 1429 3840 1738 3909; x_wconf 85' lang='lat' dir='ltr'><strong>habuerint,</strong></span> <span class='ocrx_word' id='word_1_312' title='bbox 1765 3851 1850 3898; x_wconf 92' lang='lat' dir='ltr'><strong>ut-</strong></span> 
     </span>
    </p>
   </div>
   <div class='ocr_carea' id='block_1_47' title="bbox 250 3934 1846 4007">
    <p class='ocr_par' dir='ltr' id='par_1_47' title="bbox 250 3934 1846 4007">
     <span class='ocr_line' id='line_1_47' title="bbox 250 3934 1846 4007; baseline 0.001 -16"><span class='ocrx_word' id='word_1_313' title='bbox 250 3950 471 4006; x_wconf 84' lang='lat' dir='ltr'><strong>cunque</strong></span> <span class='ocrx_word' id='word_1_314' title='bbox 518 3950 823 4006; x_wconf 89' lang='lat' dir='ltr'><strong>carpamus.</strong></span> <span class='ocrx_word' id='word_1_315' title='bbox 878 3934 971 3989; x_wconf 85' lang='lat' dir='ltr'><strong>His</strong></span> <span class='ocrx_word' id='word_1_316' title='bbox 998 3935 1208 4000; x_wconf 85' lang='lat' dir='ltr'><strong>diebus,</strong></span> <span class='ocrx_word' id='word_1_317' title='bbox 1260 3945 1419 3991; x_wconf 89' lang='lat' dir='ltr'><strong>nocte</strong></span> <span class='ocrx_word' id='word_1_318' title='bbox 1446 3938 1679 4007; x_wconf 88' lang='lat' dir='ltr'><strong>quadam</strong></span> <span class='ocrx_word' id='word_1_319' title='bbox 1710 3939 1846 3993; x_wconf 85' lang='lat' dir='ltr'><strong>ruli-</strong></span> 
     </span>
    </p>
   </div>
   <div class='ocr_carea' id='block_1_48' title="bbox 251 4025 1847 4101">
    <p class='ocr_par' dir='ltr' id='par_1_48' title="bbox 251 4025 1847 4101">
     <span class='ocr_line' id='line_1_48' title="bbox 251 4025 1847 4101; baseline 0.003 -21"><span class='ocrx_word' id='word_1_320' title='bbox 251 4027 370 4081; x_wconf 88' lang='lat' dir='ltr'><strong>lum</strong></span> <span class='ocrx_word' id='word_1_321' title='bbox 423 4026 479 4080; x_wconf 91' lang='lat' dir='ltr'><strong>in</strong></span> <span class='ocrx_word' id='word_1_322' title='bbox 532 4027 747 4081; x_wconf 89' lang='lat' dir='ltr'><strong>modum</strong></span> <span class='ocrx_word' id='word_1_323' title='bbox 794 4025 932 4096; x_wconf 77' lang='lat' dir='ltr'><strong>ignis</strong></span> <span class='ocrx_word' id='word_1_324' title='bbox 978 4041 1141 4094; x_wconf 89' lang='lat' dir='ltr'><strong>super</strong></span> <span class='ocrx_word' id='word_1_325' title='bbox 1186 4027 1482 4081; x_wconf 79' lang='lat' dir='ltr'><strong>exercitum</strong></span> <span class='ocrx_word' id='word_1_326' title='bbox 1536 4041 1847 4101; x_wconf 85' lang='lat' dir='ltr'><strong>nostrorum</strong></span> 
     </span>
    </p>
   </div>
   <div class='ocr_carea' id='block_1_49' title="bbox 251 4119 1849 4193">
    <p class='ocr_par' dir='ltr' id='par_1_49' title="bbox 251 4119 1849 4193">
     <span class='ocr_line' id='line_1_49' title="bbox 251 4119 1849 4193; baseline 0.003 -19"><span class='ocrx_word' id='word_1_327' title='bbox 251 4119 507 4184; x_wconf 85' lang='lat' dir='ltr'><strong>emicuit,</strong></span> <span class='ocrx_word' id='word_1_328' title='bbox 560 4128 616 4174; x_wconf 90' lang='lat' dir='ltr'><strong>et</strong></span> <span class='ocrx_word' id='word_1_329' title='bbox 662 4120 918 4189; x_wconf 89' lang='lat' dir='ltr'><strong>speciem,</strong></span> <span class='ocrx_word' id='word_1_330' title='bbox 976 4121 1117 4174; x_wconf 82' lang='lat' dir='ltr'><strong>haud</strong></span> <span class='ocrx_word' id='word_1_331' title='bbox 1145 4122 1392 4190; x_wconf 69' lang='lat' dir='ltr'><strong>ambigua</strong></span> <span class='ocrx_word' id='word_1_332' title='bbox 1419 4121 1615 4189; x_wconf 90' lang='lat' dir='ltr'><strong>forma,</strong></span> <span class='ocrx_word' id='word_1_333' title='bbox 1644 4126 1849 4193; x_wconf 87' lang='lat' dir='ltr'><strong>pariter</strong></span> 
     </span>
    </p>
   </div>
   <div class='ocr_carea' id='block_1_50' title="bbox 251 4212 1850 4282">
    <p class='ocr_par' dir='ltr' id='par_1_50' title="bbox 251 4212 1850 4282">
     <span class='ocr_line' id='line_1_50' title="bbox 251 4212 1850 4282; baseline 0.001 -14"><span class='ocrx_word' id='word_1_334' title='bbox 251 4212 510 4268; x_wconf 76' lang='lat' dir='ltr'><strong>exhibuit</strong></span> <span class='ocrx_word' id='word_1_335' title='bbox 559 4214 756 4267; x_wconf 87' lang='lat' dir='ltr'><strong>erucis.</strong></span> <span class='ocrx_word' id='word_1_336' title='bbox 801 4212 952 4281; x_wconf 85' lang='lat' dir='ltr'><strong>Quod</strong></span> <span class='ocrx_word' id='word_1_337' title='bbox 1006 4215 1207 4282; x_wconf 87' lang='lat' dir='ltr'><strong>quique</strong></span> <span class='ocrx_word' id='word_1_338' title='bbox 1240 4213 1349 4267; x_wconf 87' lang='lat' dir='ltr'><strong>illic</strong></span> <span class='ocrx_word' id='word_1_339' title='bbox 1402 4214 1728 4281; x_wconf 77' lang='lat' dir='ltr'><strong>sapientium</strong></span> <span class='ocrx_word' id='word_1_340' title='bbox 1771 4215 1850 4269; x_wconf 86' lang='lat' dir='ltr'><strong>in-</strong></span> 
     </span>
    </p>
   </div>
   <div class='ocr_carea' id='block_1_51' title="bbox 253 4304 1846 4373">
    <p class='ocr_par' dir='ltr' id='par_1_51' title="bbox 253 4304 1846 4373">
     <span class='ocr_line' id='line_1_51' title="bbox 253 4304 1846 4373; baseline 0.001 -12"><span class='ocrx_word' id='word_1_341' title='bbox 253 4305 512 4361; x_wconf 88' lang='lat' dir='ltr'><strong>cendium</strong></span> <span class='ocrx_word' id='word_1_342' title='bbox 554 4307 619 4359; x_wconf 89' lang='lat' dir='ltr'><strong>ad</strong></span> <span class='ocrx_word' id='word_1_343' title='bbox 654 4305 788 4360; x_wconf 89' lang='lat' dir='ltr'><strong>bella</strong></span> <span class='ocrx_word' id='word_1_344' title='bbox 840 4304 1074 4359; x_wconf 85' lang='lat' dir='ltr'><strong>retulere</strong></span> <span class='ocrx_word' id='word_1_345' title='bbox 1106 4307 1307 4371; x_wconf 85' lang='lat' dir='ltr'><strong>futura,</strong></span> <span class='ocrx_word' id='word_1_346' title='bbox 1342 4306 1429 4361; x_wconf 88' lang='lat' dir='ltr'><strong>ubi</strong></span> <span class='ocrx_word' id='word_1_347' title='bbox 1462 4315 1641 4362; x_wconf 86' lang='lat' dir='ltr'><strong>tamen</strong></span> <span class='ocrx_word' id='word_1_348' title='bbox 1678 4318 1846 4373; x_wconf 86' lang='lat' dir='ltr'><strong>esset,</strong></span> 
     </span>
    </p>
   </div>
   <div class='ocr_carea' id='block_1_52' title="bbox 253 4400 1850 4478">
    <p class='ocr_par' dir='ltr' id='par_1_52' title="bbox 253 4400 1850 4478">
     <span class='ocr_line' id='line_1_52' title="bbox 253 4400 1850 4478; baseline 0.004 -24"><span class='ocrx_word' id='word_1_349' title='bbox 253 4400 405 4471; x_wconf 90' lang='lat' dir='ltr'><strong>quod</strong></span> <span class='ocrx_word' id='word_1_350' title='bbox 432 4417 564 4455; x_wconf 83' lang='lat' dir='ltr'><strong>crux</strong></span> <span class='ocrx_word' id='word_1_351' title='bbox 613 4400 893 4455; x_wconf 82' lang='lat' dir='ltr'><strong>videretur</strong></span> <span class='ocrx_word' id='word_1_352' title='bbox 917 4400 1161 4467; x_wconf 86' lang='lat' dir='ltr'><strong>innuere,</strong></span> <span class='ocrx_word' id='word_1_353' title='bbox 1196 4411 1345 4455; x_wconf 85' lang='lat' dir='ltr'><strong>certa</strong></span> <span class='ocrx_word' id='word_1_354' title='bbox 1385 4403 1529 4457; x_wconf 83' lang='lat' dir='ltr'><strong>salus</strong></span> <span class='ocrx_word' id='word_1_355' title='bbox 1550 4412 1602 4456; x_wconf 91' lang='lat' dir='ltr'><strong>et</strong></span> <span class='ocrx_word' id='word_1_356' title='bbox 1634 4418 1850 4478; x_wconf 77' lang='lat' dir='ltr'><strong>succes-</strong></span> 
     </span>
    </p>
   </div>
   <div class='ocr_carea' id='block_1_53' title="bbox 252 4492 665 4549">
    <p class='ocr_par' dir='ltr' id='par_1_53' title="bbox 252 4492 665 4549">
     <span class='ocr_line' id='line_1_53' title="bbox 252 4492 665 4549; baseline -0.01 0"><span class='ocrx_word' id='word_1_357' title='bbox 252 4508 392 4549; x_wconf 88' lang='lat' dir='ltr'><strong>sura</strong></span> <span class='ocrx_word' id='word_1_358' title='bbox 417 4492 665 4547; x_wconf 88' lang='lat' dir='ltr'><strong>victoria.</strong></span> 
     </span>
    </p>
   </div>
   <div class='ocr_carea' id='block_1_54' title="bbox 331 4602 1847 4679">
    <p class='ocr_par' dir='ltr' id='par_1_54' title="bbox 331 4602 1847 4679">
     <span class='ocr_line' id='line_1_54' title="bbox 331 4602 1847 4679; baseline 0.002 -20"><span class='ocrx_word' id='word_1_359' title='bbox 331 4604 467 4679; x_wconf 76' lang='grc' dir='ltr'>μιι.]</span> <span class='ocrx_word' id='word_1_360' title='bbox 488 4602 711 4674; x_wconf 78' lang='lat' dir='ltr'><strong>Pyrrus,</strong></span> <span class='ocrx_word' id='word_1_361' title='bbox 736 4604 1027 4659; x_wconf 81' lang='lat' dir='ltr'><strong>Turcorum</strong></span> <span class='ocrx_word' id='word_1_362' title='bbox 1054 4605 1185 4669; x_wconf 77' lang='lat' dir='ltr'><strong>dux,</strong></span> <span class='ocrx_word' id='word_1_363' title='bbox 1205 4607 1382 4659; x_wconf 88' lang='lat' dir='ltr'><strong>urbem</strong></span> <span class='ocrx_word' id='word_1_364' title='bbox 1408 4607 1571 4658; x_wconf 84' lang='lat' dir='ltr'><strong>tradit</strong></span> <span class='ocrx_word' id='word_1_365' title='bbox 1585 4605 1847 4663; x_wconf 85' lang='lat' dir='ltr'><strong>Boemun-</strong></span> 
     </span>
    </p>
   </div>
   <div class='ocr_carea' id='block_1_55' title="bbox 253 4698 1852 4769">
    <p class='ocr_par' dir='ltr' id='par_1_55' title="bbox 253 4698 1852 4769">
     <span class='ocr_line' id='line_1_55' title="bbox 253 4698 1852 4769; baseline 0.001 -15"><span class='ocrx_word' id='word_1_366' title='bbox 253 4698 658 4767; x_wconf 64' lang='lat' dir='ltr'><strong>clm—Quidam</strong></span> <span class='ocrx_word' id='word_1_367' title='bbox 674 4699 741 4753; x_wconf 90' lang='lat' dir='ltr'><strong>de</strong></span> <span class='ocrx_word' id='word_1_368' title='bbox 752 4699 1077 4768; x_wconf 72' lang='lat' dir='ltr'><strong>primoribus</strong></span> <span class='ocrx_word' id='word_1_369' title='bbox 1091 4700 1180 4769; x_wconf 91' lang='lat' dir='ltr'><strong>qui</strong></span> <span class='ocrx_word' id='word_1_370' title='bbox 1206 4698 1320 4753; x_wconf 89' lang='lat' dir='ltr'><strong>urbi</strong></span> <span class='ocrx_word' id='word_1_371' title='bbox 1336 4699 1699 4768; x_wconf 71' lang='lat' dir='ltr'><strong>praesidebant</strong></span> <span class='ocrx_word' id='word_1_372' title='bbox 1716 4700 1792 4754; x_wconf 94' lang='lat' dir='ltr'><strong>Tu</strong></span> <span class='ocrx_word' id='word_1_373' title='bbox 1802 4718 1852 4755; x_wconf 90' lang='lat' dir='ltr'><strong>r-</strong></span> 
     </span>
    </p>
   </div>
   <div class='ocr_carea' id='block_1_56' title="bbox 256 4790 1850 4862">
    <p class='ocr_par' dir='ltr' id='par_1_56' title="bbox 256 4790 1850 4862">
     <span class='ocr_line' id='line_1_56' title="bbox 256 4790 1850 4862; baseline -0.002 -11"><span class='ocrx_word' id='word_1_374' title='bbox 256 4795 341 4851; x_wconf 86' lang='lat' dir='ltr'><strong>cis</strong></span> <span class='ocrx_word' id='word_1_375' title='bbox 374 4794 669 4862; x_wconf 79' lang='lat' dir='ltr'><strong>vocabatur</strong></span> <span class='ocrx_word' id='word_1_376' title='bbox 698 4791 920 4862; x_wconf 85' lang='lat' dir='ltr'><strong>Pyrrus.</strong></span> <span class='ocrx_word' id='word_1_377' title='bbox 942 4790 1066 4857; x_wconf 77' lang='lat' dir='ltr'><strong>Qui,</strong></span> <span class='ocrx_word' id='word_1_378' title='bbox 1098 4790 1523 4845; x_wconf 82' lang='lat' dir='ltr'><strong>familiaritatem</strong></span> <span class='ocrx_word' id='word_1_379' title='bbox 1554 4791 1850 4848; x_wconf 90' lang='lat' dir='ltr'><strong>Boemundi</strong></span> 
     </span>
    </p>
   </div>
   <div class='ocr_carea' id='block_1_57' title="bbox 256 4860 1854 4957">
    <p class='ocr_par' dir='ltr' id='par_1_57' title="bbox 256 4860 1854 4957">
     <span class='ocr_line' id='line_1_57' title="bbox 256 4860 1854 4957; baseline 0 -16"><span class='ocrx_word' id='word_1_380' title='bbox 256 4902 373 4957; x_wconf 89' lang='lat' dir='ltr'><strong>quo</strong></span> <span class='ocrx_word' id='word_1_381' title='bbox 424 4860 609 4940; x_wconf 78' lang='lat' dir='ltr'><strong>nescio</strong></span> <span class='ocrx_word' id='word_1_382' title='bbox 659 4860 820 4954; x_wconf 80' lang='lat' dir='ltr'><strong>pacto</strong></span> <span class='ocrx_word' id='word_1_383' title='bbox 872 4891 1085 4946; x_wconf 83' lang='lat' dir='ltr'><strong>nactus,</strong></span> <span class='ocrx_word' id='word_1_384' title='bbox 1141 4883 1310 4954; x_wconf 71' lang='lat' dir='ltr'><strong>empit</strong></span> <span class='ocrx_word' id='word_1_385' title='bbox 1359 4884 1854 4941; x_wconf 88' lang='lat' dir='ltr'><strong>intercurrentibus</strong></span> 
     </span>
    </p>
   </div>
   <div class='ocr_carea' id='block_1_58' title="bbox 259 4976 1855 5046">
    <p class='ocr_par' dir='ltr' id='par_1_58' title="bbox 259 4976 1855 5046">
     <span class='ocr_line' id='line_1_58' title="bbox 259 4976 1855 5046; baseline -0.001 -11"><span class='ocrx_word' id='word_1_386' title='bbox 259 4979 469 5036; x_wconf 87' lang='lat' dir='ltr'><strong>nuntiis</strong></span> <span class='ocrx_word' id='word_1_387' title='bbox 513 4977 757 5032; x_wconf 87' lang='lat' dir='ltr'><strong>crebrius</strong></span> <span class='ocrx_word' id='word_1_388' title='bbox 789 4976 909 5046; x_wconf 89' lang='lat' dir='ltr'><strong>ejus</strong></span> <span class='ocrx_word' id='word_1_389' title='bbox 966 4977 1170 5031; x_wconf 89' lang='lat' dir='ltr'><strong>usitare</strong></span> <span class='ocrx_word' id='word_1_390' title='bbox 1214 4977 1559 5046; x_wconf 89' lang='lat' dir='ltr'><strong>colloquium,</strong></span> <span class='ocrx_word' id='word_1_391' title='bbox 1584 4987 1638 5033; x_wconf 92' lang='lat' dir='ltr'><strong>et</strong></span> <span class='ocrx_word' id='word_1_392' title='bbox 1668 4990 1855 5035; x_wconf 91' lang='lat' dir='ltr'><strong>mutuo</strong></span> 
     </span>
    </p>
   </div>
   <div class='ocr_carea' id='block_1_59' title="bbox 258 5071 1855 5143">
    <p class='ocr_par' dir='ltr' id='par_1_59' title="bbox 258 5071 1855 5143">
     <span class='ocr_line' id='line_1_59' title="bbox 258 5071 1855 5143; baseline 0.001 -12"><span class='ocrx_word' id='word_1_393' title='bbox 258 5090 428 5143; x_wconf 81' lang='lat' dir='ltr'><strong>super</strong></span> <span class='ocrx_word' id='word_1_394' title='bbox 452 5073 537 5129; x_wconf 89' lang='lat' dir='ltr'><strong>his</strong></span> <span class='ocrx_word' id='word_1_395' title='bbox 574 5088 694 5141; x_wconf 68' lang='lat' dir='ltr'><strong>quas</strong></span> <span class='ocrx_word' id='word_1_396' title='bbox 723 5079 779 5127; x_wconf 90' lang='lat' dir='ltr'><strong>et</strong></span> <span class='ocrx_word' id='word_1_397' title='bbox 809 5071 935 5126; x_wconf 90' lang='lat' dir='ltr'><strong>hinc</strong></span> <span class='ocrx_word' id='word_1_398' title='bbox 958 5079 1013 5125; x_wconf 89' lang='lat' dir='ltr'><strong>et</strong></span> <span class='ocrx_word' id='word_1_399' title='bbox 1034 5071 1157 5125; x_wconf 87' lang='lat' dir='ltr'><strong>inde</strong></span> <span class='ocrx_word' id='word_1_400' title='bbox 1194 5074 1522 5141; x_wconf 78' lang='lat' dir='ltr'><strong>gerebantur</strong></span> <span class='ocrx_word' id='word_1_401' title='bbox 1550 5078 1855 5133; x_wconf 86' lang='lat' dir='ltr'><strong>communi-</strong></span> 
     </span>
    </p>
   </div>
   <div class='ocr_carea' id='block_1_60' title="bbox 259 5171 1855 5241">
    <p class='ocr_par' dir='ltr' id='par_1_60' title="bbox 259 5171 1855 5241">
     <span class='ocr_line' id='line_1_60' title="bbox 259 5171 1855 5241; baseline 0.01 -16"><span class='ocrx_word' id='word_1_402' title='bbox 259 5171 465 5225; x_wconf 85' lang='lat' dir='ltr'><strong>cabant</strong></span> <span class='ocrx_word' id='word_1_403' title='bbox 518 5174 715 5241; x_wconf 67' lang='lat' dir='ltr'><strong>saepius</strong></span> <span class='ocrx_word' id='word_1_404' title='bbox 772 5177 932 5230; x_wconf 89' lang='lat' dir='ltr'><strong>ambo</strong></span> <span class='ocrx_word' id='word_1_405' title='bbox 975 5178 1281 5231; x_wconf 88' lang='lat' dir='ltr'><strong>consilium.</strong></span> <span class='ocrx_word' id='word_1_406' title='bbox 1323 5179 1533 5235; x_wconf 82' lang='lat' dir='ltr'><strong>Interea</strong></span> <span class='ocrx_word' id='word_1_407' title='bbox 1592 5182 1855 5241; x_wconf 88' lang='lat' dir='ltr'><strong>soliditati</strong></span> 
     </span>
    </p>
   </div>
   <div class='ocr_carea' id='block_1_61' title="bbox 260 5264 1850 5343">
    <p class='ocr_par' dir='ltr' id='par_1_61' title="bbox 260 5264 1850 5343">
     <span class='ocr_line' id='line_1_61' title="bbox 260 5264 1850 5343; baseline 0.011 -29"><span class='ocrx_word' id='word_1_408' title='bbox 260 5264 490 5326; x_wconf 88' lang='lat' dir='ltr'><strong>amoris,</strong></span> <span class='ocrx_word' id='word_1_409' title='bbox 526 5280 622 5334; x_wconf 88' lang='lat' dir='ltr'><strong>per</strong></span> <span class='ocrx_word' id='word_1_410' title='bbox 644 5268 1020 5324; x_wconf 84' lang='lat' dir='ltr'><strong>assiduitatem</strong></span> <span class='ocrx_word' id='word_1_411' title='bbox 1051 5270 1322 5341; x_wconf 82' lang='lat' dir='ltr'><strong>colloquii,</strong></span> <span class='ocrx_word' id='word_1_412' title='bbox 1351 5274 1612 5343; x_wconf 82' lang='lat' dir='ltr'><strong>gliscente</strong></span> <span class='ocrx_word' id='word_1_413' title='bbox 1635 5277 1850 5343; x_wconf 83' lang='lat' dir='ltr'><strong>fiducia,</strong></span> 
     </span>
    </p>
   </div>
   <div class='ocr_carea' id='block_1_62' title="bbox 259 5354 1855 5440">
    <p class='ocr_par' dir='ltr' id='par_1_62' title="bbox 259 5354 1855 5440">
     <span class='ocr_line' id='line_1_62' title="bbox 259 5354 1855 5440; baseline 0.012 -34"><span class='ocrx_word' id='word_1_414' title='bbox 259 5354 525 5425; x_wconf 85' lang='lat' dir='ltr'><strong>paulatim</strong></span> <span class='ocrx_word' id='word_1_415' title='bbox 562 5357 931 5416; x_wconf 75' lang='lat' dir='ltr'><strong>.Boetnundus</strong></span> <span class='ocrx_word' id='word_1_416' title='bbox 960 5377 1249 5434; x_wconf 83' lang='lat' dir='ltr'><strong>suggerere</strong></span> <span class='ocrx_word' id='word_1_417' title='bbox 1294 5365 1343 5419; x_wconf 91' lang='lat' dir='ltr'><strong>ei</strong></span> <span class='ocrx_word' id='word_1_418' title='bbox 1380 5369 1696 5437; x_wconf 86' lang='lat' dir='ltr'><strong>aggreditur</strong></span> <span class='ocrx_word' id='word_1_419' title='bbox 1722 5386 1855 5440; x_wconf 87' lang='lat' dir='ltr'><strong>qua-</strong></span> 
     </span>
    </p>
   </div>
   <div class='ocr_carea' id='block_1_63' title="bbox 263 5447 1854 5525">
    <p class='ocr_par' dir='ltr' id='par_1_63' title="bbox 263 5447 1854 5525">
     <span class='ocr_line' id='line_1_63' title="bbox 263 5447 1854 5525; baseline 0.011 -24"><span class='ocrx_word' id='word_1_420' title='bbox 263 5456 428 5503; x_wconf 89' lang='lat' dir='ltr'><strong>tenus</strong></span> <span class='ocrx_word' id='word_1_421' title='bbox 476 5447 802 5508; x_wconf 68' lang='lat' dir='ltr'><strong>Christiana:</strong></span> <span class='ocrx_word' id='word_1_422' title='bbox 831 5454 1022 5510; x_wconf 90' lang='lat' dir='ltr'><strong>ditioni</strong></span> <span class='ocrx_word' id='word_1_423' title='bbox 1064 5454 1358 5523; x_wconf 72' lang='lat' dir='ltr'><strong>subjiceret</strong></span> <span class='ocrx_word' id='word_1_424' title='bbox 1400 5460 1614 5525; x_wconf 90' lang='lat' dir='ltr'><strong>urbem,</strong></span> <span class='ocrx_word' id='word_1_425' title='bbox 1647 5462 1732 5517; x_wconf 91' lang='lat' dir='ltr'><strong>cui</strong></span> <span class='ocrx_word' id='word_1_426' title='bbox 1756 5464 1854 5518; x_wconf 83' lang='lat' dir='ltr'><strong>do-</strong></span> 
     </span>
    </p>
   </div>
   <div class='ocr_carea' id='block_1_64' title="bbox 260 5540 1855 5617">
    <p class='ocr_par' dir='ltr' id='par_1_64' title="bbox 260 5540 1855 5617">
     <span class='ocr_line' id='line_1_64' title="bbox 260 5540 1855 5617; baseline 0.008 -21"><span class='ocrx_word' id='word_1_427' title='bbox 260 5540 466 5596; x_wconf 84' lang='lat' dir='ltr'><strong>minari</strong></span> <span class='ocrx_word' id='word_1_428' title='bbox 501 5542 548 5597; x_wconf 90' lang='lat' dir='ltr'><strong>ei</strong></span> <span class='ocrx_word' id='word_1_429' title='bbox 574 5544 806 5613; x_wconf 88' lang='lat' dir='ltr'><strong>plurima</strong></span> <span class='ocrx_word' id='word_1_430' title='bbox 831 5562 894 5601; x_wconf 80' lang='lat' dir='ltr'><strong>ex</strong></span> <span class='ocrx_word' id='word_1_431' title='bbox 924 5556 1076 5617; x_wconf 89' lang='lat' dir='ltr'><strong>parte</strong></span> <span class='ocrx_word' id='word_1_432' title='bbox 1097 5550 1402 5616; x_wconf 88' lang='lat' dir='ltr'><strong>constabat,</strong></span> <span class='ocrx_word' id='word_1_433' title='bbox 1431 5553 1665 5608; x_wconf 89' lang='lat' dir='ltr'><strong>suadens</strong></span> <span class='ocrx_word' id='word_1_434' title='bbox 1692 5555 1855 5609; x_wconf 90' lang='lat' dir='ltr'><strong>etiam</strong></span> 
     </span>
    </p>
   </div>
   <div class='ocr_carea' id='block_1_65' title="bbox 260 5631 1857 5718">
    <p class='ocr_par' dir='ltr' id='par_1_65' title="bbox 260 5631 1857 5718">
     <span class='ocr_line' id='line_1_65' title="bbox 260 5631 1857 5718; baseline 0.01 -29"><span class='ocrx_word' id='word_1_435' title='bbox 260 5641 328 5689; x_wconf 80' lang='lat' dir='ltr'><strong>ut</strong></span> <span class='ocrx_word' id='word_1_436' title='bbox 352 5631 836 5691; x_wconf 83' lang='lat' dir='ltr'><strong>Christianismum</strong></span> <span class='ocrx_word' id='word_1_437' title='bbox 850 5640 1167 5710; x_wconf 85' lang='lat' dir='ltr'><strong>susciperet,</strong></span> <span class='ocrx_word' id='word_1_438' title='bbox 1184 5644 1454 5713; x_wconf 85' lang='lat' dir='ltr'><strong>spondens</strong></span> <span class='ocrx_word' id='word_1_439' title='bbox 1481 5644 1857 5718; x_wconf 74' lang='lat' dir='ltr'><strong>nihilominus,</strong></span> 
     </span>
    </p>
   </div>
   <div class='ocr_carea' id='block_1_66' title="bbox 262 5727 1859 5810">
    <p class='ocr_par' dir='ltr' id='par_1_66' title="bbox 262 5727 1859 5810">
     <span class='ocr_line' id='line_1_66' title="bbox 262 5727 1859 5810; baseline 0.009 -28"><span class='ocrx_word' id='word_1_440' title='bbox 262 5727 317 5782; x_wconf 82' lang='lat' dir='ltr'><strong>si</strong></span> <span class='ocrx_word' id='word_1_441' title='bbox 340 5728 457 5787; x_wconf 62' lang='lat' dir='ltr'><strong>haec</strong></span> <span class='ocrx_word' id='word_1_442' title='bbox 482 5729 595 5784; x_wconf 86' lang='lat' dir='ltr'><strong>duo</strong></span> <span class='ocrx_word' id='word_1_443' title='bbox 613 5730 727 5786; x_wconf 84' lang='lat' dir='ltr'><strong>fieri</strong></span> <span class='ocrx_word' id='word_1_444' title='bbox 746 5733 1297 5805; x_wconf 86' lang='lat' dir='ltr'><strong>acquiesceret,quod</strong></span> <span class='ocrx_word' id='word_1_445' title='bbox 1327 5736 1553 5793; x_wconf 88' lang='lat' dir='ltr'><strong>multum</strong></span> <span class='ocrx_word' id='word_1_446' title='bbox 1584 5739 1684 5810; x_wconf 92' lang='lat' dir='ltr'><strong>ipsi</strong></span> <span class='ocrx_word' id='word_1_447' title='bbox 1711 5749 1859 5810; x_wconf 55' lang='lat' dir='ltr'><strong>quae;</strong></span> 
     </span>
    </p>
   </div>
   <div class='ocr_carea' id='block_1_67' title="bbox 264 5827 1859 5910">
    <p class='ocr_par' dir='ltr' id='par_1_67' title="bbox 264 5827 1859 5910">
     <span class='ocr_line' id='line_1_67' title="bbox 264 5827 1859 5910; baseline 0.008 -31"><span class='ocrx_word' id='word_1_448' title='bbox 264 5830 414 5910; x_wconf 75' lang='lat' dir='ltr'><strong>stum</strong></span> <span class='ocrx_word' id='word_1_449' title='bbox 453 5840 578 5883; x_wconf 89' lang='lat' dir='ltr'><strong>cum</strong></span> <span class='ocrx_word' id='word_1_450' title='bbox 612 5827 808 5895; x_wconf 85' lang='lat' dir='ltr'><strong>petiori</strong></span> <span class='ocrx_word' id='word_1_451' title='bbox 855 5828 1064 5885; x_wconf 88' lang='lat' dir='ltr'><strong>honore</strong></span> <span class='ocrx_word' id='word_1_452' title='bbox 1115 5846 1275 5899; x_wconf 89' lang='lat' dir='ltr'><strong>quam</strong></span> <span class='ocrx_word' id='word_1_453' title='bbox 1322 5832 1392 5887; x_wconf 85' lang='lat' dir='ltr'><strong>ibi</strong></span> <span class='ocrx_word' id='word_1_454' title='bbox 1430 5834 1691 5891; x_wconf 84' lang='lat' dir='ltr'><strong>hactenus</strong></span> <span class='ocrx_word' id='word_1_455' title='bbox 1721 5836 1859 5901; x_wconf 58' lang='lat' dir='ltr'><strong>obtié</strong></span> 
     </span>
    </p>
   </div>
   <div class='ocr_carea' id='block_1_68' title="bbox 264 5918 1857 6005">
    <p class='ocr_par' dir='ltr' id='par_1_68' title="bbox 264 5918 1857 6005">
     <span class='ocr_line' id='line_1_68' title="bbox 264 5918 1857 6005; baseline 0.006 -24"><span class='ocrx_word' id='word_1_456' title='bbox 264 5924 467 5981; x_wconf 60' lang='lat' dir='ltr'><strong>Ructat</strong></span> <span class='ocrx_word' id='word_1_457' title='bbox 512 5918 871 5999; x_wconf 65' lang='lat' dir='ltr'><strong>ill&#39;PCﬂ’Jei&#39;Bl-</strong></span> <span class='ocrx_word' id='word_1_458' title='bbox 901 5920 997 5977; x_wconf 84' lang='lat' dir='ltr'><strong>His</strong></span> <span class='ocrx_word' id='word_1_459' title='bbox 1029 5923 1483 5995; x_wconf 85' lang='lat' dir='ltr'><strong>promissionibus</strong></span> <span class='ocrx_word' id='word_1_460' title='bbox 1512 5926 1600 6005; x_wconf 79' lang='lat' dir='ltr'><strong>ilic</strong></span> <span class='ocrx_word' id='word_1_461' title='bbox 1633 5943 1738 5987; x_wconf 89' lang='lat' dir='ltr'><strong>non</strong></span> <span class='ocrx_word' id='word_1_462' title='bbox 1769 5934 1857 5991; x_wconf 59' lang='lat' dir='ltr'><strong>se;</strong></span> 
     </span>
    </p>
   </div>
   <div class='ocr_carea' id='block_1_69' title="bbox 1946 1968 3547 2039">
    <p class='ocr_par' dir='ltr' id='par_1_69' title="bbox 1946 1968 3547 2039">
     <span class='ocr_line' id='line_1_69' title="bbox 1946 1968 3547 2039; baseline 0.002 -12"><span class='ocrx_word' id='word_1_463' title='bbox 1946 1982 2129 2027; x_wconf 88' lang='lat' dir='ltr'><strong>mente</strong></span> <span class='ocrx_word' id='word_1_464' title='bbox 2196 1971 2442 2026; x_wconf 78' lang='lat' dir='ltr'><strong>laetitiam</strong></span> <span class='ocrx_word' id='word_1_465' title='bbox 2495 1969 2647 2024; x_wconf 90' lang='lat' dir='ltr'><strong>vultu</strong></span> <span class='ocrx_word' id='word_1_466' title='bbox 2691 1968 3020 2039; x_wconf 58' lang='lat' dir='ltr'><strong>praeferebat</strong></span> <span class='ocrx_word' id='word_1_467' title='bbox 3067 1971 3289 2027; x_wconf 78' lang='lat' dir='ltr'><strong>eximio.</strong></span> <span class='ocrx_word' id='word_1_468' title='bbox 3337 1972 3547 2031; x_wconf 85' lang='lat' dir='ltr'><strong>Verens</strong></span> 
     </span>
    </p>
   </div>
   <div class='ocr_carea' id='block_1_70' title="bbox 1945 2063 3548 2136">
    <p class='ocr_par' dir='ltr' id='par_1_70' title="bbox 1945 2063 3548 2136">
     <span class='ocr_line' id='line_1_70' title="bbox 1945 2063 3548 2136; baseline 0.001 -16"><span class='ocrx_word' id='word_1_469' title='bbox 1945 2066 2113 2136; x_wconf 88' lang='lat' dir='ltr'><strong>igitur</strong></span> <span class='ocrx_word' id='word_1_470' title='bbox 2151 2081 2238 2130; x_wconf 92' lang='lat' dir='ltr'><strong>ne,</strong></span> <span class='ocrx_word' id='word_1_471' title='bbox 2268 2081 2390 2121; x_wconf 88' lang='lat' dir='ltr'><strong>cum</strong></span> <span class='ocrx_word' id='word_1_472' title='bbox 2425 2064 2515 2118; x_wconf 92' lang='lat' dir='ltr'><strong>ille</strong></span> <span class='ocrx_word' id='word_1_473' title='bbox 2556 2063 2811 2134; x_wconf 84' lang='lat' dir='ltr'><strong>proderet</strong></span> <span class='ocrx_word' id='word_1_474' title='bbox 2865 2063 3167 2129; x_wconf 89' lang='lat' dir='ltr'><strong>civitatem,</strong></span> <span class='ocrx_word' id='word_1_475' title='bbox 3208 2065 3405 2136; x_wconf 87' lang='lat' dir='ltr'><strong>aliquis</strong></span> <span class='ocrx_word' id='word_1_476' title='bbox 3449 2081 3548 2122; x_wconf 90' lang='lat' dir='ltr'><strong>no-</strong></span> 
     </span>
    </p>
   </div>
   <div class='ocr_carea' id='block_1_71' title="bbox 1946 2155 3546 2227">
    <p class='ocr_par' dir='ltr' id='par_1_71' title="bbox 1946 2155 3546 2227">
     <span class='ocr_line' id='line_1_71' title="bbox 1946 2155 3546 2227; baseline 0.001 -12"><span class='ocrx_word' id='word_1_477' title='bbox 1946 2171 2188 2215; x_wconf 87' lang='lat' dir='ltr'><strong>strorum</strong></span> <span class='ocrx_word' id='word_1_478' title='bbox 2236 2157 2339 2212; x_wconf 87' lang='lat' dir='ltr'><strong>sibi</strong></span> <span class='ocrx_word' id='word_1_479' title='bbox 2377 2156 2685 2226; x_wconf 90' lang='lat' dir='ltr'><strong>principum</strong></span> <span class='ocrx_word' id='word_1_480' title='bbox 2715 2155 2882 2211; x_wconf 87' lang='lat' dir='ltr'><strong>totius</strong></span> <span class='ocrx_word' id='word_1_481' title='bbox 2910 2157 3277 2227; x_wconf 86' lang='lat' dir='ltr'><strong>principatum</strong></span> <span class='ocrx_word' id='word_1_482' title='bbox 3304 2158 3546 2216; x_wconf 83' lang='lat' dir='ltr'><strong>civitatis</strong></span> 
     </span>
    </p>
   </div>
   <div class='ocr_carea' id='block_1_72' title="bbox 1947 2250 3295 2323">
    <p class='ocr_par' dir='ltr' id='par_1_72' title="bbox 1947 2250 3295 2323">
     <span class='ocr_line' id='line_1_72' title="bbox 1947 2250 3295 2323; baseline 0 -15"><span class='ocrx_word' id='word_1_483' title='bbox 1947 2254 2205 2323; x_wconf 88' lang='lat' dir='ltr'><strong>eriperet,</strong></span> <span class='ocrx_word' id='word_1_484' title='bbox 2231 2250 2427 2307; x_wconf 81' lang='lat' dir='ltr'><strong>callide</strong></span> <span class='ocrx_word' id='word_1_485' title='bbox 2453 2250 2728 2306; x_wconf 84' lang='lat' dir='ltr'><strong>exercitus</strong></span> <span class='ocrx_word' id='word_1_486' title='bbox 2756 2252 3004 2307; x_wconf 87' lang='lat' dir='ltr'><strong>seniores</strong></span> <span class='ocrx_word' id='word_1_487' title='bbox 3030 2252 3295 2308; x_wconf 89' lang='lat' dir='ltr'><strong>adoritur.</strong></span> 
     </span>
    </p>
   </div>
   <div class='ocr_carea' id='block_1_73' title="bbox 2027 2342 3545 2414">
    <p class='ocr_par' dir='ltr' id='par_1_73' title="bbox 2027 2342 3545 2414">
     <span class='ocr_line' id='line_1_73' title="bbox 2027 2342 3545 2414; baseline 0.004 -18"><span class='ocrx_word' id='word_1_488' title='bbox 2027 2363 2046 2396; x_wconf 85' lang='grc'><strong><em>‹</em></strong></span> <span class='ocrx_word' id='word_1_489' title='bbox 2085 2344 2202 2398; x_wconf 83' lang='lat' dir='ltr'><strong>Non</strong></span> <span class='ocrx_word' id='word_1_490' title='bbox 2252 2342 2402 2407; x_wconf 91' lang='lat' dir='ltr'><strong>latet,</strong></span> <span class='ocrx_word' id='word_1_491' title='bbox 2451 2343 2547 2409; x_wconf 89' lang='lat' dir='ltr'><strong>ait,</strong></span> <span class='ocrx_word' id='word_1_492' title='bbox 2592 2357 2710 2408; x_wconf 89' lang='lat' dir='ltr'><strong>vos,</strong></span> <span class='ocrx_word' id='word_1_493' title='bbox 2742 2357 2775 2397; x_wconf 91' lang='grc' dir='ltr'><strong>ο</strong></span> <span class='ocrx_word' id='word_1_494' title='bbox 2804 2343 3244 2399; x_wconf 84' lang='lat' dir='ltr'><strong>excellentissimi</strong></span> <span class='ocrx_word' id='word_1_495' title='bbox 3294 2345 3545 2414; x_wconf 84' lang='lat' dir='ltr'><strong>comites,</strong></span> 
     </span>
    </p>
   </div>
   <div class='ocr_carea' id='block_1_74' title="bbox 1949 2432 3548 2505">
    <p class='ocr_par' dir='ltr' id='par_1_74' title="bbox 1949 2432 3548 2505">
     <span class='ocr_line' id='line_1_74' title="bbox 1949 2432 3548 2505; baseline 0.003 -16"><span class='ocrx_word' id='word_1_496' title='bbox 1949 2450 2085 2504; x_wconf 90' lang='lat' dir='ltr'><strong>quas</strong></span> <span class='ocrx_word' id='word_1_497' title='bbox 2114 2434 2349 2497; x_wconf 89' lang='lat' dir='ltr'><strong>inedias,</strong></span> <span class='ocrx_word' id='word_1_498' title='bbox 2382 2448 2519 2502; x_wconf 89' lang='lat' dir='ltr'><strong>quos</strong></span> <span class='ocrx_word' id='word_1_499' title='bbox 2568 2432 2802 2502; x_wconf 85' lang='lat' dir='ltr'><strong>algores,</strong></span> <span class='ocrx_word' id='word_1_500' title='bbox 2846 2449 3121 2505; x_wconf 89' lang='lat' dir='ltr'><strong>quamque</strong></span> <span class='ocrx_word' id='word_1_501' title='bbox 3150 2444 3334 2492; x_wconf 89' lang='lat' dir='ltr'><strong>truces</strong></span> <span class='ocrx_word' id='word_1_502' title='bbox 3378 2450 3548 2493; x_wconf 82' lang='lat' dir='ltr'><strong>excu-</strong></span> 
     </span>
    </p>
   </div>
   <div class='ocr_carea' id='block_1_75' title="bbox 1924 2526 3548 2600">
    <p class='ocr_par' dir='ltr' id='par_1_75' title="bbox 1924 2526 3548 2600">
     <span class='ocr_line' id='line_1_75' title="bbox 1924 2526 3548 2600; baseline 0.002 -17"><span class='ocrx_word' id='word_1_503' title='bbox 1924 2528 2070 2583; x_wconf 80' lang='lat' dir='ltr'><strong>bias</strong></span> <span class='ocrx_word' id='word_1_504' title='bbox 2099 2529 2245 2582; x_wconf 89' lang='lat' dir='ltr'><strong>hanc</strong></span> <span class='ocrx_word' id='word_1_505' title='bbox 2297 2527 2490 2581; x_wconf 85' lang='lat' dir='ltr'><strong>urbem</strong></span> <span class='ocrx_word' id='word_1_506' title='bbox 2540 2526 2842 2581; x_wconf 89' lang='lat' dir='ltr'><strong>obsidendo</strong></span> <span class='ocrx_word' id='word_1_507' title='bbox 2882 2526 3193 2595; x_wconf 87' lang='lat' dir='ltr'><strong>tulerimus,</strong></span> <span class='ocrx_word' id='word_1_508' title='bbox 3223 2531 3548 2600; x_wconf 85' lang='lat' dir='ltr'><strong>cunctisque</strong></span> 
     </span>
    </p>
   </div>
   <div class='ocr_carea' id='block_1_76' title="bbox 1951 2618 3544 2688">
    <p class='ocr_par' dir='ltr' id='par_1_76' title="bbox 1951 2618 3544 2688">
     <span class='ocr_line' id='line_1_76' title="bbox 1951 2618 3544 2688; baseline 0.004 -17"><span class='ocrx_word' id='word_1_509' title='bbox 1951 2618 2205 2688; x_wconf 88' lang='lat' dir='ltr'><strong>personis</strong></span> <span class='ocrx_word' id='word_1_510' title='bbox 2258 2632 2606 2687; x_wconf 89' lang='lat' dir='ltr'><strong>magnorum,</strong></span> <span class='ocrx_word' id='word_1_511' title='bbox 2668 2618 2939 2672; x_wconf 90' lang='lat' dir='ltr'><strong>minorum</strong></span> <span class='ocrx_word' id='word_1_512' title='bbox 2991 2628 3155 2688; x_wconf 89' lang='lat' dir='ltr'><strong>atque</strong></span> <span class='ocrx_word' id='word_1_513' title='bbox 3208 2621 3544 2679; x_wconf 78' lang='lat' dir='ltr'><strong>medicorum</strong></span> 
     </span>
    </p>
   </div>
   <div class='ocr_carea' id='block_1_77' title="bbox 1950 2710 3547 2783">
    <p class='ocr_par' dir='ltr' id='par_1_77' title="bbox 1950 2710 3547 2783">
     <span class='ocr_line' id='line_1_77' title="bbox 1950 2710 3547 2783; baseline 0.003 -18"><span class='ocrx_word' id='word_1_514' title='bbox 1950 2711 2267 2765; x_wconf 89' lang='lat' dir='ltr'><strong>incumbere</strong></span> <span class='ocrx_word' id='word_1_515' title='bbox 2318 2710 2598 2779; x_wconf 75' lang='lat' dir='ltr'><strong>aequaliter</strong></span> <span class='ocrx_word' id='word_1_516' title='bbox 2646 2711 2982 2780; x_wconf 84' lang='lat' dir='ltr'><strong>dignoscitur</strong></span> <span class='ocrx_word' id='word_1_517' title='bbox 3034 2710 3203 2769; x_wconf 81' lang='lat' dir='ltr'><strong>ferale</strong></span> <span class='ocrx_word' id='word_1_518' title='bbox 3242 2713 3547 2783; x_wconf 83' lang='lat' dir='ltr'><strong>fastidium,</strong></span> 
     </span>
    </p>
   </div>
   <div class='ocr_carea' id='block_1_78' title="bbox 1953 2802 3551 2878">
    <p class='ocr_par' dir='ltr' id='par_1_78' title="bbox 1953 2802 3551 2878">
     <span class='ocr_line' id='line_1_78' title="bbox 1953 2802 3551 2878; baseline 0.005 -23"><span class='ocrx_word' id='word_1_519' title='bbox 1953 2802 2268 2866; x_wconf 87' lang='lat' dir='ltr'><strong>nullumque</strong></span> <span class='ocrx_word' id='word_1_520' title='bbox 2317 2810 2503 2870; x_wconf 88' lang='lat' dir='ltr'><strong>patere</strong></span> <span class='ocrx_word' id='word_1_521' title='bbox 2536 2803 2862 2857; x_wconf 89' lang='lat' dir='ltr'><strong>remedium.</strong></span> <span class='ocrx_word' id='word_1_522' title='bbox 2907 2803 3151 2861; x_wconf 88' lang='lat' dir='ltr'><strong>Consilio</strong></span> <span class='ocrx_word' id='word_1_523' title='bbox 3189 2806 3375 2877; x_wconf 88' lang='lat' dir='ltr'><strong>itaque</strong></span> <span class='ocrx_word' id='word_1_524' title='bbox 3402 2806 3551 2878; x_wconf 85' lang='lat' dir='ltr'><strong>apud</strong></span> 
     </span>
    </p>
   </div>
   <div class='ocr_carea' id='block_1_79' title="bbox 1956 2893 3550 2965">
    <p class='ocr_par' dir='ltr' id='par_1_79' title="bbox 1956 2893 3550 2965">
     <span class='ocr_line' id='line_1_79' title="bbox 1956 2893 3550 2965; baseline 0.007 -21"><span class='ocrx_word' id='word_1_525' title='bbox 1956 2907 2051 2946; x_wconf 85' lang='lat' dir='ltr'><strong>vos</strong></span> <span class='ocrx_word' id='word_1_526' title='bbox 2078 2893 2281 2955; x_wconf 89' lang='lat' dir='ltr'><strong>habito,</strong></span> <span class='ocrx_word' id='word_1_527' title='bbox 2316 2908 2520 2962; x_wconf 67' lang='lat' dir='ltr'><strong>qtueso,</strong></span> <span class='ocrx_word' id='word_1_528' title='bbox 2553 2893 2872 2963; x_wconf 88' lang='lat' dir='ltr'><strong>perpendite</strong></span> <span class='ocrx_word' id='word_1_529' title='bbox 2901 2910 2969 2949; x_wconf 89' lang='lat' dir='ltr'><strong>an</strong></span> <span class='ocrx_word' id='word_1_530' title='bbox 3002 2894 3162 2965; x_wconf 87' lang='lat' dir='ltr'><strong>hujus</strong></span> <span class='ocrx_word' id='word_1_531' title='bbox 3189 2898 3342 2953; x_wconf 83' lang='lat' dir='ltr'><strong>urbis</strong></span> <span class='ocrx_word' id='word_1_532' title='bbox 3367 2898 3550 2954; x_wconf 79' lang='lat' dir='ltr'><strong>domi-</strong></span> 
     </span>
    </p>
   </div>
   <div class='ocr_carea' id='block_1_80' title="bbox 1956 2983 3550 3054">
    <p class='ocr_par' dir='ltr' id='par_1_80' title="bbox 1956 2983 3550 3054">
     <span class='ocr_line' id='line_1_80' title="bbox 1956 2983 3550 3054; baseline 0.006 -17"><span class='ocrx_word' id='word_1_533' title='bbox 1956 2984 2106 3037; x_wconf 91' lang='lat' dir='ltr'><strong>nium</strong></span> <span class='ocrx_word' id='word_1_534' title='bbox 2142 2983 2461 3038; x_wconf 89' lang='lat' dir='ltr'><strong>uuicuilibet</strong></span> <span class='ocrx_word' id='word_1_535' title='bbox 2484 2995 2727 3039; x_wconf 89' lang='lat' dir='ltr'><strong>nostrum</strong></span> <span class='ocrx_word' id='word_1_536' title='bbox 2761 2987 3008 3042; x_wconf 90' lang='lat' dir='ltr'><strong>obtinere</strong></span> <span class='ocrx_word' id='word_1_537' title='bbox 3064 2988 3277 3054; x_wconf 87' lang='lat' dir='ltr'><strong>sinatis,</strong></span> <span class='ocrx_word' id='word_1_538' title='bbox 3310 2990 3356 3046; x_wconf 89' lang='lat' dir='ltr'><strong>si</strong></span> <span class='ocrx_word' id='word_1_539' title='bbox 3387 2990 3550 3047; x_wconf 80' lang='lat' dir='ltr'><strong>alicui</strong></span> 
     </span>
    </p>
   </div>
   <div class='ocr_carea' id='block_1_81' title="bbox 1955 3162 3546 3238">
    <p class='ocr_par' dir='ltr' id='par_1_81' title="bbox 1955 3162 3546 3238">
     <span class='ocr_line' id='line_1_81' title="bbox 1955 3162 3546 3238; baseline 0.003 -20"><span class='ocrx_word' id='word_1_540' title='bbox 1955 3172 2063 3218; x_wconf 90' lang='lat' dir='ltr'><strong>tem</strong></span> <span class='ocrx_word' id='word_1_541' title='bbox 2092 3162 2438 3223; x_wconf 86' lang='lat' dir='ltr'><strong>videtur,non</strong></span> <span class='ocrx_word' id='word_1_542' title='bbox 2472 3165 2851 3233; x_wconf 81' lang='lat' dir='ltr'><strong>incongruum,</strong></span> <span class='ocrx_word' id='word_1_543' title='bbox 2880 3174 2938 3219; x_wconf 96' lang='lat' dir='ltr'><strong>ut</strong></span> <span class='ocrx_word' id='word_1_544' title='bbox 2961 3166 3007 3219; x_wconf 91' lang='lat' dir='ltr'><strong>si</strong></span> <span class='ocrx_word' id='word_1_545' title='bbox 3037 3182 3131 3221; x_wconf 91' lang='lat' dir='ltr'><strong>seu</strong></span> <span class='ocrx_word' id='word_1_546' title='bbox 3164 3167 3241 3233; x_wconf 92' lang='lat' dir='ltr'><strong>vi,</strong></span> <span class='ocrx_word' id='word_1_547' title='bbox 3268 3181 3361 3222; x_wconf 89' lang='lat' dir='ltr'><strong>seu</strong></span> <span class='ocrx_word' id='word_1_548' title='bbox 3385 3167 3546 3238; x_wconf 85' lang='lat' dir='ltr'><strong>clam,</strong></span> 
     </span>
    </p>
   </div>
   <div class='ocr_carea' id='block_1_82' title="bbox 1875 3253 3545 3329">
    <p class='ocr_par' dir='ltr' id='par_1_82' title="bbox 1875 3253 3545 3329">
     <span class='ocr_line' id='line_1_82' title="bbox 1875 3253 3545 3329; baseline 0.002 -20"><span class='ocrx_word' id='word_1_549' title='bbox 1875 3263 1920 3324; x_wconf 72' lang='grc' dir='ltr'>ο</span> <span class='ocrx_word' id='word_1_550' title='bbox 1954 3269 2046 3309; x_wconf 91' lang='lat' dir='ltr'><strong>seu</strong></span> <span class='ocrx_word' id='word_1_551' title='bbox 2103 3253 2350 3322; x_wconf 87' lang='lat' dir='ltr'><strong>precario</strong></span> <span class='ocrx_word' id='word_1_552' title='bbox 2408 3254 2697 3323; x_wconf 86' lang='lat' dir='ltr'><strong>quisquam</strong></span> <span class='ocrx_word' id='word_1_553' title='bbox 2745 3254 2862 3322; x_wconf 88' lang='lat' dir='ltr'><strong>ejus</strong></span> <span class='ocrx_word' id='word_1_554' title='bbox 2915 3257 3183 3311; x_wconf 89' lang='lat' dir='ltr'><strong>obtinebit</strong></span> <span class='ocrx_word' id='word_1_555' title='bbox 3215 3258 3545 3329; x_wconf 82' lang='lat' dir='ltr'><strong>ingressum,</strong></span> 
     </span>
    </p>
   </div>
   <div class='ocr_carea' id='block_1_83' title="bbox 1956 3345 3551 3414">
    <p class='ocr_par' dir='ltr' id='par_1_83' title="bbox 1956 3345 3551 3414">
     <span class='ocr_line' id='line_1_83' title="bbox 1956 3345 3551 3414; baseline 0.004 -14"><span class='ocrx_word' id='word_1_556' title='bbox 1956 3346 2030 3400; x_wconf 88' lang='lat' dir='ltr'><strong>illi</strong></span> <span class='ocrx_word' id='word_1_557' title='bbox 2062 3345 2249 3414; x_wconf 90' lang='lat' dir='ltr'><strong>procul</strong></span> <span class='ocrx_word' id='word_1_558' title='bbox 2300 3348 2461 3401; x_wconf 90' lang='lat' dir='ltr'><strong>dubio</strong></span> <span class='ocrx_word' id='word_1_559' title='bbox 2498 3349 2566 3400; x_wconf 87' lang='lat' dir='ltr'><strong>ab</strong></span> <span class='ocrx_word' id='word_1_560' title='bbox 2596 3348 2848 3402; x_wconf 87' lang='lat' dir='ltr'><strong>oumibus</strong></span> <span class='ocrx_word' id='word_1_561' title='bbox 2897 3349 3121 3403; x_wconf 90' lang='lat' dir='ltr'><strong>concedi</strong></span> <span class='ocrx_word' id='word_1_562' title='bbox 3169 3350 3320 3405; x_wconf 89' lang='lat' dir='ltr'><strong>urbis</strong></span> <span class='ocrx_word' id='word_1_563' title='bbox 3350 3352 3551 3407; x_wconf 81' lang='lat' dir='ltr'><strong>debere</strong></span> 
     </span>
    </p>
   </div>
   <div class='ocr_carea' id='block_1_84' title="bbox 1954 3438 3547 3516">
    <p class='ocr_par' dir='ltr' id='par_1_84' title="bbox 1954 3438 3547 3516">
     <span class='ocr_line' id='line_1_84' title="bbox 1954 3438 3547 3516; baseline 0.006 -24"><span class='ocrx_word' id='word_1_564' title='bbox 1954 3438 2278 3492; x_wconf 89' lang='lat' dir='ltr'><strong>dominium.</strong></span> <span class='ocrx_word' id='word_1_565' title='bbox 2322 3458 2339 3489; x_wconf 75' lang='grc' dir='ltr'><strong><em>ι</em></strong></span> <span class='ocrx_word' id='word_1_566' title='bbox 2375 3439 2450 3492; x_wconf 76' lang='lat' dir='ltr'><strong>Ad</strong></span> <span class='ocrx_word' id='word_1_567' title='bbox 2477 3440 2590 3493; x_wconf 84' lang='lat' dir='ltr'><strong>haec</strong></span> <span class='ocrx_word' id='word_1_568' title='bbox 2637 3440 2945 3511; x_wconf 90' lang='lat' dir='ltr'><strong>principum</strong></span> <span class='ocrx_word' id='word_1_569' title='bbox 2975 3444 3243 3499; x_wconf 88' lang='lat' dir='ltr'><strong>sententia</strong></span> <span class='ocrx_word' id='word_1_570' title='bbox 3271 3443 3432 3516; x_wconf 85' lang='lat' dir='ltr'><strong>longe</strong></span> <span class='ocrx_word' id='word_1_571' title='bbox 3460 3444 3547 3501; x_wconf 89' lang='lat' dir='ltr'><strong>di-</strong></span> 
     </span>
    </p>
   </div>
   <div class='ocr_carea' id='block_1_85' title="bbox 1955 3531 3546 3604">
    <p class='ocr_par' dir='ltr' id='par_1_85' title="bbox 1955 3531 3546 3604">
     <span class='ocr_line' id='line_1_85' title="bbox 1955 3531 3546 3604; baseline 0.006 -21"><span class='ocrx_word' id='word_1_572' title='bbox 1955 3546 2113 3585; x_wconf 89' lang='lat' dir='ltr'><strong>versa</strong></span> <span class='ocrx_word' id='word_1_573' title='bbox 2139 3531 2381 3596; x_wconf 69' lang='lat' dir='ltr'><strong>exstitit;</strong></span> <span class='ocrx_word' id='word_1_574' title='bbox 2409 3541 2463 3584; x_wconf 90' lang='lat' dir='ltr'><strong>et</strong></span> <span class='ocrx_word' id='word_1_575' title='bbox 2484 3531 2599 3599; x_wconf 85' lang='lat' dir='ltr'><strong>ejus</strong></span> <span class='ocrx_word' id='word_1_576' title='bbox 2625 3532 2868 3602; x_wconf 90' lang='lat' dir='ltr'><strong>opinioni</strong></span> <span class='ocrx_word' id='word_1_577' title='bbox 2894 3550 3085 3590; x_wconf 86' lang='lat' dir='ltr'><strong>severa</strong></span> <span class='ocrx_word' id='word_1_578' title='bbox 3115 3537 3295 3591; x_wconf 86' lang='lat' dir='ltr'><strong>fronte</strong></span> <span class='ocrx_word' id='word_1_579' title='bbox 3320 3536 3546 3604; x_wconf 87' lang='lat' dir='ltr'><strong>restitit,</strong></span> 
     </span>
    </p>
   </div>
   <div class='ocr_carea' id='block_1_86' title="bbox 1954 3626 3549 3701">
    <p class='ocr_par' dir='ltr' id='par_1_86' title="bbox 1954 3626 3549 3701">
     <span class='ocr_line' id='line_1_86' title="bbox 1954 3626 3549 3701; baseline 0.004 -22"><span class='ocrx_word' id='word_1_580' title='bbox 1954 3626 2138 3680; x_wconf 80' lang='lat' dir='ltr'><strong>dicens</strong></span> <span class='ocrx_word' id='word_1_581' title='bbox 2169 3644 2180 3679; x_wconf 89' lang='lat'>:</span> <span class='ocrx_word' id='word_1_582' title='bbox 2220 3644 2237 3675; x_wconf 83' lang='grc' dir='ltr'><strong><em>ι</em></strong></span> <span class='ocrx_word' id='word_1_583' title='bbox 2278 3627 2389 3681; x_wconf 85' lang='lat' dir='ltr'><strong>Non</strong></span> <span class='ocrx_word' id='word_1_584' title='bbox 2422 3626 2554 3681; x_wconf 87' lang='lat' dir='ltr'><strong>satis</strong></span> <span class='ocrx_word' id='word_1_585' title='bbox 2581 3642 2701 3681; x_wconf 82' lang='lat' dir='ltr'><strong>esse</strong></span> <span class='ocrx_word' id='word_1_586' title='bbox 2731 3629 3067 3684; x_wconf 88' lang='lat' dir='ltr'><strong>conveniens</strong></span> <span class='ocrx_word' id='word_1_587' title='bbox 3112 3638 3189 3697; x_wconf 91' lang='lat' dir='ltr'><strong>ut,</strong></span> <span class='ocrx_word' id='word_1_588' title='bbox 3228 3628 3318 3684; x_wconf 90' lang='lat' dir='ltr'><strong>ubi</strong></span> <span class='ocrx_word' id='word_1_589' title='bbox 3345 3645 3446 3701; x_wconf 90' lang='lat' dir='ltr'><strong>par</strong></span> <span class='ocrx_word' id='word_1_590' title='bbox 3470 3630 3549 3685; x_wconf 81' lang='lat' dir='ltr'><strong>la-</strong></span> 
     </span>
    </p>
   </div>
   <div class='ocr_carea' id='block_1_87' title="bbox 1956 3714 3550 3791">
    <p class='ocr_par' dir='ltr' id='par_1_87' title="bbox 1956 3714 3550 3791">
     <span class='ocr_line' id='line_1_87' title="bbox 1956 3714 3550 3791; baseline 0.006 -21"><span class='ocrx_word' id='word_1_591' title='bbox 1956 3714 2054 3770; x_wconf 89' lang='lat' dir='ltr'><strong>bor</strong></span> <span class='ocrx_word' id='word_1_592' title='bbox 2083 3724 2243 3783; x_wconf 73' lang='lat' dir='ltr'><strong>atque</strong></span> <span class='ocrx_word' id='word_1_593' title='bbox 2305 3724 2499 3779; x_wconf 88' lang='lat' dir='ltr'><strong>metus,</strong></span> <span class='ocrx_word' id='word_1_594' title='bbox 2533 3731 2637 3770; x_wconf 91' lang='lat' dir='ltr'><strong>non</strong></span> <span class='ocrx_word' id='word_1_595' title='bbox 2671 3717 2787 3771; x_wconf 91' lang='lat' dir='ltr'><strong>sine</strong></span> <span class='ocrx_word' id='word_1_596' title='bbox 2837 3718 2997 3787; x_wconf 89' lang='lat' dir='ltr'><strong>pretii</strong></span> <span class='ocrx_word' id='word_1_597' title='bbox 3025 3717 3329 3787; x_wconf 82' lang='lat' dir='ltr'><strong>majestate,</strong></span> <span class='ocrx_word' id='word_1_598' title='bbox 3378 3720 3550 3791; x_wconf 81' lang='lat' dir='ltr'><strong>petita</strong></span> 
     </span>
    </p>
   </div>
   <div class='ocr_carea' id='block_1_88' title="bbox 1956 3808 3546 3884">
    <p class='ocr_par' dir='ltr' id='par_1_88' title="bbox 1956 3808 3546 3884">
     <span class='ocr_line' id='line_1_88' title="bbox 1956 3808 3546 3884; baseline 0.005 -23"><span class='ocrx_word' id='word_1_599' title='bbox 1956 3817 2103 3874; x_wconf 87' lang='lat' dir='ltr'><strong>sunt,</strong></span> <span class='ocrx_word' id='word_1_600' title='bbox 2135 3818 2187 3861; x_wconf 85' lang='lat' dir='ltr'><strong>et</strong></span> <span class='ocrx_word' id='word_1_601' title='bbox 2219 3808 2308 3861; x_wconf 90' lang='lat' dir='ltr'><strong>ubi</strong></span> <span class='ocrx_word' id='word_1_602' title='bbox 2353 3809 2653 3876; x_wconf 80' lang='lat' dir='ltr'><strong>periculum</strong></span> <span class='ocrx_word' id='word_1_603' title='bbox 2686 3825 2838 3879; x_wconf 85' lang='lat' dir='ltr'><strong>aequa</strong></span> <span class='ocrx_word' id='word_1_604' title='bbox 2889 3811 3142 3867; x_wconf 90' lang='lat' dir='ltr'><strong>omnibus</strong></span> <span class='ocrx_word' id='word_1_605' title='bbox 3162 3811 3317 3868; x_wconf 89' lang='lat' dir='ltr'><strong>lance</strong></span> <span class='ocrx_word' id='word_1_606' title='bbox 3343 3827 3546 3884; x_wconf 84' lang='lat' dir='ltr'><strong>pepen-</strong></span> 
     </span>
    </p>
   </div>
   <div class='ocr_carea' id='block_1_89' title="bbox 1960 3900 3551 3978">
    <p class='ocr_par' dir='ltr' id='par_1_89' title="bbox 1960 3900 3551 3978">
     <span class='ocr_line' id='line_1_89' title="bbox 1960 3900 3551 3978; baseline 0.006 -25"><span class='ocrx_word' id='word_1_607' title='bbox 1960 3900 2118 3965; x_wconf 83' lang='lat' dir='ltr'><strong>derit,</strong></span> <span class='ocrx_word' id='word_1_608' title='bbox 2150 3900 2219 3953; x_wconf 87' lang='lat' dir='ltr'><strong>ibi</strong></span> <span class='ocrx_word' id='word_1_609' title='bbox 2254 3900 2591 3966; x_wconf 71' lang='lat' dir='ltr'><strong>unicuilibet,</strong></span> <span class='ocrx_word' id='word_1_610' title='bbox 2649 3910 2725 3957; x_wconf 90' lang='lat' dir='ltr'><strong>tot</strong></span> <span class='ocrx_word' id='word_1_611' title='bbox 2754 3911 3140 3975; x_wconf 89' lang='lat' dir='ltr'><strong>tantorumque</strong></span> <span class='ocrx_word' id='word_1_612' title='bbox 3188 3905 3374 3962; x_wconf 89' lang='lat' dir='ltr'><strong>dolore</strong></span> <span class='ocrx_word' id='word_1_613' title='bbox 3400 3921 3551 3978; x_wconf 73' lang='lat' dir='ltr'><strong>quae-</strong></span> 
     </span>
    </p>
   </div>
   <div class='ocr_carea' id='block_1_90' title="bbox 1957 3992 3551 4064">
    <p class='ocr_par' dir='ltr' id='par_1_90' title="bbox 1957 3992 3551 4064">
     <span class='ocr_line' id='line_1_90' title="bbox 1957 3992 3551 4064; baseline 0.006 -18"><span class='ocrx_word' id='word_1_614' title='bbox 1957 3994 2111 4058; x_wconf 75' lang='lat' dir='ltr'><strong>situs,</strong></span> <span class='ocrx_word' id='word_1_615' title='bbox 2150 3992 2342 4045; x_wconf 84' lang='lat' dir='ltr'><strong>debeat</strong></span> <span class='ocrx_word' id='word_1_616' title='bbox 2391 3994 2742 4063; x_wconf 82' lang='lat' dir='ltr'><strong>magistratus</strong></span> <span class='ocrx_word' id='word_1_617' title='bbox 2783 3995 3023 4051; x_wconf 89' lang='lat' dir='ltr'><strong>attribui.</strong></span> <span class='ocrx_word' id='word_1_618' title='bbox 3069 3996 3206 4064; x_wconf 82' lang='lat' dir='ltr'><strong>Quis</strong></span> <span class='ocrx_word' id='word_1_619' title='bbox 3245 3998 3390 4055; x_wconf 84' lang='lat' dir='ltr'><strong>enim</strong></span> <span class='ocrx_word' id='word_1_620' title='bbox 3440 4013 3551 4056; x_wconf 85' lang='lat' dir='ltr'><strong>non</strong></span> 
     </span>
    </p>
   </div>
   <div class='ocr_carea' id='block_1_91' title="bbox 1946 4081 3551 4157">
    <p class='ocr_par' dir='ltr' id='par_1_91' title="bbox 1946 4081 3551 4157">
     <span class='ocr_line' id='line_1_91' title="bbox 1946 4081 3551 4157; baseline 0.007 -22"><span class='ocrx_word' id='word_1_621' title='bbox 1946 4081 2149 4152; x_wconf 67' lang='lat' dir='ltr'><strong>justum</strong></span> <span class='ocrx_word' id='word_1_622' title='bbox 2178 4098 2296 4139; x_wconf 88' lang='lat' dir='ltr'><strong>esse</strong></span> <span class='ocrx_word' id='word_1_623' title='bbox 2347 4095 2568 4140; x_wconf 86' lang='lat' dir='ltr'><strong>censeat</strong></span> <span class='ocrx_word' id='word_1_624' title='bbox 2615 4094 2692 4151; x_wconf 93' lang='lat' dir='ltr'><strong>ut,</strong></span> <span class='ocrx_word' id='word_1_625' title='bbox 2724 4088 2775 4140; x_wconf 92' lang='lat' dir='ltr'><strong>in</strong></span> <span class='ocrx_word' id='word_1_626' title='bbox 2810 4102 2919 4157; x_wconf 90' lang='lat' dir='ltr'><strong>quo</strong></span> <span class='ocrx_word' id='word_1_627' title='bbox 2958 4089 3337 4146; x_wconf 89' lang='lat' dir='ltr'><strong>universorum</strong></span> <span class='ocrx_word' id='word_1_628' title='bbox 3371 4099 3551 4147; x_wconf 85' lang='lat' dir='ltr'><strong>certa-</strong></span> 
     </span>
    </p>
   </div>
   <div class='ocr_carea' id='block_1_92' title="bbox 1956 4170 3551 4251">
    <p class='ocr_par' dir='ltr' id='par_1_92' title="bbox 1956 4170 3551 4251">
     <span class='ocr_line' id='line_1_92' title="bbox 1956 4170 3551 4251; baseline 0.008 -26"><span class='ocrx_word' id='word_1_629' title='bbox 1956 4190 2075 4226; x_wconf 82' lang='lat' dir='ltr'><strong>tuen</strong></span> <span class='ocrx_word' id='word_1_630' title='bbox 2121 4184 2403 4238; x_wconf 64' lang='lat' dir='ltr'><strong>exiestuat,</strong></span> <span class='ocrx_word' id='word_1_631' title='bbox 2467 4175 2578 4229; x_wconf 90' lang='lat' dir='ltr'><strong>illic</strong></span> <span class='ocrx_word' id='word_1_632' title='bbox 2640 4177 2909 4248; x_wconf 82' lang='lat' dir='ltr'><strong>generalis</strong></span> <span class='ocrx_word' id='word_1_633' title='bbox 2961 4170 3215 4236; x_wconf 82' lang='lat' dir='ltr'><strong>omnibus</strong></span> <span class='ocrx_word' id='word_1_634' title='bbox 3248 4179 3551 4251; x_wconf 82' lang='lat' dir='ltr'><strong>requieset</strong></span> 
     </span>
    </p>
   </div>
   <div class='ocr_carea' id='block_1_93' title="bbox 1954 4267 3082 4340">
    <p class='ocr_par' dir='ltr' id='par_1_93' title="bbox 1954 4267 3082 4340">
     <span class='ocr_line' id='line_1_93' title="bbox 1954 4267 3082 4340; baseline 0.005 -23"><span class='ocrx_word' id='word_1_635' title='bbox 1954 4281 2079 4335; x_wconf 84' lang='lat' dir='ltr'><strong>pars</strong></span> <span class='ocrx_word' id='word_1_636' title='bbox 2109 4275 2229 4334; x_wconf 89' lang='lat' dir='ltr'><strong>post</strong></span> <span class='ocrx_word' id='word_1_637' title='bbox 2258 4267 2540 4321; x_wconf 85' lang='lat' dir='ltr'><strong>victoriam</strong></span> <span class='ocrx_word' id='word_1_638' title='bbox 2562 4269 2684 4338; x_wconf 90' lang='lat' dir='ltr'><strong>jure</strong></span> <span class='ocrx_word' id='word_1_639' title='bbox 2714 4270 3033 4340; x_wconf 82' lang='lat' dir='ltr'><strong>perveniat?</strong></span> <span class='ocrx_word' id='word_1_640' title='bbox 3060 4290 3082 4323; x_wconf 76' lang='grc' dir='ltr'><strong><em>ι</em></strong></span> 
     </span>
    </p>
   </div>
   <div class='ocr_carea' id='block_1_94' title="bbox 2002 4357 3551 4432">
    <p class='ocr_par' dir='ltr' id='par_1_94' title="bbox 2002 4357 3551 4432">
     <span class='ocr_line' id='line_1_94' title="bbox 2002 4357 3551 4432; baseline 0.006 -21"><span class='ocrx_word' id='word_1_641' title='bbox 2002 4357 2516 4415; x_wconf 64' lang='grc' dir='ltr'><strong>πιιὶδΒοθιιιιιιιᾱυε</strong></span> <span class='ocrx_word' id='word_1_642' title='bbox 2560 4378 2704 4432; x_wconf 67' lang='lat' dir='ltr'><strong>aegre</strong></span> <span class='ocrx_word' id='word_1_643' title='bbox 2737 4364 3029 4432; x_wconf 87' lang='lat' dir='ltr'><strong>susceptis,</strong></span> <span class='ocrx_word' id='word_1_644' title='bbox 3061 4371 3115 4417; x_wconf 90' lang='lat' dir='ltr'><strong>et</strong></span> <span class='ocrx_word' id='word_1_645' title='bbox 3164 4363 3315 4432; x_wconf 73' lang='lat' dir='ltr'><strong>gravi</strong></span> <span class='ocrx_word' id='word_1_646' title='bbox 3362 4365 3551 4421; x_wconf 79' lang='lat' dir='ltr'><strong>audita</strong></span> 
     </span>
    </p>
   </div>
   <div class='ocr_carea' id='block_1_95' title="bbox 1966 4451 3551 4525">
    <p class='ocr_par' dir='ltr' id='par_1_95' title="bbox 1966 4451 3551 4525">
     <span class='ocr_line' id='line_1_95' title="bbox 1966 4451 3551 4525; baseline 0.008 -22"><span class='ocrx_word' id='word_1_647' title='bbox 1966 4451 2235 4505; x_wconf 88' lang='lat' dir='ltr'><strong>trutinaus</strong></span> <span class='ocrx_word' id='word_1_648' title='bbox 2273 4453 2477 4516; x_wconf 88' lang='lat' dir='ltr'><strong>animo,</strong></span> <span class='ocrx_word' id='word_1_649' title='bbox 2515 4454 2797 4509; x_wconf 86' lang='lat' dir='ltr'><strong>abscessit.</strong></span> <span class='ocrx_word' id='word_1_650' title='bbox 2854 4453 2965 4510; x_wconf 73' lang='lat' dir='ltr'><strong>Nec</strong></span> <span class='ocrx_word' id='word_1_651' title='bbox 3012 4470 3188 4521; x_wconf 87' lang='lat' dir='ltr'><strong>mora,</strong></span> <span class='ocrx_word' id='word_1_652' title='bbox 3212 4457 3457 4525; x_wconf 81' lang='lat' dir='ltr'><strong>pervenit</strong></span> <span class='ocrx_word' id='word_1_653' title='bbox 3480 4458 3551 4515; x_wconf 83' lang='lat' dir='ltr'><strong>ad</strong></span> 
     </span>
    </p>
   </div>
   <div class='ocr_carea' id='block_1_96' title="bbox 1958 4543 3547 4612">
    <p class='ocr_par' dir='ltr' id='par_1_96' title="bbox 1958 4543 3547 4612">
     <span class='ocr_line' id='line_1_96' title="bbox 1958 4543 3547 4612; baseline 0.005 -17"><span class='ocrx_word' id='word_1_654' title='bbox 1958 4543 2233 4612; x_wconf 88' lang='lat' dir='ltr'><strong>principes</strong></span> <span class='ocrx_word' id='word_1_655' title='bbox 2256 4545 2395 4612; x_wconf 90' lang='lat' dir='ltr'><strong>quod</strong></span> <span class='ocrx_word' id='word_1_656' title='bbox 2410 4544 2736 4601; x_wconf 90' lang='lat' dir='ltr'><strong>abhostibus</strong></span> <span class='ocrx_word' id='word_1_657' title='bbox 2763 4561 2953 4601; x_wconf 90' lang='lat' dir='ltr'><strong>eorum</strong></span> <span class='ocrx_word' id='word_1_658' title='bbox 2975 4547 3394 4606; x_wconf 90' lang='lat' dir='ltr'><strong>innumerabilis</strong></span> <span class='ocrx_word' id='word_1_659' title='bbox 3417 4550 3547 4607; x_wconf 69' lang='lat' dir='ltr'><strong>bar.-</strong></span> 
     </span>
    </p>
   </div>
   <div class='ocr_carea' id='block_1_97' title="bbox 1882 4638 3543 4713">
    <p class='ocr_par' dir='ltr' id='par_1_97' title="bbox 1882 4638 3543 4713">
     <span class='ocr_line' id='line_1_97' title="bbox 1882 4638 3543 4713; baseline 0.01 -26"><span class='ocrx_word' id='word_1_660' title='bbox 1882 4647 1928 4703; x_wconf 83' lang='grc' dir='ltr'><strong>Ῑ)</strong></span> <span class='ocrx_word' id='word_1_661' title='bbox 1957 4638 2207 4689; x_wconf 86' lang='lat' dir='ltr'><strong>bararum</strong></span> <span class='ocrx_word' id='word_1_662' title='bbox 2262 4638 2539 4692; x_wconf 86' lang='lat' dir='ltr'><strong>nationum</strong></span> <span class='ocrx_word' id='word_1_663' title='bbox 2593 4638 2755 4713; x_wconf 64' lang='grc'><strong>407</strong></span> <span class='ocrx_word' id='word_1_664' title='bbox 2802 4643 2869 4697; x_wconf 87' lang='lat' dir='ltr'><strong>ad</strong></span> <span class='ocrx_word' id='word_1_665' title='bbox 2894 4644 3325 4702; x_wconf 84' lang='lat' dir='ltr'><strong>subveniendum</strong></span> <span class='ocrx_word' id='word_1_666' title='bbox 3349 4647 3543 4704; x_wconf 81' lang='lat' dir='ltr'><strong>Antio-</strong></span> 
     </span>
    </p>
   </div>
   <div class='ocr_carea' id='block_1_98' title="bbox 1954 4725 3551 4809">
    <p class='ocr_par' dir='ltr' id='par_1_98' title="bbox 1954 4725 3551 4809">
     <span class='ocr_line' id='line_1_98' title="bbox 1954 4725 3551 4809; baseline 0.009 -28"><span class='ocrx_word' id='word_1_667' title='bbox 1954 4725 2093 4781; x_wconf 69' lang='lat' dir='ltr'><strong>Chiae</strong></span> <span class='ocrx_word' id='word_1_668' title='bbox 2114 4725 2445 4783; x_wconf 86' lang='lat' dir='ltr'><strong>conflaretur</strong></span> <span class='ocrx_word' id='word_1_669' title='bbox 2475 4733 2765 4795; x_wconf 82' lang='lat' dir='ltr'><strong>exercitus,</strong></span> <span class='ocrx_word' id='word_1_670' title='bbox 2810 4741 2866 4787; x_wconf 90' lang='lat' dir='ltr'><strong>et</strong></span> <span class='ocrx_word' id='word_1_671' title='bbox 2891 4741 3101 4795; x_wconf 85' lang='lat' dir='ltr'><strong>mutato</strong></span> <span class='ocrx_word' id='word_1_672' title='bbox 3129 4745 3355 4807; x_wconf 87' lang='lat' dir='ltr'><strong>repente</strong></span> <span class='ocrx_word' id='word_1_673' title='bbox 3398 4738 3551 4809; x_wconf 80' lang='lat' dir='ltr'><strong>quis-</strong></span> 
     </span>
    </p>
   </div>
   <div class='ocr_carea' id='block_1_99' title="bbox 1955 4818 3551 4895">
    <p class='ocr_par' dir='ltr' id='par_1_99' title="bbox 1955 4818 3551 4895">
     <span class='ocr_line' id='line_1_99' title="bbox 1955 4818 3551 4895; baseline 0.009 -25"><span class='ocrx_word' id='word_1_674' title='bbox 1955 4832 2059 4886; x_wconf 90' lang='lat' dir='ltr'><strong>que</strong></span> <span class='ocrx_word' id='word_1_675' title='bbox 2088 4818 2294 4885; x_wconf 91' lang='lat' dir='ltr'><strong>animo,</strong></span> <span class='ocrx_word' id='word_1_676' title='bbox 2333 4820 2399 4873; x_wconf 92' lang='lat' dir='ltr'><strong>ad</strong></span> <span class='ocrx_word' id='word_1_677' title='bbox 2430 4820 2742 4887; x_wconf 89' lang='lat' dir='ltr'><strong>alterutros,</strong></span> <span class='ocrx_word' id='word_1_678' title='bbox 2782 4832 2972 4880; x_wconf 87' lang='lat' dir='ltr'><strong>coacto</strong></span> <span class='ocrx_word' id='word_1_679' title='bbox 3018 4826 3269 4895; x_wconf 88' lang='lat' dir='ltr'><strong>concilio,</strong></span> <span class='ocrx_word' id='word_1_680' title='bbox 3299 4828 3551 4884; x_wconf 89' lang='lat' dir='ltr'><strong>fabulan-</strong></span> 
     </span>
    </p>
   </div>
   <div class='ocr_carea' id='block_1_100' title="bbox 1957 4910 3549 4988">
    <p class='ocr_par' dir='ltr' id='par_1_100' title="bbox 1957 4910 3549 4988">
     <span class='ocr_line' id='line_1_100' title="bbox 1957 4910 3549 4988; baseline 0.01 -28"><span class='ocrx_word' id='word_1_681' title='bbox 1957 4915 2089 4963; x_wconf 87' lang='lat' dir='ltr'><strong>tur:</strong></span> <span class='ocrx_word' id='word_1_682' title='bbox 2131 4926 2151 4961; x_wconf 76' lang='grc' dir='ltr'><strong>σ</strong></span> <span class='ocrx_word' id='word_1_683' title='bbox 2191 4910 2270 4976; x_wconf 87' lang='lat' dir='ltr'><strong>Si,</strong></span> <span class='ocrx_word' id='word_1_684' title='bbox 2324 4910 2605 4982; x_wconf 90' lang='lat' dir='ltr'><strong>inquiunt,</strong></span> <span class='ocrx_word' id='word_1_685' title='bbox 2662 4913 3009 4987; x_wconf 87' lang='lat' dir='ltr'><strong>Boemundus</strong></span> <span class='ocrx_word' id='word_1_686' title='bbox 3058 4918 3301 4988; x_wconf 87' lang='lat' dir='ltr'><strong>qualibet</strong></span> <span class='ocrx_word' id='word_1_687' title='bbox 3350 4920 3549 4976; x_wconf 82' lang='lat' dir='ltr'><strong>techna</strong></span> 
     </span>
    </p>
   </div>
   <div class='ocr_carea' id='block_1_101' title="bbox 1954 5002 3548 5079">
    <p class='ocr_par' dir='ltr' id='par_1_101' title="bbox 1954 5002 3548 5079">
     <span class='ocr_line' id='line_1_101' title="bbox 1954 5002 3548 5079; baseline 0.008 -24"><span class='ocrx_word' id='word_1_688' title='bbox 1954 5002 2304 5077; x_wconf 87' lang='lat' dir='ltr'><strong>occupaverit</strong></span> <span class='ocrx_word' id='word_1_689' title='bbox 2332 5002 2634 5072; x_wconf 85' lang='lat' dir='ltr'><strong>civitatem,</strong></span> <span class='ocrx_word' id='word_1_690' title='bbox 2656 5022 2756 5062; x_wconf 92' lang='lat' dir='ltr'><strong>nos</strong></span> <span class='ocrx_word' id='word_1_691' title='bbox 2771 5008 2874 5062; x_wconf 91' lang='lat' dir='ltr'><strong>sibi</strong></span> <span class='ocrx_word' id='word_1_692' title='bbox 2899 5009 3166 5066; x_wconf 86' lang='lat' dir='ltr'><strong>redditam</strong></span> <span class='ocrx_word' id='word_1_693' title='bbox 3188 5025 3312 5065; x_wconf 92' lang='lat' dir='ltr'><strong>eum</strong></span> <span class='ocrx_word' id='word_1_694' title='bbox 3335 5011 3548 5079; x_wconf 87' lang='lat' dir='ltr'><strong>patien-</strong></span> 
     </span>
    </p>
   </div>
   <div class='ocr_carea' id='block_1_102' title="bbox 1957 5095 3549 5165">
    <p class='ocr_par' dir='ltr' id='par_1_102' title="bbox 1957 5095 3549 5165">
     <span class='ocr_line' id='line_1_102' title="bbox 1957 5095 3549 5165; baseline 0.008 -17"><span class='ocrx_word' id='word_1_695' title='bbox 1957 5102 2043 5149; x_wconf 88' lang='lat' dir='ltr'><strong>ter</strong></span> <span class='ocrx_word' id='word_1_696' title='bbox 2089 5095 2293 5151; x_wconf 88' lang='lat' dir='ltr'><strong>habere</strong></span> <span class='ocrx_word' id='word_1_697' title='bbox 2344 5096 2608 5165; x_wconf 87' lang='lat' dir='ltr'><strong>feramus,</strong></span> <span class='ocrx_word' id='word_1_698' title='bbox 2636 5114 2698 5154; x_wconf 88' lang='lat' dir='ltr'><strong>ea</strong></span> <span class='ocrx_word' id='word_1_699' title='bbox 2744 5100 2847 5156; x_wconf 84' lang='lat' dir='ltr'><strong>sibi</strong></span> <span class='ocrx_word' id='word_1_700' title='bbox 2877 5102 3189 5157; x_wconf 88' lang='lat' dir='ltr'><strong>conditione</strong></span> <span class='ocrx_word' id='word_1_701' title='bbox 3219 5101 3387 5157; x_wconf 83' lang='lat' dir='ltr'><strong>indita</strong></span> <span class='ocrx_word' id='word_1_702' title='bbox 3413 5112 3475 5158; x_wconf 93' lang='lat' dir='ltr'><strong>ut</strong></span> <span class='ocrx_word' id='word_1_703' title='bbox 3499 5103 3549 5160; x_wconf 89' lang='lat' dir='ltr'><strong>si</strong></span> 
     </span>
    </p>
   </div>
   <div class='ocr_carea' id='block_1_103' title="bbox 1958 5187 3547 5262">
    <p class='ocr_par' dir='ltr' id='par_1_103' title="bbox 1958 5187 3547 5262">
     <span class='ocr_line' id='line_1_103' title="bbox 1958 5187 3547 5262; baseline 0.006 -20"><span class='ocrx_word' id='word_1_704' title='bbox 1958 5187 2259 5260; x_wconf 88' lang='lat' dir='ltr'><strong>imperator</strong></span> <span class='ocrx_word' id='word_1_705' title='bbox 2289 5193 2433 5262; x_wconf 90' lang='lat' dir='ltr'><strong>quod</strong></span> <span class='ocrx_word' id='word_1_706' title='bbox 2465 5192 2737 5261; x_wconf 89' lang='lat' dir='ltr'><strong>pollicitus</strong></span> <span class='ocrx_word' id='word_1_707' title='bbox 2777 5199 2862 5247; x_wconf 91' lang='lat' dir='ltr'><strong>est</strong></span> <span class='ocrx_word' id='word_1_708' title='bbox 2910 5193 3235 5262; x_wconf 69' lang='lat' dir='ltr'><strong>praestiterit</strong></span> <span class='ocrx_word' id='word_1_709' title='bbox 3283 5194 3547 5252; x_wconf 72' lang='lat' dir='ltr'><strong>auxilium</strong></span> 
     </span>
    </p>
   </div>
   <div class='ocr_carea' id='block_1_104' title="bbox 1964 5279 3549 5356">
    <p class='ocr_par' dir='ltr' id='par_1_104' title="bbox 1964 5279 3549 5356">
     <span class='ocr_line' id='line_1_104' title="bbox 1964 5279 3549 5356; baseline 0.009 -25"><span class='ocrx_word' id='word_1_710' title='bbox 1964 5279 2145 5343; x_wconf 90' lang='lat' dir='ltr'><strong>nobis,</strong></span> <span class='ocrx_word' id='word_1_711' title='bbox 2180 5289 2235 5333; x_wconf 89' lang='lat' dir='ltr'><strong>et</strong></span> <span class='ocrx_word' id='word_1_712' title='bbox 2267 5294 2328 5333; x_wconf 90' lang='lat' dir='ltr'><strong>ea</strong></span> <span class='ocrx_word' id='word_1_713' title='bbox 2383 5296 2502 5350; x_wconf 73' lang='lat' dir='ltr'><strong>qum</strong></span> <span class='ocrx_word' id='word_1_714' title='bbox 2550 5283 2757 5353; x_wconf 88' lang='lat' dir='ltr'><strong>pariter</strong></span> <span class='ocrx_word' id='word_1_715' title='bbox 2782 5283 3073 5353; x_wconf 84' lang='lat' dir='ltr'><strong>spopondit</strong></span> <span class='ocrx_word' id='word_1_716' title='bbox 3098 5299 3162 5341; x_wconf 88' lang='lat' dir='ltr'><strong>ac</strong></span> <span class='ocrx_word' id='word_1_717' title='bbox 3184 5284 3389 5356; x_wconf 87' lang='lat' dir='ltr'><strong>juravit</strong></span> <span class='ocrx_word' id='word_1_718' title='bbox 3417 5305 3549 5345; x_wconf 81' lang='lat' dir='ltr'><strong>con-</strong></span> 
     </span>
    </p>
   </div>
   <div class='ocr_carea' id='block_1_105' title="bbox 1959 5372 3545 5448">
    <p class='ocr_par' dir='ltr' id='par_1_105' title="bbox 1959 5372 3545 5448">
     <span class='ocr_line' id='line_1_105' title="bbox 1959 5372 3545 5448; baseline 0.009 -24"><span class='ocrx_word' id='word_1_719' title='bbox 1959 5386 2088 5445; x_wconf 79' lang='lat' dir='ltr'><strong>grua</strong></span> <span class='ocrx_word' id='word_1_720' title='bbox 2112 5372 2395 5442; x_wconf 89' lang='lat' dir='ltr'><strong>largitione</strong></span> <span class='ocrx_word' id='word_1_721' title='bbox 2425 5377 2794 5445; x_wconf 89' lang='lat' dir='ltr'><strong>prosequitur,</strong></span> <span class='ocrx_word' id='word_1_722' title='bbox 2838 5375 3036 5432; x_wconf 88' lang='lat' dir='ltr'><strong>civitas</strong></span> <span class='ocrx_word' id='word_1_723' title='bbox 3066 5378 3206 5448; x_wconf 90' lang='lat' dir='ltr'><strong>ipsa,</strong></span> <span class='ocrx_word' id='word_1_724' title='bbox 3236 5380 3395 5437; x_wconf 88' lang='lat' dir='ltr'><strong>nobis</strong></span> <span class='ocrx_word' id='word_1_725' title='bbox 3432 5390 3545 5437; x_wconf 62' lang='lat' dir='ltr'><strong>trav</strong></span> 
     </span>
    </p>
   </div>
   <div class='ocr_carea' id='block_1_106' title="bbox 1961 5465 3545 5545">
    <p class='ocr_par' dir='ltr' id='par_1_106' title="bbox 1961 5465 3545 5545">
     <span class='ocr_line' id='line_1_106' title="bbox 1961 5465 3545 5545; baseline 0.007 -25"><span class='ocrx_word' id='word_1_726' title='bbox 1961 5465 2232 5533; x_wconf 89' lang='lat' dir='ltr'><strong>dentibus,</strong></span> <span class='ocrx_word' id='word_1_727' title='bbox 2259 5466 2370 5535; x_wconf 88' lang='lat' dir='ltr'><strong>juri</strong></span> <span class='ocrx_word' id='word_1_728' title='bbox 2402 5468 2751 5538; x_wconf 88' lang='lat' dir='ltr'><strong>imperatoris</strong></span> <span class='ocrx_word' id='word_1_729' title='bbox 2793 5470 2980 5538; x_wconf 86' lang='lat' dir='ltr'><strong>cedat;</strong></span> <span class='ocrx_word' id='word_1_730' title='bbox 3024 5471 3071 5526; x_wconf 88' lang='lat' dir='ltr'><strong>si</strong></span> <span class='ocrx_word' id='word_1_731' title='bbox 3114 5487 3242 5529; x_wconf 91' lang='lat' dir='ltr'><strong>vero</strong></span> <span class='ocrx_word' id='word_1_732' title='bbox 3270 5472 3545 5545; x_wconf 78' lang='lat' dir='ltr'><strong>fefellerit,</strong></span> 
     </span>
    </p>
   </div>
   <div class='ocr_carea' id='block_1_107' title="bbox 1960 5560 3549 5636">
    <p class='ocr_par' dir='ltr' id='par_1_107' title="bbox 1960 5560 3549 5636">
     <span class='ocr_line' id='line_1_107' title="bbox 1960 5560 3549 5636; baseline 0.005 -17"><span class='ocrx_word' id='word_1_733' title='bbox 1960 5560 2107 5619; x_wconf 39' lang='lat' dir='ltr'><strong>iners</strong></span> <span class='ocrx_word' id='word_1_734' title='bbox 2130 5570 2227 5616; x_wconf 70' lang='lat' dir='ltr'><strong>&#39;tes</strong></span> <span class='ocrx_word' id='word_1_735' title='bbox 2272 5562 2592 5630; x_wconf 89' lang='lat' dir='ltr'><strong>Boemundi,</strong></span> <span class='ocrx_word' id='word_1_736' title='bbox 2619 5564 2784 5620; x_wconf 90' lang='lat' dir='ltr'><strong>sicuti</strong></span> <span class='ocrx_word' id='word_1_737' title='bbox 2826 5566 2941 5635; x_wconf 89' lang='lat' dir='ltr'><strong>ipse</strong></span> <span class='ocrx_word' id='word_1_738' title='bbox 2967 5568 3549 5636; x_wconf 81' lang='lat' dir='ltr'><strong>expetit,tota.conce-</strong></span> 
     </span>
    </p>
   </div>
   <div class='ocr_carea' id='block_1_108' title="bbox 1961 5653 3583 5734">
    <p class='ocr_par' dir='ltr' id='par_1_108' title="bbox 1961 5653 3583 5734">
     <span class='ocr_line' id='line_1_108' title="bbox 1961 5653 3583 5734; baseline 0.006 -24"><span class='ocrx_word' id='word_1_739' title='bbox 1961 5653 2072 5710; x_wconf 64' lang='lat' dir='ltr'><strong>dat.</strong></span> <span class='ocrx_word' id='word_1_740' title='bbox 2105 5672 2126 5707; x_wconf 69' lang='grc' dir='ltr'><strong>ι</strong></span> <span class='ocrx_word' id='word_1_741' title='bbox 2160 5654 2276 5722; x_wconf 86' lang='lat' dir='ltr'><strong>Quo</strong></span> <span class='ocrx_word' id='word_1_742' title='bbox 2302 5656 2540 5725; x_wconf 86' lang='lat' dir='ltr'><strong>cognito,</strong></span> <span class='ocrx_word' id='word_1_743' title='bbox 2575 5656 2660 5712; x_wconf 89' lang='lat' dir='ltr'><strong>vir</strong></span> <span class='ocrx_word' id='word_1_744' title='bbox 2703 5658 2818 5729; x_wconf 90' lang='lat' dir='ltr'><strong>ipse</strong></span> <span class='ocrx_word' id='word_1_745' title='bbox 2844 5658 3201 5724; x_wconf 22' lang='lat' dir='ltr'><strong>clarissimus.</strong></span> <span class='ocrx_word' id='word_1_746' title='bbox 3218 5662 3329 5734; x_wconf 89' lang='lat' dir='ltr'><strong>jam</strong></span> <span class='ocrx_word' id='word_1_747' title='bbox 3357 5676 3548 5734; x_wconf 86' lang='lat' dir='ltr'><strong>preces</strong></span> <span class='ocrx_word' id='word_1_748' title='bbox 3580 5684 3583 5687; x_wconf 93' lang='grc'><strong>·</strong></span> 
     </span>
    </p>
   </div>
   <div class='ocr_carea' id='block_1_109' title="bbox 1964 5739 3547 5824">
    <p class='ocr_par' dir='ltr' id='par_1_109' title="bbox 1964 5739 3547 5824">
     <span class='ocr_line' id='line_1_109' title="bbox 1964 5739 3547 5824; baseline 0.005 -21"><span class='ocrx_word' id='word_1_749' title='bbox 1964 5739 2033 5803; x_wconf 80' lang='lat' dir='ltr'><strong>ad</strong></span> <span class='ocrx_word' id='word_1_750' title='bbox 2086 5747 2316 5818; x_wconf 86' lang='lat' dir='ltr'><strong>Pyrrum</strong></span> <span class='ocrx_word' id='word_1_751' title='bbox 2362 5750 2606 5822; x_wconf 89' lang='lat' dir='ltr'><strong>quotidie</strong></span> <span class='ocrx_word' id='word_1_752' title='bbox 2660 5766 2886 5817; x_wconf 87' lang='lat' dir='ltr'><strong>securus</strong></span> <span class='ocrx_word' id='word_1_753' title='bbox 2934 5753 3249 5824; x_wconf 87' lang='lat' dir='ltr'><strong>ingeminat,</strong></span> <span class='ocrx_word' id='word_1_754' title='bbox 3279 5764 3338 5811; x_wconf 90' lang='lat' dir='ltr'><strong>et</strong></span> <span class='ocrx_word' id='word_1_755' title='bbox 3374 5755 3547 5811; x_wconf 84' lang='lat' dir='ltr'><strong>multa</strong></span> 
     </span>
    </p>
   </div>
   <div class='ocr_carea' id='block_1_110' title="bbox 1964 5840 3543 5915">
    <p class='ocr_par' dir='ltr' id='par_1_110' title="bbox 1964 5840 3543 5915">
     <span class='ocr_line' id='line_1_110' title="bbox 1964 5840 3543 5915; baseline 0.006 -22"><span class='ocrx_word' id='word_1_756' title='bbox 1964 5840 2272 5911; x_wconf 87' lang='lat' dir='ltr'><strong>bujusmodi</strong></span> <span class='ocrx_word' id='word_1_757' title='bbox 2327 5841 2729 5915; x_wconf 86' lang='lat' dir='ltr'><strong>promissorum</strong></span> <span class='ocrx_word' id='word_1_758' title='bbox 2777 5844 3085 5913; x_wconf 77' lang='lat' dir='ltr'><strong>adulatione</strong></span> <span class='ocrx_word' id='word_1_759' title='bbox 3141 5847 3543 5907; x_wconf 78' lang='lat' dir='ltr'><strong>circumvenit:</strong></span> 
     </span>
    </p>
   </div>
   <div class='ocr_carea' id='block_1_111' title="bbox 1970 5932 3548 6059">
    <p class='ocr_par' dir='ltr' id='par_1_111' title="bbox 1970 5932 3548 6059">
     <span class='ocr_line' id='line_1_111' title="bbox 1970 5932 3548 6059; baseline 0.001 -64"><span class='ocrx_word' id='word_1_760' title='bbox 1970 5950 1990 5995; x_wconf 81' lang='lat' dir='ltr'><strong>t</strong></span> <span class='ocrx_word' id='word_1_761' title='bbox 2027 5932 2162 6013; x_wconf 70' lang='lat' dir='ltr'><strong>Ecce</strong></span> <span class='ocrx_word' id='word_1_762' title='bbox 2188 5935 2411 6023; x_wconf 78' lang='lat' dir='ltr'><strong>optime,</strong></span> <span class='ocrx_word' id='word_1_763' title='bbox 2467 5936 2665 6013; x_wconf 84' lang='lat' dir='ltr'><strong>inquit,</strong></span> <span class='ocrx_word' id='word_1_764' title='bbox 2700 5936 2893 6023; x_wconf 79' lang='lat' dir='ltr'><strong>Pyrro,</strong></span> <span class='ocrx_word' id='word_1_765' title='bbox 2949 5938 3119 6009; x_wconf 79' lang='lat' dir='ltr'><strong>vides,</strong></span> <span class='ocrx_word' id='word_1_766' title='bbox 3154 5940 3218 5996; x_wconf 86' lang='lat' dir='ltr'><strong>ad</strong></span> <span class='ocrx_word' id='word_1_767' title='bbox 3256 5941 3369 5997; x_wconf 63' lang='lat' dir='ltr'><strong>haec</strong></span> <span class='ocrx_word' id='word_1_768' title='bbox 3390 5939 3548 6059; x_wconf 44' lang='lat' dir='ltr'><strong>nobl&#39;</strong></span> 
     </span>
    </p>
   </div>
  </div>
