4012 6346
570 321 672 383 751

1331 316 1393 375 ν.
1423 314 1748 374 GUIBERTI
1777 314 2069 375 ABBATIS
2108 313 2169 375 S.
2206 315 2449 374 MARIIE
2481 313 2572 374 DE
2610 311 3006 373 NOVlGENTO
3160 372 3163 373 ν
3716 321 3788 379 752

571 433 851 493 cﬂicienda
905 429 1032 501 quid
1082 431 1504 501 opportunitatis
1563 430 1825 486 arrideat.
1876 429 1954 485 Ne
2004 444 2155 500 ergo,
2186 432 2235 492 Α
2264 431 2399 485 riter
2442 433 2510 486 ad
2555 430 2736 484 virum
2787 430 2879 499 qui
2940 427 3249 498 petebatur
3303 436 3597 496 properat;
3631 448 3648 481 ι
3677 432 3788 502 Qum

572 545 777 599 quaeso,
840 524 1079 591 differas,
1132 539 1245 591 ne,
1293 524 1557 594 quidquid
1623 524 1984 579 communiter
2026 523 2157 579 utile

575 620 850 685 molimur,
903 616 950 671 si
1002 630 1101 686 per
1155 614 1416 686 aliquem,
1470 615 1615 689 quod
1644 614 1819 670 absit!
1850 615 2155 685 delegatur,

574 696 813 764 amittas.
844 692 864 760 ὦ
895 692 1118 778 Pyrrus,
1145 706 1445 761 Boemundi
1467 706 1724 777 legationi
1749 707 2155 778 congratularis,

570 818 727 871 opem
752 814 908 856 suam
956 813 1062 853 non
1096 812 1155 855 se
1177 798 1467 861 dilaturum
1517 798 1629 854 ullo
1659 798 1820 854 modo
1863 798 2152 853 renuntiat.

570 898 659 961 Et,
692 909 759 949 ne
804 893 982 948 virum
1030 891 1295 947 illustrem
1333 880 1589 946 redderet
1626 891 1881 946 diuturna
1931 890 2157 946 cllectns

569 1003 724 1044 mora
751 1000 1098 1055 suspensum,
1134 985 1342 1056 Pyrrus
1382 984 1524 1039 idem
1577 985 1856 1054 proprium
1888 984 2053 1038 filium
2080 984 2156 1037 la-

571 1089 753 1136 tenter
796 1077 1116 1133 Boemundo
1161 1077 1372 1149 dirigit,
1416 1086 1471 1133 et
1498 1077 1567 1133 de
1614 1077 1766 1133 urbis
1796 1078 2070 1133 deditione
2100 1085 2158 1133 ut

568 1168 815 1227 Mente!
848 1164 1103 1240 speraret
1150 1169 1478 1224 admonuit:
1517 1186 1538 1221 ι
1579 1168 1637 1223 In
1689 1169 2013 1233 crastinum,
2059 1168 2152 1232 ait,

571 1276 707 1320 eum.
753 1264 937 1335 primo
981 1262 1258 1331 diluxerit,
1311 1264 1625 1318 universam
1676 1262 1926 1317 Francize
1949 1261 2160 1317 militiae

571 1367 795 1409 manum
824 1352 973 1410 tubis
1002 1352 1382 1408 insonantibus
1438 1353 1493 1407 in
1534 1367 1702 1407 unum
1732 1367 1885 1424 coge,
1915 1361 1970 1407 et
2002 1351 2159 1421 quasi

575 1447 982 1517 depraedatores
1027 1444 1453 1500 Sarracenorum
1508 1455 1684 1501 terras
1712 1486 1727 1512 ,
1782 1454 1841 1499 ut
1889 1445 2156 1510 assolent,

571 1536 910 1608 longiuscule
931 1552 969 1591 an
987 1537 1185 1592 castris
1210 1537 1461 1606 progredi
1498 1537 1652 1607 jube.
1678 1536 1948 1593 Continuo
1978 1546 2158 1591 tamen

569 1627 918 1683 dextrorsum
946 1636 1045 1697 per
1074 1635 1335 1682 montana
1374 1637 1675 1684 revertere.
1714 1629 1825 1700 Ego
1859 1643 1989 1683 vero
2016 1629 2158 1682 intra

571 1719 850 1774 civitatem
893 1726 1044 1773 tuum
1085 1718 1445 1789 praestolabor
1476 1719 1790 1784 adventum,
1818 1728 1938 1775 tuos
1957 1719 2158 1789 absque

2260 521 2460 591 inquit,
2486 524 2621 577 adeo
2655 521 2868 590 stupido
2896 521 3011 591 agis
3035 520 3057 573 ?
3091 518 3247 587 Quid
3279 532 3407 573 cum
3431 527 3577 575 tanto
3596 519 3793 596 languore

2261 620 2372 664 tam
2413 610 2581 665 ardua
2612 618 2793 681 coepta
2832 608 3197 681 prosequeris
3217 608 3243 662 ?
3273 607 3418 662 Ecce
3438 606 3549 677 jam
3577 626 3662 667 nos
3681 615 3795 672 trium

2259 702 2488 758 turrium
2510 701 2783 758 custodias
2828 701 3171 766 obtinemus,
3196 708 3258 753 et
3284 706 3366 764 tu,
3397 698 3555 770 hujus
3584 702 3651 757 rei
3675 719 3794 762 even.

2261 805 2345 853 tus
2374 798 2551 853 adhuc
2574 796 2767 852 dubios
2792 796 2950 867 quasi
2994 793 3411 863 contemplaris
3458 796 3696 851 eminus?
3722 800 3796 854 Ειο

2257 893 2588 965 pergiscere,
2615 906 2808 944 manus
2838 890 3085 952 admove,
3132 887 3343 943 mediae
3383 888 3605 957 teipsum
3651 892 3794 951 actioni

2259 988 2549 1042 intersere.
2577 1003 2596 1036 ι
2633 983 2795 1041 Ocior
2824 982 2915 1037 ille
2940 981 3169 1037 festinat
3215 996 3349 1064 cum
3398 982 3510 1037 suis
3535 981 3600 1035 ad
3632 984 3796 1051 scalam,

2260 1086 2315 1133 et
2344 1086 2450 1131 tam
2482 1075 2775 1146 proditoris
2806 1074 2935 1130 boni
2963 1089 3132 1144 quam
3164 1087 3372 1129 eorum
3396 1071 3487 1143 qui
3512 1075 3797 1133 ascenderant

2260 1169 2418 1238 erigit
2451 1166 2825 1221 intentionem.

2337 1256 2636 1313 Confestim
2665 1255 2759 1325 qui
2790 1255 3075 1312 subierunt
3097 1254 3236 1310 illas
3264 1250 3434 1325 Pyrri
3460 1262 3642 1321 turres,
3665 1265 3794 1313 atten-

2263 1349 2455 1403 dentes
2511 1345 2754 1402 Francos
2808 1346 3178 1415 undecunque
3229 1345 3535 1409 confluere,
3586 1351 3798 1419 proprium

2262 1446 2550 1509 coapcrunt
2611 1453 2733 1493 cum
2797 1437 2967 1493 multo
3014 1439 3338 1494 inclamare
3390 1436 3562 1507 iubilo
3599 1440 3796 1511 signum:

2260 1531 2404 1586 Deus
2444 1545 2499 1584 In
2530 1544 2695 1595 vum,
2727 1529 2868 1587 Deus
2914 1545 2967 1583 ιι)
3000 1544 3170 1585 vum.
3219 1527 3378 1583 Idem
3436 1537 3604 1583 autem
3647 1531 3798 1600 magnis

2261 1623 2572 1679 acclamant
2591 1622 2842 1689 vocibus,
2879 1622 2971 1692 qui
3008 1622 3310 1677 ascensuri
3338 1635 3443 1691 pro
3472 1621 3696 1676 moenibus
3715 1632 3798 1677 sta-

2262 1722 2410 1775 bant.
2443 1719 2753 1773 Prrevenire
2801 1726 2931 1772 tunc
2976 1716 3115 1772 alter
3168 1715 3422 1770 alterum
3473 1715 3529 1769 in
3578 1716 3793 1770 subeundo

572 1808 739 1864 dubio
756 1823 901 1878 quos
926 1807 1224 1862 immittere
1262 1806 1501 1873 libuerit,
1531 1808 1586 1862 in
1636 1822 1731 1863 eas
1752 1822 1872 1876 quae
1907 1806 2159 1877 meojuri
2191 1802 2237 1861 B
2262 1813 2465 1868 scalam
2522 1810 2733 1865 infinita
2791 1809 3144 1864 contentione
3194 1808 3486 1872 certabat,
3534 1812 3582 1860 et
3622 1806 3791 1876 quisque

570 1914 771 1971 parere
799 1901 1053 1956 videntur
1084 1909 1264 1956 turres
1291 1901 1479 1970 utique
1509 1909 1847 1971 recepturus.
1886 1920 1905 1955 ο

649 1993 786 2067 [Ν]
826 1994 908 2049 Ad
938 1996 1054 2050 haec
1085 1995 1433 2050 Boemundus
1489 2009 1609 2065 quae
1659 1995 1909 2050 audierat
1938 2011 2045 2051 non
2076 2010 2159 2051 se-

572 2085 758 2156 gniter
780 2086 1003 2156 exsequi
1049 2094 1330 2156 properat,
1357 2094 1413 2140 et
1460 2086 1638 2142 accito
1678 2086 1914 2156 quodam
1963 2087 2162 2141 cliente

571 2191 674 2232 suo
695 2177 744 2232 ei
772 2178 1021 2249 prmcipit
1067 2188 1147 2245 ut,
1199 2178 1357 2249 quasi
1406 2179 1672 2248 praeconis
1703 2178 1923 2236 functus
1962 2178 2157 2247 oﬂicio,

572 2266 915 2324 Francorum
964 2267 1144 2325 castra
1205 2270 1551 2336 circumeat,
1603 2270 1915 2341 quibusque
1955 2271 2160 2328 denun-

570 2360 719 2416 tians
749 2371 1021 2432 quatenus
1047 2377 1260 2417 summa
1293 2376 1353 2419 se
1380 2362 1562 2418 cuncti
1584 2363 1862 2433 diligentia
1890 2379 2163 2435 praepara-

570 2460 789 2508 rentae
822 2453 871 2508 si
920 2453 976 2507 in
1015 2461 1220 2508 terram
1271 2453 1697 2509 Sarracenorum
1744 2456 2038 2525 procedere
2068 2457 2161 2512 de-

568 2543 761 2599 beant.
788 2543 899 2598 Nec
920 2558 1094 2610 mora,
1115 2545 1375 2615 principis
1408 2547 1635 2615 imperio
1663 2547 1852 2602 famuli
1886 2549 2160 2620 sagacitas

572 2634 1045 2691 irretractabiliter
1071 2638 1429 2703 obsecundat,
1462 2652 1563 2693 nec
1603 2638 1943 2695 Francorum
1992 2657 2160 2711 expe-

574 2725 719 2799 ditio
747 2726 1129 2798 obtemperare
1150 2730 1436 2783 detrectat.
1462 2729 1600 2798 Quid
1632 2732 1773 2800 apud
1797 2746 1853 2787 se
1880 2732 2017 2788 laitae
2047 2734 2161 2804 spei

575 2818 859 2890 concipiat
911 2820 1259 2878 Boemundus
1302 2822 1426 2877 duci
1474 2821 1789 2888 Godefrido,
1842 2824 2162 2881 Flandrien-

570 2911 717 2969 aiunt
764 2911 978 2978 comiti,
1015 2911 1313 2982 itidemque
1368 2922 1425 2969 et
1473 2913 1551 2969 illi
1601 2915 1667 2970 de
1716 2916 1915 2972 Sancto
1946 2917 2159 2988 Egidio,

574 3012 794 3061 necnon
818 3012 874 3060 et
896 3003 1154 3059 Podieusi
1181 3005 1435 3077 episcopo
1484 3009 1787 3075 denuntiat,
1814 3008 2039 3082 jamque
2076 3020 2160 3066 tu-

573 3096 688 3151 tior
729 3110 801 3151 ex
842 3096 1231 3166 sponsionibus
1258 3097 1415 3169 Pyrri
1445 3098 1647 3155 fatetur
1675 3100 1779 3157 sibi
1816 3102 2159 3160 Antiochiam

556 3201 644 3243 ea
673 3195 836 3243 nocte
860 3188 1025 3243 tradi.
1056 3188 1137 3243 Ea
1164 3188 1335 3260 igitur
1358 3191 1603 3247 exercitu
1652 3208 1759 3262 qua
1807 3194 2044 3252 diximus
2073 3212 2163 3251 or-

568 3281 858 3341 dinatione
887 3282 1170 3352 disposito,
1202 3283 1467 3340 militares
1487 3285 1735 3356 equidem
1764 3288 1867 3343 viri
1897 3303 1993 3359 per
2018 3304 2165 3345 cam-

570 3375 784 3449 pestria
805 3374 1165 3439 cbamhulare
1208 3374 1518 3446 iubentur;
1563 3379 1803 3450 peditum
1855 3380 2163 3452 frequentia

570 3480 679 3540 per
706 3475 965 3524 montana
997 3460 1283 3539 processit.
1314 3467 1452 3525 Tota
1483 3470 1665 3541 itaque
1696 3480 1853 3527 nocte
1884 3471 2164 3544 proprium

574 3559 1042 3632 iter'expediunt,
1083 3568 1142 3616 et
1196 3569 1487 3633 antequam
1544 3573 1764 3634 pareret
1812 3581 2009 3622 aurora
2048 3583 2165 3625 cre-

570 3652 886 3722 pusculum,
907 3666 1009 3723 pro
1038 3652 1303 3721 turribus,
1335 3670 1471 3725 quas
1502 3655 1591 3711 ille
1619 3656 1750 3714 felix
1772 3659 2017 3730 proditor
2040 3676 2162 3733 per-

573 3746 704 3818 vigil
730 3748 1013 3804 exeubans
1037 3749 1384 3820 observabat,
1417 3751 1702 3808 assistunt.

650 3838 767 3913 [V.]
807 3840 882 3897 lbi
912 3840 1257 3898 Boemundus
1306 3842 1374 3899 de
1415 3857 1556 3914 equo
1584 3843 1805 3915 desiliit,
1846 3855 1902 3902 et
1939 3846 2166 3906 Francis

574 3926 795 3987 insolita
820 3931 935 4002 jam
973 3933 1304 3988 auctoritate
1335 3935 1594 3999 intonuit,
1637 3936 1864 3994 dicens:
1903 3957 1922 3992 ι
1964 3938 2166 3996 Proce-

572 4023 713 4089 dlte,
735 4032 792 4080 et
820 4027 889 4081 ab
929 4039 995 4081 ea
1034 4040 1201 4097 quam
1230 4026 1428 4081 dudum
1458 4028 1599 4097 passi
1626 4030 1758 4084 eStis
1790 4030 2164 4101 inquietudine

566 4110 871 4185 respirant,
900 4126 1257 4187 praeerectam
1302 4118 1456 4173 vobis
1487 4119 1689 4173 scalam
1720 4121 2089 4189 conscendite,
2111 4132 2167 4178 et

575 4221 649 4261 ne
666 4206 771 4262 'diu
802 4222 901 4264 vos
928 4222 1134 4276 morer,
1163 4210 1255 4266 diu
1279 4220 1591 4283 exoptatam
1622 4213 1778 4269 vobis
1815 4214 2162 4289 Antiochiam

562 4296 945 4368 'capite,'quia
970 4314 1094 4371 quae
1145 4301 1357 4372 pridem
1409 4302 1603 4359 Turcis
1632 4304 1920 4376 subiacuit,
1970 4318 2165 4365 vestra:

562 4388 952 4460 :in-proximo,
999 4393 1046 4449 si
1087 4393 1231 4450 Deus
1281 4397 1581 4464 annuerit,
1631 4398 1787 4454 cedet
1837 4401 2161 4475 custodiam;

2261 1905 2573 1969 subvectus,
2600 1903 2676 1958 uti
2698 1902 2847 1972 prius
2874 1908 3106 1973 poterat,
3140 1909 3340 1956 turres
3378 1908 3436 1955 et
3479 1898 3602 1953 alias
3620 1911 3790 1967 occupa.

2260 2000 2375 2056 bat.
2406 1997 2729 2068 Quicunque
2774 1996 2860 2051 his
2908 1995 3101 2051 obvius
3154 1994 3501 2053 exstitisset.
3549 1992 3786 2046 tradebatur

2262 2092 2407 2146 neci.
2444 2090 2589 2144 Inter
2614 2102 2751 2158 quos
2777 2088 2945 2142 etiam
2968 2087 3249 2142 occiditur
3281 2084 3461 2140 frater
3482 2083 3643 2155 Pyrri.
3664 2082 3785 2136 luter-

2261 2197 2325 2237 ea
2368 2181 2515 2236 scala
2571 2180 2957 2251 disrumpitur,
2984 2189 3038 2235 et
3079 2188 3195 2235 tota
3233 2188 3556 2235 nostrorum
3582 2176 3790 2231 multitudo

2263 2271 2660 2342 subterjacens,
2693 2281 2747 2327 et
2772 2288 2892 2343 qua:
2922 2281 3319 2343 praecesserat,
3358 2271 3512 2344 gravi
3552 2270 3783 2324 animorum

2262 2366 2583 2436 :egritudiue
2624 2366 2925 2431 sauciatur,
2979 2365 3107 2419 dum
3139 2365 3472 2435 superiores
3519 2360 3684 2418 (ἥσθπὶ
3713 2359 3785 2415 sibi

2262 2466 2525 2512 Verentur
2559 2457 2824 2511 auxilium
2859 2473 2873 2524 ;
2904 2466 2960 2512 et
2989 2456 3131 2512 infra
3172 2457 3351 2529 positi
3388 2455 3472 2512 his
3495 2455 3582 2525 qui
3602 2454 3785 2509 ascende-

2266 2558 2393 2604 rant
2438 2549 2634 2604 timent
2690 2551 2997 2606 detrectare
3031 2550 3387 2623 suifragium.
3444 2549 3549 2605 Sed
3590 2546 3785 2602 industria

2262 2640 2471 2711 reperit
2499 2641 2608 2696 cito
2630 2641 2829 2697 locum.
2862 2640 3024 2697 Porta
3058 2657 3307 2713 namque
3346 2640 3544 2697 ibidem
3568 2639 3715 2693 clausa
3730 2646 3784 2690 at-

2264 2749 2368 2804 que
2396 2734 2651 2806 contigua
2681 2750 2711 2789 a
2760 2735 2981 2791 sinistra
3011 2716 3166 2806 parte
3205 2735 3417 2790 latebat
3447 2750 3463 2802 ;
3505 2741 3646 2788 nocte
3671 2729 3784 2784 nimi-

2263 2843 2384 2883 rum
2408 2829 2775 2900 praepediente
2807 2830 3035 2899 reperiri
3084 2843 3192 2884 non
3251 2836 3490 2900 poterat,
3525 2840 3631 2896 quae
3670 2824 3782 2878 etiam

2264 2919 2524 2986 interdiu,
2559 2920 2676 2975 loco
2698 2919 3029 2992 infrequenti
3062 2921 3396 2985 constituta,
3417 2918 3584 2973 minus
3604 2911 3782 2984 patebat-

2263 3009 2539 3081 Palpando
2567 3021 2772 3077 tamen,
2820 3019 3052 3084 urgente
3103 3027 3264 3077 cura,
3295 3008 3544 3066 sentitur.
3570 3000 3640 3059 Ab
3662 2997 3783 3055 omni-

2264 3102 2367 3159 bus
2396 3104 2582 3159 statim
2613 3104 2681 3158 ad
2710 3118 2831 3159 eam
2866 3104 3132 3170 curritur,
3160 3102 3363 3159 fractis
3398 3096 3646 3172 repagulis
3667 3091 3783 3149 seris-

2266 3212 2371 3268 que
2398 3198 2671 3268 panditur,
2703 3196 2871 3271 408
2897 3196 3126 3253 Francis
3148 3195 3492 3254 irruentibus
3521 3188 3682 3265 pervia
3705 3180 3780 3241 οῦ·

2266 3288 2426 3344 citur.

2338 3401 2474 3477 [VL]
2515 3403 2748 3460 Audires
2787 3403 3035 3460 horribili
3082 3405 3399 3462 universam
3448 3398 3684 3457 civitatem
3704 3387 3778 3444 frt-

2266 3511 2397 3567 gore
2425 3495 2702 3563 confundi,
2731 3506 2785 3553 et
2809 3497 2937 3552 dum
2974 3497 3064 3553 isti
3096 3498 3163 3555 de
3190 3498 3329 3554 tanti
3360 3492 3555 3551 laboris
3578 3488 3666 3543 line
3687 3496 3779 3538 con-

2258 3588 2516 3659 jubilant,
2549 3589 2624 3644 illi
2660 3588 2941 3661 insperata
2971 3592 3194 3646 omnino
3245 3590 3331 3646 sui
3357 3584 3585 3644 omnium
3609 3577 3774 3633 subver-

2267 3683 2426 3737 sione
2476 3682 2888 3754 collacrymant.
2924 3681 3069 3738 Nihil
3116 3681 3389 3739 moderati
3437 3685 3641 3745 usquam
3661 3677 3777 3739 Pmes

2263 3774 2500 3830 victores
2532 3775 2812 3847 victosque
2854 3776 3163 3831 constabat.
3220 3775 3373 3830 Illico
3403 3761 3713 3826 Boemundus,
3736 3760 3773 3807 nt

2264 3865 2527 3921 intentam
2552 3865 2655 3922 sibi
2686 3865 2937 3923 redderet
2984 3866 3195 3932 urbem,
3227 3866 3365 3921 illud
3395 3857 3576 3916 Turcis
3615 3847 3775 3907 omnino

2265 3957 2502 4014 notabile
2549 3960 2931 4031 cognitumque
2970 3959 3275 4025 vexillum,
3324 3968 3504 4013 coram
3551 3946 3769 4039 ρΐοερεθξυ

2265 4050 2491 4115 castelli,
2521 4054 2667 4122 quod
2715 4053 2891 4108 adhuc
2936 4053 3173 4124 captioni
3214 4050 3489 4107 restiterat
3530 4041 3679 4114 (suum
3700 4040 3769 4130 utt-

2267 4143 2422 4214 qne),
2448 4144 2603 4215 jubet
2634 4145 2687 4200 in
2716 4144 2995 4213 cujusdam
3030 4143 3230 4200 montis
3267 4138 3601 4214 supremitate
3623 4130 3769 4200 praesu-

2272 4236 2372 4291 tui.
2408 4236 2540 4291 Erat
2584 4238 2639 4292 in
2684 4237 2816 4292 urbe
2856 4252 3080 4308 pervasa
3135 4235 3432 4305 ejulatuum
3474 4221 3678 4286 enormis
3702 4217 3767 4312 itu-

2265 4326 2550 4393 mensitas,
2582 4336 2655 4392 et,
2686 4326 2810 4381 dum
2844 4343 2941 4397 per
2990 4328 3169 4382 omnia
3207 4321 3543 4399 fugitautium
3587 4313 3764 4399 fitangr

2265 4423 2419 4486 porta
2452 4431 2709 4471 occursus
2752 4417 3091 4472 incitantium
3118 4419 3385 4472 victorum
3409 4411 3471 4468 ad
3493 4405 3680 4465 caedem.
3709 4392 3763 4448 τε·

568 4478 665 4535 ΔΛ
686 4481 893 4537 scalam
944 4481 1143 4539 Franci
1195 4486 1537 4554 perveniunt,
1570 4504 1710 4558 quae,
1738 4488 2008 4547 moenibus
2032 4493 2160 4547 civi-

2266 4508 2396 4563 ralis
2434 4509 2712 4564 ferebatur
2739 4525 2803 4564 ac
2827 4511 3129 4566 truculenta
3154 4511 3429 4567 vocalitas.
3456 4501 3537 4565 Ειο
3577 4496 3680 4549 ἀνίη
3702 4498 3761 4540 ’θ’

570 4572 709 4627 tatis
724 4573 916 4629 innixa
937 4583 994 4629 et
1030 4575 1099 4630 ad
1132 4578 1320 4633 eadem
1364 4579 1583 4635 fortiter
1631 4582 1853 4654 illigata,
1880 4586 2163 4657 sexaginta

576 4659 729 4715 illico
753 4663 1066 4721 hominibus
1114 4681 1399 4723 ascensum
1447 4672 1700 4740 praebuit,
1754 4675 1973 4743 quibus,
2019 4677 2161 4731 intra

579 4756 768 4809 turres
791 4755 1057 4824 exceptis,
1102 4772 1289 4813 earum
1330 4762 1461 4831 ipsis
1501 4764 1665 4819 homo
1704 4766 1982 4822 custodias
2023 4766 2189 4822 dele--

576 4845 749 4916 gavit.
778 4844 850 4900 At
876 4844 992 4915 ipse
1014 4845 1239 4916 Pyrrus,
1292 4852 1581 4909 attendens
1627 4856 1770 4925 quod
1818 4854 1953 4911 adeo
2005 4857 2163 4926 pauci

573 4950 648 4991 ex
676 4936 908 4993 Francis
944 4936 1324 5006 ascenderem,
1357 4956 1465 4997 non
1500 4952 1612 4998 tam
1660 4946 1885 5009 nostris,
1916 4955 1973 4998 ut
2013 4958 2161 5015 post-

576 5028 805 5085 modum
856 5028 1082 5097 claruit,
1127 5045 1292 5101 quam
1323 5032 1424 5088 sibi
1478 5036 1717 5103 timidus,
1770 5055 1965 5096 verens
2000 5058 2067 5098 ne
2094 5044 2161 5098 ad

574 5124 659 5180 sui
714 5126 888 5197 ipsius
924 5128 1228 5198 perniciem
1272 5136 1465 5201 emptae
1510 5136 1831 5204 proditionis
1870 5142 2162 5211 trepidaret

574 5225 831 5284 eventus,
880 5220 1230 5276 severissime
1276 5224 1342 5277 ad
1394 5235 1692 5296 praesentes
1735 5229 1923 5287 Graeca
1978 5230 2160 5304 lingua

576 5306 861 5364 infremuit
893 5328 908 5365 :
944 5330 963 5364 ι
1001 5311 1226 5381 Parum,
1279 5316 1479 5386 inquit,
1530 5317 1772 5377 Francos
1813 5322 2097 5387 habemus,
2134 5343 2154 5377 ι

574 5396 783 5469 Hisque
831 5403 993 5460 dictis
1027 5404 1399 5467 Boemundum
1435 5412 1787 5470 vehementer
1828 5415 2157 5486 inclamitat,

577 5491 856 5561 negotium
884 5495 1142 5557 nimirum
1195 5502 1507 5559 accelerans
1556 5506 1699 5575 quod
1753 5509 2059 5579 gerebatur,
2090 5525 2161 5569 ne

576 5582 809 5652 civibus,
834 5594 1127 5658 antequam
1176 5591 1372 5651 Franci
1429 5594 1776 5666 cdnveniant.
1832 5600 2156 5669 innotescat,

574 5675 649 5775 at
682 5676 1073 5775 Longohardus
1106 5682 1329 5775 quidam
1362 5699 1429 5750 ex
1460 5686 1701 5764 famulis,
1728 5690 1960 5775 Pyrrum
1992 5693 2155 5757 luteis

575 5766 753 5851 ligans
778 5768 849 5839 de
874 5768 1174 5841 iicsmundi
1220 5775 1462 5846 absentia
1494 5766 1787 5865 conqueri;
1810 5802 1974 5870 quam
2014 5787 2157 5853 celo.

2265 4601 2559 4657 cordantur
2620 4616 2758 4669 quas
2818 4601 3158 4669 pertulerant
3211 4602 3266 4656 in
3320 4610 3500 4657 eorum
3548 4579 3760 4680 obsidiime

2264 4692 2535 4761 miserias,
2588 4706 2725 4761 quas
2780 4692 2911 4763 ipsis
2964 4693 3227 4750 mortibus
3265 4689 3554 4750 acerbiores
3589 4672 3756 4733 insdias,

2263 4796 2453 4839 omnes
2475 4798 2611 4853 quas
2642 4782 2842 4839 inferre
2869 4785 3145 4855 potuerint
3168 4784 3535 4840 insulllcientes
3555 4767 3755 4849 album

2267 4882 2355 4930 tur
2376 4889 2563 4929 eorum
2605 4876 2780 4930 reatui
2818 4890 3029 4947 poenas.
3085 4875 3414 4933 Puniebatur
3453 4857 3754 4953 Arnieniot'liil'

2265 4966 2645 5040 Serrumque
2692 4986 3032 5041 paganorum
3077 4973 3389 5028 cohortibus
3443 4957 3573 5020 omni
3611 4950 3751 5007 meri"

2262 5070 2546 5131 exzequata
2601 5062 2849 5132 perfidia,
2897 5064 3050 5133 quia,
3093 5079 3231 5135 quos
3271 5063 3338 5120 ad
3383 5068 3522 5116 suam

2263 5129 2713 5217 internecionem,
2744 5129 3049 5211 Turco'rum
3080 5129 3401 5211 adminiculo
3426 5129 3746 5233 hami-WE:

2262 5240 2579 5312 invigilasse
2640 5254 3050 5316 compererant,
3102 5247 3319 5303 tandem
3348 5259 3377 5301 α
3419 5224 3745 5316 supplicii

2261 5310 2415 5387 sione
2434 5332 2716 5404 disparare
2733 5310 3012 5393 nolebant.
3034 5310 3106 5392 Et
3135 5344 3284 5411 certe
3309 5341 3471 5389 tamen
3491 5320 3633 5411 falco"

2262 5422 2502 5496 ipsorum
2537 5424 2838 5481 innumeris
2857 5408 3263 5499 pepercissent,
3296 5424 3359 5487 si,
3412 5420 3535 5473 inter
3559 5398 3741 5499 91W

2262 5490 2327 5575 ac
2356 5527 2552 5575 nostra:
2575 5515 2701 5574 fidei
2727 5490 2995 5587 homines,
3020 5490 3258 5591 aliquam
3302 5514 3482 5575 habere
3504 5490 3735 5591 disc”:

2262 5608 2395 5673 tiam
2438 5611 2691 5671 scissent.
2742 5611 2799 5673 1η
2840 5620 2989 5677 tanta
3029 5579 3190 5687 plane
3224 5604 3514 5671 confusione
3549 5579 3738 5687 Qui???

2262 5710 2425 5777 atquo
2450 5702 2672 5781 negotii,
2695 5718 2801 5766 uox
2827 5673 3254 5783 q‘uippoluerat.
3277 5712 3333 5767 ei
3376 5673 3733 5783 p090““"‘.'.’.‘.‘.‘f?.'

2263 5753 2380 5861 ἓιό»
2435 5753 2672 5863 civitati}
2695 5753 3101 5875 ἶνὲιιῖιὲἷῗὲι
3146 5753 3454 5867 mea
3483 5753 3733 5860 ιωριωιδ

3902 3958 3909 4001 i

3902 5768 3909 6111 Ἦ
