4012 6346
297 291 435 351 ’153

299 512 605 564 scernere,
646 497 776 553 nihil
812 498 1126 565 barbarum,
1167 499 1499 556 incrementa
1527 503 1904 572 permiserant.

394 590 605 646 Nostris
652 599 831 645 autem
878 590 933 645 in
978 591 1197 647 assiduo
1242 591 1436 663 positis
1479 593 1761 664 procinctu
1792 591 1912 649 fati-

302 683 593 741 scentium
633 698 895 755 genarum
928 684 1157 741 maciem
1190 685 1469 742 horribilis
1506 686 1743 758 primum
1772 686 1912 742 situs

306 776 615 843 ambierat,
655 776 997 833 etFrancico
1049 792 1223 844 more,
1254 778 1466 834 incuria
1494 778 1720 835 diutinae
1747 793 1909 850 pere-

304 866 668 937 grinationis,
690 868 913 934 omisso,
936 867 1220 923 barbulam
1259 870 1488 940 quisque
1530 870 1765 926 rasitare
1798 870 1912 926 dis-

316 952 549 1014 tulerat.
578 959 731 1027 Quod
781 959 1063 1016 Podiensis
1088 960 1372 1031 episcopus
1397 961 1705 1028 attendens,
1737 970 1794 1017 et
1837 977 1908 1017 ne

302 1047 374 1105 in
400 1057 621 1106 mutuas
647 1059 871 1107 ruerent
898 1051 1095 1119 caedes,
1121 1052 1166 1107 si
1200 1051 1420 1121 quando
1443 1052 1654 1122 uspiam
1674 1051 1909 1122 praeliari

303 1153 416 1198 eos
436 1142 798 1215 contingeret,
830 1157 932 1215 pro
976 1144 1272 1199 barbarum
1309 1143 1669 1199 similitudine
1702 1143 1909 1199 Turcos

304 1232 644 1291 alterutrum
675 1251 735 1291 se
762 1244 1042 1306 putantes,
1071 1251 1290 1301 verens,
1336 1244 1391 1290 et
1416 1236 1613 1292 crebro
1642 1250 1739 1292 eos
1768 1235 1905 1305 radi,

306 1333 375 1381 et
402 1342 597 1383 cruces
647 1337 955 1399 argenteas,
989 1327 1075 1382 vel
1122 1326 1414 1397 cujuslibet
1455 1326 1704 1383 materiei
1753 1328 1905 1396 alias,

304 1422 585 1489 cujusque
611 1416 752 1475 collo
776 1419 1029 1491 praecepit
1050 1420 1302 1491 appendi,
1333 1434 1403 1475 ne
1455 1419 1595 1474 alter
1638 1419 1708 1475 ab
1737 1418 1911 1476 altero

304 1507 478 1576 quasi
503 1507 804 1580 alienigena
828 1511 1001 1581 possit
1037 1509 1310 1580 intercipi.
1363 1511 1435 1564 At
1462 1509 1540 1575 hi,
1564 1509 1657 1578 qui
1697 1508 1751 1563 in
1786 1518 1907 1565 ten-

311 1597 482 1652 toriis
511 1599 851 1667 resederant,
904 1601 1030 1655 dum
1068 1616 1231 1658 mane
1284 1601 1635 1657 civitatenses
1683 1601 1913 1656 audiunt

317 1690 816 1748 vehementissima
848 1684 1262 1749 tumultuatione
1308 1695 1538 1761 moveri,
1566 1709 1597 1749 e
1625 1693 1913 1765 papilioni-

672 374 675 375 ν
1427 293 1655 351 GESTA
1694 292 1807 353 DEI
1834 292 1972 350 PER
1994 292 2335 351 FRANCOS.
2355 321 2427 336 --
2450 292 2579 350 LIB.
2605 294 2673 352 ν.

297 402 707 478 perturbamt;
759 402 893 461 nihil
941 404 1166 462 forsitan
1211 406 1444 464 vestium
1495 411 1785 480 qualitates
1832 410 1915 466 di-
1941 423 1991 481 Α

3486 299 3588 358 754

2643 407 2872 464 CAPUT
2920 408 2986 466 Il.

2010 514 2019 561 ζ
2085 500 2268 575 [VllL]
2284 501 2557 557 Curbaran
2571 499 2737 556 Persa
2756 500 2958 555 militia:
2967 501 3204 571 princeps
3221 502 3404 558 contra
3414 503 3589 559 Fran.

2012 610 2101 648 cos
2126 592 2462 665 progreditur
2489 608 2606 647 cum
2626 593 2857 646 maximo
2879 592 3137 647 exercitu.
3166 620 3239 636 —
3258 592 3425 663 Igitur
3451 594 3591 651 Cur-

2011 685 2182 742 baran
2210 686 2431 757 quidam
2456 686 2656 752 dictus,
2704 686 2851 759 regis
2880 686 3193 754 Persarum,
3232 703 3395 759 quem
3417 690 3591 745 veteri

2012 777 2361 848 Sogdeanum
2399 777 2639 843 nomine,
2685 785 2749 833 ut
2804 778 3034 835 Romani
3080 775 3345 847 Caesares,
3394 796 3593 838 vocare

2012 870 2211 938 solent,
2262 871 2439 943 major
2484 873 2697 936 domus,
2742 871 2827 926 vel
2855 873 3034 943 potius
3070 873 3277 929 militiae
3306 875 3588 945 princeps,

2012 980 2135 1021 cum
2158 965 2333 1021 adhuc
2363 962 2502 1018 infra
2526 978 2754 1034 regnum
2782 962 3045 1030 Persidis,
3083 964 3138 1020 in
3168 965 3258 1021 illa
3288 980 3456 1036 quam
3480 966 3591 1023 Ct»

2012 1056 2288 1112 rozaniam
2314 1062 2510 1111 vocant
2538 1053 2817 1118 provincia
2842 1063 3149 1110 moraretur
3175 1055 3383 1125 (dicunt
3405 1066 3592 1111 autem

2010 1147 2230 1218 quidam
2262 1155 2466 1201 terram
2516 1144 2662 1200 circa
2713 1143 3017 1199 Caucasum
3060 1143 3437 1211 Corozaniam,
3465 1152 3591 1201 cor-

2011 1245 2172 1307 rupto
2194 1252 2225 1291 a
2280 1236 2508 1292 rudibus
2550 1235 2791 1302 nomine,
2841 1234 3124 1306 appellari)
3156 1250 3187 1288 a
3213 1235 3435 1305 praefato
3458 1236 3593 1292 Cas-

2011 1327 2187 1396 siano,
2230 1327 2587 1383 Antiochense
2619 1327 2769 1382 urbis
2795 1326 3066 1397 principe,
3102 1325 3314 1381 crebris
3358 1328 3594 1397 compel-

2011 1417 2227 1475 labatur
2261 1418 2428 1492 m
2473 1420 2680 1474 nuntiis
2718 1434 2825 1488 quo
2855 1418 2957 1475 sibi
2991 1418 3093 1473 sub
3127 1425 3272 1473 tanta
3296 1416 3596 1473 obsidionis

2012 1511 2261 1583 angustia
2288 1510 2467 1581 posito
2490 1518 2862 1575 concurreret,
2893 1508 3158 1579 pollicens
3185 1509 3333 1579 quia,
3349 1509 3394 1564 si
3424 1508 3598 1564 Fran-
3686 1580 3691 1587 .

2013 1616 2107 1659 cos
2134 1611 2423 1670 averteret,
2454 1612 2545 1658 aut
2588 1601 2781 1657 urbem
2832 1601 3117 1657 liberatam
3158 1601 3331 1670 ipsius
3358 1600 3597 1656 dominio

2016 1696 2383 1759 contraderet,
2431 1703 2524 1749 aut
2559 1693 2932 1750 subventionis
2963 1693 3205 1750 laborem
3236 1693 3469 1747 maxima
3497 1693 3598 1746 im-

311 1778 431 1837 bus
487 1782 777 1852 prodeunt.
840 1784 1140 1840 Boemundi
1211 1785 1470 1840 vexillum
1524 1794 1654 1842 ante
1708 1787 1912 1842 moenia
1944 1778 2281 1859 Bpensione
2326 1800 2614 1841 munemm
2637 1792 2969 1855 exaequaret.
3031 1783 3277 1854 Cumque
3307 1781 3598 1837 admodum

308 1872 558 1940 castelli,
600 1873 836 1930 nondum
865 1875 1031 1945 capti,
1065 1874 1211 1930 celso
1252 1875 1305 1929 in
1342 1883 1527 1931 monte
1576 1890 1912 1947 conspexere

306 1961 623 2030 praeﬁxum.
680 1964 920 2020 Currunt
983 1980 1261 2036 propere,
1313 1975 1614 2038 portasque
1669 1968 1911 2022 civitatis

310 2052 677 2126 irrumpunt,
724 2055 932 2113 Turcos
989 2056 1429 2129 Sarracenosque
1480 2075 1617 2130 quos
1659 2074 1913 2129 reperere

309 2149 654 2216 percutiunt,
687 2149 793 2204 illis
822 2159 1001 2204 tamen
1035 2166 1065 2204 a
1089 2152 1235 2206 caede
1266 2151 1487 2208 salvatis
1514 2154 1606 2223 qui
1634 2153 1913 2208 subintro-

308 2252 455 2294 vere
509 2240 809 2297 castellum.
867 2239 1170 2297 'l‘urcorum
1224 2256 1356 2298 vero
1407 2243 1617 2313 aliqui,
1672 2242 1913 2299 Francos

312 2328 695 2404 intclligentes
719 2334 939 2390 civitate
971 2334 1195 2405 potitos,
1228 2350 1328 2407 per
1363 2334 1497 2391 alias
1538 2335 1690 2390 urbis
1724 2344 1913 2406 portas

308 2423 491 2495 elapsi
515 2435 661 2482 sunt.
699 2426 845 2481 Intra
902 2428 1094 2481 urbem
1140 2436 1321 2483 autem
1370 2443 1596 2483 sexuum
1625 2428 1913 2484 diversitas

311 2516 618 2575 indiscrete
673 2520 959 2592 perimitur
993 2560 1009 2587 ,
1068 2519 1276 2591 exigua:
1316 2536 1439 2592 spes
1488 2521 1662 2577 aetatis
1709 2522 1914 2577 excidi-

310 2617 435 2677 tur,
482 2620 556 2678 et,
608 2612 737 2667 dum
794 2613 999 2669 seniori
1045 2613 1206 2669 eﬁ'eto
1259 2630 1366 2670 non
1418 2616 1680 2684 parcitur,
1711 2615 1913 2686 ambigi

309 2710 432 2759 nan
462 2714 642 2776 potest
690 2715 897 2778 quanta
935 2707 1220 2765 ferocitate
1269 2708 1529 2779 juventus
1583 2709 1742 2766 bellis
1787 2718 1913 2780 apta

307 2794 531 2850 concidi
540 2803 625 2850 tur

398 2884 558 2960 [Ἧι]
598 2888 810 2945 interea
836 2889 1149 2959 Cassianus,
1197 2891 1290 2963 qui
1325 2890 1681 2947 Antiochenae
1706 2904 1912 2962 praese-

314 2979 482 3037 derat
508 2982 651 3047 urbi,
706 2984 832 3038 dum
862 2983 1203 3040 Francorum
1259 2986 1456 3041 metuit
1486 3002 1681 3041 manus
1733 2985 1915 3040 incur-

315 3088 471 3138 rere,
495 3072 637 3144 fugae
664 3075 905 3131 subsidio
935 3076 1105 3131 vitam
1158 3076 1259 3131 sibi
1312 3076 1515 3131 lucrari
1573 3076 1910 3141 desiderans,

316 3183 452 3223 cum
500 3167 754 3239 plurimis
801 3171 1111 3236 comitibus,
1136 3172 1280 3227 haud
1310 3171 1496 3243 procul
1526 3173 1593 3225 ab
1623 3171 1912 3226 Antiochia

316 3260 381 3317 in
405 3258 669 3319 Tancredi
695 3263 932 3319 conﬁnia
969 3264 1206 3320 devenit.
1238 3263 1382 3321 Sane
1400 3265 1527 3319 dum
1554 3265 1741 3334 fugere
1768 3281 1911 3335 prte-

318 3362 639 3424 properant,
673 3369 843 3426 equos
871 3369 1000 3410 suos
1033 3355 1367 3410 omnimodis
1395 3354 1637 3409 defectos
1666 3354 1913 3409 reddidc.

322 3452 471 3510 rant,
513 3442 736 3516 jamque
765 3460 1111 3516 nequaquam
1158 3446 1497 3517 progressius
1525 3445 1605 3501 ire
1653 3444 1909 3513 valentes,

328 3534 387 3588 in
419 3535 752 3591 domicilium
803 3537 1072 3606 quoddam
1126 3538 1463 3594 diverterant
1506 3548 1911 3594 montanorum.

320 3622 512 3697 Itaque
543 3626 901 3695 habitatores,
956 3629 1202 3686 Armenii
1255 3631 1509 3687 videlicet
1554 3640 1715 3702 atque
1767 3630 1912 3703 Syri,

325 3718 418 3773 ubi
446 3733 603 3774 suum
629 3717 1083 3776 immanissimum
1114 3722 1327 3779 hostem
1367 3738 1604 3794 paupere
1635 3723 1915 3779 delituisse

328 3812 565 3882 tugurio,
599 3810 815 3868 fortuna
849 3828 972 3869 eum
1018 3814 1129 3884 jam
1188 3818 1530 3881 adversante,
1560 3825 1911 3888 cognoscunt,

326 3903 779 3977 comprehensum
828 3906 1008 3974 capite
1038 3916 1333 3962 truncant:
1367 3909 1742 3978 succisamque
1792 3922 1913 3962 cer-

325 3982 504 4050 vicem
577 3996 643 4050 ad
704 3994 1003 4051 Boemundi
1060 3999 1409 4067 praesentiam
1468 3999 1805 4069 deportant,
1858 4007 1917 4052 ut

329 4088 527 4143 exinde
560 4105 727 4160 penes
782 4105 930 4155 eum,
980 4105 1079 4159 pro
1118 4090 1314 4145 insoliti
1346 4091 1616 4147 oblatione
1653 4092 1913 4157 muneris,

326 4181 601 4238 libertatis
651 4182 881 4251 gratiam
919 4184 1222 4239 obtineant.
1258 4185 1423 4255 Cujus
1472 4185 1655 4240 balteo
1695 4186 1917 4256 vagina-

330 4288 441 4346 que
466 4272 669 4328 cultelli
698 4274 944 4341 sublatis,
980 4277 1259 4348 sexaginta
1313 4279 1706 4350 Byzanteorum
1742 4278 1916 4349 pretio

331 4363 616 4421 vendenda
658 4373 933 4420 laxarunt.
986 4366 1150 4422 Gesta
1200 4377 1326 4422 sunt
1374 4369 1492 4422 htec
1540 4368 1718 4423 Nonas
1747 4368 1913 4435 Junii,

2015 1878 2273 1949 grandem
2296 1876 2412 1948 jam
2458 1877 2600 1933 idem
2644 1877 2852 1932 militim
2878 1877 3155 1947 princeps,
3182 1875 3343 1946 hujus
3366 1888 3461 1943 spe
3484 1872 3601 1943 pol-

2014 1971 2327 2028 licitationis
2393 1971 2607 2027 illectus
2638 2012 2654 2038 ,
2712 1969 3007 2026 conﬂasset
3070 1968 3413 2034 exercitum,
3458 1973 3520 2021 et
3562 1979 3601 2020 ι

2013 2080 2228 2143 summo
2257 2065 2340 2121 sui
2372 2064 2583 2121 erroris
2620 2064 2880 2135 pontiﬁce
2918 2062 3146 2134 (habent
3200 2061 3346 2118 enim
3399 2066 3456 2115 et
3503 2072 3602 2129 pa-

2012 2172 2136 2229 pam
2166 2175 2342 2225 suum,
2390 2158 2457 2213 ad
2510 2159 2686 2213 instar
2720 2157 2915 2229 nostri)
2948 2156 3222 2212 licentiam
3262 2153 3602 2209 Christianos

2013 2250 2314 2321 perimendi
2341 2249 2679 2321 poposcisset
2730 2263 2796 2304 ac
2842 2246 3161 2318 accepisset,
3204 2244 3272 2300 ad
3308 2240 3601 2300 eruendam

2012 2343 2356 2399 Antiochiam
2382 2358 2701 2415 properare,
2727 2341 2940 2397 inﬁnito
2968 2340 3188 2411 agmine
3224 2335 3600 2392 succenturia-

2014 2443 2104 2491 tus
2158 2434 2411 2491 intendit.
2442 2433 2940 2504 Hierosolymorum
2964 2429 3263 2502 praefectus
3284 2428 3604 2496 (quosbar—

2013 2525 2197 2581 barica
2225 2524 2300 2580 illi
2325 2524 2507 2595 lingua
2538 2523 2911 2579 Admiravisos
2943 2518 3166 2591 vocant)
3196 2518 3431 2589 plurimo
3458 2529 3594 2571 con-

2015 2612 2196 2668 festim
2251 2614 2518 2679 exercitu,
2574 2612 2745 2681 ipsius
2802 2608 3150 2665 adventantis
3197 2606 3383 2676 copias
3428 2602 3601 2679 auxit.

2013 2706 2206 2762 Itidem
2267 2704 2661 2759 Damascenum
2714 2717 2918 2772 regem,
2971 2715 3095 2756 cum
3125 2697 3467 2777 expeditione
3494 2709 3603 2765 non

2014 2795 2261 2858 minima,
2295 2795 2409 2850 suis
2431 2793 2705 2850 contraxit
2724 2791 2965 2847 auxiliis.
3003 2789 3208 2846 Gentes
3251 2797 3434 2847 autem
3474 2784 3602 2851 illae,

2017 2902 2154 2959 quas
2182 2886 2445 2958 profanus
2471 2893 2798 2942 evocaverat
2820 2884 3075 2955 princeps
3122 2889 3330 2951 prater
3370 2877 3601 2946 Turcos,

2016 2981 2375 3048 Sarracenos,
2401 2979 2612 3035 Arabes
2628 2996 2693 3035 ac
2716 2979 2929 3041 Persas,
2953 2976 3158 3047 cogniti
3183 2973 3437 3033 videlicet
3462 2971 3603 3041 apud

2017 3074 2485 3145 liistoriographos
2522 3071 2761 3127 nominis
2815 3070 3086 3134 homines,
3134 3068 3359 3124 novitiis
3408 3076 3603 3137 cense-

2017 3166 2220 3222 bantur
2242 3165 2545 3231 vocabulis,
2568 3162 2857 3218 Publicani
2886 3162 3112 3227 scilicet,
3138 3158 3603 3229 Cumi,Aaimiw.

2016 3272 2071 3319 et
2097 3262 2348 3334 Agulani,
2386 3276 2509 3316 cum
2544 3259 2666 3315 aliis
2711 3256 3194 3314 innumerabilibus
3247 3258 3603 3323 nequaquam

2017 3356 2313 3427 gentibus,
2366 3354 2460 3409 sed
2526 3351 2823 3422 portentis.
2881 3350 3085 3405 Eorum
3139 3348 3408 3418 siquidem
3466 3358 3603 3417 quos

2015 3446 2289 3518 Agnlanos
2338 3445 2618 3516 appellant
2668 3443 2775 3499 tria
2826 3456 3057 3497 numero
3100 3441 3277 3499 mima
3332 3438 3605 3495 exstitisse

2016 3534 2286 3593 feruntur.
2337 3537 2442 3604 Qui
2496 3550 2672 3606 neque
2722 3535 2955 3607 gladios,
3003 3544 3179 3603 neque
3224 3532 3459 3597 lanceas,
3509 3539 3608 3586 aut

2017 3627 2263 3698 sagittas,
2297 3626 2446 3682 nulla
2474 3626 2696 3696 penitus
2740 3639 2896 3679 arma
2922 3622 3240 3687 formidant,
3281 3621 3408 3693 quia
3455 3620 3606 3675 omni

2017 3735 2084 3776 ex
2117 3730 2268 3791 parte
2311 3737 2436 3777 cum
2470 3721 2595 3792 ipsi,
2642 3729 2753 3775 tum
2802 3718 2929 3789 equi
2977 3732 3167 3773 eorum
3206 3714 3373 3772 ferro
3405 3716 3604 3785 adope-

2017 3810 2251 3863 riuntnr.
2276 3807 2343 3862 Hi
2379 3808 2512 3863 nihil
2555 3819 2833 3862 armorum
2861 3818 3088 3875 prorsus
3115 3802 3171 3859 in
3201 3802 3360 3859 bellis
3399 3810 3600 3874 praeter

2017 3917 2175 3957 enses
2201 3902 2321 3956 usui
2346 3901 2568 3956 habent.

2087 3994 2366 4052 Curbaran
2422 3994 2588 4064 igitur
2639 4007 2760 4047 cum
2814 3999 2973 4047 tanto
3032 3990 3284 4062 gentium
3344 3988 3486 4053 fastu
3534 3988 3607 4046 ad

2016 4087 2257 4143 Francos
2282 4088 2348 4141 ab
2374 4086 2665 4140 Antiochia
2680 4084 3027 4141 divertendos
3040 4083 3421 4139 contendebat.
3443 4081 3609 4138 Cum-

2018 4195 2122 4250 que
2148 4180 2259 4248 jam
2314 4179 2472 4234 ﬁeret
2511 4179 2631 4233 urbi
2664 4178 2983 4249 contiguus,
3032 4192 3162 4233 ecce
3211 4176 3460 4233 Cassiani
3515 4177 3609 4231 de—

2018 4272 2191 4328 functi
2252 4272 2415 4337 ﬁlius,
2482 4268 2818 4325 Sensadolus
2860 4268 3144 4333 vocabulo,
3187 4266 3382 4324 obvius
3431 4265 3609 4320 eidem

2016 4366 2251 4438 principi
2281 4364 2476 4430 adfuit,
2513 4372 2567 4417 et
2597 4378 2718 4417 cum
2749 4362 2917 4415 multa
2948 4360 3017 4414 ad
3067 4373 3191 4414 eum
3238 4356 3611 4414 mmstitudine

331 4474 459 4516 Cum
484 4458 673 4529 quinta
702 4460 998 4516 haberetur
1027 4460 1188 4515 feria.
1220 4460 1485 4517 Cerneres
1509 4462 1787 4517 civitatem
1813 4476 1917 4517 cze-
1942 4478 1997 4539 D
2023 4458 2161 4513 dixit
2192 4475 2204 4510 :
2246 4475 2264 4508 ι
2313 4455 2447 4511 Cum
2479 4468 2674 4524 magna
2717 4459 2821 4506 tum
2856 4450 3193 4505 fortitudinis
3228 4448 3493 4503 habeatur
3521 4462 3611 4504 ce-

332 4553 496 4608 dibus
527 4551 819 4621 explicitis,
875 4553 1235 4608 intolerandis
1282 4555 1559 4609 exundare
1609 4546 1913 4621 fetoribus;

333 4645 478 4711 fora,
515 4644 743 4715 plateas,
804 4644 963 4710 atria,
1003 4645 1378 4715 vestibulaque
1405 4646 1627 4711 aedium,
1659 4662 1779 4716 qua:
1806 4648 1919 4715 pri-

335 4736 479 4805 dem,
502 4735 672 4791 multa
690 4736 927 4806 aequoris
949 4737 1299 4807 gratitudine,
1322 4752 1640 4793 marmoreae
1668 4736 1921 4793 crustula:

336 4829 723 4898 distinxerant,
756 4831 1038 4885 teterrimo
1065 4829 1178 4900 jam
1218 4829 1566 4886 uniformiter
1586 4845 1782 4887 cruore
1808 4845 1921 4886 sor-

336 4922 535 4976 debant
565 4921 1394 4991 inﬁnitorumque~cadaverum
1447 4922 1651 4991 passim
1702 4923 1921 4977 decum-

336 5013 500 5069 bente
527 5014 804 5085 congerie,
832 5012 1136 5068 truculenta
1188 5014 1519 5083 spectacula,
1555 5029 1923 5086 aurarumque

335 5114 715 5177 corruptarum
744 5103 1005 5171 feralitas,
1028 5104 1310 5159 oculorum
1343 5120 1408 5159 ac
1451 5106 1668 5161 narium
1694 5108 1921 5162 misera-

339 5199 516 5255 biliter
582 5214 777 5255 sensus
834 5196 1157 5254 infecerant.
1220 5196 1617 5256 Sternebantur
1677 5202 1921 5258 vicorum

339 5288 600 5360 angustiae
633 5304 922 5360 corporum
967 5297 1149 5358 strage
1188 5290 1515 5359 patentium,
1561 5302 1617 5346 et
1666 5294 1793 5348 dum
1822 5307 1923 5349 nec

340 5376 597 5433 efferendi
648 5386 726 5435 tot
780 5378 970 5434 funera
1012 5377 1245 5435 facultas
1293 5380 1472 5451 aliqua
1514 5382 1775 5451 subjacet,
1824 5399 1924 5439 nec

345 5478 515 5525 tutum
540 5485 571 5525 a
600 5468 870 5527 fetoribus
900 5470 1278 5525 diverticulum
1312 5486 1538 5542 usquam
1588 5482 1757 5544 patet,
1788 5475 1925 5530 assi-

320 5563 523 5629 duitas
545 5563 775 5619 visionis
803 5578 867 5619 ac
917 5563 1168 5634 spiritus,
1216 5580 1326 5634 prae
1373 5565 1619 5621 sensibus
1657 5569 1924 5622 constitu-

348 5666 455 5712 tnm
488 5656 800 5712 decuticbat
828 5657 1137 5714 horrorem.
1167 5656 1321 5712 Unde
1340 5657 1455 5726 jam
1482 5674 1577 5729 per
1610 5660 1726 5730 ipsa
1762 5663 1925 5717 cada-

318 5764 490 5823 uera,
519 5746 713 5816 quibus
738 5756 921 5802 strata:
946 5755 1105 5801 crant
1148 5748 1375 5816 semitae,
1427 5765 1608 5821 nemo,
1638 5767 1736 5808 usu
1786 5768 1924 5809 oras-

349 5839 497 5896 bcule
524 5830 824 5910 audaCiam,
847 5842 1134 5897 verebatur
1161 5837 1432 5897 incedere.

2022 4547 2267 4612 lebritas,
2320 4555 2375 4601 et
2432 4554 2646 4600 tuarum
2694 4542 3048 4599 victoriarum
3103 4540 3303 4610 ubique
3359 4539 3604 4609 gentium

2025 4638 2470 4711 incomparabilis
2498 4635 2992 4707 procedatopinio,
3043 4634 3108 4689 de
3161 4634 3287 4699 tuis,
3319 4641 3378 4687 ut
3428 4647 3607 4702 spero,

2022 4706 2289 4803 praesidiis
2321 4706 2659 4800 neutiquam,
2706 4728 2791 4782 vir
2832 4726 3209 4792 invictissime,
3260 4724 3391 4780 mihi
3420 4706 3616 4795 despej

2024 4841 2151 4881 rare
2178 4824 2380 4880 licebit.
2416 4824 2554 4878 Dum
2593 4822 2738 4877 enim
2786 4830 2875 4877 tua
2907 4821 3107 4876 nemini
3140 4819 3355 4875 videam
3385 4833 3493 4873 non
3524 4834 3613 4872 va-

2025 4917 2137 4974 lere
2166 4916 2440 4987 sull‘ragia,
2472 4924 2672 4986 tuaque
2700 4914 2903 4985 passim
2949 4922 3162 4969 constet
3195 4913 3265 4968 ob
3302 4911 3611 4966 facinorum

2025 5010 2331 5066 claritatem
2356 5009 2653 5065 reverenda
2697 5007 2964 5078 potentia,
3001 5023 3107 5062 non
3158 5006 3265 5060 nisi
3306 5003 3498 5073 pudori
3530 5014 3614 5057 est

2026 5122 2212 5162 coram
2263 5114 2312 5159 te
2342 5119 2460 5159 mea
2512 5101 2799 5173 deplorare
2850 5101 3171 5165 infortunia,
3218 5114 3341 5153 cum
3400 5105 3611 5152 certum

2028 5207 2261 5265 teneam,
2291 5212 2352 5253 ea
2398 5212 2517 5268 quae
2552 5211 2850 5252 exoravere
2888 5194 2941 5248 in
2991 5206 3207 5248 cassum
3250 5190 3399 5245 nullo
3453 5190 3614 5244 modo

2026 5304 2249 5360 prorsus
2295 5288 2460 5345 itura.
2518 5289 2763 5344 Meminit
2814 5286 2982 5356 gloria
3039 5295 3131 5339 tua
3187 5294 3317 5353 quot
3370 5299 3407 5337 a
3457 5291 3615 5353 patre

2027 5380 2307 5446 Cassiano,
2356 5381 2484 5437 dum
2515 5380 2569 5435 in
2605 5378 2895 5433 Antiochia
2921 5376 3284 5440 obsideretur,
3316 5374 3613 5444 legatiOnes

2027 5472 2305 5540 habueris,
2332 5482 2387 5529 et
2432 5473 2598 5543 quod,
2636 5473 2762 5527 dum
2802 5471 2852 5526 ei
2884 5468 3170 5525 subvenire
3199 5468 3488 5535 deliberas,
3521 5482 3616 5525 ca-

2027 5574 2173 5638 ptam
2222 5582 2254 5621 a
2301 5565 2525 5621 Francis
2567 5564 2755 5619 urbem
2789 5564 3047 5629 audieris,
3093 5579 3236 5620 nunc
3284 5567 3613 5634 interempto

2029 5667 2255 5729 parente
2283 5658 2422 5712 intra
2452 5657 2764 5729 praesidium
2789 5657 3030 5727 ejusdem
3067 5657 3306 5712 civitatis
3333 5656 3612 5721 obsideor,

2028 5750 2218 5806 eadem
2244 5750 2431 5821 procul
2457 5749 2621 5805 dubio
2649 5748 2781 5804 mihi
2828 5749 2926 5819 ipsi
2962 5749 3283 5818 praestolans
3322 5755 3608 5809 eventura,

2035 5857 2156 5907 qua:
2184 5845 2324 5900 oatri
2355 5842 2699 5907 cognoverim
2728 5841 2889 5899 facta.
2939 5841 2996 5897 Si
3040 5840 3384 5898 Antiochiam
3418 5852 3612 5894 cerva-
