4012 6346
597 358 706 417 755

1401 352 1464 410 v.
1504 351 1829 411 GUIBERTI
1862 350 2149 407 ABBATlS
2189 349 2259 431 s.
2287 347 2527 405 narum
2560 347 2649 405 DE
2688 346 3084 431 NOVIGENTO
3340 415 3345 419 ,
3688 328 3789 419 τα

597 475 810 533 serunt,
837 470 1085 537 idemque
1114 465 1362 535 plurimis
1386 465 1665 521 Romaniae
1695 482 1757 522 ac
1786 465 1961 538 Syria:
1994 466 2168 520 muni-
2200 469 2244 525 Α
2274 463 2549 520 Orientem
2583 462 3091 533 depopulabuntur?
3121 462 3211 517 his
3243 461 3444 518 viribus
3480 438 3669 525 Caucasi
3701 490 3766 531 ει.

508 567 514 571 ’
596 557 758 627 cipiis
786 557 1113 623 urbibusque
1163 555 1428 619 fecerunt,
1483 555 1764 609 indubium
1814 554 2058 625 profecto
2089 562 2173 609 est

594 653 740 723 quod
772 661 828 707 et
850 652 1001 707 vobis
1022 660 1075 706 et
1103 651 1224 705 aliis
1248 661 1446 705 nostrae
1473 650 1783 705 hominibus
1812 649 1989 721 gentis
2013 659 2174 717 atque

592 743 750 807 locis.
800 742 1095 799 identidem
1147 743 1324 798 facere
1373 752 1793 813 proposuerunt.
1843 740 2171 796 Excellentia

590 832 774 903 itaque
797 843 908 900 tua,
945 833 1178 889 admotis
1219 843 1416 888 contra
1452 843 1560 887 tam
1605 834 1825 888 rabidos
1853 848 2016 886 ausus
2043 831 2173 885 viri-

586 921 711 989 bus,
744 924 1039 992 excitetur,
1072 932 1147 988 et,
1175 925 1358 979 omnia
1411 939 1680 993 occupare
1723 924 2027 979 volentibus
2075 922 2171 977 ho-

586 1016 793 1072 minum
825 1017 1208 1088 pauperrimis,
1236 1026 1413 1086 empta
1438 1016 1769 1087 possibilitas
1800 1016 2166 1071 abscindatur.

584 1110 714 1167 Mihi
753 1127 949 1183 nempe
976 1114 1030 1168 in
1070 1113 1207 1168 meis
1235 1111 1565 1171 infortuniis.
1601 1121 1814 1165 tuorum
1847 1109 2193 1183 auxilioruml

583 1217 710 1273 spes
736 1218 993 1274 suprema
1050 1205 1342 1260 restiterat.
1383 1224 1400 1254 ι
1453 1204 1550 1258 Cui
1594 1200 1960 1271 querimonias
2006 1213 2167 1267 exag-

584 1297 799 1365 geranti
833 1295 1124 1351 merefert
1157 1315 1170 1349 :
1206 1314 1224 1348 ι
1265 1296 1344 1362 Si,
1379 1296 1573 1364 inquit,
1609 1294 1688 1348 vis
1720 1301 1777 1347 ut
1807 1293 1891 1347 his
1938 1290 2043 1344 tuis
2084 1290 2191 1345 ἰη-⁸

585 1389 857 1439 δῑεηνῖῖνις
895 1384 1149 1454 periculis
1178 1384 1385 1439 obstem
1416 1385 1630 1451 tuisque
1648 1381 1969 1435 utilitatibus
1991 1387 2168 1433 atten-

588 1474 696 1530 tius
722 1489 939 1541 opcram
987 1477 1130 1538 dem,
1167 1475 1442 1544 oppidum,
1497 1473 1638 1541 quod
1671 1470 1914 1526 defendis
1969 1478 2022 1523 et
2068 1482 2166 1537 pro

583 1579 695 1635 quo
724 1566 1011 1636 supplicas,
1046 1581 1178 1620 meae
1205 1566 1395 1620 ditioni
1447 1564 1727 1625 contrade,
1786 1571 1841 1617 et
1878 1570 2161 1631 postquam

582 1656 719 1713 meis
749 1659 956 1714 castelli
986 1660 1286 1714 custodiam
1323 1658 1664 1727 delegavero,
1711 1667 1836 1710 tunc
1863 1653 2165 1724 experieris

582 1758 840 1818 quantum
892 1765 991 1819 pro
1046 1758 1139 1803 tuo
1194 1764 1453 1803 exercear
1507 1748 1809 1803 commodo.
1850 1766 1869 1798 ι
1923 1746 2004 1800 Ad
2051 1746 2163 1799 hcce

584 1838 919 1896 Sensadolus
946 1859 959 1895 :
999 1858 1020 1893 ι
1059 1841 1114 1895 Si
1147 1840 1407 1905 Francos,
1439 1840 1535 1905 ait,
1580 1840 1711 1893 mihi
1749 1854 1969 1907 prorsus
2001 1838 2168 1891 inter-
2197 1834 2241 1892 Β

578 1928 743 1997 initas,
778 1931 1021 2003 mihique
1061 1946 1248 1986 eorum
1286 1932 1505 1986 desecta
1539 1932 1717 1999 capita
1745 1930 1946 1990 tradas,
1975 1927 2165 1981 admit-

579 2029 695 2077 tam
727 2031 780 2079 te
816 2023 870 2077 in
896 2024 1176 2094 oppidum,
1207 2022 1459 2093 factoque
1488 2024 1582 2077 tibi
1608 2022 1873 2087 bominio,
1925 2030 2014 2075 tuo
2053 2018 2163 2087 juri

578 2111 723 2170 idem
781 2116 1010 2171 servabo
1063 2115 1367 2170 castellum.
1419 2135 1438 2167 ι
1503 2113 1601 2171 Cui
1659 2113 1938 2168 Curbaran
2020 2113 2095 2164 ait
2145 2127 2160 2164 :

583 2221 605 2255 ι
638 2202 758 2259 Non
785 2204 860 2259 ita
890 2219 1101 2260 mecum
1132 2215 1355 2260 acturus
1381 2221 1442 2260 es
1471 2223 1484 2258 :
1513 2207 1606 2261 sed
1630 2205 1890 2260 continuo
1921 2212 2160 2257 castrum

577 2297 781 2352 trades.
830 2316 851 2350 ι
897 2298 1036 2366 Quid
1097 2300 1295 2370 plura?
1343 2298 1561 2354 Profaui
1608 2297 1869 2370 principis
1907 2296 2036 2350 vicit
2070 2307 2162 2347 ex-

576 2389 742 2456 actio,
789 2398 846 2446 et
884 2406 943 2447 se
984 2392 1199 2463 juvenis
1245 2409 1275 2448 a
1327 2393 1567 2449 dominio
1597 2392 1804 2447 castelli
1859 2403 2158 2459 exponens,

577 2483 729 2540 illum
759 2488 853 2557 qui
906 2489 1290 2559 extorquebat,
1340 2506 1448 2546 non
1500 2490 1593 2544 diu
1642 2489 1766 2544 inde
1823 2486 2157 2559 gavisurum,

574 2575 812 2635 induxit.

646 2668 790 2745 [IX.]
820 2673 1152 2729 Antiochiam
1180 2676 1376 2731 obsidet
1411 2672 1987 2737 (Iuniarum—Tertia,
2010 2678 2159 2742 post-

573 2775 739 2834 quam
768 2764 1112 2822 Antiochiam
1141 2766 1336 2823 Franci
1367 2769 1697 2837 irruperant,
1731 2768 1845 2822 dies
1875 2765 2158 2836 agebatur,

572 2867 700 2911 cum
736 2869 866 2911 ecce
905 2857 1203 2914 Turcorum
1248 2858 1562 2929 praaambuli
1606 2868 1733 2913 ante
1782 2856 1931 2911 urbis
1959 2854 2157 2909 mcenia

576 2956 971 3014 cucurrerunt;
1019 2949 1223 3019 reliqua
1256 2964 1386 3004 vero
1424 2949 1696 3005 exercitus
1745 2946 2045 3017 frequentia
2097 2943 2160 2997 ad

572 3035 1003 3109 Pbarpbaricum
1052 3039 1172 3094 ﬁxit
1218 3040 1447 3095 tentoria
1490 3050 1732 3111 pontem.
1765 3037 2163 3109 Aggrediuntur

573 3142 705 3201 ergo
749 3131 1151 3201 quamprimum
1211 3132 1407 3187 turrim
1464 3132 1613 3202 ponti
1666 3131 1998 3200 contiguam,
2054 3142 2156 3197 qua

574 3221 791 3292 magnis
824 3230 1130 3294 expugnata
1158 3223 1390 3289 nisibus,
1430 3236 1621 3278 omnes
1664 3220 1981 3275 interimunt
2022 3231 2159 3287 quos

570 3325 827 3381 reperere
886 3314 1218 3371 intrinsecus
1247 3354 1263 3381 ,
1323 3328 1424 3370 nec
1475 3314 1730 3383 cuiquam
1781 3310 1995 3364 illorum
2046 3308 2157 3362 vita

567 3400 780 3458 indulta
808 3411 912 3470 est,
943 3415 1141 3475 praeter
1168 3405 1268 3461 soli
1292 3419 1484 3461 eorum
1508 3403 1927 3471 domino,quem
1954 3408 2153 3462 tamen,

569 3502 765 3551 exacto
785 3498 1128 3566 postmodum
1175 3506 1366 3554 contra
1405 3498 1504 3552 hos
1531 3494 1690 3559 bello,
1722 3495 1897 3549 nostri
1942 3493 2158 3546 invene.

566 3594 700 3640 runt
724 3587 1091 3658 compeditum
1120 3587 1289 3646 ferro.
1333 3588 1603 3644 Postridie
1649 3586 1925 3642 exercitus
1965 3597 2157 3654 prope-

566 3675 713 3729 tavit
732 3676 802 3731 ad
837 3677 1060 3744 urbem;
1090 3693 1156 3734 ac
1180 3678 1237 3733 in
1273 3679 1452 3733 medio
1487 3678 1716 3733 duorum
1736 3673 2045 3738 ﬂuminum,
2066 3687 2153 3726 ca-

566 3775 810 3825 strorum
833 3770 936 3825 sibi
966 3770 1086 3827 loca
1112 3770 1384 3842 legentes,
1414 3770 1552 3824 duos
1586 3768 1783 3823 ibidem
1820 3780 1978 3837 egere
2012 3765 2149 3820 dies.

565 3859 741 3929 Capto
764 3860 947 3929 itaque
973 3870 1174 3927 castro,
1201 3862 1355 3929 cujus
1386 3861 1670 3932 praesidem
1699 3860 1754 3913 in
1777 3858 1991 3912 vincula
2025 3872 2153 3910 con-

561 3949 765 4022 lectum
790 3953 1159 4023 praediximus,
1191 3955 1474 4010 Curbarau
1505 3969 1672 4007 unum
1706 3953 1773 4006 de
1819 3952 1931 4004 suis
1959 3963 2149 4019 proce-

564 4042 719 4099 ribus
747 4054 958 4109 evocat,
984 4059 1144 4115 quem
1177 4060 1426 4115 sagacem
1460 4045 1671 4114 sibique
1706 4044 1869 4099 fidnm
1902 4050 2148 4107 noverat,

563 4131 726 4203 eique
756 4133 987 4205 imperat
1020 4152 1035 4190 :
1094 4154 1114 4188 ι
1150 4135 1323 4201 Vade,
1361 4144 1417 4190 et
1463 4136 1566 4190 hoc
1615 4134 1745 4189 mihi
1778 4135 2053 4204 oppidum,
2085 4148 2149 4187 ea

562 4232 672 4296 qua
700 4226 866 4283 debes
894 4237 951 4284 et
1004 4229 1070 4286 de
1120 4241 1173 4285 te
1214 4245 1374 4301 spero
1415 4228 1672 4285 fidelitate
1703 4227 1946 4283 defende.
1989 4245 2008 4279 ι
2050 4226 2149 4282 Cui

561 4316 656 4373 ille
683 4337 697 4373 :
730 4338 750 4371 ‹
787 4319 1038 4391 imperio,
1073 4323 1173 4388 ait,
1197 4337 1360 4393 super
1386 4323 1489 4377 hac
1522 4336 1579 4375 rc
1606 4331 1693 4375 tuo
1718 4318 1999 4375 dilllculter
2021 4320 2149 4375 obe-

560 4411 750 4478 diam;
801 4415 855 4470 id
887 4425 1064 4471 tamen
1095 4415 1213 4485 ejus
1259 4417 1487 4472 rationis
1516 4415 1826 4471 conditione
1870 4413 2146 4482 perﬁciam

2278 564 2446 611 trema
2476 554 2820 611 subdentur?
2854 570 3053 625 easque
3075 554 3243 628 410
3272 553 3507 611 fortassis
3531 576 3645 629 quas
3666 569 3766 623 anti.

2273 650 2455 721 quitus
2496 651 2783 707 obtinuere
2814 660 2991 707 terras
3017 650 3345 715 Amazones,
3374 665 3434 704 ac
3461 654 3611 708 nostri
3646 671 3769 724 quon-

2274 745 2392 799 dam
2436 745 2536 800 sibi
2581 745 2926 801 vindicavere
2976 753 3257 816 parentes,
3307 752 3549 813 poterunt
3591 747 3769 807 adimere

2272 835 2427 890 nobis
2463 834 2655 891 Franci
2695 851 2917 905 prorsus
2968 833 3240 890 inermes?
3278 854 3297 886 ι
3362 835 3527 899 Dixit,
3568 846 3615 891 et
3647 841 3770 895 accito

2272 927 2557 982 confestim
2588 928 2823 993 notario,
2850 927 2928 982 ait
2959 944 2973 981 :
3005 946 3024 980 ι
3064 927 3261 982 Scribe
3284 926 3585 998 quantocius
3611 934 3770 989 eosdem

2272 1017 2454 1085 apices
2484 1032 2581 1086 per
2604 1018 2814 1073 diversa
2838 1018 3057 1088 pitacia,
3100 1034 3224 1088 quae
3252 1034 3350 1088 per
3377 1020 3650 1089 provincias
3683 1020 3771 1075 Per-

2269 1108 2400 1164 sidis
2428 1109 2754 1180 dirigantur,
2794 1110 2862 1166 ad
2907 1126 3098 1181 papam
3156 1109 3413 1163 videlicet
3463 1120 3691 1176 nostrum,
3729 1111 3772 1165 ad

2270 1202 2548 1257 dominum
2574 1204 2737 1258 etiam
2767 1212 3009 1260 nostrum
3057 1217 3242 1272 regem
3285 1199 3580 1267 Persarum,
3604 1204 3656 1255 ad
3679 1218 3772 1272 pra-

2268 1290 2441 1347 fectos
2458 1307 2671 1362 quoque
2692 1302 2746 1347 et
2769 1293 3176 1348 cnmmilitones
3190 1292 3520 1346 diversarum
3544 1293 3772 1361 regionum.

2269 1382 2510 1450 Quorum
2538 1385 2653 1439 hmc
2680 1385 2896 1455 quidem
2926 1386 3193 1438 habeatur
3223 1382 3525 1437 sententia:

2341 1474 2461 1549 [Χ]
2496 1495 2513 1527 ‹
2544 1475 2772 1530 Domino
2804 1476 2916 1548 regi
2946 1476 3236 1546 magnifico
3266 1473 3775 1545 Persarum,pap:eqne

2270 1568 2608 1633 beatissimo,
2624 1580 2679 1623 et
2696 1569 2949 1625 omnibus
2970 1570 3236 1623 adversus
3253 1566 3578 1624 Christianos
3598 1577 3772 1622 sanctam

2266 1658 2527 1730 professis
2558 1661 2827 1724 militiam,
2865 1660 3146 1717 Curbaran
3182 1676 3297 1716 suae
3344 1659 3541 1714 militia:
3573 1658 3773 1729 princeps,

2268 1754 2495 1808 salutem
2525 1762 2684 1824 atque
2710 1756 3014 1809 victoriam.

2345 1863 2364 1895 ί
2409 1844 2663 1899 Gratulor
2692 1859 2916 1899 summae
2950 1843 3250 1907 divinitati,
3301 1853 3479 1912 patres
3519 1856 3576 1896 ac
3608 1840 3771 1907 domini,

2269 1933 2409 2002 quod
2438 1944 2677 2003 tempora
2709 1933 2863 1988 nobis
2890 1932 3103 2003 gaudiis
3127 1948 3349 2003 semper
3377 1942 3652 2003 opportuna
3684 1947 3769 2001 sup-

2267 2027 2494 2095 peditat,
2546 2035 2600 2081 et
2643 2027 2899 2082 victorias
2945 2027 3011 2081 de
3057 2026 3312 2081 hostibus
3354 2027 3581 2096 gentium
3636 2025 3767 2092 ubique

2268 2114 2562 2169 ministrat.
2592 2112 2718 2168 Tria
2754 2117 2866 2169 lucc
2892 2113 3047 2169 vobis
3082 2129 3240 2168 arma
3267 2113 3768 2181 transmittimus,qua

2267 2207 2483 2279 quidem
2513 2205 2739 2262 Francis
2769 2207 3013 2273 tulimus,
3040 2215 3100 2260 ut
3125 2207 3365 2261 videatis
3406 2220 3509 2275 quo
3549 2203 3769 2257 munimine

2263 2301 2522 2372 polleant,
2558 2301 2648 2371 qui
2700 2316 2797 2356 nos
2852 2316 2882 2355 a
2935 2301 3109 2371 patria
3175 2300 3472 2355 exturbare
3518 2296 3766 2351 desiderant.

2266 2391 2405 2447 Sciri
2452 2401 2630 2446 autem
2662 2408 2692 2447 a
2729 2392 2881 2447 vobis
2910 2392 3032 2447 volo
3074 2392 3205 2462 quia
3260 2391 3519 2455 Francos,
3545 2389 3623 2458 qui
3657 2386 3763 2441 nobis

2263 2486 2515 2542 omnibus
2556 2485 2904 2541 minabantur
2958 2485 3211 2550 exitium,
3266 2485 3412 2540 intra
3464 2483 3617 2553 ipsam
3653 2492 3762 2550 quam

2265 2588 2545 2650 cmperant
2573 2579 2920 2635 Antiochiam
2950 2580 3208 2636 obsessos
3235 2589 3417 2643 teneo,
3444 2588 3652 2633 castrum
3680 2588 3766 2629 vero

2263 2674 2407 2744 quod
2444 2673 2729 2743 praeminet
2756 2671 2876 2727 urbi
2909 2672 3261 2737 altrinsecus,
3296 2688 3327 2727 e
3359 2670 3563 2741 regione
3588 2667 3767 2723 obsesso-

2263 2782 2405 2831 rum,
2438 2766 2706 2836 possideo.
2742 2764 2809 2819 Et
2839 2781 2961 2821 cum
2996 2781 3128 2821 mete
3156 2764 3409 2836 adjaceat
3438 2763 3500 2819 ad
3525 2762 3692 2816 libitum
3707 2773 3768 2812 vo-

2263 2860 2459 2914 luntati
2488 2870 2581 2916 aut
2606 2859 2899 2916 conclusos
2922 2859 3224 2926 trucidare,
3260 2868 3355 2913 aut
3383 2865 3619 2914 extremte
3651 2850 3767 2920 capti.

2264 2954 2418 3009 vitali
2466 2956 2749 3021 addicere;
2798 2971 2895 3011 vos
2944 2956 3188 3023 interim,
3243 2954 3369 3009 dum
3421 2953 3629 3015 redeam,
3667 2945 3764 3001 nulla

2266 3047 2390 3100 volo
2425 3046 2595 3101 nostri
2641 3062 2802 3102 causa
2857 3045 3223 3101 sollicitudine
3266 3045 3522 3109 cruciari;
3570 3040 3646 3096 sed
3671 3038 3766 3093 scire

2269 3136 2635 3191 indubitanter
2664 3153 2761 3192 nos
2815 3152 3001 3192 eormn
3059 3137 3287 3192 omnino
3338 3135 3603 3191 dominari.
3646 3129 3763 3185 Solito

2263 3242 2391 3299 ergo
2421 3230 2587 3283 tutius
2614 3238 2803 3283 vacate
2834 3228 3061 3292 deliciis,
3094 3228 3330 3283 lautiora
3376 3228 3629 3299 epularum
3651 3224 3764 3277 obso-

2262 3320 2350 3373 nia
2382 3319 2675 3385 celebrate,
2705 3319 3081 3389 multiplicatis
3111 3319 3403 3389 conjugum
3434 3322 3764 3380 scortorumqne

2260 3410 2522 3481 gynaciis,
2562 3410 2745 3482 generi
2772 3409 3119 3481 propagando
3155 3410 3390 3464 insistite
3414 3416 3468 3463 et
3492 3411 3765 3463 succresch

2263 3501 2493 3557 filiorum
2520 3520 2800 3570 numerus,
2839 3501 3177 3568 Christiano,
3213 3505 3355 3573 quod
3381 3502 3488 3573 jam
3518 3512 3613 3556 tum
3634 3503 3678 3551 et
3695 3506 3762 3547 no-

2261 3595 2411 3659 mini,
2439 3594 2615 3651 valeat
2639 3596 2879 3651 obviare.
2907 3594 3103 3650 Testor
3133 3602 3505 3649 verumtamen
3536 3597 3763 3646 summum.

2256 3684 2569 3743 beatissimo
2602 3688 2874 3744 Mathomo
2916 3691 3322 3759 patrocinante,
3352 3688 3644 3746 Tonantem,
3668 3689 3761 3747 (1110⁴

2257 3778 2402 3833 niam
2455 3796 2559 3834 non
2605 3788 2732 3835 ante
2780 3788 2976 3836 vestra:
3020 3780 3209 3837 oculos
3257 3778 3547 3851 majestatis
3586 3773 3759 3830 intuear.

2257 3872 2427 3927 donec
2451 3873 2651 3942 regiam
2683 3874 2892 3941 urbem,
2938 3874 3143 3929 scilicet
3169 3872 3529 3935 Antiochiam,
3562 3857 3757 3935 appendi-

2255 3980 2480 4035 cemque
2521 3966 2753 4037 Syriam,
2787 3967 3004 4023 Graecos
3032 3978 3198 4038 atque
3242 3967 3505 4038 Epirotas,
3548 3971 3661 4030 quos
3704 3949 3759 4003 die

2256 4060 2385 4113 cunt
2437 4059 2729 4130 Bulgaros,
2778 4076 2898 4115 meo
2952 4061 3051 4115 sub
3094 4060 3222 4130 jure
3258 4069 3559 4119 coerceam;
3611 4043 3758 4116 ΑΡ⁰¹⁰⁶

2250 4138 2467 4220 quoque
2497 4161 2551 4207 et
2591 4151 2851 4207 Calabros
2878 4153 2943 4206 ad
2982 4162 3179 4208 vestra:
3210 4152 3394 4221 gloriae
3437 4148 3755 4205 incrementum

2252 4257 2387 4297 mere
2414 4243 2602 4296 ditioui
2638 4243 2979 4315 subjungam.
3010 4245 3224 4299 Valete.
3257 4264 3278 4299 ι

2324 4331 2463 4405 [XL]
2502 4332 2670 4387 Mater
2702 4312 2976 4389 Curbaran
3010 4334 3183 4403 ﬁlium
3218 4335 3473 4389 deterrere
3510 4312 3756 4381 conaturat

2252 4422 2669 4479 Christianorum
2710 4428 3082 4481 internecione.
3111 4458 3183 4469 —
3217 4428 3286 4482 At
3339 4434 3503 4480 mater
3538 4415 3752 4473 Cttrbal’an

560 4512 644 4568 ut,
673 4506 717 4559 si
758 4506 986 4563 Francis
1028 4517 1251 4564 cesserit
1290 4510 1538 4572 victoria.
1589 4509 1746 4562 detur
1790 4505 1924 4560 mihi
1974 4504 2143 4559 victo-
2170 4541 2224 4603 Β
2251 4516 2439 4584 ipsius,
2492 4532 2611 4585 qua;
2643 4517 2695 4570 ίη
2740 4516 2909 4586 Αιεριι
2959 4517 3213 4571 manebat
3264 4516 3499 4575 civitate,
3528 4521 3611 4578 per
3648 4501 3751 4554 idem

560 4592 715 4650 ribus
744 4605 980 4652 castrum
1027 4599 1271 4654 tradendi
1304 4599 1542 4655 licentia.
1582 4618 1600 4650 ι
1643 4597 1919 4653 Curbaran
1967 4610 2141 4650 vero:

564 4699 589 4738 ι
633 4684 786 4754 Ejus,
814 4686 912 4751 ait,
937 4689 1146 4743 consilii
1196 4691 1623 4759 constantiaeque
1671 4697 1725 4743 te
1769 4687 2010 4742 noverim
2062 4693 2143 4753 ut,

557 4776 824 4848 quidquid
854 4778 952 4833 tibi
982 4780 1177 4836 exinde
1217 4797 1379 4851 agere
1424 4781 1664 4847 libuerit,
1703 4795 1928 4836 securus
1957 4794 2144 4834 assen-

556 4868 713 4925 tiam.
766 4888 785 4921 ι
812 4890 825 4909 ι

628 4959 806 5016 Cestri
854 4974 985 5031 ergo
1036 4959 1179 5015 illius
1214 4960 1514 5015 munitione
1565 4960 1839 5029 explicita,
1890 4959 2143 5028 princeps

552 5053 646 5111 ille
668 5054 916 5111 funestus
938 5054 1004 5108 ad
1028 5069 1123 5109 sua
1161 5055 1463 5123 regreditur
1486 5064 1683 5108 castra.
1710 5053 1805 5107 Cui
1839 5051 2141 5105 Turcorttm

551 5161 776 5204 suorum
807 5147 999 5219 aliqui,
1029 5148 1198 5218 raptis
1230 5160 1419 5201 recens
1446 5145 1722 5213 cujusdam
1757 5143 2009 5212 pauperis
2045 5160 2140 5213 pe-

553 5243 684 5298 ditis
709 5244 898 5310 armis,
939 5243 1007 5298 ad
1049 5252 1363 5298 nostrorqu
1414 5240 1702 5294 ludibrium
1744 5255 1853 5308 prae
1878 5238 2048 5293 oculis
2078 5252 2143 5291 ca

554 5330 919 5402 ingesserunt,
963 5349 1149 5390 ensem
1187 5335 1419 5399 scilicet,
1470 5332 1676 5386 diutina
1726 5331 1968 5401 rubigine
2023 5344 2144 5383 sca-

553 5424 736 5488 brum,
768 5428 982 5497 nigrum
1018 5430 1085 5483 ad
1122 5430 1294 5485 instar
1322 5428 1568 5497 fuliginis
1595 5434 1871 5489 arcum,et
1898 5428 2141 5479 lanceam

554 5515 875 5585 impolitam,
901 5521 1189 5577 multorum
1220 5538 1482 5578 annorum
1515 5524 1659 5574 fumo
1689 5520 1960 5576 infectam.
1984 5518 2141 5587 eique

554 5610 843 5681 garriendo
881 5614 1109 5668 dicunt:
1148 5633 1166 5666 ‹
1202 5616 1338 5670 Ecce
1366 5631 1544 5678 arma,
1587 5615 1781 5682 quibus
1832 5630 1929 5667 nos
1970 5611 2141 5665 Fran-

553 5716 742 5757 corum
779 5706 1113 5775 expugnabit
1147 5708 1439 5762 exercitus.
1483 5727 1498 5757 ι
1546 5705 1613 5759 Ει
1660 5704 1939 5760 Curbarau
2002 5704 2141 5757 arri-

552 5797 690 5854 dens
720 5796 838 5855 eis:
875 5815 895 5853 t
927 5796 1096 5857 Hisne
1135 5798 1328 5856 lucidis
1374 5800 1510 5854 adeo
1565 5813 1632 5855 ac
1682 5797 1915 5855 fortibus
1948 5782 2137 5867 armis,

2254 4618 2467 4678 tempus
2500 4610 2729 4663 accessit
2758 4608 2823 4661 ad
2864 4609 3060 4677 ipsum,
3092 4608 3251 4677 eique
3296 4614 3479 4662 maesta
3503 4588 3749 4667 suggessit:

2254 4720 2273 4753 ‹
2310 4700 2503 4766 Velim,
2556 4700 2752 4770 inquit,
2809 4717 2989 4766 nosse,
3047 4702 3091 4757 si
3151 4708 3439 4766 constent,
3495 4701 3547 4748 ut
3587 4685 3747 4743 dicitur,

2247 4810 2367 4865 quae
2395 4794 2460 4847 de
2510 4804 2560 4849 te
2611 4794 2903 4849 celebravit
2954 4794 3173 4865 opinio?
3212 4814 3232 4846 ι
3266 4792 3366 4849 Cui
3404 4788 3563 4843 filius:
3608 4796 3624 4829 ι
3656 4774 3748 4839 Ουκ

2247 4884 2381 4939 illa?
2427 4914 2496 4923 —
2581 4883 2784 4937 Bellum
2821 4926 2834 4948 ,
2907 4883 3121 4953 inquit,
3182 4881 3403 4938 Francis
3445 4887 3490 4932 te
3538 4871 3745 4953 illaturum

2248 4977 2538 5030 aestimant.
2618 5005 2687 5016 ——
2752 4974 2937 5041 Nihil,
2984 4952 3222 5045 linquit,
3295 4973 3483 5028 verius.
3526 4992 3588 5007 —-
3639 4952 3741 5015 F5“,

2249 5069 2372 5133 ait,
2444 5066 2681 5121 virorum
2724 5067 2941 5135 optime,
2990 5081 3089 5137 per
3152 5065 3410 5135 ingenitus
3455 5056 3536 5112 tibi
3592 5047 3743 5103 liben‘

2246 5160 2482 5215 lissimos
2538 5175 2733 5223 mores,
2769 5177 2971 5230 quasso,
3030 5158 3316 5215 contestari
3364 5166 3412 5209 te
3453 5148 3658 5232 audeant,
3692 5142 3741 5232 ξξε

2246 5253 2326 5307 eis
2375 5268 2606 5322 pugnam
2654 5250 2885 5316 inferas,
2943 5267 3010 5305 ne
3067 5261 3168 5306 tum
3214 5249 3567 5305 detrimentum
3609 5223 3737 5327 laudis

2246 5345 2519 5400 incurras.
2546 5343 2679 5398 Cum
2712 5345 2855 5398 enim
2889 5355 3059 5413 usque
3094 5342 3144 5395 in
3182 5337 3475 5393 ulteriorem
3506 5321 3737 5413 superlt‘tfis

2244 5434 2410 5488 ludite
2459 5435 2731 5488 Oceanum
2774 5450 3048 5488 armorum
3099 5442 3309 5486 tuorum
3340 5416 3577 5481 claritudo
3613 5396 3734 5462 reful-

2246 5533 2386 5594 geat,
2448 5524 2661 5592 tuisque
2713 5522 2998 5592 praeconiis
3051 5520 3369 5591 respondeat
3415 5509 3575 5565 ultima
3620 5489 3731 5594 ’ξ’ξίθν

2247 5632 2414 5686 quare
2454 5630 2749 5686 pauperum
2784 5615 3061 5668 hominum
3098 5610 3436 5683 sanguinibus
3474 5581 3728 5686 tuos

2247 5722 2370 5760 cere
2420 5721 2705 5761 mucrones
2748 5705 2990 5771 affectas,
3047 5720 3181 5774 quos
3231 5704 3469 5770 impetere
3502 5681 3646 5743 inanis
3668 5674 3729 5774 05“

2242 5818 2428 5869 paena,
2464 5809 2517 5854 et
2546 5813 2850 5866 superasse,
2884 5768 3031 5853 nulla
3060 5768 3129 5854 sit
3172 5768 3367 5867 gloria?
3396 5785 3457 5843 Et
3485 5788 3587 5837 cum
3608 5768 3724 5832 res”
