4012 6346
601 362 715 422 ’159

1380 352 1439 407 V.
1477 348 1802 409 CUIBERTI
1821 345 2114 406 ABBATIS
2170 347 2227 403 S.
2265 344 2506 403 MARUE
2544 344 2633 401 DE
2671 337 3066 400 NOVICENTO
3720 343 3781 403 τε

608 479 780 552 igitur
812 471 1194 546 regrediuntur
1214 484 1270 526 in
1298 468 1510 525 urbem.
1558 467 1765 534 Quibus
1807 465 2021 537 agmine
2067 463 2185 536 glo-
2212 469 2268 530 Α
2292 475 2351 517 se
2400 460 2604 516 diutius
2635 467 2917 529 stupentes
2937 429 3512 517 baeserung‘salutem
3533 449 3605 521 jad
3624 451 3786 519 ιιιίωιι

615 580 823 630 merato
858 566 1121 639 fugaciter
1151 571 1362 635 portam
1407 560 1754 626 intrantibus,
1798 559 1933 613 adeo
1964 556 2065 610 fuit
2087 570 2185 609 an-

612 642 799 741 gustus
844 657 1098 715 introitus
1145 663 1205 709 ut
1256 653 1501 724 pluribus
1551 651 1824 706 accideret
1854 647 2090 713 lethalis,
2120 659 2189 701 ex

609 762 799 817 mutua
850 748 1289 821 compressione,
1332 743 1597 802 defectus.
1654 743 1853 810 Quinta
1899 748 2019 797 erat
2065 748 2190 792 tunc

609 845 768 909 feria,
798 852 853 897 et
881 842 1105 912 quidam
1132 847 1290 896 extra
1332 837 1485 893 urbis
1519 834 1911 907 praeliabantur
1936 838 2185 902 portam;

608 937 841 1007 aliquos,
858 918 1186 988 intrinsecus
1212 930 1472 985 adversus
1494 927 1790 999 oppidanos
1820 922 2186 993 eonﬂigentes,

608 1036 782 1083 totum
811 1023 1055 1079 constitit
1075 1022 1129 1077 in
1152 1020 1354 1092 przeliis
1383 1021 1751 1075 continuasse.
1779 1017 1955 1072 donec
1997 1026 2191 1082 vespe-

607 1123 876 1181 rasceret,
919 1112 1082 1171 diem.

1215 1225 1444 1282 CAPUT
1494 1225 1580 1280 Ill.

683 1340 874 1416 [XlV.]
926 1338 1313 1395 EChristianis
1354 1339 1539 1392 timore
1591 1337 1855 1408 perterriti
1912 1335 2192 1407 aufugiunt

612 1435 956 1493 nonnulli.—
984 1433 1091 1490 Sed
1117 1433 1246 1503 quia
1270 1431 1541 1498 Christus,
1572 1433 1664 1502 qui
1697 1432 1995 1501 quondam,
2024 1432 2189 1486 etiam

613 1543 759 1583 nunc
786 1540 923 1597 quos
950 1525 1191 1597 elegerat
1219 1524 1395 1590 novit,
1426 1536 1490 1577 ea
1515 1532 1676 1578 nocte
1706 1523 1928 1592 quidam
1975 1521 2091 1591 qui,
2135 1529 2195 1575 ut

600 1621 690 1676 ita
719 1622 917 1687 dicam,
950 1618 1019 1675 de
1045 1632 1233 1673 eorum
1257 1631 1459 1688 genere
1482 1631 1590 1671 non
1618 1624 1792 1678 erant,
1824 1629 1922 1683 per
1950 1628 2087 1683 quos
2111 1628 2196 1668 sa-

610 1711 697 1768 lus
720 1712 774 1767 in
822 1710 990 1768 Israel
1017 1710 1272 1774 veniret,
1324 1709 1455 1763 dum
1500 1722 1558 1763 se
1609 1707 1910 1762 Turcorum
1954 1706 2196 1761 exercitu

610 1806 840 1871 ambiri,
871 1805 1000 1860 dum

611 1964 762 2022 Bella
804 1963 997 2019 diurna
1024 1960 1208 2017 vident
1229 1960 1321 2015 vix
1346 1957 1523 2015 noctis
1551 1956 1724 2012 limite
1751 1954 1952 2022 claudi,

610 2055 973 2119 Intremuere,
1004 2053 1168 2109 timor
1196 2051 1505 2122 penetravit
1532 2057 1753 2120 pectora
1786 2062 2000 2114 cassus,

609 2148 791 2219 Atque
816 2147 918 2203 sub
955 2147 1145 2202 obtutu
1172 2159 1320 2201 mors
1349 2143 1462 2200 sola
1504 2142 1827 2213 paventibus
1853 2148 2012 2197 astat.

614 2238 889 2296 Funditus
914 2247 1044 2296 ante
1063 2237 1215 2294 viros
1241 2251 1342 2292 sua
1365 2237 1473 2291 vita
1503 2236 1762 2306 pependit
1791 2235 2022 2300 inertes,

607 2332 856 2390 Nonnisi
877 2332 992 2403 jam
1014 2330 1225 2388 Turcos
1256 2330 1464 2401 trepida
1494 2330 1593 2384 sub
1625 2336 1808 2384 mente
1830 2336 2068 2384 tuentur.

609 2426 808 2485 Hostili
846 2432 1101 2497 reputant
1132 2423 1249 2493 jam
1277 2438 1338 2479 se
1372 2435 1631 2477 mucrone
1660 2420 1837 2475 feriri.

611 2517 856 2588 Quisque
877 2518 993 2573 suis
1016 2516 1090 2572 ibi
1113 2515 1416 2573 subsidium
1442 2514 1697 2583 desperat
1723 2513 1789 2568 ab
1831 2511 2016 2567 armis.

611 2611 827 2685 Cogitat
845 2628 980 2683 ergo
1002 2611 1186 2684 fugam
1202 2610 1341 2681 ς,ᾳυί
1380 2619 1757 2678 contempsere
1790 2606 1882 2662 Dei
1911 2621 2088 2678 spem,

611 2702 872 2775 Turpiter
898 2705 1165 2761 obscenas
1197 2702 1413 2774 profugi
1441 2702 1660 2756 subiere
1709 2700 1944 2755 cloacas.

612 2790 822 2863 Dignus
850 2793 929 2848 eis
958 2792 1062 2847 fuit
1086 2791 1289 2857 exitus,
1313 2790 1405 2861 qui
1434 2789 1541 2844 tale
1569 2789 1822 2844 verendis

611 2882 933 2955 Exemplum
957 2883 1106 2939 dedit
1148 2883 1474 2955 agminibus.
1516 2881 1801 2951 Reptando
1840 2879 2059 2951 fugaces

614 2973 700 3031 Ad
718 2990 869 3030 mare
884 2974 1227 3047 perveniunt,
1242 2987 1609 3043 manuumque
1629 2971 1937 3042 pedumque
1957 2970 2198 3027 revulsas

586 3096 589 3097 ν
612 3066 862 3125 Amisere
881 3077 1053 3134 cutes,
1095 3068 1276 3124 exesis
1303 3066 1562 3122 carnibus
1584 3080 1731 3130 ossa,

614 3156 898 3215 Abradunt
940 3143 1149 3215 cautes.
1176 3159 1329 3213 Pauli
1360 3158 1597 3216 doctoris
1620 3136 1906 3225 ad’instar,

608 3246 717 3307 Cui
742 3249 866 3321 fuga
897 3265 996 3319 per
1027 3266 1245 3306 murum
1274 3250 1501 3304 dederat
1530 3232 1707 3304 vitare
1738 3249 2090 3318 Damascum,

590 3338 687 3397 "lli
714 3340 822 3397 sibi
850 3340 1148 3398 concinnas
1187 3339 1518 3411 insignivere
1556 3337 1806 3395 latrinas.

691 3499 861 3576 [XV.]
893 3501 1069 3558 Fuere
1093 3510 1275 3558 autem
1302 3499 1359 3556 bi
1385 3501 1479 3571 qui
1511 3509 1875 3566 recesserant,
1902 3499 2202 3557 Guilelmus

613 3594 837 3667 quidam
876 3610 955 3651 ex
985 3594 1406 3657 Northmannia,
1433 3594 1687 3651 nobiliter
1707 3594 1929 3650 omnino
1953 3597 2203 3665 progeni-

612 3694 724 3751 tus,
756 3701 881 3743 cum
929 3686 1183 3743 Alberico
1230 3685 1424 3750 fratre,
1483 3686 1574 3756 qui
1614 3702 1645 3740 a
1702 3687 1960 3756 pri‘mmvo
2004 3687 2203 3743 scholis

613 3777 777 3833 datus
792 3778 1056 3834 clericum
1079 3777 1309 3842 fecerat,
1341 3787 1397 3833 et
1423 3778 1772 3848 postmodum
1820 3795 1849 3833 a
1891 3779 2039 3834 clero
2068 3795 2201 3849 apo-

612 3866 816 3923 statice
836 3880 901 3922 ac
923 3867 1176 3936 turpiter,
1225 3866 1434 3922 militiae
1473 3883 1693 3933 amore,
1722 3868 2046 3923 desciverat.
2087 3868 2204 3924 Mu-

614 3959 883 4030 nicipium
906 3975 1122 4031 quoque
1144 3976 1357 4028 eorum,
1411 3976 1477 4015 ex
1526 3975 1635 4030 quo
1690 3962 2202 4031 agnominabantur,

613 4051 1002 4122 eXprimerem,
1030 4053 1134 4108 nisi
1171 4053 1392 4123 generis
1425 4068 1615 4107 eorum
1663 4052 1841 4108 amica
1871 4054 2000 4108 mihi
2030 4034 2205 4108 conti-

614 4143 827 4215 guitate
873 4144 1157 4210 devictus,
1200 4144 1389 4215 pudori
1430 4144 1670 4215 ipsorum
1724 4158 1947 4213 parcere
1986 4144 2204 4199 deﬁnis-

613 4249 755 4293 sem.
783 4235 960 4292 Guido
991 4238 1158 4295 etiam
1189 4237 1429 4307 quidam,
1459 4237 1550 4307 qui
1579 4237 1882 4291 Trossellus
1927 4238 2203 4308 cognomi-

614 4326 874 4392 nabatur,
904 4328 995 4398 qui
1032 4337 1184 4383 trans
1232 4327 1540 4397 Sequanam
1595 4327 1915 4397 oppidorum
1965 4327 2202 4382 dominio

611 4419 964 4490 potentiaque
989 4419 1355 4483 clarissimus,
1388 4433 1587 4490 genere
1609 4433 1740 4474 vero
1789 4418 2037 4474 Franciae
2085 4419 2203 4473 uni.

611 4523 785 4567 versae
832 4515 1159 4584 conspicuus
1202 4515 1527 4581 habebatur,
1582 4514 1722 4585 fugae
1770 4514 1915 4570 illius
1970 4514 2199 4584 insignia
2237 4532 2282 4589 ι)
2307 4516 2565 4572 victorias
2595 4516 2888 4581 habuistis,
2917 4500 3127 4570 etcum
3163 4530 3260 4571 vos
3290 4515 3396 4569 huc
3429 4519 3579 4579 usque
3602 4513 3654 4571 Pe

613 4602 785 4656 vexit.
811 4602 1085 4660 Exslitere
1105 4615 1160 4659 et
1194 4605 1283 4660 alii
1320 4607 1482 4677 hujus
1522 4614 1725 4661 sanctae
1774 4606 1983 4661 militiae
2019 4607 2202 4662 deser-

612 4699 787 4759 tores,
820 4696 1071 4764 quicum
1112 4697 1166 4751 in
1216 4700 1448 4767 patriam
1507 4700 1859 4769 repedassent
1903 4701 2102 4770 probro
2149 4710 2205 4756 et

612 4784 978 4857 exsecrationi
1012 4786 1202 4852 habiti,
1226 4788 1428 4859 ubique
1448 4789 1932 4845 conclamabantur
1948 4789 2200 4848 infames.

611 4873 858 4942 Quorum
872 4877 1091 4946 quidem
1118 4878 1330 4947 aliquos
1358 4881 1693 4950 ignoramus;
1712 4883 2035 4952 quibusdam
2052 4898 2199 4948 vero,

608 4980 841 5110 fumum
873 4966 1036 5041 412
1069 4969 1122 5022 in
1141 4980 1396 5041 promptu
1425 4974 1618 5027 notitia
1643 4981 1757 5040 est,
1812 4974 2073 5042 derogare
2101 4991 2201 5030 no-

634 5073 833 5110 ulmus.

634 5073 833 5114 ulmus.

683 5147 874 5224 [XVL]
907 5151 989 5207 Ad
1011 5159 1230 5223 portum
1261 5153 1446 5225 itaque
1493 5155 1585 5224 qui
1630 5155 1831 5210 dicitur
1875 5155 2061 5213 Sancti
2118 5158 2201 5214 Si-

607 5244 821 5297 meonis
838 5244 1153 5313 deveniunt,
1184 5262 1349 5301 naves
1375 5256 1676 5317 nautasque
1693 5249 1990 5319 reperiunt,
2021 5252 2202 5307 nautis

608 5328 900 5401 inquiunt:
932 5356 951 5390 (
982 5336 1123 5405 Quid
1151 5338 1239 5395 hic
1259 5340 1416 5397 vobis
1435 5340 1742 5411 praestolari
1775 5341 2056 5398 infelices?
2078 5343 2200 5399 Illos

610 5437 803 5480 omnes
822 5428 1020 5497 quibus
1059 5431 1320 5488 victualia
1350 5434 1655 5489 convehere
1702 5432 1963 5490 solebatis
1985 5474 2001 5501 ,
2035 5436 2201 5491 morti

607 5514 874 5572 noveritis
922 5518 1250 5592 destinatos;
1308 5526 1500 5582 urbem
1571 5526 1719 5582 enim
1766 5526 2024 5598 ipsosque
2054 5528 2198 5584 intra

609 5601 798 5659 urbem
842 5605 1144 5665 Turcorum
1173 5614 1390 5671 obsedit
1427 5618 1735 5685 exercitus,
1763 5627 1818 5675 et
1848 5634 1951 5674 nos
1978 5621 2196 5691 propria

606 5708 837 5766 corpora
868 5699 937 5755 ab
959 5713 1148 5755 eorum
1174 5707 1408 5771 pernitie
1452 5709 1547 5764 vix
1572 5711 1718 5765 nuda
1740 5712 2140 5781 excerpsimus.
2174 5732 2192 5764 ι

604 5785 712 5857 Qui
752 5792 924 5852 tristis
965 5794 1140 5851 nuntii
1172 5796 1355 5867 jaculo
1401 5804 1684 5871 terebrati,
1717 5814 2003 5876 postquam
2057 5807 2199 5876 apud

2221 1822 2272 1885 Β
2296 1842 2645 1914 pellerentur.

2228 3177 2275 3242 ο
2304 3142 2547 3208 Dixerat,
2589 3150 2645 3197 et
2671 3154 2799 3196 ecce
2820 3139 2876 3193 in
2906 3138 3024 3207 ipso
3051 3135 3252 3237 capitis
3279 3134 3399 3204 ejus
3429 3116 3788 3242 tlinum.utiﬁt

2291 556 2347 612 in
2398 555 2523 627 fuga
2572 562 2854 625 ponentes,

2290 648 2616 706 Conscensis
2645 647 2853 702 ratibus
2874 644 3153 714 petierunt
3176 638 3428 710 aequoris
3458 638 3576 695 alta.

2361 742 2473 799 Nec
2516 757 2706 808 mora,
2757 739 2866 795 illis
2927 738 3218 792 volumina
3279 733 3495 788 marina
3540 731 3790 803 sulcantibus,

2291 831 2454 888 Turci
2483 833 2699 887 adsunt.
2728 830 2877 897 Quos
2905 829 3103 883 ibidem
3138 826 3442 889 invenere,
3468 825 3795 895 perimunt,»

2291 941 2387 982 ves
2415 942 2550 996 quas
2601 927 2655 980 in
2706 926 2824 996 ipso
2880 922 2980 979 sali
3020 923 3166 976 vado
3239 932 3522 989 reperere,
3550 919 3793 983 comburunt

2292 1017 2517 1073 exuvias
2556 1017 2768 1072 illorum
2827 1030 2964 1086 quos
3014 1025 3309 1068 enecucre
3332 1051 3348 1076 ,
3382 1008 3641 1078 diripiunt.
3678 1010 3794 1073 Pam,
3882 1008 3883 1077 ξ

2291 1117 2580 1180 postquam
2616 1108 2688 1163 illi
2715 1108 3033 1178 degeneres,
3058 1114 3113 1161 et
3146 1100 3393 1171 superni
3433 1099 3796 1170 jumminisreie

2294 1217 2394 1274 gae,
2418 1217 2517 1272 per
2552 1200 2972 1264 obscenissima,
3001 1206 3062 1251 ut
3093 1196 3329 1258 ferunt,
3387 1191 3505 1246 loca
3540 1204 3797 1253 recesserat,
3882 1191 3883 1255 Τ

2294 1292 2499 1348 residui
2553 1292 2646 1362 qui
2695 1303 3054 1360 perseverare
3106 1286 3474 1354 delegerant,
3511 1278 3625 1362 jam
3651 1280 3796 1337 tolerare

2296 1385 2514 1441 hostilia
2544 1386 2663 1439 sine
2682 1383 2791 1439 ullo
2822 1381 3121 1438 interstitio
3145 1393 3322 1434 arma
3350 1361 3643 1446 nequibani.
3665 1374 3799 1431 ilum

2296 1492 2424 1546 ergo
2468 1477 2610 1531 inter
2662 1489 2720 1531 se
2754 1476 3047 1543 hostesque
3074 1476 3457 1535 construunt,
3507 1480 3661 1535 quem,
3692 1468 3798 1523 conti
3882 1496 3883 1533 i

2296 1569 2479 1624 nuatis
2513 1567 2779 1631 excubiis,
2803 1574 2961 1621 nocte
2992 1564 3193 1633 dieque
3218 1557 3640 1616 custodiuutJbi
3660 1568 3797 1613 nostro-

2296 1677 2418 1717 rum
2486 1660 2773 1731 oppressio
2837 1659 2975 1714 adeo
3020 1656 3360 1713 miseranda
3423 1652 3662 1709 suboritur
3681 1653 3797 1707 atad
3882 1674 3883 1679 π

2299 1752 2530 1808 infames
2559 1753 2711 1808 cibos
2731 1793 2747 1819 ,
2777 1765 3048 1821 equorum
3074 1749 3492 1817 asinorumque
3518 1759 3672 1811 carnes,
3692 1758 3794 1799 com-

2298 1970 2303 1989 ι
2370 1934 2580 2009 [XVIL]
2632 1933 2738 1989 Per
2788 1935 2955 1988 uisum
3000 1930 3251 1988 Christus
3302 1927 3599 1998 presbytero
3635 1925 3787 1995 apparuit
3882 1948 3883 2009 1

2297 2033 2628 2103 asseruilque
2669 2030 2987 2086 Christianis
3039 2029 3151 2098 fore
3199 2035 3439 2097 prtvsto.
3468 2021 3711 2076 —lulem
3740 2020 3792 2072 die

2299 2126 2563 2196 quadam,
2596 2123 2937 2195 principibus
2963 2119 3252 2176 exercitus
3303 2126 3442 2171 ante
3480 2124 3676 2169 castrum
3708 2108 3794 2178 quod
3882 2118 3883 2131 ‘

2299 2219 2441 2275 intra
2470 2218 2664 2273 urbem
2692 2216 3046 2274 obsidebatur
3067 2213 3302 2285 positis,
3346 2217 3406 2266 et
3456 2222 3551 2279 pro
3592 2202 3794 2260 omnium

2299 2327 2458 2382 quam
2483 2310 2831 2381 patiebantur
2855 2307 3074 2363 miseria
3098 2306 3293 2365 animo
3310 2300 3793 2357 atrocissimeeonstsro

2298 2401 2463 2467 natis,
2504 2415 2633 2456 ecce
2665 2399 2885 2470 quidam
2910 2398 3201 2469 presbyter
3233 2394 3424 2451 astitit
3477 2405 3641 2446 coram
3678 2386 3744 2447 eis,
3765 2394 3794 2440 et

2298 2494 2377 2547 ait
2408 2511 2422 2547 :
2453 2512 2471 2545 ι
2521 2492 2744 2547 Patroni
2800 2500 2855 2547 et
2901 2490 3171 2555 seniores,
3235 2488 3515 2543 visionem
3566 2478 3791 2537 excellenti:

2299 2591 2494 2639 vestra;
2533 2581 2736 2647 refero,
2767 2597 2888 2651 quae
2928 2578 3304 2636 consolationi
3329 2586 3549 2640 vestrae,
3573 2572 3611 2627 si
3635 2571 3672 2625 ei
3693 2568 3795 2623 crati-

2301 2678 2518 2743 deritis,
2541 2677 2806 2747 proderit,
2840 2683 2899 2729 ut
2928 2688 3109 2745 spero.
3150 2672 3296 2727 Cum
3330 2670 3389 2725 in
3441 2664 3647 2723 ecclesia
3688 2660 3789 2714 Beata

2299 2771 2399 2847 Dei
2429 2769 2725 2826 Genilricis
2779 2767 3017 2841 quadam
3066 2772 3231 2819 nocte
3282 2760 3597 2821 dormirem,
3629 2752 3792 2809 Doniinas

2296 2843 2455 2919 Jesus
2494 2863 2769 2927 Christus,
2803 2875 2924 2915 cum
2958 2858 3076 2927 ipsa
3101 2856 3281 2911 Matre
3322 2850 3580 2925 piissima,
3619 2854 3662 2899 et
3696 2841 3787 2894 beata

2300 2955 2670 3027 apostolorum
2699 2951 2948 3023 principe
2980 2950 3163 3012 Petro,
3198 2947 3343 3001 mihi
3376 2939 3625 3015 apparuit,
3646 2945 3685 2989 et
3713 2930 3790 2984 assi-

2300 3058 2473 3116 stens,
2534 3048 2708 3104 dixit:
2745 3044 2940 3101 Scisne
2993 3042 3084 3112 qui
3137 3041 3302 3097 sum?
3370 3035 3593 3097 Minime,
3637 3027 3784 3094 inquae

2304 3234 2362 3291 in
2385 3233 2612 3305 picturis
2642 3231 2784 3297 fieri,
2819 3229 3001 3287 crucis
3026 3227 3239 3298 species
3265 3221 3534 3295 apparuit.
3576 3216 3783 3305 interrege

2304 3300 2455 3382 tione
2480 3340 2609 3396 ergo
2636 3325 2835 3379 iterata
2868 3319 3170 3377 Salvatoris
3199 3319 3383 3387 imago
3407 3308 3620 3382 repetiit.
3636 3300 3786 3358 Necdum

2302 3418 2449 3475 nosti
2483 3432 2643 3488 quem
2681 3415 2911 3471 videas?
2946 3413 3065 3468 Non
3114 3411 3275 3475 alias,
3308 3406 3548 3467 Domine,
3582 3398 3665 3461 aia.
3698 3403 3782 3489 “ul”

2305 3511 2491 3567 reviso
2516 3508 2788 3574 notitiam,
2819 3507 2925 3562 nisi
2947 3506 3075 3576 quia
3106 3506 3212 3559 tuis
3241 3502 3404 3558 modo
3434 3490 3783 3585 conspiciemur

2304 3603 2460 3659 cibus
2486 3602 2773 3658 imminere
2800 3599 2979 3654 crucis
3006 3596 3259 3669 efﬁgiem,
3290 3592 3435 3667 quod
3470 3598 3599 3643 tuam
3619 3571 3780 3671 speciali-

2307 3704 2412 3757 ter,
2441 3707 2769 3764 quocunque
2791 3690 3055 3762 pingitur,
3087 3687 3355 3758 insignire
3391 3669 3779 3766 consuevimus?

2306 3761 2659 3849 nem—Haud,
2687 3761 2887 3851 inquit,
2900 3761 3093 3845 erras;
3115 3777 3235 3847 ipse
3276 3792 3378 3849 ego
3402 3788 3533 3828 sum.
3562 3761 3775 3822 Confestim.

2306 3891 2415 3931 non
2452 3876 2740 3930 immemor
2767 3872 2885 3941 ejus
2912 3888 3073 3942 quam
3119 3871 3327 3941 pariter
3360 3862 3777 3950 patiebamur

2305 3968 2446 4035 stiae,
2475 3967 2705 4036 pedibus
2725 3980 2810 4020 me
2839 3964 2982 4019 illius
3003 3963 3242 4029 advolvi,
3267 3945 3777 4042 etdeprecabarubuitf

2306 4069 2572 4130 quatenus
2607 4058 2879 4112 communi
2913 4070 3010 4126 pro
3050 4054 3155 4109 fide
3210 4051 3527 4110 certantium
3582 4037 3777 4130 calamitati

2307 4119 2677 4207 succurreret.
2709 4119 3162 4219 Optime,jnqnit,
3190 4162 3312 4217 qua:
3349 4139 3602 4201 tolerastis
3636 4119 3774 4183 attendi,

2309 4243 2505 4297 amodo
2546 4242 2702 4297 vobis
2732 4218 2986 4311 opitulari
3017 4254 3123 4294 non
3157 4237 3426 4293 diroram.
3465 4232 3567 4287 Meo
3609 4218 3773 4278 inslindu

2307 4333 2468 4402 hujus
2482 4333 2846 4403 expeditionis
2870 4341 2993 4387 vota
3018 4331 3349 4401 sumpsistis,
3373 4313 3773 4439 Niczeamcirjuu:
3878 4313 3884 4439 ⁴

2308 4438 2313 4439 ,
2714 4433 2722 4439 ,
2840 4438 2863 4439 η
2918 4423 3004 4439 .,.
3268 4422 3303 4439 ..
3358 4438 3389 4439 η
3423 4417 3506 4439 ML
3536 4414 3736 4439 “mum

2306 4438 2394 4479 me
2419 4433 2762 4495 eXpugnante
2792 4423 3057 4493 coepistis,
3077 4422 3400 4491 multiplices
3420 4417 3510 4476 sub
3536 4423 3634 4468 meo
3654 4403 3769 4459 ducam

2307 4516 2561 4545 Cv:nlnn:nn
2595 4516 2861 4545 ι.ηι...;ρι;ι.
2918 4500 3125 4545 ηιήιηη
3163 4530 3258 4545 νηί.
3290 4515 3394 4545 In...
3429 4519 3579 4545 ιιαηιιρ
3603 4492 3769 4545 nerdtllf‘

3657 4500 3772 4548 rdine

2308 4609 2435 4676 rim,
2459 4608 2719 4661 azrumnis
2737 4622 2874 4676 quas
2907 4608 2959 4661 in
2987 4606 3288 4662 obsidendo
3310 4607 3494 4661 urbem
3534 4585 3765 4682 Antiochiam

2304 4701 2449 4772 passi
2485 4701 2617 4755 estis
2640 4699 2866 4765 indolui,
2891 4714 3121 4769 quaeque
3152 4699 3295 4753 intra
3324 4700 3503 4753 urbem
3526 4684 3651 4746 modo
3672 4683 3766 4777 etiam

2305 4794 2567 4849 toleratis.
2600 4792 2706 4848 Sed
2737 4808 2859 4847 cum
2892 4808 2988 4848 vos
3016 4800 3094 4846 tot
3115 4776 3762 4850 beneficiistantisquelrmﬂl'

2303 4884 2427 4955 phis
2453 4883 2762 4947 extulerim,
2794 4882 3024 4952 urbique
3060 4882 3298 4937 victores
3350 4864 3762 4955 induxerimrm“

2304 4974 2712 5042 incolumesque
2738 4972 3095 5037 servaverim,
3129 4987 3229 5027 vos
3259 4986 3381 5027 meo
3409 4974 3598 5025 munere
3616 4952 3755 5039 abutet‘

2307 5075 2409 5133 tes,
2447 5075 2502 5120 et
2525 5081 2650 5121 eum
2681 5064 3011 5120 Christianis
3033 5064 3175 5120 male
3198 5064 3406 5135 egistis,
3434 5068 3483 5117 et
3504 5044 3757 5141 cumpa'gall”

2301 5158 2622 5212 mulieribus
2650 5156 2948 5211 foedissime
2969 5156 3293 5224 cohaesistis,
3325 5155 3528 5212 fetorem
3567 5131 3676 5197 nimii
3690 5122 3753 5179 da-

2302 5250 2472 5306 moris
2496 5250 2549 5304 in
2588 5248 2787 5304 coelum
2814 5250 3097 5305 emisistis.
3743 5301 3750 5312 ,

2380 5363 2397 5394 ‹
2431 5342 2512 5396 Ad
2563 5343 2677 5397 haec
2722 5341 2939 5412 pietatis
2981 5342 3308 5398 invincibilis
3339 5341 3505 5412 Virgo,
3534 5337 3577 5387 et
3614 5319 3747 5412 Ιιαφιπξί

2301 5434 2517 5507 generis
2549 5433 2714 5487 Maria
2749 5434 2818 5489 ad
2851 5436 3019 5489 Deum
3070 5450 3286 5507 semper
3309 5406 3569 5505 interpres,
3585 5426 3625 5475 et
3651 5406 3748 5507 clavi:

2300 5500 2397 5597 ger
2454 5526 2743 5582 aethereus
2775 5500 3241 5582 Antioclienorum
3299 5500 3524 5598 Specialis
3562 5500 3746 5598 ερίεεορίξθ

2300 5621 2519 5688 Petrus,
2550 5621 2615 5675 ad
2641 5620 2865 5691 vestigia
2896 5620 3394 5679 misericordissimi
3422 5607 3587 5675 Domini
3614 5582 3744 5701 mva

2301 5724 2523 5779 vuntur,
2556 5713 2915 5783 deprecantur
2952 5724 3006 5769 et
3030 5722 3221 5785 rogant
3250 5725 3309 5769 ut
3364 5708 3533 5785 populo
3572 5686 3742 5785 Ῑθδθξθξξί

2558 5760 2903 5783 --r-_-______
2954 5760 3083 5769 νην
3252 5760 3308 5769 ν,
3386 5760 3425 5769 ,ν
3467 5760 3501 5767 ν

2302 5824 2458 5865 suum
2490 5808 2766 5876 impendat
2817 5760 3122 5863 solatiumf’
3140 5808 3236 5864 Ubi
3283 5760 3559 5865 etiamripse
3578 5760 3742 5846 mirabilis

2184 5960 2263 5977 Qa-..
2330 5971 2359 5975 ._
2390 5964 2441 5973 ..ν

3684 6212 3884 6316 Α
