4012 6346
172 410 313 496 ut

1325 436 1551 496 GESTA
1580 436 1690 496 DEI
1720 434 2214 499 PERFRANCOS.
2261 468 2334 485 --
2368 442 2496 507 LIB,
2528 443 2595 501 ν.

3375 436 3482 514 762

175 552 409 612 Petrus
434 562 534 620 per
560 546 822 606 se'intulit
848 562 866 607 :
902 567 925 605 ι
959 548 1224 619 Meminit,
1246 551 1496 623 Domine,
1537 555 1797 627 majestas
1823 561 1876 622 Α
1894 533 1961 613 in
1991 558 2114 615 loco
2157 558 2427 626 lanceam,
2460 574 2567 631 qua
2595 556 2897 619 Salvatoris
2922 563 3095 622 nostri
3121 563 3250 626 Jesu
3277 567 3482 633 Christi

177 656 328 712 tua,
381 660 543 716 quam
574 645 841 717 pudendis
888 645 1107 702 domum
1161 661 1336 703 meam
1385 650 1440 704 in
1512 650 1616 707 hac
1667 652 1799 707 urbe
1898 648 2233 720 perforatum
2267 649 2467 722 legitur
2514 651 2673 720 latus,
2708 655 2953 712 invenire
2999 659 3221 729 poteris.
3259 679 3279 715 ι
3310 662 3479 735 Dixit,

174 739 607 798 ειωιηίηεινυηι
672 741 868 813 pagani
922 742 1177 799 sordibus
1203 783 1219 810 ,
1266 743 1537 801 redundat
1579 746 1647 802 ad
1692 755 1798 805 tuae
1896 742 2001 796 nec
2022 743 2228 799 addens
2256 743 2432 815 plura,
2461 747 2711 802 recessit.
2743 747 2909 819 Cujus
2926 749 3157 809 visionis
3199 758 3480 815 conscium

170 832 508 889 divinitatis
569 829 870 902 injuriam,
917 834 1063 905 quod
1120 843 1207 890 tua
1274 838 1517 892 sacraria
1578 836 1796 909 ﬂagitiis
1890 833 2166 917 neminem
2199 835 2361 891 homo
2414 836 2586 894 isdem
2615 837 2797 896 facere
2827 849 2953 897 tunc
2988 842 3191 911 voluit;
3224 860 3327 903 nec
3356 863 3479 906 eam

171 930 548 998 complevere
609 935 665 982 et
725 927 982 983 cordibus.
1031 925 1166 984 Cum
1221 943 1352 1001 ergo
1402 944 1497 986 eos
1550 930 1793 998 tandem,

168 1020 517 1085 miseratus,
539 1018 831 1090 expuleris,
854 1018 1220 1091 gaudiumque
1255 1036 1418 1093 super
1440 1021 1544 1077 hac
1566 1036 1626 1077 re
1653 1020 1792 1077 coelo

202 1109 471 1176 ntuleris,
513 1120 567 1166 tu
591 1120 700 1166 tam
737 1110 813 1182 pii
844 1111 974 1166 facti
1005 1113 1300 1182 paenitens,
1344 1128 1531 1168 eorum
1594 1127 1790 1182 super-

164 1200 349 1259 .biam
389 1202 600 1272 regredi
631 1202 685 1258 in
713 1211 915 1259 statum
951 1204 1244 1275 pristinum
1289 1205 1553 1261 adversus
1597 1213 1791 1261 temet-

170 1294 381 1366 ipsum
409 1296 672 1366 patieris?

268 1405 290 1438 ‹
314 1387 493 1442 Motus
517 1403 650 1459 ergo
677 1387 764 1444 his
792 1388 974 1454 dictis,
1004 1388 1265 1445 Dominus
1288 1388 1420 1443 mihi
1450 1387 1613 1445 dixit:
1639 1406 1659 1439 ι
1680 1385 1787 1444 Va-

175 1480 284 1547 de,
310 1491 369 1536 et
397 1480 485 1536 die
505 1481 704 1552 popqu
734 1497 877 1549 meo,
907 1490 967 1537 ut
991 1483 1059 1537 ad
1085 1498 1172 1538 me
1196 1481 1624 1553 prmcordialiter
1647 1497 1782 1536 eon-

169 1581 461 1640 vertatur,
493 1581 549 1628 et
593 1588 695 1644 ego
723 1590 808 1629 me
838 1574 903 1628 ad
954 1575 1097 1646 ipsos
1130 1574 1258 1629 totis
1307 1573 1567 1645 polliceor
1612 1574 1784 1629 visce-

170 1665 347 1721 ribus
377 1681 748 1733 reversnrum,
779 1677 833 1723 et
867 1668 1010 1723 intra
1045 1668 1284 1739 quinque
1332 1668 1446 1723 dies
1486 1668 1780 1723 maximum

168 1760 349 1814 vobis
400 1760 651 1828 pratbebo
700 1760 1023 1815 subsidium.
1086 1760 1331 1816 Litanias
1393 1762 1574 1831 itaque
1627 1760 1779 1815 insti-

170 1857 369 1916 tuant,
400 1850 651 1922 istudque
694 1850 1120 1923 Responsorium
1170 1853 1538 1908 Ecclesiastici
1578 1852 1813 1925 quique;

1807 1919 1854 1980 Β
1886 1950 2026 2007 quas
2072 1938 2496 2007 praelibavimus,
2553 1939 2919 2009 subjiceretur
2960 1919 3342 2009 exitiis—idem
3370 1919 3471 2003 ite;

162 1938 478 1995 decantent
524 1959 539 1997 :
594 1960 612 1993 ι
658 1940 981 2013 Congregati
1034 1954 1159 1997 sunt
1210 1943 1411 1999 inimici
1478 1945 1688 2011 nostri,
1725 1952 1781 1999 et

164 2033 499 2105 gloriantur
529 2035 583 2090 in
614 2036 816 2091 virtute
843 2052 963 2091 sua.
991 2035 1225 2092 Contere
1258 2033 1626 2093 fortitudinem
1657 2038 1776 2095 illo-

163 2140 337 2193 rum,
372 2126 618 2193 Domine,
656 2136 711 2182 et
738 2128 990 2200 disperge
1019 2129 1157 2195 illos,
1184 2138 1242 2183 ut
1270 2140 1620 2201 cognoscant,
1653 2132 1778 2201 quia

158 2234 294 2274 non
339 2228 419 2275 est
462 2220 598 2276 alius
646 2221 738 2291 qui
788 2232 993 2292 pugnet
1024 2237 1120 2290 pro
1170 2221 1345 2291 nobis,
1394 2223 1497 2275 nisi
1552 2230 1604 2275 tu
1638 2221 1779 2277 Deus

162 2325 394 2370 noster.
424 2313 681 2383 Disperge
707 2314 828 2369 illos
856 2316 908 2369 in
940 2315 1139 2369 virtute
1181 2325 1267 2369 tua
1288 2355 1303 2381 ,
1335 2323 1390 2370 et
1414 2315 1634 2369 destrue
1662 2330 1774 2383 eos,

167 2413 470 2474 protector
500 2413 683 2459 noster
705 2403 955 2458 Domine.
996 2422 1015 2455 ι
1052 2403 1258 2471 Quibus
1286 2406 1554 2475 peroratis
1580 2405 1777 2473 adjecit

165 2495 477 2568 presbyter
508 2516 521 2551 :
555 2514 574 2548 ι
605 2495 663 2551 Si
692 2498 756 2551 de
787 2496 873 2551 bis
899 2512 1019 2567 quae
1039 2497 1180 2552 dicta
1206 2507 1354 2563 sunt,
1384 2498 1559 2568 aliqua
1582 2499 1776 2553 vestris

174 2586 389 2642 animis
412 2588 601 2656 irrepit
622 2588 971 2660 ambiguitas,
995 2603 1093 2661 ego
1116 2589 1169 2643 in
1196 2588 1357 2658 hujus
1388 2591 1607 2646 nomine
1635 2593 1778 2646 veri-

174 2680 343 2747 tatis,
372 2681 674 2751 cuicunque
699 2682 982 2738 volueritis
1020 2698 1107 2737 mc
1151 2684 1386 2738 examini
1428 2684 1509 2737 vel
1543 2684 1771 2755 judicio,

176 2786 284 2826 seu
320 2772 455 2843 ignis
481 2788 575 2828 seu
610 2774 915 2845 praecipitii,
940 2775 1099 2845 plena
1142 2774 1247 2831 ﬁde
1274 2776 1588 2830 submittam
1608 2818 1622 2843 ,
1650 2786 1704 2832 et
1728 2779 1774 2834 si

172 2854 309 2919 laedi
340 2880 425 2920 me
464 2866 774 2938 contigerit,
807 2867 1026 2923 lmsione
1062 2884 1198 2923 meae
1242 2870 1568 2925 atrociorem
1609 2885 1774 2940 quam

175 2958 413 3029 petestis
441 2957 624 3021 addite
653 2972 892 3030 poenam.
916 2978 935 3012 ι
957 2961 1027 3014 At
1053 2960 1137 3015 vir
1161 2961 1517 3032 undecunque
1548 2964 1774 3018 canoni-

175 3066 279 3108 cus
303 3051 583 3109 Podiensis
608 3053 911 3123 episcopus,
939 3053 1228 3124 Evangelia
1251 3056 1407 3126 jubet
1448 3073 1775 3127 crucemque

174 3146 680 3218 deferri,quatenus
692 3149 853 3203 verba
868 3147 981 3217 ejus
997 3148 1129 3204 ﬁdes
1144 3157 1413 3205 astrueret
1425 3165 1577 3205 sacra
1588 3153 1770 3207 menti.

251 3235 491 3310 [XVIIL]
523 3236 830 3292 Obsessione
868 3238 1022 3291 cincti
1052 3238 1176 3307 farti
1208 3239 1382 3293 animo
1420 3239 1627 3309 futuros
1656 3259 1771 3295 mrt-

176 3340 275 3387 tuo
300 3329 487 3402 jurant
535 3331 714 3387 duces.
744 3328 935 3387 —His
974 3333 1211 3402 peractis
1259 3326 1530 3403 extemplo
1570 3335 1771 3405 princi-

174 3438 301 3497 pes,
329 3425 729 3481 communicato
768 3425 1010 3493 consilio,
1046 3435 1235 3481 mutuo
1275 3426 1378 3481 sibi
1425 3437 1769 3484 sacramenta

178 3516 642 3588 dederunt,.quod
669 3517 879 3573 scilicet
908 3535 925 3576 :
970 3536 990 3570 ι
1022 3516 1209 3589 Neque
1242 3533 1413 3582 mors,
1445 3534 1621 3589 neque
1661 3521 1770 3574 vita

178 3623 210 3663 a
244 3616 423 3677 etepta
455 3622 550 3664 eos
590 3608 906 3665 defensione
948 3598 1502 3682 suffugerc‘cogeret,
1541 3620 1768 3681 quanta-

179 3715 398 3771 cunque
436 3700 523 3756 vel
566 3701 711 3771 ipsos
755 3702 936 3773 nr-geri
980 3703 1307 3758 necessitate
1347 3704 1707 3775 contingeret.
1745 3722 1762 3755 ι

174 3788 363 3850 Primo
417 3792 581 3864 igitur
628 3791 997 3857 Boemundus,
1056 3794 1295 3848 secundo
1350 3793 1537 3849 Sancti
1594 3794 1767 3865 Egidii

176 3901 382 3953 comes,
437 3884 589 3958 Hugo
641 3886 896 3959 Magnus,
949 3886 1219 3943 Rohertus
1262 3885 1763 3957 Northmannicus,

176 3980 287 4036 dux
332 3977 689 4048 Godefridus,
746 3995 1037 4051 comesque
1098 3978 1484 4042 Flandrensis,
1536 3980 1650 4049 pari
1710 3995 1768 4034 se

177 4087 452 4143 nunquam
498 4073 642 4142 quod
703 4079 985 4142 coaperant
1040 4071 1383 4137 deserturos,
1423 4071 1767 4127 animositate

176 4162 444 4234 iurarunt.
480 4161 553 4217 At
578 4160 893 4217 Tancredus
936 4177 1000 4215 ea
1036 4161 1349 4217 conditione
1386 4160 1763 4232 juravitquia,

176 4254 412 4325 quandiu
442 4253 804 4325 quadraginta
838 4253 1071 4307 militum
1117 4251 1374 4323 suﬁ‘ragio
1416 4253 1515 4307 niti
1559 4260 1765 4323 posset,

176 4363 282 4404 non
311 4347 481 4403 solum
513 4362 580 4403 ex
617 4362 681 4403 ea
712 4363 873 4418 quam
902 4345 1253 4418 patiebantur
1295 4356 1442 4410 tunc,
1486 4346 1766 4401 obsidione

174 4437 334 4511 413
363 4454 483 4494 sese
511 4454 859 4509 nequaquam
906 4438 1256 4502 subduceret,
1286 4437 1379 4492 sed
1413 4453 1513 4492 nec
1539 4439 1608 4491 ab
1639 4437 1764 4492 Hie-

174 4532 565 4603 rosolymorum
610 4532 827 4595 itinere]
848 4531 1063 4596 abduci,
1096 4530 1197 4586 nisi
1223 4530 1382 4585 obvia
1417 4539 1594 4584 morte
1621 4529 1767 4585 vale-

1896 927 2037 996 apud
2062 940 2121 981 se
2152 927 2287 981 tanti
2315 926 2505 998 pendit
2532 936 2593 983 ut
2616 927 2865 987 ludibriis
2893 933 3251 1001 somniorum,
3282 937 3479 1007 quibus

1893 1033 2033 1089 pene
2060 1018 2425 1074 indesinenter
2454 1019 2734 1087 aﬁicimur,
2766 1021 2941 1091 majus
2963 1023 3016 1080 in
3045 1025 3154 1082 ullo
3181 1029 3479 1087 aestimaret
3522 1030 3523 1033 “

1893 1109 2077 1166 valere
2099 1110 2322 1182 aliquid.
2363 1112 2432 1166 Et
2455 1120 2638 1169 tamen
2667 1129 2775 1169 non
2801 1114 2904 1180 sui,
2931 1115 3058 1171 dum
3084 1132 3207 1174 eum
3230 1120 3477 1191 apostolo
3516 1142 3519 1145 ·

1890 1199 2224 1273 loqueretur,
2254 1204 2471 1273 penitus
2500 1206 2788 1261 immemor
2834 1207 2883 1262 ei
2919 1207 3206 1265 intulerat:
3240 1230 3261 1265 ι
3291 1213 3475 1271 Domi-

1889 1307 1981 1358 ne,
2010 1292 2206 1363 inquit,
2236 1294 2281 1348 si
2318 1294 2421 1349 hoc
2453 1295 2594 1365 quod
2622 1311 2654 1351 a
2687 1304 2740 1352 te
2783 1297 3103 1370 praecipitur
3132 1303 3334 1360 nostris
3354 1304 3472 1360 edi-

1887 1396 2067 1439 cerem
2098 1383 2239 1453 quod
2285 1383 2410 1439 ﬁdei
2441 1385 2700 1441 indicium
2734 1386 2913 1445 dubiis
2959 1388 3296 1457 adhiberem,
3329 1392 3475 1449 unde

1885 1477 1955 1532 ad
1981 1477 2309 1532 credendum
2360 1480 2481 1551 cogi
2529 1481 2795 1550 possent?
2829 1500 2849 1534 ι
2882 1481 2967 1536 Ad
2996 1483 3113 1538 ιιωο
3140 1485 3304 1541 verba
3352 1484 3471 1556 glo—

1883 1566 2063 1623 riosus
2111 1568 2389 1637 apostolus
2438 1572 2712 1627 hominem
2742 1574 3032 1644 corripuit,
3091 1585 3148 1632 et
3202 1578 3270 1633 ad
3320 1578 3472 1635 beati

1882 1654 2069 1712 fratris
2107 1657 2413 1726 basilicam,
2444 1660 2497 1714 in
2550 1676 2674 1716 eum
2710 1677 2817 1733 quo
2848 1673 2969 1720 erat
3010 1666 3252 1736 reposita
3281 1666 3473 1725 lancea

1881 1750 2060 1806 locum
2090 1752 2410 1821 spiritaliter
2440 1757 2760 1825 asportavit.

1956 1844 2125 1917 Capta
2149 1847 2493 1916 postmodum
2524 1847 2767 1916 civitate,
2800 1864 2925 1905 cum
2955 1850 3048 1905 Dei
3100 1851 3332 1923 populus
3359 1851 3470 1923 bis,

1882 2044 2001 2083 rum
2046 2031 2421 2087 memorabilis
2454 2033 2753 2103 apostolus,
2807 2036 2901 2105 qui
2940 2032 3090 2104 juste
3142 2036 3469 2094 omnimodis

1880 2135 2067 2177 earum
2119 2139 2300 2179 rerum
2351 2110 2674 2193 procurator
2724 2125 2842 2182 ﬁeri
2896 2135 3159 2198 coeperat,
3209 2144 3347 2199 quas
3399 2132 3467 2186 ad

1880 2214 2190 2270 charissimi
2223 2216 2409 2271 fratris
2457 2227 2710 2274 ornatum
2744 2219 2937 2275 domus
2967 2221 3239 2290 pertinere
3266 2238 3469 2295 cogno-

1877 2318 2056 2377 verat,
2090 2310 2298 2367 homini
2348 2311 2424 2366 illi
2468 2312 2630 2369 Petro
2673 2330 2862 2370 rursus
2892 2317 3186 2386 apparuit:
3216 2337 3235 2369 ‹
3264 2317 3466 2387 Quare,

1879 2398 2074 2469 inquit,
2108 2401 2367 2457 distulisti
2420 2404 2775 2461 manifestare
2803 2408 2948 2477 quod
2983 2406 3256 2476 jusseram
3279 2410 3303 2463 ‘I
3330 2392 3469 2465 Cum

1876 2491 2063 2547 videas
2098 2500 2220 2548 tuos
2264 2495 2392 2550 hinc
2422 2494 2728 2551 inediarum
2758 2496 3059 2566 periclitari
3090 2499 3462 2566 incommodo,

1877 2583 2028 2641 illinc
2076 2584 2269 2642 Turcis
2309 2587 2703 2656 insistentibus,
2740 2588 2910 2645 foveae
2929 2590 3043 2661 jam
3072 2590 3465 2661 propemodum

1877 2678 2274 2763 desperationis
2326 2680 2495 2747 illabi,
2534 2696 2598 2738 ea
2635 2697 2756 2751 quae
2789 2697 2878 2738 me
2905 2685 3304 2754 przenuntiaute
3328 2685 3466 2741 didi-

1874 2788 2052 2839 ceras,
2105 2774 2239 2844 ipsis
2265 2774 2551 2831 notiﬁeare
2582 2775 2875 2845 debueras,
2925 2792 3047 2831 eum
3082 2775 3465 2847 proculdubio

1872 2882 1970 2924 eos
1993 2868 2135 2923 scire
2161 2870 2470 2935 conveniat,
2509 2870 2635 2941 quia
2671 2884 2999 2942 quocunque
3048 2869 3294 2928 lanceam
3321 2884 3467 2926 eam-

1874 2961 1999 3016 dem
2046 2960 2395 3030 pertulerint,
2448 2961 2678 3017 victoria
2733 2961 2839 3018 sibi
2895 2969 3049 3019 certa
3097 2961 3399 3032 proveniat.
3438 2978 3458 3014 ι

1875 3050 1990 3118 Qua
2023 3051 2251 3121 apostoli
2299 3051 2668 3108 admonitione
2721 3052 2962 3107 secundo
3011 3050 3220 3118 habita,
3260 3049 3465 3106 nostris

1878 3142 2044 3211 cepit
2083 3143 2373 3197 verborum
2429 3157 2549 3211 quae
2600 3142 2656 3196 in
2710 3142 2923 3197 visione
2976 3142 3228 3197 audierat
3260 3139 3462 3195 seriem

1873 3232 2192 3303 praedicare.
2225 3230 2462 3301 Populus
2509 3239 2692 3285 autem
2741 3230 2979 3287 hominis
3019 3230 3164 3286 dicta
3189 3229 3464 3298 ireverbe-

1875 3339 2024 3390 rans,
2067 3323 2337 3379 mendacii
2368 3323 2546 3378 simile
2572 3322 2705 3392 quid
2733 3322 3021 3393 putabant,
3044 3321 3282 3391 undique
3310 3319 3461 3376 enim

1873 3430 1967 3471 eos
2016 3414 2570 3486 circumcingentibus
2618 3414 2795 3481 malis,
2846 3430 2998 3485 spem
3050 3414 3288 3485 aliquam
3335 3412 3458 3484 ejus

1872 3511 2163 3580 concipere
2214 3509 2294 3565 rei
2327 3510 2636 3565 nullatenus
2677 3516 2945 3580 poterant.
2973 3508 3046 3563 At
3070 3507 3163 3564 ille
3184 3505 3458 3579 pertinax,

1874 3611 1928 3658 et
1991 3618 2059 3657 ex
2130 3602 2416 3672 apostolici
2479 3602 2747 3659 sermonis
2808 3601 3135 3657 auctoritate
3213 3596 3459 3663 solidior,

1874 3694 2223 3749 asseverabat
2276 3695 2379 3750 sibi
2433 3694 2750 3765 apparuisse
2803 3692 3107 3763 apostolum
3152 3698 3210 3747 et
3257 3688 3344 3745 bis
3402 3688 3460 3744 in

1872 3785 2081 3839 visione
2140 3785 2378 3840 dixisse:
2444 3802 2463 3837 ι
2492 3784 2755 3855 Propera,
2806 3792 2862 3839 et
2906 3784 3089 3840 dicere
3135 3779 3461 3854 quantocius

1872 3878 2077 3933 militiae
2118 3877 2331 3932 Domini
2388 3875 2722 3948 periclitanti
2775 3889 2847 3930 ne
2896 3873 3136 3941 diﬁ‘eras,
3190 3882 3460 3945 quatenus

1873 3971 2326 4026 timorerecusso
2378 3969 2489 4027 Deo
2534 3968 2866 4040 adjutorium
2912 3966 3189 4040 pollicenti
3233 3962 3457 4020 indubia

1872 4064 1979 4119 ﬁde
2006 4065 2308 4131 cohaereat;
2345 4065 2485 4119 citra
2528 4065 2673 4119 enim
2714 4064 2953 4142 quinque
2980 4062 3191 4118 dierum
3221 4058 3458 4130 spatium

1874 4155 1983 4209 tale
2006 4156 2135 4225 quid
2166 4156 2430 4211 Dominus
2448 4155 2730 4224 revelabit,
2759 4169 2858 4225 per
2887 4155 3029 4223 quod
3058 4150 3229 4207 multo
3261 4148 3458 4221 gaudio

1872 4262 1967 4302 sua
1998 4238 2227 4319 pectora.
2258 4247 2547 4313 revelabit;
2598 4258 2651 4303 et
2687 4248 2729 4302 si
2772 4245 3018 4318 praelium
3056 4244 3137 4300 eis
3172 4242 3455 4312 ingruerit,

1872 4338 1977 4393 hoc
2024 4355 2180 4395 sacro
2231 4348 2515 4409 praeeunte
2565 4339 2741 4408 signo,
2796 4337 2974 4392 omnis
3025 4334 3128 4389 sibi
3182 4332 3458 4389 hostilitas

1873 4429 2087 4484 devicta
2114 4446 2239 4485 mox
2275 4429 2499 4485 suberit.
2531 4447 2549 4481 ι
2593 4428 2818 4497 Coapere
2854 4428 3059 4481 interea
3091 4426 3158 4479 ad
3186 4425 3455 4480 dictorum

1872 4520 2018 4577 illius
2067 4522 2444 4577 credulitatem
2486 4520 2673 4573 sedula
2722 4519 2958 4574 hominis
3013 4518 3156 4574 illius
3203 4516 3459 4572 suasione

174 4634 279 4685 ret.
298 4624 426 4692 Quze
446 4640 531 4681 res
547 4625 730 4681 audita
754 4622 1080 4689 minoribus;
1107 4638 1357 4695 magnam
1381 4622 1435 4676 in
1464 4622 1626 4677 totius
1644 4621 1767 4676 sub-
1795 4639 1846 4700 Ι)
1870 4615 2055 4677 vocari
2086 4624 2141 4670 et
2163 4614 2367 4669 Vicaria
2395 4613 2506 4685 iam
2540 4612 2979 4677 εοῐηιῐιοηίῐῖοηθ,
3007 4611 3120 4683 διιθί
3147 4607 3459 4683 qualisctm-

172 4715 328 4788 iectu:
349 4716 712 4775 multitudinis
730 4717 1045 4788 pectoribus
1064 4715 1439 4771 fortitudinem
1459 4714 1766 4785 parturivit.

777 4810 1006 4866 CAPUT
1045 4810 1133 4867 Ν.

250 4897 435 4976 [XIX]
476 4901 700 4957 Cuidam
727 4919 821 4973 per
846 4904 1015 4956 visum
1042 4901 1300 4967 lanceam,
1334 4917 1439 4972 qua
1462 4897 1658 4955 Christi
1685 4899 1766 4954 la-

174 5004 263 5050 tus
291 4993 613 5065 perforatum
641 5004 740 5060 est,
759 4993 813 5046 in
844 4992 1172 5047 Antiochena
1199 4992 1419 5047 ecclesia
1458 4992 1767 5045 absconsum

172 5087 397 5144 ostendit
419 5086 487 5141 B.
516 5086 907 5158 Andreas(52).
934 5115 1005 5125 -—
1035 5086 1341 5154 Antequam
1356 5098 1569 5153 quoque
1585 5083 1769 5137 Antio-

182 5178 354 5235 chena
386 5176 578 5233 civitas
608 5185 914 5247 caperetur,
948 5176 1159 5230 cuidam
1201 5174 1269 5229 de
1306 5174 1573 5237 exercitu,
1606 5171 1768 5228 Petro

178 5267 428 5337 nomine,
476 5269 621 5325 beati
670 5268 904 5325 Andreae
957 5267 1182 5339 apostoli
1232 5265 1444 5337 species
1495 5264 1762 5335 apparuit,

184 5361 401 5419 dicens:
456 5378 476 5412 ι
512 5360 654 5429 Quid
705 5369 885 5416 tecum
936 5360 1153 5432 agitur?
1188 5378 1206 5411 ι
1253 5356 1350 5413 Cui
1403 5353 1493 5410 ille
1519 5356 1769 5426 stupidus

178 5469 290 5513 non
319 5454 383 5509 ad
413 5454 748 5527 interrogata
771 5455 1071 5525 respondit,
1102 5452 1219 5519 sed,
1253 5454 1379 5523 quis
1407 5458 1573 5515 esset,
1617 5463 1765 5517 qure-

182 5547 330 5607 sivit.
376 5547 469 5603 llle
514 5547 787 5604 Andream
825 5546 1128 5618 apostolum
1158 5560 1218 5601 se
1264 5560 1387 5600 esse
1420 5558 1527 5598 non
1570 5542 1761 5596 tacuit.

190 5663 214 5699 ι
239 5642 582 5712 Noverisque,
612 5642 709 5708 ait,
731 5640 829 5707 ﬁli,
859 5642 982 5712 quia
1006 5656 1125 5695 cum
1146 5638 1361 5703 urbem,
1379 5637 1490 5691 Deo
1518 5635 1767 5707 aperien-

186 5748 260 5803 te,
304 5734 638 5789 Francorum
697 5735 872 5786 virtus
932 5731 1240 5795 intraverit,
1281 5729 1347 5782 ad
1408 5727 1549 5782 beati
1617 5725 1763 5780 Petri

190 5825 479 5897 coapostoh
506 5824 611 5879 mei
640 5838 704 5877 ac
732 5821 919 5877 fratris
946 5821 1242 5878 Ecclesiam
1283 5821 1409 5889 ibis,
1441 5819 1627 5891 ibique
1673 5815 1765 5873 tali

258 5936 364 5997 (52)
393 5933 459 5993 γ.
486 5934 626 5993 infra
645 5931 743 5991 lib.
766 5946 844 6001 Vl,
871 5945 995 6001 cap.
1024 5932 1076 5987 1.

1871 4724 1977 4779 que
2007 4707 2371 4778 reSpiratione
2395 4705 2573 4776 juvari
2600 4722 2614 4760 :
2653 4723 2673 4756 ι
2705 4704 2821 4760 Non
2868 4705 2965 4773 ita,
2996 4705 3267 4775 inquiunt,
3303 4701 3458 4758 nobis

1870 4810 1956 4857 est
1986 4800 2357 4871 desipiendum
2384 4808 2442 4853 ut
2477 4814 2574 4854 nos
2599 4813 2699 4869 pro
2740 4797 2865 4854 ﬁdei
2900 4797 3213 4854 defensione
3234 4796 3456 4853 conclu-

1870 4907 1979 4958 sos,
2006 4893 2149 4948 Deus
2175 4901 2253 4947 tot
2284 4893 2547 4947 hactenus
2582 4892 2934 4947 victoriarum
2976 4892 3271 4962 prtestitor,
3304 4890 3369 4945 de
3398 4902 3458 4943 se

1870 4995 2174 5069 sperantes,
2208 4993 2262 5040 et.
2310 4985 2376 5039 ad
2433 5000 2491 5039 se
2541 4984 2897 5055 gemebundis
2926 4984 3123 5039 animis
3155 4982 3451 5043 inhiantes,

1870 5078 2171 5135 Turcorum
2226 5077 2418 5149 gladiis
2465 5077 2831 5133 concidendos
2886 5082 3153 5145 exponat;
3206 5072 3302 5128 sed
3354 5083 3454 5139 pro

1869 5182 2019 5227 certo
2048 5171 2193 5226 credi
2235 5170 2392 5224 debet
2416 5170 2544 5240 quia
2586 5180 2709 5241 post
2743 5167 2918 5224 tristia
2976 5175 3242 5236 tempora,
3282 5161 3455 5216 lucem

1870 5267 2025 5320 nobis
2056 5280 2166 5321 sua}
2192 5265 2561 5319 miserationis
2599 5267 2882 5327 ostendat;
2916 5260 3277 5327 timoremque
3299 5269 3456 5309 suum

1869 5374 2030 5428 super
2051 5372 2143 5413 eas
2171 5373 2292 5427 quae
2318 5372 2378 5413 se
2400 5372 2505 5413 non
2525 5358 2897 5426 exquisierunt
2916 5362 3103 5422 gentes
3138 5348 3410 5405 immittat.
3432 5366 3451 5399 ι

2494 5447 2723 5504 CAPUT
2764 5446 2827 5501 ν.

1942 5540 2109 5614 [XX]
2150 5539 2317 5613 Igitur
2363 5541 2454 5611 qui
2504 5540 2799 5595 tuebantur
2829 5544 3068 5594 castrum
3110 5533 3291 5600 Turci,
3336 5542 3454 5589 tan-

1868 5638 1924 5685 ta
1955 5631 2424 5687 circumfuderant
2455 5640 2673 5685 nostros
2700 5628 2961 5684 instantia
2997 5636 3059 5682 ut
3088 5626 3231 5682 intra
3264 5639 3453 5695 quam-

1871 5722 2018 5787 dam,
2062 5738 2181 5791 quae
2239 5724 2293 5776 in
2336 5729 2626 5792 prospectu
2680 5720 2884 5777 castelli
2926 5726 3045 5773 erat
3106 5733 3304 5782 arcem,
3342 5724 3453 5769 tres

1870 5829 2059 5873 eorum
2104 5814 2303 5871 milites
2349 5813 2740 5871 obstruserint.
2786 5811 3127 5871 Prodeuntes
3169 5807 3369 5867 etenim
3420 5819 3454 5864 θ
