3980 6324
548 374 668 449 σεδ

552 482 786 565 castello
816 475 1009 552 pagani
1051 469 1293 528 tanto'iin
1323 469 1560 525 lnostros
1612 461 2011 521 bacchabantur
2052 454 2139 507 in-
2167 452 2216 513 Α

563 590 727 631 cursu
762 551 828 625 ut
863 566 1080 639 penitus
1120 562 1353 618 tolerare
1394 557 1699 628 nequirent.
1725 556 1841 608 Duo
1861 551 2044 619 itaque
2066 558 2136 599 ex

554 654 651 720 his
688 676 823 731 quos
848 658 1175 714 incluserant
1210 652 1492 715 militibus,
1518 646 1787 703 vulnerati
1821 640 2134 712 aufugiunt;

564 756 758 812 tertius
807 753 947 808 diem
998 752 1257 805 adversus
1309 746 1515 810 hostes,
1559 742 1614 797 in
1662 739 1745 795 sui
1800 736 2137 801 defensione,

548 847 867 919 continuat,
893 844 1031 900 adeo
1053 851 1114 898 ut
1148 842 1284 897 duos
1319 854 1385 895 ex
1419 836 1499 893 eis
1526 848 1689 905 super
1708 830 1850 887 muri
1881 826 2140 884 deambu-

560 938 733 1007 lacra,
756 938 925 994 sectis
963 937 1205 1007 ipsorum
1236 930 1539 992 hastilibus,
1565 924 1845 983 occiderit.
1890 921 1995 993 ipsi
2029 928 2140 975 ete-

562 1030 674 1084 nim
705 1037 817 1085 tres
846 1030 1031 1084 hastas
1060 1025 1224 1081 Turci
1263 1038 1375 1095 prae
1403 1020 1655 1076 manibus
1683 1013 2018 1073 concidendo
2040 1010 2141 1067 mi-

563 1128 814 1174 buerant.
866 1118 996 1173 Erat
1047 1127 1228 1173 autem
1275 1112 1431 1170 militi
1482 1111 1561 1166 illi
1608 1122 1803 1165 nomen
1857 1102 2029 1175 Hugo,
2086 1110 2143 1158 et

554 1211 1017 1284 gagnominabatur
1066 1210 1314 1273 Insanus,
1379 1207 1446 1262 de
1497 1201 1807 1261 domesticis
1860 1196 2139 1269 cujusdam

554 1302 834 1374 .Josfredi,
885 1305 980 1377 qui
1027 1302 1094 1361 de
1133 1298 1566 1358 Montescabioso
1607 1307 1920 1369 praenomen
1974 1289 2141 1346 habe-

564 1397 683 1465 bat.

640 1531 834 1607 [XXL]
877 1531 995 1599 Qua
1048 1529 1385 1586 Boemundus
1438 1536 1551 1582 arte
1596 1524 1786 1579 milites
1831 1521 2021 1578 excitat
2072 1517 2145 1573 ad

564 1642 814 1697 pugnam.
839 1655 912 1667 --
936 1622 1301 1680 Memorabilis
1327 1628 1504 1676 autem
1529 1616 1894 1681 Boemundus,
1916 1627 2038 1669 cum
2073 1610 2143 1666 ad

567 1725 807 1772 castrum
832 1717 1248 1788 expugnandum
1271 1715 1362 1769 vix
1396 1712 1606 1783 aliquos
1641 1709 1868 1766 suadere
1906 1704 2141 1768 valeret,

1325 354 1389 414 ν.
1429 349 1755 413 GUIBERTI
1780 342 2067 406 ABBATIS
2098 339 2158 397 S.
2189 327 2431 394 MARLE
2460 324 2552 386 DE
2583 316 2980 383 NOVIGENTO
3656 324 3741 387 qm

2240 451 2513 518 patenter,
2538 438 2583 496 si
2619 432 3035 501 intellexissent,
3066 424 3344 485 enuntiare
3380 427 3634 489 videbatur
3655 446 3742 497 exi.

2238 538 2392 595 tium.

2308 631 2480 687 Porro
2518 621 2793 699 oppidani,
2816 620 2908 692 qui
2947 616 3154 675 crebris
3176 624 3358 673 nostro
3378 619 3614 675 exercitui
3640 621 3744 679 irru-

2239 722 2513 796 ptionibus
2582 716 2989 781 incumbebant,
3039 726 3176 783 pene
3227 710 3341 766 sine
3389 710 3490 768 ullo
3542 718 3747 786 temporis

2239 815 2533 874 interstitio
2574 810 2797 868 intentis
2835 804 3097 871 arcubus,
3153 813 3454 859 nostrorum
3497 806 3749 868 vulneribus

2242 921 2337 968 aut
2362 908 2585 969 necibus
2629 904 2973 962 insistebant.
3008 898 3113 969 Qui
3146 908 3324 954 autem
3361 897 3582 954 exterius
3605 901 3751 959 civile

2241 1013 2351 1062 tem
2390 1002 2746 1067 vallaverant,
2791 1007 2848 1056 et
2881 993 3152 1052 mtenibus
3198 991 3444 1063 adiacens
3482 992 3751 1050 territorium

2242 1098 2401 1171 longe
2442 1098 2659 1167 lateque
2707 1097 3089 1154 contexerant,
3118 1085 3361 1142 custodia
3403 1085 3531 1140 adeo
3559 1082 3754 1153 vigilanti

2241 1192 2510 1247 universae
2547 1188 2803 1245 introitus
2831 1185 2981 1242 urbis
3029 1183 3419 1244 obstruserant,
3445 1186 3504 1233 ut
3544 1193 3756 1249 nusquam

2242 1284 2394 1339 exire
2430 1282 2517 1338 vel
2549 1280 2786 1353 ingredi,
2816 1280 2921 1335 nisi
2972 1285 3161 1340 noctu,
3193 1282 3247 1330 et
3278 1273 3383 1328 hoc
3414 1270 3543 1327 clam
3586 1271 3757 1329 omnino

2242 1376 2505 1433 valerent.
2542 1374 2681 1432 Cum
2732 1381 2882 1429 tanto
2910 1384 3146 1440 namque
3181 1381 3404 1423 numero
3450 1364 3578 1420 idem
3619 1364 3759 1422 hostes

2242 1466 2563 1541 luxuriaque
2589 1473 2959 1526 convenerant
3009 1472 3069 1520 ut
3097 1461 3296 1533 passim
3334 1456 3465 1514 nihil
3490 1456 3617 1513 aliud
3636 1473 3760 1528 quam

2244 1560 2495 1618 homines
2546 1577 2611 1617 ac
2658 1559 2893 1617 tentoria
2932 1558 3270 1621 viderentur,
3301 1551 3530 1623 pretiosa
3555 1550 3759 1621 supellex,

2242 1655 2515 1712 variarum
2540 1653 2770 1711 vestium
2796 1652 3098 1717 elaritates,
3124 1654 3491 1705 armentorum
3525 1660 3581 1700 ac
3606 1658 3760 1714 pecua-

2246 1748 2449 1803 riorum
2480 1748 2549 1804 ad
2600 1746 2854 1803 victualia
2886 1758 3096 1816 greges.
3128 1740 3212 1795 Ad
3256 1740 3374 1795 haec
3416 1736 3468 1791 in
3513 1734 3761 1792 similitudi-

567 1824 694 1865 ΜΝ
727 1810 833 1909 -qu
870 1808 1504 1909 domi--.deme.sfebam’.
1527 1805 1683 1909 Panis
1722 1801 1887 1873 aliqui
1916 1797 2144 1909 φωνὴ
2178 1821 2223 1879 Β
2247 1797 2578 1909 nem—iubila
2609 1797 3278 1909 d—icaﬁm-fte‘rlnplbornatm
3307 1844 3519 1894 uxores,
3542 1836 3636 1883 tum
3661 1842 3763 1898 prte-

564 1903 947 1966 arctabantur,
988 1902 1077 1957 alii
1104 1900 1381 1974 gentilium
1426 1898 1577 1953 rabie
1606 1911 1671 1951 ac
1716 1906 1942 1950 numero
1978 1901 2148 1947 terre-

571 1994 789 2062 bantur,
818 1995 963 2068 gravi
1014 1992 1484 2050 animadversione
1521 1990 1743 2053 citatus,
1772 1999 1836 2040 ex
1867 2000 1933 2041 ea
1956 1984 2148 2040 civita-

571 2088 642 2144 tis
682 2088 836 2160 jubet
875 2089 1052 2160 ignem
1099 2095 1251 2158 parte
1310 2084 1537 2155 supponi
1588 2097 1695 2154 qua
1750 2083 1914 2137 situm
1967 2077 2148 2133 fuerat

569 2194 744 2249 nuper
779 2179 1019 2235 defuncti
1056 2180 1315 2250 palatium
1347 2176 1611 2233 Cassiani.
1648 2174 1802 2243 Quod
1837 2172 2038 2243 quique
2064 2168 2150 2223 vi-

560 2271 783 2339 dentes,
827 2271 1103 2328 derelictis
1145 2285 1266 2341 quae
1300 2269 1687 2326 cremabantur
1727 2264 2000 2328 omnibus,
2059 2260 2149 2315 alii

571 2367 641 2421 ab
692 2362 942 2421 incendio
1010 2362 1396 2434 confugiebant
1465 2359 1533 2414 ad
1598 2366 1874 2422 castrum;
1935 2353 2026 2408 alii
2084 2349 2150 2406 ad

571 2454 787 2511 comitis
819 2453 1006 2509 Sancti
1028 2452 1199 2524 Egidii
1228 2450 1537 2507 conﬂuxere
1564 2457 1796 2520 portam,
1830 2444 2047 2516 quidam
2082 2440 2151 2496 ad

571 2545 922 2604 Godel‘ridum
963 2545 1146 2600 coiere
1187 2543 1399 2607 ducem,
1457 2541 1687 2612 quisque
1736 2537 1803 2593 ad
1847 2550 1967 2590 eam
1998 2533 2151 2603 cujus

575 2638 827 2709 indigena
854 2637 1142 2707 putabatur
1162 2644 1397 2707 gentem.
1428 2633 1548 2686 Mox
1597 2631 1663 2686 ad
1701 2638 1897 2699 emptae
1923 2626 2150 2705 destitu-

575 2729 739 2785 tionis
786 2737 1129 2798 augmentum
1190 2723 1683 2781 vehementissimae
1723 2721 1978 2775 nimietas
2015 2726 2152 2772 tem-

573 2821 799 2892 pestatis
830 2820 1070 2886 incessit,
1113 2818 1186 2872 ita
1230 2826 1292 2871 ut
1338 2816 1495 2871 ﬁeret
1523 2823 1672 2867 tanta
1701 2810 1936 2866 valitudo
1962 2820 2152 2865 vento-

573 2925 717 2975 rum,
730 2925 837 2980 quo
856 2910 1123 2964 neminem
1141 2922 1275 2979 pene
1290 2906 1478 2962 liceret
1498 2903 1750 2959 incedere
1768 2910 1996 2956 rectum.
2011 2899 2153 2954 Boe-

573 3000 805 3056 mundus
826 3000 1053 3067 interea,
1088 3000 1216 3053 dum
1242 2994 1661 3066 conflagratione
1687 2986 2152 3047 horribili‘abradi

575 3092 815 3149 funditus
844 3091 1110 3162 conspicit
1156 3090 1364 3150 urbem,
1415 3086 1577 3158 carpit
1606 3098 1702 3155 pro
1728 3084 1959 3140 ecclesia
1999 3080 2150 3141 Beati

574 3183 723 3240 Petri
759 3194 814 3241 et
862 3143 1076 3240 Sanctae
1135 3180 1338 3245 Mariae,
1395 3143 1626 3247 aliisque
1690 3175 1938 3231 ecclesiis
1988 3143 2658 3247 anxieC'f“"'“1°b‘f“

575 3275 743 3349 414
792 3277 953 3332 nimis
982 3286 1235 3331 aestuare.
1266 3273 1350 3328 Ah
1394 3272 1528 3326 hora
1571 3280 1749 3325 tamen
1796 3268 1955 3323 tertia
1981 3280 2151 3336 usque

577 3368 647 3422 ad
674 3369 849 3425 noctis
879 3369 1133 3431 medium,
1172 3365 1387 3419 flamma
1428 3362 1745 3428 desaeviens,
1799 3359 2152 3416 ecclesiarum

576 3458 970 3530 domorumque
995 3462 1103 3516 duo
1148 3459 1315 3516 millia
1346 3459 1557 3529 redegit
1604 3458 1655 3512 in
1696 3457 1961 3513 cinerem.
1994 3456 2153 3512 Circa

574 3553 937 3609 meditullium
976 3568 1107 3625 ergo
1135 3554 1330 3621 noctis,
1362 3567 1537 3625 pyrrae
1576 3551 1808 3608 furentis
1845 3549 2157 3622 conquievit

576 3647 867 3703 acerbitas.

650 3779 863 3855 [XXIL]
898 3782 1044 3853 Ignis
1091 3783 1156 3839 de
1206 3783 1333 3840 calo
1372 3785 1561 3840 cadens
1613 3782 1904 3840 Turcorum
1938 3782 2157 3838 exitium

577 3875 922 3945 pramuntt'al.
950 3905 1021 3915 —
1056 3874 1323 3933 Praeterea
1360 3877 1637 3933 castellani
1687 3874 2029 3933 atrocissime
2062 3888 2156 3928 ve-

579 3965 783 4021 xabant
818 3975 1050 4031 nostros,
1102 3968 1192 4040 qui
1236 3969 1595 4025 versabantur
1646 3969 1699 4023 in
1743 3967 1897 4032 urbe,
1941 3965 2160 4021 assiduo

578 4056 728 4128 ipsos
779 4059 1057 4116 molimine
1102 4062 1281 4117 inedia
1332 4062 1606 4133 fatigatos,
1638 4060 1874 4116 interdiu
1903 4074 1969 4114 ac
2003 4068 2161 4114 nocte

552 4149 879 4231 pulsantes,
911 4152 1153 4222 nihilque
1205 4164 1560 4224 utrorumque
1607 4153 1879 4209 exercitus
1907 4150 2009 4207 nisi
2038 4150 2159 4205 lan-

540 4254 692 4327 ceae
722 4251 775 4296 et
824 4242 988 4312 gladii
1034 4244 1407 4315 disparabant.
1460 4244 1716 4300 Videntcs
1756 4245 1937 4314 itaque
1991 4241 2162 4298 nostri

583 4331 907 4390 indesinenti
966 4351 1024 4391 se
1065 4337 1335 4393 duellione
1376 4339 1575 4405 teneri,
1604 4352 1702 4392 nec
1739 4336 1843 4392 sibi
1890 4335 1936 4391 si
1984 4334 2162 4390 omnis

579 4424 893 4481 victualium
920 4428 1073 4499 copia
1102 4439 1430 4500 suppeteret,
1451 4438 1544 4483 aut
1568 4428 1784 4493 edendi,
1810 4436 1905 4481 aut
1940 4424 2162 4480 bibendi

2251 1946 2400 1994 terea
2425 1936 2493 1990 ad
2519 1934 2761 1990 libidinis
2804 1930 3109 1993 cumulum,
3140 1927 3467 1999 pharetratae
3500 1937 3607 1977 cum
3642 1934 3763 1975 arcu-

2248 2030 2351 2088 bus
2379 2030 2647 2085 advenere
2671 2026 2935 2098 virgines,
2964 2031 3025 2077 ut
3049 2020 3251 2077 veteris
3285 2019 3340 2073 in
3371 2018 3449 2073 eis
3485 2014 3639 2070 Diana:
3659 2026 3764 2067 nova

2251 2132 2568 2180 cerneretur
2598 2120 2831 2191 species,
2854 2126 2913 2173 ut
2929 2131 3034 2172 non
3059 2128 3224 2171 causa
3249 2108 3506 2173 bellandi,
3531 2107 3611 2163 sed
3635 2105 3768 2176 potius

2252 2219 2353 2274 sub
2379 2217 2601 2273 obtentu
2619 2220 2941 2285 putarentur
2964 2207 3291 2265 convenisse
3326 2201 3595 2274 gestiendi.
3623 2198 3768 2253 Prelio

2252 2300 2411 2383 plane
2434 2308 2628 2380 majori
2655 2313 2870 2369 exacto,
2899 2304 2968 2358 ab
2985 2302 3087 2364 bis,
3113 2299 3204 2370 qui
3233 2295 3528 2353 interfuere
3546 2291 3767 2357 asserilur,

2252 2403 2397 2474 quod
2423 2401 2590 2458 etiam
2620 2413 2815 2455 recens
2839 2396 2952 2452 nati
2991 2391 3265 2455 infantuli,
3315 2405 3452 2460 quos
3480 2387 3528 2441 in
3561 2386 3658 2456 ipso
3682 2398 3771 2454 pro-

2252 2495 2433 2552 cinctu
2476 2491 2842 2563 expeditionis
2895 2488 3072 2545 enixar.
3120 2485 3383 2539 mulieres
3426 2481 3637 2544 fuerant,
3680 2477 3771 2531 dum

2252 2601 2351 2658 pro
2393 2585 2703 2656 urgentium
2747 2581 3084 2637 Francorum
3138 2575 3481 2632 insecutione
3531 2583 3771 2643 praepmpe-

2254 2688 2399 2746 rant,
2428 2694 2595 2749 seque
2617 2676 2894 2732 murarum
2924 2689 2989 2729 ac
3021 2671 3204 2727 oneris
3236 2667 3573 2740 impatientes
3596 2678 3774 2721 exoccu-

2253 2780 2404 2843 pant,
2435 2771 2614 2826 medio
2660 2766 2887 2841 proiecti
2938 2763 3320 2835 reperirentur
3364 2761 3418 2815 in
3464 2756 3697 2829 gramine,
3719 2754 3775 2809 uti

2252 2878 2367 2929 eos,
2402 2864 2528 2919 dum
2555 2861 2658 2917 sibi
2693 2875 2857 2932 quam
2896 2857 3003 2913 illis
3044 2856 3165 2927 plus
3193 2860 3467 2918 metuunt,
3513 2848 3779 2922 negligenter

2252 2955 2577 3013 effuderant.

2304 3045 2562 3123 ‘[XXl|l.]
2596 3044 2769 3112 Quam
2818 3044 3105 3100 maximam
3155 3040 3395 3095 ciborum
3441 3035 3683 3109 penuriam
3714 3049 3780 3104 pa-

2662 3143 2701 3197 i.
2725 3172 2792 3184 —
2816 3141 2872 3196 in
2901 3140 3045 3195 hunc
3075 3139 3280 3208 itaque,
3312 3151 3421 3207 quo
3443 3135 3674 3195 diximus,
3696 3141 3782 3181 mo-

2253 3234 2404 3300 dum,
2437 3233 2631 3290 Turcis
2679 3234 2919 3305 undique
2968 3240 3187 3288 nostros
3236 3230 3463 3301 prodire
3507 3222 3784 3282 vetantibus,

2253 3336 2311 3384 et
2330 3328 2589 3384 exteriori
2614 3342 2841 3399 prorsus
2865 3326 2969 3382 sibi
2995 3323 3434 3381 necessariorum
3458 3315 3779 3393 procuratione

2256 3429 2475 3492 negata,
2524 3419 2687 3476 famis
2740 3434 2839 3490 per
2873 3432 3090 3474 omnem
3128 3431 3271 3488 pene
3301 3413 3593 3489 exercitum
3622 3422 3787 3466 succes-

2256 3525 2379 3566 sere
2410 3510 2678 3581 pericula,
2730 3518 2788 3567 et
2831 3509 3001 3565 atroci
3033 3507 3342 3563 inediarum
3378 3500 3666 3567 insolentia,
3691 3511 3786 3568 pau-

2257 3603 2534 3675 periorum
2593 3616 2937 3673 quorumque
2976 3599 3282 3672 praecordia
3313 3597 3666 3671 pulsabantur.
3689 3589 3787 3646 Cum

2258 3695 2403 3752 enim
2454 3694 2672 3761 Franci,
2723 3692 3072 3749 Antiochiam
3128 3691 3471 3757 obsidentes,
3539 3685 3784 3742 universam

2258 3788 2468 3846 civibus
2484 3786 2976 3845 contrahendarum
2999 3800 3248 3841 escarum
3266 3776 3485 3855 copiam
3501 3774 3791 3838 ademissent,

2262 3887 2413 3935 tanto
2439 3878 2493 3933 in
2517 3879 2654 3933 urbe
2678 3886 2837 3948 capta
2865 3875 3159 3932 aretiorem
3192 3885 3455 3944 reperere
3473 3862 3788 3927 substantiam,

2260 3980 2463 4042 quanto
2512 3970 2933 4042 diligentiorem,
3003 3982 3071 4024 ne
3124 3975 3319 4023 contra
3364 3980 3425 4021 se
3473 3959 3736 4018 muniretur
3770 3964 3793 4007 ι

2265 4061 2481 4130 Turcis,
2527 4064 2630 4135 ipsi
2666 4064 2981 4119 obsessores
3036 4061 3281 4117 habuere
3317 4056 3631 4116 custodiam.
3672 4049 3795 4106 Exte-

2264 4158 2447 4212 nuatis
2472 4156 2711 4225 denique
2740 4170 2861 4225 quae
2910 4155 2977 4210 ad
3007 4170 3164 4210 usum
3197 4152 3549 4224 pertinebant
3577 4141 3797 4205 omnibus.

2264 4248 2425 4320 panis
2479 4246 2707 4317 exiguus
2762 4260 2874 4299 uno
2928 4244 3203 4315 Byzanteo
3264 4242 3570 4299 emebatur.
3612 4235 3796 4289 Annona?

2266 4354 2396 4410 ergo
2428 4337 2626 4393 raritas
2654 4345 2710 4392 et
2749 4335 3080 4392 condimenti
3119 4335 3382 4405 parcitas,
3416 4346 3537 4389 cum
3567 4323 3799 4400 plurimam

2266 4431 2465 4502 ubique
2510 4429 2811 4500 peperisset
2849 4428 3176 4499 angustiam,
3234 4426 3449 4491 multis,
3533 4411 3799 4493 prteinol)ia

579 4520 1041 4589 OPPOPlUHiWem
1086 4522 1193 4576 “"3
1240 4538 1306 4578 ex
1352 4530 1504 4593 P8118
1545 4521 1795 4587 εοηεθάί.
1839 4521 2063 4574 “Herse
2108 4523 2241 4594 θιι)
2269 4525 2720 4590 tumescentibus,
2774 4522 3003 4579 extorsit
3062 4521 3325 4576 animam.
3370 4520 3447 4574 De
3504 4514 3608 4571 vini
3633 4507 3801 4583 potione

582 4610 784 4679 hostes,
831 4625 1096 4671 caemento
1143 4633 1205 4673 ac
1240 4617 1416 4688 lapide
1444 4630 1685 4673 casuum
1729 4616 2022 4682 aedificant,
2048 4629 2164 4669 ma-

583 4702 758 4757 chinis
799 4703 1178 4775 frequentibus
1240 4709 1448 4764 ambire
1497 4708 1783 4776 festinant,
1839 4716 1897 4761 ut
1950 4705 2036 4761 vel
2099 4705 2165 4760 de

583 4800 780 4848 caetero
820 4795 1211 4869 aliquantisper
1240 4802 1547 4856 securiores
1601 4799 1855 4854 existant.
1887 4795 2023 4850 Pars
2066 4794 2165 4848 ali-

582 4897 685 4953 qua
708 4885 1010 4942 Turcorum
1034 4894 1410 4948 commanebat
1433 4893 1485 4946 in
1508 4903 1708 4956 castro,
1736 4906 1856 4961 qum
1878 4889 2165 4945 momentis

581 4989 750 5047 prope
801 4980 1030 5052 singulis
1074 4992 1296 5042 nostros
1336 4992 1696 5040 consueverat
1743 4982 1964 5038 irritare
2000 4982 2161 5045 bello,

583 5067 688 5122 alia
743 5081 966 5140 propter
1024 5073 1303 5129 castellum
1364 5075 1597 5144 quodam
1666 5074 2046 5143 hospitabatur
2109 5073 2163 5126 in

582 5171 793 5230 campo.
834 5159 1002 5219 Nocte
1046 5179 1177 5234 ergo
1209 5166 1453 5234 sequenti
1499 5165 1635 5236 ignis
1676 5166 1885 5236 species
1932 5180 1965 5220 a
2010 5165 2165 5235 plaga

583 5248 902 5307 occidentali
953 5253 1018 5309 de
1078 5254 1217 5309 caelo
1260 5256 1583 5326 prolabitur,
1632 5273 1697 5312 ac
1747 5258 1889 5312 intra
1948 5255 2165 5312 hostilia

586 5349 759 5395 castra
806 5345 1047 5399 cadendo
1078 5345 1399 5403 demittitur.
1462 5347 1715 5419 Utrisque
1759 5349 2003 5419 partibus
2046 5362 2167 5417 spe—

586 5435 781 5489 ctabilc
816 5436 1105 5506 plurimum
1128 5441 1358 5511 praebuit
1384 5457 1545 5497 casus
1594 5442 1699 5497 iste
1730 5441 2072 5496 miraculum.
2097 5439 2168 5492 At

586 5522 675 5622 ubi
707 5542 865 5583 mane
892 5530 1160 5597 inclaruit,
1186 5550 1294 5605 quo
1314 5536 1476 5591 cilius
1516 5544 1739 5606 potuere
1762 5532 1923 5590 Turci
1964 5548 1994 5587 a
2024 5532 2163 5598 loco,

589 5620 640 5667 in
662 5632 768 5685 quo
790 5620 1075 5679 desederat
1103 5626 1342 5682 caelestis
1377 5626 1621 5692 ﬂamma,
1654 5628 1912 5683 recedunt
1944 5636 2001 5681 et
2042 5634 2169 5681 ante

590 5703 906 5778 Buemundi,
937 5730 1099 5785 quam
1145 5730 1505 5789 occupaverat
1541 5732 1773 5793 portam.
1802 5730 1981 5779 castra
2008 5735 2167 5790 I‘BPO'

590 5806 748 5855 nunt.
792 5801 946 5869 Quod
987 5817 1321 5881 portentum,
1348 5812 1479 5868 illud
1533 5815 1675 5885 quod
1709 5814 1813 5871 sibi
1856 5814 2169 5870 imminebat

2267 4618 2576 4685 tacendum,
2600 4617 2744 4688 quod
2767 4618 2834 4672 ab
2854 4615 3100 4671 omnium
3130 4612 3465 4686 generaliter
3486 4623 3577 4664 ore
3596 4603 3798 4677 perierat.

2266 4711 2333 4766 Et
2368 4711 2525 4781 plane
2569 4709 2769 4765 malum
2803 4708 3035 4773 biberet,
3080 4705 3169 4762 cui
3220 4702 3363 4759 nihil
3428 4694 3723 4771 suppetebat
3761 4695 3802 4742 ιιι

2266 4806 2471 4861 ederet.
2527 4803 2645 4859 Jam
2715 4802 3002 4858 deficiente
3071 4798 3301 4872 legitimi
3360 4798 3542 4852 victus
3605 4784 3804 4847 obsoniO.

2266 4899 2476 4968 equinae
2508 4897 2687 4952 carnis
2726 4895 3013 4966 quisquam
3072 4893 3165 4947 vix
3195 4889 3556 4947 reverebatur
3592 4878 3800 4939 edulium.

2269 4991 2733 5058 cuntristabatque
2770 4988 3031 5055 plurimos
3060 4983 3448 5056 frequentibus
3483 4976 3693 5051 quaesita
3717 4982 3799 5058 nta-

2268 5080 2439 5144 cellis,
2472 5089 2526 5135 et
2572 5055 2756 5135 carius
2805 5086 2987 5148 empta
3024 5055 3273 5146 paucitas
3329 5071 3628 5127 asinorum.
3665 5055 3805 5116 Pullus

2269 5173 2578 5244 quindecim
2628 5170 2816 5226 solidis
2873 5168 3210 5225 vendebatur
3272 5173 3328 5221 et
3403 5163 3611 5219 duobus
3659 5163 3806 5244 ovat",

2270 5275 2489 5333 nuxque
2536 5260 2781 5317 denario.
2830 5257 2933 5315 Ubi
2993 5258 3137 5313 enim
3197 5254 3485 5311 hominum
3534 5239 3807 5317 freqnenlia.

2270 5329 2484 5422 cibique
2511 5350 2674 5405 totius
2700 5347 2948 5419 penuria,
2978 5360 3200 5402 necesse
3228 5341 3480 5399 constitit
3502 5352 3624 5394 cara
3656 5329 3810 5387 ibidem

2270 5443 2457 5500 haberi
2495 5443 2697 5499 omnia.
2726 5440 3001 5504 Ficorum,
3054 5437 3411 5498 carduorum,
3468 5443 3625 5500 atque
3662 5420 3810 5476 νίιῖυπι

2269 5535 2487 5592 frondes
2526 5537 2580 5591 in
2627 5534 2903 5606 pulmenta
2932 5530 3283 5587 transierant.
3310 5525 3547 5596 Jamque
3576 5523 3626 5577 in
3654 5508 3813 5573 arbori

2271 5630 2371 5686 bus
2396 5630 2604 5684 fructus
2630 5627 2800 5697 quaeri
2849 5633 3176 5681 cessaverat.
3237 5620 3463 5678 Olerum
3512 5616 3673 5677 vices.
3706 5615 3810 5678 (1“0‘

2270 5722 2528 5777 rumlibet
2575 5720 2825 5776 foliorum
2874 5726 3152 5776 concoctae
3194 5714 3545 5772 diversitates
3595 5702 3808 5779 agebant-

2270 5811 2569 5882 Equorum,
2630 5809 2985 5878 camelorum,
3039 5808 3337 5879 asinorum,
3390 5805 3575 5867 boum,
3627 5786 3814 5853 hubalor
