4012 6346
97 372 224 433 ⁸165

1258 368 1485 430 GESTA
1507 367 1619 428 DEI
1652 360 1792 428 PER
1818 366 2159 429 FRANCOS.
2178 397 2247 413 -
2264 367 2392 427 LIB.
2408 368 2477 429 γ.
2522 364 2527 371 ’

102 502 352 560 rumque
396 502 611 552 carnes,
642 500 995 559 personarum
1045 486 1445 559 opulentiorum
1483 489 1698 546 defere-
1726 496 1774 553 Α
1802 502 1927 545 cere
1965 495 2141 559 putat,
2185 488 2311 543 dum
2344 503 2401 543 se
2443 486 2814 558 opportuniori
2841 486 3070 559 tempori
3107 498 3368 548 reservat.

104 586 323 643 bantur
353 583 420 638 ad
469 597 650 649 esum;
695 583 788 640 sed
832 582 972 639 sicca
1019 583 1331 639 eorumdem
1364 592 1600 655 tergora,
1643 582 1698 638 in

107 694 328 736 morem
358 678 626 748 sepiarum
658 676 899 742 concisa,
932 676 1057 730 dum
1082 675 1336 731 diuturno
1363 675 1485 745 igne
1506 688 1700 743 eoque-

104 782 312 827 rentur
358 770 521 835 elixa,
576 767 1039 827 accuratissimam
1091 767 1507 841 pauperioribus
1563 780 1700 837 pra«

104 864 285 920 buere
317 865 625 933 coquinam.

181 956 431 1031 [ΠΝ]
471 956 743 1029 Legantur
780 956 977 1027 ubique
1022 954 1260 1028 gentium
1296 954 1462 1010 urbes
1506 953 1697 1009 obses-

104 1066 203 1112 sa,
238 1051 705 1121 historiarumque
758 1062 998 1108 veterum
1031 1049 1361 1105 universitas
1394 1055 1695 1110 retexatur,

103 1159 379 1213 quosnam
411 1144 637 1215 populos
661 1144 963 1200 valebimus
988 1144 1251 1210 invenire,
1284 1142 1375 1212 qui
1409 1156 1439 1195 a
1471 1146 1697 1211 paterna

103 1234 338 1304 regione
374 1236 609 1301 exsules,
662 1250 788 1307 erga
833 1244 1011 1291 tantas
1037 1234 1361 1305 indigentias
1395 1232 1699 1301 pertinaces

101 1337 279 1396 atque
301 1330 444 1392 duri,
491 1331 628 1385 adeo
656 1329 933 1399 potuerint
984 1334 1395 1397 perseveranter
1431 1318 1699 1377 existere?

98 1416 283 1475 Plane
312 1420 358 1476 si
406 1417 643 1492 Trojana
686 1421 948 1476 decennio
993 1435 1090 1475 suo
1138 1418 1365 1474 illustris
1410 1414 1699 1483 obiiciatur

97 1509 352 1574 obsidio,
380 1512 534 1566 datas
568 1511 814 1582 profecto
839 1511 1056 1565 vicariae
1103 1508 1415 1565 securitatis
1456 1518 1699 1574 sapeuu-

97 1614 269 1655 mero
312 1602 439 1657 hinc
468 1603 701 1672 indeque
747 1602 1069 1673 profitemur
1094 1601 1359 1663 inducias,
1400 1599 1456 1653 in
1503 1596 1699 1665 quibus

98 1701 162 1747 et
184 1692 567 1750 hebetatarum
596 1695 789 1750 virium
815 1694 1196 1749 reficiebantur
1221 1691 1489 1754 acumina,
1522 1695 1577 1743 et
1606 1686 1701 1741 sti-

94 1785 438 1855 pendiorum
472 1786 743 1842 aﬂluentia
775 1796 937 1842 terra
983 1802 1049 1842 ac
1096 1786 1270 1856 pelagi
1312 1780 1699 1852 cooperatione

1874 582 1942 636 Et
1985 589 2133 637 certe
2180 580 2351 636 multo
2404 580 2682 639 meliorem
2724 582 2840 654 ejus
2886 581 3067 654 fugam
3116 583 3385 652 arbitror,-

1800 688 1919 744 qua
1964 674 2219 730 indecens
2259 674 2460 729 factum
2498 676 2741 747 martyrii
2770 675 3091 747 repensione
3114 677 3375 744 correxit,

1800 780 1962 837 quam
1989 780 2176 821 eorum
2207 768 2689 837 perseverantiam,
2717 783 2947 838 quorum
2986 768 3196 825 reditus
3237 782 3297 824 se
3321 767 3379 823 in

1803 859 1969 915 totius
2013 858 2286 930 spurcitia
2323 867 2380 913 et
2430 854 2655 916 sceleris
2706 860 2971 931 profunda
3032 859 3278 926 deﬂexit;
3331 858 3385 916 si

1800 960 1982 1008 tamen
2013 952 2135 1023 fuga
2170 951 2275 1007 dici
2311 952 2498 1007 debuit
2538 952 2629 1008 ubi
2669 962 2843 1019 certa,
2874 962 2935 1009 ut
2970 954 3188 1020 dicitur,
3222 953 3381 1026 agri-

1801 1044 1931 1099 tudo
1962 1042 2220 1113 praetendi
2253 1044 2447 1113 potuit.
2477 1043 2611 1111 Quis
2640 1044 2893 1100 comitem
2945 1044 3277 1115 Stephanum
3323 1051 3380 1101 et

1800 1136 2075 1207 Hugonem
2100 1151 2372 1208 maguum,
2396 1136 2714 1206 quihusdam
2743 1151 2929 1193 eorum
2952 1136 3046 1208 qui
3071 1150 3383 1207 persevera-

1798 1246 1948 1295 vere,
1977 1230 2046 1285 ob
2077 1230 2180 1285 hoc
2208 1229 2394 1300 utique
2424 1230 2549 1299 quia
2580 1230 2785 1285 redisse
2819 1229 2920 1284 visi
2972 1236 3124 1295 sunt,
3154 1242 3377 1299 compa-

1800 1322 1996 1378 rabiles
2021 1323 2239 1389 dixerit,
2270 1337 2500 1392 quorum
2534 1330 2686 1377 tanta
2733 1322 2993 1378 honestas
3041 1334 3254 1391 semper
3280 1333 3380 1374 ex-

1799 1412 1979 1469 Stitit?
2012 1413 2163 1468 Finis
2191 1413 2256 1467 ad
2284 1413 2443 1483 hujus
2470 1411 2585 1475 rei,
2616 1412 2685 1467 de
2721 1427 2828 1481 qua
2877 1410 3254 1476 criminantur,
3291 1421 3388 1462 ex-

1800 1503 2134 1558 secutionem
2161 1503 2297 1558 adeo
2324 1501 2521 1558 claruit
2564 1510 2624 1556 ut
2672 1502 2740 1556 de
2771 1501 2858 1557 bis
2883 1499 2998 1570 jam
3030 1514 3223 1557 secura
3261 1498 3382 1554 laus

1800 1595 2011 1650 cantari
2037 1594 2237 1664 possit;
2275 1593 2490 1649 illorum
2526 1608 2656 1649 vero
2677 1593 2811 1659 vita,
2838 1591 3085 1648 omnium
3116 1592 3384 1646 bonorum

1798 1689 1973 1757 pudor
1994 1688 2081 1742 sit.
2102 1686 2464 1741 Attendamus
2494 1684 2635 1751 illos,
2658 1685 2752 1755 qui
2776 1686 2842 1740 de
2866 1683 3381 1756 Hierosolymitana,

1800 1778 1927 1849 quia
1957 1778 2029 1832 ibi
2062 1778 2445 1842 interfuerunt,
2474 1777 2796 1848 captivitate
2829 1776 3170 1847 superbiunt,
3212 1782 3268 1828 et
3302 1772 3387 1828 νίς

98 1880 406 1935 successit.
438 1881 504 1936 Et
532 1882 577 1935 si
633 1881 844 1949 aliquos
881 1880 1169 1949 aliquando
1214 1880 1488 1940 obsessos,
1519 1874 1698 1943 aliqua
1731 1863 1775 1918 Β
1800 1868 2052 1924 debimus
2080 1872 2208 1939 quia
2247 1870 2299 1923 in
2347 1868 2587 1941 ﬂagitiis,
2634 1868 3053 1938 proditionibus,
3107 1864 3383 1937 periuriis,

96 1970 327 2038 uspiam
354 1971 546 2026 inedia
577 1973 795 2042 contigit
838 1972 1124 2042 pertulisse
1150 1970 1487 2033 discrimina,
1537 1965 1697 2020 nimi-

96 2076 238 2116 rum
264 2060 320 2116 id
365 2062 598 2117 tulerunt
643 2079 741 2133 pro
769 2063 1017 2119 libertate
1046 2064 1266 2127 tuenda,
1314 2076 1436 2117 cum
1469 2072 1698 2127 (corpo-

95 2165 234 2205 rum
273 2159 328 2205 et
363 2152 553 2221 patriae
596 2152 839 2208 defensio
884 2168 996 2223 pra
1040 2152 1291 2208 omnibus
1345 2150 1569 2205 omnino
1623 2147 1697 2202 sit

97 2241 282 2297 rebus
326 2241 589 2297 habenda.
624 2263 642 2296 ι
690 2243 752 2298 Hi
804 2243 949 2298 nulla
992 2244 1214 2299 libidine
1267 2243 1389 2313 plus
1430 2240 1691 2307 habendi,

98 2328 408 2401 11110415
437 2331 538 2385 sub
563 2332 783 2387 obtentu
833 2349 935 2403 pro
977 2335 1086 2389 Deo
1106 2333 1323 2405 egendi,
1376 2347 1406 2386 a
1460 2330 1693 2386 naturali

100 2421 325 2477 diducti
348 2432 473 2477 sunt
511 2424 645 2486 solo.
672 2427 725 2481 hi
777 2435 836 2481 ut
866 2427 1073 2481 divinas
1122 2427 1189 2481 ah
1225 2425 1483 2481 Ecclesiis
1506 2424 1698 2479 amoli-

100 2512 311 2566 rentur
335 2514 580 2582 injurias,
603 2531 696 2570 cas
733 2515 1002 2581 ciborum,
1034 2516 1402 2580 accubituum,
1438 2513 1698 2570 excubia-

102 2621 262 2669 rum,
304 2605 589 2676 frigorum,
637 2607 1051 2678 pluviarumque
1098 2609 1407 2664 sustinuere
1439 2606 1693 2661 miserias

104 2699 580 2771 indelicientisque
622 2700 831 2756 timoris
876 2698 1172 2773 angustias,
1224 2718 1357 2771 quas
1414 2715 1442 2754 a
1498 2699 1695 2754 saeculo

110 2804 462 2861 nequaquam
503 2806 691 2859 passas
742 2792 862 2861 quis
890 2792 1228 2848 audieritvel
1283 2793 1475 2863 legerit
1506 2801 1695 2861 gentes

110 2878 280 2934 ullas.
309 2878 377 2934 Et
400 2881 544 2951 quod
586 2880 761 2950 majus
794 2882 1128 2952 dignoscitur
1158 2893 1419 2952 prastare
1466 2884 1695 2938 miracu-

112 2975 259 3043 lum,
307 2991 425 3031 cum
459 2976 596 3031 intra
648 2978 895 3047 proprios
938 2977 1111 3032 adhuc
1173 2987 1488 3031 tenerentur
1537 2977 1693 3042 fines,

114 3068 212 3122 vix
242 3067 297 3120 in
350 3067 430 3122 sui
478 3068 621 3139 regis
660 3068 903 3123 exercitu
956 3068 1116 3122 tridui
1146 3068 1322 3136 spnliu
1348 3068 1695 3137 patiebantur

117 3158 377 3225 tentoria,
396 3158 559 3213 etiam
580 3173 703 3214 cum
729 3175 832 3213 non
865 3160 1130 3215 excedere
1159 3168 1483 3227 cogerentur
1509 3174 1538 3211 a
1572 3172 1695 3226 pro-

119 3250 321 3306 vincia.
344 3250 629 3317 Nullus,ut
655 3252 888 3316 astimo,
921 3266 1111 3306 eorum
1151 3252 1241 3319 qui
1277 3250 1348 3304 illi
1374 3250 1696 3321 subjacuere

118 3338 362 3416 periculo
396 3343 637 3410 exstitit,
682 3344 773 3414 qui
810 3344 1112 3399 anxietates
1164 3335 1342 3398 valeat
1391 3344 1694 3397 animorum

58 3484 59 3487 η
118 3447 517 3503 corporumque
566 3444 830 3491 tormenta
875 3435 1115 3491 recolere
1178 3451 1299 3505 qua
1338 3452 1432 3491 eos
1496 3436 1693 3491 ibidem

118 3525 413 3596 contigerit
458 3525 706 3582 tolerare.
739 3527 865 3583 Hac
904 3530 1326 3597 animadversio,
1359 3529 1553 3600 viginti
1598 3545 1694 3585 sex

119 3616 314 3673 diebus
333 3617 605 3676 continuis
633 3620 969 3690 perduravit.

732 3710 961 3767 CAPUT
1004 3711 1088 3768 Vl.

190 3796 411 3873 [XXVJ
453 3798 749 3870 Stephanus
793 3817 963 3856 comes
1009 3802 1270 3857 Blesensis
1322 3802 1472 3858 extra
1522 3805 1700 3860 urbem

120 3890 498 3946 Antiochenam
541 3893 667 3963 quid
703 3904 933 3963 gesserit.
983 3927 1056 3937 -—
1096 3896 1172 3950 Eo
1201 3906 1441 3966 tempore
1471 3898 1701 3966 Stepha-

119 3999 224 4039 nus
248 3983 517 4039 Blesensis
540 4000 743 4051 comes,
779 3989 860 4041 vir
883 3988 1063 4044 inultae
1095 3991 1368 4057 quondam
1402 3991 1697 4055 modestia,

119 4074 419 4145 magnique
461 4078 695 4142 consilii,
739 4094 896 4147 quem
947 4080 1229 4135 universus
1281 4082 1381 4135 sibi
1431 4083 1702 4137 exercitus

120 4165 403 4235 delegerat
454 4179 863 4238 praceptorem,
918 4173 1027 4225 acri
1076 4187 1133 4226 se
1183 4173 1472 4241 perhibens
1515 4177 1700 4228 morbo

117 4256 445 4324 detentum,
500 4270 788 4332 antequam
840 4262 1142 4319 Antiochia
1198 4266 1397 4319 nostris
1442 4268 1704 4333 patuisset

118 4347 407 4414 introitus,
437 4350 488 4404 in
518 4354 787 4421 quoddam
821 4366 1172 4410 concesserat
1198 4357 1527 4425 oppidulum.
1559 4359 1702 4427 quod

113 4452 344 4500 constat
373 4443 808 4501 Alexandriolam
841 4449 1155 4502 vocitatum.
1189 4449 1355 4519 Capta
1390 4465 1517 4505 vero
1547 4452 1700 4515 urbe,

1798 1980 1957 2022 nemo
1977 1981 2165 2021 eorum
2191 1965 2350 2021 alicui
2376 1980 2434 2020 se
2457 1964 2662 2035 patitur
2683 1979 2803 2020 esse
2828 1964 3148 2020 secundum.
3173 1959 3385 2015 Horum

1798 2059 2071 2114 anteriora
2125 2076 2188 2116 ac
2218 2060 2521 2131 posteroria
2565 2060 2814 2116 redolere
2864 2058 3166 2129 probantur
3214 2056 3387 2111 hone-

1798 2161 1963 2208 stum.
1990 2153 2090 2217 llli,
2114 2171 2133 2205 ι
2164 2153 2289 2223 quia
2316 2152 2651 2209 Hierusalem
2688 2152 2924 2208 viderint
2955 2159 3012 2205 et
3055 2148 3382 2219 sepulcrum,

1798 2253 1989 2315 putant
2024 2245 2090 2299 de
2133 2255 2331 2301 caetero
2371 2245 2470 2301 sibi
2506 2258 2700 2301 secure
2750 2242 3072 2299 criminibus
3126 2241 3385 2297 insisten-

1797 2338 1945 2402 dum,
1985 2356 2004 2391 ι
2043 2345 2099 2392 et
2124 2338 2328 2393 sanctis
2366 2339 2431 2393 ad
2469 2337 2553 2392 sui
2579 2336 3041 2405 comparationem
3070 2331 3381 2387 hominibus

1797 2429 2170 2501 improperaut
2197 2430 2450 2495 reditum,
2490 2444 2613 2495 nec,
2651 2444 2773 2484 sese
2811 2443 2910 2498 per
2938 2425 3145 2483 scelera
3172 2422 3384 2480 inﬁnita

1796 2522 2134 2591 potentibus,
2166 2536 2354 2577 eorum
2388 2520 2548 2576 finem
2583 2521 2934 2578 considerant
2964 2514 3387 2588 praedicandum.

1799 2613 1906 2669 Sed
1954 2615 2041 2671 his
2097 2614 2347 2682 omissis,
2398 2621 2591 2684 captae
2637 2613 2802 2670 seriei
2859 2610 3205 2667 intendamus
3254 2604 3390 2661 arti-

1796 2707 1995 2764 Culum.

1868 2799 2105 2873 [XXVL]
2148 2799 2469 2873 Digrediens
2493 2815 2623 2872 ergo
2649 2801 2718 2855 ab
2743 2793 3125 2853 Alexandriola
3156 2790 3393 2848 munici-

1795 2892 1885 2963 pio
1914 2907 2033 2958 suo,
2065 2907 2252 2948 comes
2282 2892 2477 2960 isdem,
2510 2894 2574 2946 ad
2604 2907 2726 2947 eam
2759 2890 2971 2954 urbem,
2999 2902 3120 2957 qua
3146 2882 3388 2954 appella-

1798 2989 1887 3034 tur
1914 2980 2255 3044 Philumena,
2298 2984 2566 3052 pervenit.
2604 2980 2723 3036 Jam
2759 2978 3069 3051 imperatori
3102 2973 3387 3048 tyrannica

1804 3086 2017 3143 captam
2048 3074 2394 3129 Antiochiam
2427 3075 2605 3129 luerat
2630 3075 2962 3141 nuntiatum,
2983 3086 3092 3142 quo
3121 3070 3238 3140 ipse
3263 3079 3387 3121 cum
3462 3102 3466 3106 -

1801 3166 1984 3220 multis
2012 3167 2182 3237 copiis
2212 3167 2557 3223 accelerabat
2595 3168 2718 3233 iter,
2749 3167 3027 3222 aestimans
3056 3178 3117 3219 se
3152 3176 3184 3215 a
3212 3159 3403 3215 Fran-t

1802 3258 1880 3313 cis
1910 3272 2028 3312 eam
2062 3258 2182 3313 sine
2209 3259 2373 3316 dubio
2404 3271 2773 3330 recepturum.

1872 3349 2168 3420 Imperator
2200 3352 2322 3405 odio
2366 3352 2608 3408 Francos
2646 3350 2887 3421 persequi
2929 3345 3274 3419 dignoscitur.
3318 3370 3385 3384 —

1801 3441 1995 3498 Comes
2026 3442 2207 3511 itaque
2243 3458 2365 3498 cum
2395 3443 2694 3514 principem
2726 3439 3138 3512 cupidissimum
3168 3434 3388 3492 obviam

1801 3532 2100 3597 habuisset,
2133 3542 2190 3587 et
2216 3532 2307 3589 ille
2340 3533 2408 3589 de
2439 3542 2582 3588 statu
2615 3532 2943 3589 Christiana
2972 3529 3180 3584 militia
3220 3541 3286 3581 ac
3313 3523 3391 3579 ci-

1800 3625 1986 3681 vitatis
2017 3626 2240 3694 proditae
2276 3642 2399 3682 eum
2435 3626 2777 3698 requisisset,
2823 3639 3007 3681 comes
3037 3621 3226 3691 utique
3260 3633 3390 3689 eap-

1804 3728 1911 3774 tam
1941 3719 2130 3773 urbem
2156 3719 2379 3775 minime
2418 3720 2654 3782 reticuit,
2707 3727 2947 3774 castrum
2990 3730 3123 3770 vero
3172 3712 3383 3767 Turcos

1802 3808 1979 3862 adhuc
2008 3807 2244 3865 retinere
2288 3810 2586 3879 perhibuit.
2632 3830 2653 3863 ι
2703 3810 2832 3876 Sed,
2887 3808 3023 3879 proh
3075 3804 3257 3862 dolor!
3290 3804 3392 3871 ait,

1802 3903 2057 3972 gaudium
2096 3904 2335 3958 civitatis
2359 3904 2617 3968 obtenta,
2648 3904 2844 3957 iterata
2880 3900 3119 3957 turbavit
3156 3897 3391 3963 obsidio,

1804 3994 1928 4047 dum
1958 3995 2047 4063 qui
2081 3995 2287 4050 Turcos
2324 3995 2534 4064 pridem
2566 3994 2914 4061 obsederant,
2945 3993 3065 4049 vice
3114 3984 3389 4045 miserabi-

1805 4085 1925 4139 liter
1950 4097 2301 4150 commutata,
2327 4088 2832 4158 circumcinguntur
2854 4103 2883 4140 a
2911 4084 3123 4140 Turcis.
3149 4080 3391 4149 Qualiter

1806 4188 1986 4233 autem
2032 4188 2320 4248 postquam
2348 4179 2474 4233 inde
2502 4179 2822 4234 recesserim
2851 4192 2909 4232 se
2933 4181 3184 4247 egerunt,
3217 4173 3392 4226 incer-

1809 4278 1919 4323 tum
1950 4270 2146 4325 habeo.
2182 4290 2200 4322 ι
2238 4270 2362 4324 Hac
2400 4270 2615 4338 quidem
2644 4278 2855 4324 secreto
2884 4266 3115 4337 principi
3141 4278 3170 4317 a
3196 4260 3391 4317 comite

1806 4371 1931 4417 sunt
1950 4370 2222 4433 suggesta.
2251 4363 2323 4415 At
2351 4360 2643 4429 imperator
2672 4361 2787 4414 hac
2813 4358 3060 4421 audiens,
3096 4361 3150 4409 et
3191 4351 3260 4407 ab
3297 4362 3391 4419 spe

1808 4454 1892 4509 cui
1927 4455 2262 4509 innitebatur
2291 4453 2567 4517 decidens,
2598 4450 2899 4507 Guidonem
2938 4445 3236 4504 Boemundi
3274 4457 3390 4513 ger-

112 4546 170 4592 et
235 4551 432 4591 rursus
476 4538 717 4603 obsessa,
767 4555 888 4593 cum
919 4541 1145 4597 comites
1171 4540 1517 4597 Christianos
1561 4543 1701 4598 intra
1735 4558 1781 4617 υ
1809 4562 2050 4613 manum,
2072 4548 2247 4602 virum
2281 4546 2502 4602 militari
2534 4546 2823 4601 vivacitate
2844 4543 3216 4614 conspicuum,
3236 4551 3391 4609 quos-

114 4630 323 4684 urbem
378 4629 509 4683 diris
547 4630 947 4686 calamitatibus
984 4634 1337 4701 comperisset
1383 4635 1585 4704 urgeri,
1619 4651 1705 4691 ue-

109 4720 389 4777 cessilate
418 4722 599 4776 nescio
622 4737 686 4775 an
712 4723 987 4777 voluntate
1014 4726 1116 4779 huc
1139 4740 1309 4793 usque
1331 4726 1537 4780 distulit
1560 4728 1708 4781 auxi-

107 4816 259 4869 lium
329 4813 497 4882 ipsius
547 4815 940 4884 prastolantes.
992 4816 1108 4886 Ipse
1149 4833 1296 4876 vero.
1350 4817 1437 4872 ubi
1487 4819 1705 4876 edidicit

106 4908 427 4963 ancorum
476 4908 724 4961 examina
773 4910 1005 4963 civitatis
1056 4925 1155 4979 pro
1195 4912 1466 4966 manibus
1515 4927 1707 4967 conse-

106 5002 292 5060 disse,
327 4998 516 5053 callide
542 5001 608 5053 ad
640 5009 893 5055 montana
934 5003 1218 5070 processit,
1248 5013 1304 5058 et
1331 5019 1575 5073 quanam
1608 5006 1707 5060 bo-

106 5093 291 5150 stium
318 5092 484 5160 copia
512 5092 843 5148 haberentur
874 5096 1125 5149 attendit.
1156 5094 1291 5150 Cum
1334 5112 1461 5168 ergo
1492 5099 1710 5168 papilio-

106 5188 290 5243 nibus
318 5201 440 5239 rura
468 5196 653 5256 operta
694 5189 1063 5257 conspexisset
1096 5189 1415 5256 innumeris,
1475 5191 1705 5244 humana

110 5289 313 5332 tactus
344 5278 689 5348 cogitatione,
734 5282 981 5343 recessit,
1029 5280 1157 5335 dum
1189 5283 1419 5337 aestimat
1463 5282 1604 5349 quod
1655 5282 1709 5336 in

110 5368 267 5423 urbe
288 5366 557 5422 conclusis
579 5383 897 5423 succurrere
919 5369 1001 5423 vis
1030 5371 1336 5425 mortalium
1360 5369 1502 5423 nulla
1520 5372 1707 5440 possit.

76 5530 81 5535 .
112 5458 227 5513 Vir
272 5470 507 5525 namque
541 5473 736 5527 expers
766 5461 931 5513 totius
961 5460 1220 5525 levitatis,
1252 5459 1410 5528 fugax
1459 5460 1708 5531 ignaviae,

114 5555 179 5601 et.
216 5560 407 5601 amore
444 5550 923 5616 prastantissimus
951 5550 1214 5611 veritatis,
1240 5551 1364 5606 dum
1413 5566 1473 5605 se
1511 5566 1713 5621 nequa-

114 5652 295 5709 quam
317 5637 398 5692 eis
419 5638 708 5693 subvenire
729 5655 885 5710 posse
908 5641 1231 5706 astimat,et
1254 5641 1374 5696 illos
1396 5642 1708 5708 morituros,

116 5731 272 5787 sicut
311 5730 722 5787 circumstantia
774 5734 1091 5799 testabatur,
1136 5748 1241 5789 non
1272 5733 1501 5797 dubitat,
1532 5734 1580 5787 si
1608 5732 1709 5786 sibi

116 5824 373 5884 interim.
414 5826 736 5897 provideat,
786 5828 922 5889 nihil
964 5827 1191 5885 infamia
1244 5830 1463 5901 dignum
1528 5842 1590 5884 se
1626 5827 1710 5883 fa-

1809 4638 2044 4707 damque
2084 4638 2220 4693 alios
2258 4645 2470 4701 evocat,
2508 4651 2733 4706 remque
2763 4634 2932 4691 multo
2959 4632 3200 4689 deterius
3229 4640 3393 4699 quam

1809 4744 1993 4784 comes
2020 4729 2068 4784 ei
2113 4730 2346 4794 dixerat,
2385 4729 2717 4784 manifestat.
2768 4747 2786 4777 ι
2821 4727 2984 4795 Quid,
3020 4724 3219 4796 inquit,
3250 4720 3396 4776 facto

1806 4835 1943 4891 opus
1970 4834 2091 4875 esse
2121 4820 2453 4877 decernitis?
2480 4820 2678 4875 Franci
2719 4818 3061 4875 atrocissima
3090 4815 3393 4871 Turcorum

1808 4910 2091 4966 obsidione
2118 4919 2464 4980 premuntur,
2509 4920 2604 4966 aut
2651 4910 2906 4978 fortasse,
2936 4908 3049 4980 jam
3080 4921 3268 4965 eorum
3305 4918 3390 4959 oe-

1808 5004 2043 5059 cubuere
2076 5004 2457 5069 mucronibus,
2490 5018 2586 5059 seu
2633 5006 2799 5060 etiam
2844 5020 2945 5075 per
2984 5004 3231 5059 diversas
3269 5000 3393 5051 sunt

1808 5094 2116 5167 provincias
2156 5095 2286 5168 jugo
2342 5104 2559 5152 aterna
2612 5095 2942 5167 captivitatis
2991 5090 3208 5148 addicti.
3258 5085 3394 5175 Quia

1810 5202 1938 5258 ergo
1975 5188 2270 5243 deferendo
2311 5187 2392 5242 eis
2422 5187 2675 5257 prasidio
2726 5186 2856 5241 nihil
2910 5182 3066 5238 nobis
3115 5177 3393 5251 potentia,

1810 5288 1902 5332 aut
1941 5266 2366 5348 opportunitatis
2401 5279 2629 5345 arridet,
2678 5274 2982 5348 prasertim
3021 5285 3143 5326 cum
3175 5270 3221 5325 si
3263 5281 3393 5338 pro-

1810 5368 2052 5438 gressius
2094 5385 2299 5435 eamus,
2343 5372 2639 5426 verendum
2676 5366 2829 5422 nobis
2858 5366 2950 5430 sit,
2982 5376 3052 5418 ne
3080 5377 3180 5418 nos
3204 5359 3394 5417 Turcis

3267 369 3387 434 766‘
3476 424 3477 427 η

3412 4594 3433 4621 ν

1809 5460 2224 5515 occurrentibus
2251 5475 2566 5531 pereamus,
2599 5460 2643 5513 si
2674 5467 2870 5512 vestra
2910 5454 3209 5527 prudentia
3239 5451 3423 5506 videm

1811 5561 1901 5607 tur
1927 5553 2201 5617 idoneum,
2235 5563 2591 5606 revertamur.
2627 5569 2647 5604 ι
2692 5549 2816 5604 Hac
2855 5549 3062 5612 dicens,
3098 5540 3394 5618 perfidissi-

1811 5660 1934 5700 mus
1957 5644 2090 5714 ipse,
2122 5644 2241 5700 sine
2267 5642 2432 5700 dubio
2451 5643 2873 5713 jucundabatur,
2906 5642 3032 5713 quia
3064 5639 3269 5711 perisse
3300 5651 3394 5692 au:

1813 5739 2008 5803 dierat,
2058 5753 2195 5808 quos
2239 5753 2348 5796 non
2402 5736 2599 5793 minori
2647 5750 2809 5809 quam
2849 5735 3057 5795 Turcos
3090 5727 3393 5791 invidentia

1811 5832 2219 5891 exsecrabatur.
3379 5836 3385 5847 '
