3980 6324
653 381 767 441 767
1510 371 1575 428 γ.
1608 370 1946 431 ϐῐΠΒΕΒΤῙ
1979 370 2225 428 ABBATI

2259 370 2274 429 ἱ
2307 369 2368 429 S.
2412 367 2652 426 MANE
2687 368 2780 427 DE
2804 368 3200 429 NOVIGENTO
3754 391 3831 455 τε,

725 486 989 564 [XXV/1L}
1019 486 1088 543 At
1109 486 1285 543 Guido
1314 483 1499 541 audito
1523 483 1709 542 fratris
1739 487 2037 544 Boemundi
2063 486 2229 541 Fran-
2262 488 2310 547 A
2334 491 2390 540 et
2414 484 2551 539 alias
2582 483 2636 539 in
2664 484 2745 540 eis
2776 485 3066 541 anxietatis
3088 494 3145 541 et
3170 485 3299 543 dirae
3328 491 3667 553 quaerimonite
3688 515 3829 567 voces,

653 598 947 653 eorumque
976 579 1310 646 discrimine,
1342 587 1450 632 tam
1484 578 1596 647 ipse
1620 594 1783 649 quam
1832 580 2127 635 familiares
2170 593 2234 634 ac
2337 575 2711 631 ferocissimus
2739 576 2892 633 dolor
2920 589 3262 649 expresserat
3284 580 3339 635 in
3364 592 3573 652 tantum,
3610 600 3660 644 ut
3685 592 3831 656 inloto

650 676 947 734 necessarii
984 674 1101 744 ejus
1144 672 1639 729 vehementissimis
1670 674 1959 743 ejulatibus
1988 673 2231 743 complo-
2316 684 2498 755 quem
2539 670 2942 741 tyrannusille
2989 672 3244 728 ductabat
3289 678 3540 745 exercitu,
3584 684 3694 740 nulli
3733 704 3830 758 pene

650 776 853 832 rantes,
901 767 1067 822 etiam
1126 765 1386 821 adversus
1439 763 1614 833 ipsum
1653 764 1962 829 Dominum,
2019 772 2233 833 sumpta
2337 761 2739 832 episcoporum,
2796 763 3074 831 abbatum,
3127 763 3457 833 clericorum,
3502 771 3742 845 laicorum,
3775 785 3830 837 ni.

642 856 755 930 iam
787 860 1007 924 merito,
1041 858 1408 929 utputabant,
1439 854 1693 927 iurgandi
1717 856 1964 922 audacia,
1998 870 2236 925 conquc-
2336 854 2559 909 mietate
2608 854 2846 924 stuporis
2898 855 3139 926 absorpti
3168 895 3183 922 ,
3237 858 3489 915 auderent
3533 878 3619 933 per
3668 867 3830 939 aliquos

647 950 928 1016 rebantur,
981 950 1227 1007 dicentes
1267 966 1281 1003 :
1322 967 1341 1000 ‹
1374 950 1516 1003 Deus
1560 948 1923 1016 omnipotens,
1966 945 2232 1014 judicium
2336 944 2509 1001 Deum
2547 946 2801 1002 invocare
2830 947 2967 1003 dies.
3006 946 3181 1003 Guido
3216 956 3392 1004 autem
3430 951 3601 1011 fratris
3625 961 3830 1017 unanimi-

647 1041 803 1111 cujus
826 1043 995 1115 416
1021 1057 1053 1096 a
1110 1051 1261 1098 recto
1294 1056 1568 1111 nunquam
1616 1042 1907 1106 exorbitat,
1942 1040 2030 1110 qui
2071 1054 2233 1110 super
2345 1049 2539 1107 tatem,
2576 1042 2822 1112 tantique
2860 1042 3121 1113 principis
3156 1044 3630 1114 magnanimitatem
3669 1053 3723 1105 ad
3753 1069 3831 1111 ine-

647 1143 853 1188 sortem
896 1130 1171 1201 justoruin
1228 1132 1375 1187 nullo
1424 1132 1588 1186 modo
1636 1138 1984 1201 peccatorum
2017 1137 2231 1198 sceptra
2335 1134 2564 1188 moriam
2603 1133 2911 1201 reducens,
2960 1134 3240 1205 replicatis
3272 1135 3630 1193 miserabiliter
3668 1143 3829 1210 optimis

645 1227 931 1298 relinquis,
958 1244 1057 1283 cur
1086 1227 1364 1299 populum,
1388 1228 1479 1297 qui
1508 1236 1780 1297 parentes,
1821 1241 2039 1290 uxores,
2072 1225 2230 1292 ﬁlios,
2337 1225 2439 1280 viri
2466 1225 2844 1295 qualitatibus,
2869 1240 3165 1283 maerorem
3196 1226 3442 1282 intimum
3471 1228 3640 1287 multis
3672 1232 3829 1290 ululati-

647 1321 888 1378 honores
938 1321 1192 1387 eximios,
1243 1322 1420 1378 solum
1482 1321 1729 1375 naturale
1777 1321 2090 1390 reliquerat,
2124 1322 2233 1377 imo
2335 1318 2441 1374 bus
2469 1318 2816 1387 personabat.

647 1432 750 1488 pro
780 1418 854 1473 tui
877 1418 1146 1475 desiderio
1172 1433 1292 1473 sese
1319 1416 1652 1486 quotidianis
1681 1415 1933 1472 crucibus
1961 1416 2232 1485 mortique
2405 1412 2677 1471 Praeterea
2717 1412 2772 1468 in
2807 1412 2980 1468 reditu
3011 1412 3220 1483 positus
3245 1412 3549 1484 imperator,
3574 1416 3699 1482 dum,
3718 1426 3828 1489 rupto

650 1508 966 1575 tradiderat,
992 1509 1350 1565 nefandorum
1379 1510 1656 1563 hominum
1684 1508 1878 1579 gladiis
1900 1508 2230 1574 feriendum,
2332 1504 2670 1563 Francorum
2699 1505 3004 1571 obstaculo,
3051 1506 3259 1562 Turcos
3286 1506 3503 1562 liberius
3531 1509 3702 1579 passim
3722 1510 3829 1567 ober-

645 1597 852 1669 absque
900 1599 1142 1656 subsidio
1187 1609 1292 1656 tua:
1330 1584 1685 1669 protectiouis
1716 1599 2020 1668 objeceris?
2064 1599 2233 1656 Plane
2337 1608 2558 1655 raturos
2578 1598 2688 1668 jam
2706 1598 2929 1669 jamque
2948 1598 3229 1665 formidat,
3258 1599 3344 1655 his
3367 1600 3456 1669 qui
3476 1600 3572 1656 sibi
3600 1601 3828 1660 militabant

643 1693 690 1748 si
722 1707 909 1748 verum
941 1691 1058 1749 fore
1087 1694 1395 1750 constiterit
1425 1701 1484 1749 ut
1511 1693 1587 1749 ita
1617 1708 1711 1749 eos
1741 1694 1935 1749 siveris
1988 1691 2231 1764 profanis
2333 1689 2644 1747 hominibus
2676 1691 2907 1761 imperat
2936 1710 2989 1746 τι
3021 1693 3118 1758 lte,
3142 1693 3338 1762 inquit,
3364 1701 3420 1748 et
3446 1693 3681 1763 imperiali
3702 1696 3826 1753 edicto

645 1785 900 1841 manibus
937 1785 1327 1843 internecionis
1360 1787 1527 1842 exitio
1567 1786 1729 1853 tradi,
1771 1802 1929 1856 quem
1975 1787 2229 1855 deinceps
2334 1784 2500 1840 totius
2533 1786 2767 1856 regionis
2805 1787 2963 1855 hujus
2997 1787 3246 1842 homines
3274 1787 3473 1858 cogite,
3514 1786 3728 1843 universa
3746 1788 3857 1859 Βυι,

644 1874 887 1943 reperies
914 1876 1026 1931 tuis
1061 1876 1332 1931 mandatis
1360 1876 1743 1946 obtemperare
1780 1876 2074 1942 volentem,
2101 1891 2227 1933 cum
2261 1878 2307 1938 B
2335 1876 2498 1947 garize
2520 1876 2636 1932 loca
2668 1886 2897 1943 vastate,
2929 1887 2989 1933 ut
3018 1893 3140 1932 cum
3169 1875 3330 1932 Turci
3362 1877 3645 1947 provincias
3673 1888 3826 1935 nostras

645 1975 699 2023 te
739 1968 805 2023 ad
843 1975 965 2026 tuos
1012 1970 1408 2033 defendendum
1465 1972 1706 2026 universi
1754 1972 1947 2026 amodo
1986 1972 2232 2042 judicare
2335 1968 2713 2038 depopulaturi
2744 1968 3125 2036 discurrerint,
3159 1967 3293 2023 nihil
3335 1968 3403 2022 ad
3443 1983 3588 2023 usum
3623 1969 3827 2039 pertinens

644 2058 880 2115 debeant
923 2060 1324 2132 impotentem?
1376 2062 1481 2118 Sed
1524 2072 1661 2118 esto.
1718 2062 1826 2118 Pro
1858 2072 1909 2119 te
1938 2064 2110 2119 occidi
2145 2081 2232 2119 vo.
2334 2062 2456 2118 istic
2494 2063 2714 2118 valeant
2763 2064 3025 2133 reperire.
3063 2081 3082 2115 ›
3129 2060 3347 2117 Vellent
3393 2062 3565 2132 itaque
3595 2061 3768 2125 nollent,
3803 2062 3826 2115 ii

642 2147 833 2217 lueris,
860 2151 1031 2222 gloria
1059 2163 1114 2208 et
1143 2154 1349 2209 honore
1389 2168 1484 2209 eos
1513 2156 1884 2210 coronaveris.
1919 2155 2079 2211 Certe
2127 2156 2231 2211 etsi
2334 2156 2425 2225 qui
2460 2156 2658 2212 nostris
2685 2170 3012 2211 concurrere
3042 2154 3399 2220 festinabant,
3436 2153 3697 2209 Christiani
3728 2154 3828 2209 vide-

640 2239 749 2297 illis
791 2258 954 2316 regna
988 2246 1354 2316 centuplicata
1408 2247 1726 2313 contuleris,
1759 2248 1880 2303 fidei
1914 2258 2093 2304 tamen
2126 2258 2231 2305 tuae
2333 2244 2481 2309 licet,
2518 2246 2718 2300 reverti
2751 2261 2873 2299 cum
2922 2245 3250 2314 imperatore
3276 2253 3563 2315 coguntur.
3602 2244 3654 2298 Et
3686 2242 3826 2297 milites

639 2330 942 2400 hominem,
970 2344 1025 2391 et
1068 2338 1263 2408 capitis
1301 2339 1725 2394 commotionem
1768 2339 2231 2409 opprobriumque
2334 2337 2551 2407 quidem
2604 2345 2932 2407 praaceptum
2992 2337 3365 2407 properabant
3425 2336 3632 2406 implere
3660 2335 3827 2406 tyranni-

647 2424 1038 2493 sempiternnm
1078 2426 1134 2481 in
1183 2427 1433 2496 gentibus
1464 2427 1682 2483 feceris.
1721 2427 2038 2483 Universum
2072 2428 2230 2482 Chri-
2333 2442 2478 2493 cum,
2511 2429 2720 2498 pedites
2745 2442 2845 2500 per
2874 2429 3158 2499 angariam
3190 2427 3557 2497 sequebantur
3581 2426 3823 2491 exercitum,

639 2516 805 2572 stiani
861 2519 1096 2575 nominis
1146 2520 1333 2576 orbem
1386 2530 1645 2577 extremae
1710 2519 2109 2589 desperationis
2168 2535 2233 2575 ac
2332 2528 2388 2573 et
2415 2520 2539 2574 dum
2571 2519 2907 2575 celeritatem
2936 2519 3182 2589 equitum
3215 2519 3435 2590 assequi
3461 2516 3697 2581 affectant,
3730 2516 3828 2571 inex-

641 2604 1043 2665 incredulitatis
1092 2609 1260 2668 fovea:
1317 2612 1629 2676 intrusisti,
1689 2602 2042 2681 nequissimis
2102 2627 2231 2667 vero
2337 2609 2572 2665 tricabili
2604 2624 2725 2666 sese
2755 2610 3090 2665 inﬁrmitatis
3123 2608 3515 2678 impedimento
3550 2606 3824 2679 praeipitant.

640 2694 921 2754 hominum
955 2700 1386 2771 irrefragabilem
1417 2712 1609 2757 contra
1641 2710 1765 2757 tuos
1796 2703 2082 2757 audaciam
2114 2719 2231 2774 per-
2334 2699 2543 2755 Passim
2575 2715 2705 2772 ergo
2736 2702 2872 2756 tanti
2920 2700 3267 2770 impatientes
3312 2699 3511 2755 laboris
3552 2699 3771 2762 deﬁciunt.
3791 2706 3827 2765 et

640 2799 805 2858 petuo
829 2791 1131 2848 contulisti.
1165 2793 1281 2849 Non
1313 2794 1418 2848 erit
1458 2794 1690 2864 denique
1722 2794 1949 2849 ulterius
1972 2796 2104 2865 jam,
2136 2794 2225 2865 qui
2333 2789 2476 2846 inter
2505 2791 2740 2845 eundum
2787 2791 3057 2847 innumeri
3100 2804 3291 2846 eorum
3340 2789 3661 2863 languoribus
3692 2800 3828 2859 appre-

640 2895 893 2952 magnum
919 2885 1050 2954 quid
1081 2886 1147 2941 de
1175 2894 1226 2940 te
1261 2895 1580 2956 przesumat,
1606 2901 1732 2941 cum
1756 2901 1872 2950 eos,
1902 2887 1993 2956 qui
2021 2887 2229 2942 cunctis
2334 2882 2491 2939 hensi
2513 2884 2862 2939 occumbunt.
2897 2883 2952 2938 In
2981 2882 3167 2939 urbem
3198 2882 3438 2953 denique
3470 2879 3827 2950 Constantinopo-

637 2975 957 3032 mortalibus
1007 2978 1298 3048 specialius
1356 2978 1449 3035 tibi
1490 2979 1715 3048 obsequi
1759 2979 2062 3049 putabant,
2115 2988 2225 3033 tam
2332 2974 2559 3030 litanam
2589 2976 2882 3045 repedante
2925 2985 3183 3046 tyranno,
3222 2976 3428 3044 quique
3452 2989 3545 3045 per
3566 2969 3825 3036 Gmciasm

639 3060 865 3134 indigno
894 3068 1079 3123 subrui
1126 3068 1231 3125 ﬁne
1258 3069 1579 3139 conspiciat.
1622 3070 1718 3125 Dic
1765 3084 1917 3140 ergo,
1963 3069 2226 3139 piissime,
2331 3083 2428 3123 sua
2460 3068 2603 3123 unde
2636 3075 2919 3134 venerant,
2976 3074 3316 3124 remearunt.
3350 3063 3452 3121 Hic
3489 3064 3651 3135 itaque
3670 3060 3768 3118 huic
3785 3058 3827 3114 li-

636 3167 744 3223 qua
767 3157 1088 3230 tedeinceps
1112 3159 1187 3214 tui
1211 3159 1390 3217 fronte
1410 3162 1683 3217 vocabunt
1707 3161 1828 3233 [al.,
1852 3159 2226 3233 invocahunt],
2330 3162 2473 3218 bello
2505 3162 2631 3218 ﬁnis
2657 3161 2905 3218 accedat.

635 3258 762 3302 cum
797 3248 874 3303 tui
908 3248 1044 3305 tales
1094 3260 1305 3307 tuorum
1359 3252 1541 3308 exitus
1587 3251 2022 3322 exspectabunt?
2057 3270 2076 3303 ι
2122 3249 2231 3304 llas
2258 3242 2302 3300 C

637 3352 3799 3393 MM

1798 3516 2161 3606 LIBER
2230 3512 2730 3606 SEXTUS.

1153 3848 1383 3911 CAPUT
1419 3849 1712 3910 prmum.
2331 3812 2511 3911 rigore
2545 3812 2819 3911 subducit,
2840 3813 2948 3911 liis
2998 3813 3311 3911 spiritualia
3360 3813 3676 3887 sempiterna:
3697 3804 3824 3866 dabo-

836 3948 869 3954 -.
917 3946 953 3953 .7
1166 3905 1264 3909 "’"
1302 3905 1328 3911 ”
1351 3905 1374 3908 “
1419 3905 1442 3909 “
1464 3905 1711 3910 “““⁷“’”’““
2328 3906 2475 3961 dinis
2508 3905 2794 3962 affectione
2823 3907 3082 3977 disponit.

702 3983 844 4042 Cum
878 3984 934 4041 in
976 3987 1304 4045 authenticis
1333 3990 1580 4046 historiis
1612 3997 1926 4045 sanctorum
1973 3989 2217 4056 Patrum,
2397 3997 2487 4071 [1.]
2528 3998 2756 4065 Lancea,
2786 4001 2850 4054 de
2889 4017 2995 4071 qua
3024 4000 3219 4070 prioris
3252 4000 3377 4055 libri
3406 4016 3521 4070 cap.
3555 3997 3588 4052 4
3625 3991 3821 4064 reperitur.
3898 4026 3899 4071 ἢ

634 4075 749 4134 Deo
773 4087 1017 4145 auctore,
1058 4090 1269 4150 patrata
1302 4084 1440 4139 bella
1477 4084 1784 4155 relegimus,
1824 4093 1880 4138 et
1908 4098 2008 4153 pro
2038 4084 2219 4137 tantil-
2325 4090 2520 4146 Pen-us
2570 4092 2807 4147 Eremita
2831 4093 3082 4163 dirigitur
3107 4094 3178 4146 ad
3206 4092 3430 4148 Turcos.
3466 4120 3537 4132 -
3576 4088 3713 4159 Igitur
3745 4088 3823 4152 post

633 4165 807 4225 lorum
864 4172 1145 4227 hominum
1204 4189 1345 4245 pene
1406 4175 1553 4229 nulla
1616 4175 1731 4230 ﬁde
1772 4183 1918 4230 tanta
1971 4175 2219 4230 evenisse
2324 4184 2492 4239 verba
2518 4183 2664 4238 Petri
2699 4183 2862 4248 illius,
2892 4185 2979 4239 cui
3016 4185 3175 4239 beato
3199 4184 3425 4238 Andr-ea
3447 4184 3823 4251 interpretem

631 4261 1036 4331 perpendimus,
1063 4265 1194 4334 (non
1239 4267 1382 4335 quod
1422 4266 1766 4322 beatissimos
1808 4266 1992 4333 Josue,
2028 4265 2203 4320 David.

2324 4275 2585 4332 lationem
2638 4277 2933 4333 Dominicaa
2967 4276 3173 4333 lanceae
3212 4277 3455 4332 diximus
3492 4276 3688 4331 factam.
3709 4262 3821 4321 ωυῑιι

633 4350 968 4419 Samuelem,
1017 4357 1255 4413 tantillos
1298 4360 1651 4429 appellemus,
1682 4364 1774 4418 sed
1804 4362 1948 4432 quod
1992 4372 2217 4431 excepto
2324 4369 2554 4440 populus
2587 4370 2956 4426 exsultatione
2993 4370 3347 4426 Christianus
3395 4367 3623 4430 invaluit,
3661 4368 3705 4418 et
3731 4353 3821 4412 ιιιιίί

629 4458 818 4535 eorum
859 4448 1076 4515 merito,
1106 4460 1541 4522 caeterorumque
1584 4470 1817 4524 quorum
1851 4472 1996 4511 nunc
2046 4472 2217 4527 usque
2324 4476 2483 4531 quem
2516 4463 2933 4531 praestolabatur
2960 4473 3187 4518 eventus
3219 4461 3534 4535 spectaculo
3556 4459 3617 4513 de
3632 4448 3820 4525 Ρῖοίυπδθ

630 4533 725 4590 Dei
779 4537 1022 4595 Ecclesia
1075 4543 1334 4611 praedicat
1381 4544 1732 4618 claritatem),
1782 4547 1953 4617 plebis
1980 4547 2218 4605 Judaicae
2248 4548 2301 4607 ι)
2325 4553 2722 4624 desperationis
2746 4556 2989 4611 emersit.
3031 4554 3214 4611 Indice
3252 4533 3440 4625 itaque
3469 4552 3574 4617 illo,
3608 4548 3665 4603 ad
3685 4544 3817 4601 locum.

633 4626 1038 4698 despiciendam
1076 4634 1323 4691 ducimus
1362 4639 1653 4694 vanitatem
1683 4640 2085 4697 infelicissimos
2124 4643 2217 4698 ho-
2323 4659 2486 4713 quem
2513 4644 2913 4715 designaverat,
2948 4645 3018 4700 ab
3042 4644 3298 4700 omnibus
3333 4644 3588 4707 curritur,
3619 4645 3665 4693 et
3686 4635 3728 4689 in
3753 4630 3820 4684 Εο·

630 4717 860 4785 minum,
898 4739 997 4793 pro
1027 4725 1159 4781 solis
1194 4727 1305 4783 Deo
1330 4732 1611 4786 ventribus
1641 4734 1962 4798 servientes,
1996 4735 2099 4789 nisi
2131 4752 2218 4790 ra-
2321 4735 2489 4790 clesia
2543 4734 2692 4790 Beati
2751 4736 2899 4793 Petri
2938 4751 3100 4793 secus
3158 4736 3334 4793 altare
3392 4733 3698 4791 Dominicum
3744 4718 3817 4777 ﬁeri

632 4807 709 4863 tio
757 4812 1005 4870 obviaret
1036 4856 1050 4879 ,
1105 4817 1470 4886 placentiores
1524 4822 1634 4877 Deo
1688 4832 1881 4891 putare
1934 4841 2217 4895 possemus
2321 4824 2466 4880 fossa
2511 4825 2748 4897 iubetur.
2804 4826 3087 4883 Tredecim
3132 4841 3263 4896 ergo
3325 4824 3642 4884 hominibus,
3682 4832 3705 4870 tt
3744 4812 3819 4867 Ιυεε

619 4910 795 4994 [quam
825 4904 958 4961 istos
988 4922 1219 4975 quorum
1262 4918 1373 4965 tota
1403 4911 1703 4983 spiritualis
1730 4914 1912 4973 fuerat
1954 4920 2212 4976 servitus.
2317 4910 2513 4987 prima'
2535 4918 2588 4972 in
2630 4932 2949 4986 vesperum,
2997 4919 3246 4974 haustam
3291 4914 3634 4971 efferentibus
3665 4915 3816 4963 terram.

614 4988 737 5085 "Illis
780 5013 1016 5068 namque
1051 5015 1079 5052 a
1111 5001 1225 5056 sola
1260 5003 1563 5062 idololatria
1605 5011 1758 5078 tutis,
1790 5028 2053 5082 prospere
2084 5030 2214 5083 pro-
2321 5010 2485 5065 homo
2512 5008 2628 5078 ipse
2655 5009 2863 5063 invenit
2896 5009 3165 5066 lanceam.
3202 5008 3461 5063 Videutes
3494 5016 3656 5061 autem
3684 4994 3818 5051 auditzt

628 5087 923 5177 veniebant
972 5091 1179 5158 omnia,
1230 5095 1435 5153 crebra:
1488 5101 1756 5168 victoriae,
1812 5104 1979 5160 multa
2036 5108 2212 5177 copia,
2318 5097 2868 5155 ViSiOItionmimOdiS
2890 5100 3233 5156 εοηεῖηυίεεθ
3252 5113 3370 5154 τοίη
3400 5093 3817 5177 εθειειιηωαεηνη

626 5174 747 5233 istis
770 5194 900 5236 vero
926 5180 1214 5241 difficulter
1232 5187 1471 5255 vincere,
1502 5192 1643 5248 inter
1662 5196 1990 5252 vincendum
2018 5174 2213 5254 damna
2321 5191 2500 5245 CUHCli
2541 5206 2840 5261 concepere
2894 5192 3136 5247 Ῑωιίιίίὶηὶ
3160 5233 3175 5258 ν
3232 5206 3336 5248 nec
3389 5191 3639 5246 minorem
3671 5176 3816 5235 mm”

627 5268 962 5342 frequentia,
1018 5292 1158 5333 rara:
1195 5280 1519 5348 opulentiae,
1550 5288 1821 5342 continua:
1869 5290 2111 5359 quidem,
2163 5301 2219 5347 et
2310 5284 2425 5353 iam
2462 5294 2651 5339 COllll‘a
2690 5287 2868 5341 OttmiS
2906 5286 3083 5342 Ιὶοειίε
3119 5284 3430 5340 θυάαοίειιηο
3481 5282 3732 5349 Αοοερίθω
3755 5268 3817 5321 hoc

628 5372 759 5455 tunc
785 5370 1174 5428 crudelissima!
1198 5383 1491 5445 egestates,
1524 5394 1648 5433 cum
1689 5383 1722 5435 ii
1756 5399 1862 5437 non
1896 5384 2214 5450 militarem,
2318 5378 2478 5432 ιιιοδο
2506 5376 2669 5449 417
2703 5377 2949 5433 lanceam
2975 5394 3099 5433 cum
3129 5378 3335 5448 ingenti
3360 5376 3596 5433 extulere
3619 5368 3819 5455 gloriarﬁ

627 5454 723 5508 sed
754 5461 1125 5517 monachalem
1160 5475 1423 5533 quantum
1464 5470 1531 5524 ad
1574 5473 1972 5539 parcimoniam
2015 5477 2216 5529 sancli-
2317 5470 2385 5523 ab
2418 5470 2504 5524 illa
2537 5471 2647 5536 die,
2699 5470 2770 5528 de
2806 5470 2948 5528 bello
2986 5471 3195 5542 agendo
3240 5483 3461 5542 cmpere
3498 5470 3697 5524 fidenter
3728 5454 3805 5510 inin
3839 5494 3849 5521 ι

628 5544 980 5618 moniamque
1006 5553 1265 5619 pertinet,
1314 5556 1481 5610 vitam
1528 5557 1807 5615 ducerent.
1843 5561 1996 5630 Quod
2042 5571 2213 5616 totum
2317 5563 2567 5618 consilia.
2601 5564 2846 5635 Denique
2868 5564 2997 5619 dum
3023 5564 3289 5633 primores
3318 5560 3605 5619 Christiani
3637 5547 3815 5625 agminis

627 5635 771 5689 ratio
818 5641 1124 5706 gratissima
1178 5646 1335 5701 nobis
1380 5652 1625 5718 exponit,
1670 5654 1796 5708 dum
1853 5655 2209 5720 attendimus,
2316 5664 2507 5710 coacto
2555 5657 2810 5722 consilio,
2842 5657 2973 5727 quid
3004 5658 3148 5712 facto
3196 5670 3337 5725 opus
3389 5664 3533 5713 esset
3582 5649 3816 5723 parim“

625 5728 756 5823 Ἥξίῆ
803 5749 822 5778 ‘
871 5731 1011 5789 θεηδ
1060 5735 1291 5805 ﬂ“Sellat
1342 5754 1558 5797 omnem
1610 5742 1779 5799 ﬁlium
1830 5762 1992 5813 quem
2040 5748 2213 5818 diligit
2314 5751 2635 5809 eventilant.
2684 5752 2738 5805 id
2772 5761 3068 5822 antequam
3098 5751 3420 5823 praebentur
3448 5747 3819 5807 faciendumwl‘

629 5816 815 5881 (Hebr.
858 5840 954 5888 im,
987 5826 1076 5895 6),
1112 5846 1141 5878 -ι
1192 5838 1247 5882 et
1300 5830 1496 5900 quibus
1552 5837 1874 5904 temporalia
1910 5816 2210 5909 disciplinae
2317 5849 2443 5902 sent
2478 5852 2773 5915 quatenus
2836 5816 3048 5905 Tereos
3090 5816 3331 5917 primum
3379 5843 3583 5901 directa
3626 5829 3819 5904 Ιθειιία
