4012 6346
107 381 243 442 169

1138 346 1146 354 ’
1207 381 1437 441 essm
1467 383 1580 441 om
1608 382 1747 441 rea
1766 385 2107 445 raucos.
2146 420 2218 433 η-
2251 392 2384 453 LIB.
2422 398 2508 457 v1.

3315 414 3425 474 ’ΠΟ

112 496 484 606 conveniant,
520 503 580 552 ut
621 495 1120 606 a‘ICl'iristi‘anorum
1151 496 1342 554 ﬁnium
1372 508 1728 570 occupatione
1752 506 2011 585 A'lentiae
2065 516 2120 564 et
2179 514 2556 582 amplitudinis
2611 518 2864 581 dabimus
2914 532 3118 584 terram
3142 571 3158 599 ,
3216 530 3413 606 hisque

112 592 437 655 desistant,
470 602 572 643 nec
621 587 825 643 Christi
886 588 1067 644 facere
1116 602 1305 645 servos
1336 600 1607 658 extorres,
1638 600 1734 647 aut

122 683 413 742 mortibus
448 682 702 737 addicere
727 681 914 749 velint,
962 682 1058 737 sed
1099 698 1180 750 se,
1211 698 1309 739 suo
1346 685 1586 739 contenti
1619 693 1732 741 ter-

122 780 314 843 mino,
347 775 447 832 sub
474 776 693 847 propria
722 776 942 845 regione
974 777 1310 832 contineant.
1335 778 1524 834 Accito
1565 778 1733 850 igitur

118 870 225 925 illo
271 868 458 934 Petro,
509 865 669 936 hujus
715 867 896 936 operis
931 867 1100 923 initiis
1150 883 1257 924 non
1304 868 1577 939 incognito
1611 885 1730 925 ere-

115 961 292 1026 mita,
344 968 401 1014 et
427 958 675 1014 adhibito
719 958 789 1013 illi
821 960 1056 1028 quodam
1107 958 1388 1025 Herluino,
1442 962 1731 1032 utriusque

116 1059 332 1131 linguai
359 1056 536 1127 perito
558 1056 875 1126 interprete,
905 1055 1109 1125 pariter
1130 1054 1319 1111 ambos
1345 1055 1411 1110 ad
1436 1054 1727 1125 profanum
1756 1074 1759 1077 ·

114 1149 440 1222 principem
467 1147 732 1219 dirigunt,
773 1147 962 1216 eisque
999 1147 1286 1202 materiam
1325 1147 1593 1203 sermonis
1627 1147 1728 1203 im-

115 1248 362 1314 ponunt.
417 1237 521 1308 Qui
572 1243 695 1295 cum
730 1239 800 1295 ad
846 1239 1067 1311 gentilis
1114 1238 1261 1295 illius
1317 1239 1726 1296 tabernaculum

118 1333 503 1400 devenissent,
548 1339 605 1389 et
658 1331 883 1387 admissi
928 1332 1201 1389 horrendo
1250 1332 1501 1389 diaboliei
1552 1331 1727 1387 homi-

114 1423 215 1482 nis
239 1425 563 1499 conspectui
591 1424 911 1493 astitissent,
943 1423 1106 1495 hujus
1146 1424 1293 1482 modi
1330 1425 1474 1482 serie
1501 1438 1725 1497 perora-

115 1527 283 1576 runt.

194 1608 323 1683 [ιι]
386 1608 741 1665 «Plurimum
795 1607 1105 1680 principum
1151 1614 1464 1663 nostrorum
1522 1605 1724 1663 animis

112 1700 451 1759 miraculum
471 1702 717 1759 intulisse
733 1700 993 1757 noveritis
1009 1699 1152 1770 quod
1176 1708 1380 1756 terram
1406 1699 1611 1755 nomini
1625 1715 1722 1754 an-

115 1793 362 1863 tiquitus
389 1792 730 1859 Christiano,
753 1792 925 1849 solida
942 1791 1212 1858 libertate,
1236 1806 1565 1862 possessam,
1588 1789 1723 1845 adeo

1834 600 2170 697 castellisac
2201 604 2426 664 urbibus
2453 613 2689 680 gratuito
2721 616 3011 685 dilargitis,
3056 621 3233 679 nullos
3268 600 3413 697 ipso-

1838 706 1961 746 rum
1984 693 2257 764 patiemur
2300 700 2534 767 pedites,
2583 704 2681 759 sed
2726 710 3054 775 generaliter
3084 693 3311 774 cunctos
3338 717 3420 773 in-

1832 782 2122 841 stituemus
2155 787 2391 858 equites,
2431 800 2489 847 et
2519 794 2612 849 ubi
2643 796 2782 853 ritus
2810 800 3017 869 pariter
3045 802 3420 866 indiﬁ‘erentes

1831 875 2193 973 habebimus,
2213 880 2280 937 de
2310 890 2501 938 mutua
2530 887 2738 955 pariter
2761 891 3027 964 amicitia,
3059 904 3119 951 et
3142 899 3416 973 contigui-

1833 975 1943 1023 tate
1968 971 2343 1039 gaudebimus.
2371 974 2526 1043 Quod
2554 978 2599 1033 si
2625 995 2655 1033 a
2682 984 2961 1053 proposita
2989 971 3413 1047 deliberaverit“

1830 1061 2138 1119 exorbitare
2187 1068 2483 1138 sententia,
2531 1069 2793 1140 incident,
2834 1075 2955 1132 sine
2990 1079 3177 1147 dubio,
3221 1082 3415 1147 invisae

1828 1152 1990 1209 citius
2011 1156 2203 1212 mortis
2225 1159 2413 1228 exitia,
2438 1169 2529 1215 aut
2554 1172 2772 1220 aeterna:
2797 1167 3057 1224 subibunt
3081 1173 3412 1242 captivitatis

1828 1248 2043 1313 exsilia,
2071 1252 2326 1307 servituri
2359 1255 2549 1325 utique
2588 1266 2696 1311 tam
2729 1259 2887 1314 nobis
2916 1275 3078 1329 quam
3105 1266 3410 1330 posteritati

1827 1345 2030 1392 nostrae
2058 1354 2158 1409 per
2186 1341 2407 1424 saecula.
2439 1361 2459 1396 ι
2488 1344 2733 1415 Dixerat,
2765 1362 2832 1404 ac
2858 1348 3113 1406 celeriter
3137 1350 3410 1424 legatio-ia

1825 1441 2067 1497 reversa,
2121 1422 2329 1489 militiae
2361 1432 2688 1493 Christianae
2724 1437 2959 1496 ducibus
2982 1422 3267 1499 notiﬁcata
3288 1451 3418 1500 sunt

1823 1518 2027 1573 omnia.

2451 1617 2680 1674 CAPUT
2718 1618 2782 1674 ιι.
2823 1585 2859 1612 ’

1899 1700 2035 1775 [IV.]
2064 1702 2146 1757 Ad
2168 1704 2334 1759 Deum
2360 1707 2461 1778 piis
2481 1710 2745 1764 exercitiis
2771 1711 3082 1782 confugiunt
3103 1711 3412 1771 Christiani.

1823 1822 1895 1835 ——
1916 1794 2203 1852 Exercitus
2233 1798 2436 1867 itaque,
2463 1800 2517 1854 in
2556 1810 2709 1858 arcto
2738 1802 3028 1859 admodum
3058 1805 3411 1874 constitutus,

112 1884 498 1941 irreverenter
524 1895 580 1942 et
618 1886 863 1958 improbe
896 1885 1123 1940 introire
1152 1900 1217 1940 ac
1249 1900 1512 1956 usurpare
1538 1898 1721 1955 cmpe-
1746 1862 1797 1925 Β
1825 1887 1952 1941 dum
1998 1887 2159 1943 istinc
2206 1889 2414 1945 crudeli
2469 1903 2764 1949 vexaretur
2813 1894 3026 1964 inedia,
3082 1896 3234 1952 illinc
3286 1862 3410 1952 dira

112 1978 269 2034 ritis.
324 1978 458 2035 Cum
496 1978 641 2034 enim
678 1978 897 2033 indubie
938 1976 1233 2042 sciveritis,
1275 1990 1345 2031 ex
1382 1983 1715 2041 nostrarum,

110 2082 265 2137 quas
326 2067 578 2134 audistis,
626 2068 947 2123 assiduitate
975 2078 1165 2123 contra
1203 2082 1300 2121 vos
1344 2066 1715 2132 victoriarum,

107 2159 336 2216 Christi
365 2160 673 2216 nullatenus
707 2160 1000 2216 descivisse
1022 2160 1341 2230 potentiam.
1372 2166 1720 2227 vestramque

106 2254 395 2309 adversus
417 2254 595 2325 ipsum
616 2254 829 2323 experti
853 2252 973 2309 sitis
998 2268 1191 2323 parum
1215 2266 1374 2322 posse
1398 2251 1718 2316 valentiam,

111 2346 281 2403 nullo
308 2348 466 2403 modo
494 2346 772 2403 aestimant
799 2347 944 2417 quod
991 2346 1155 2401 toties
1193 2344 1334 2417 belIQ
1366 2343 1527 2414 pulsi,
1572 2359 1713 2413 prae-

111 2440 303 2496 liandi
331 2450 521 2496 contra
549 2440 718 2496 Deum
746 2441 994 2496 audeatis
1020 2439 1247 2494 ulterius
1268 2438 1471 2493 iterare
1493 2436 1719 2491 demen-

111 2534 284 2590 tiam.
328 2532 484 2590 Unde
518 2532 631 2601 jam
677 2534 1008 2597 unanimiter
1053 2534 1387 2590 arbitramur
1419 2532 1562 2601 quod
1589 2544 1717 2599 pru-

113 2622 310 2681 dentia
354 2633 535 2681 vestra
584 2639 691 2680 non
730 2626 800 2680 ob
838 2625 983 2681 aliud
1034 2626 1317 2693 hucusque
1363 2626 1713 2692 convenerit,

114 2717 233 2774 nisi
282 2726 339 2771 ut
386 2731 485 2787 per
534 2716 898 2785 Christianos,
951 2717 1045 2787 qui
1092 2717 1373 2772 nobiscum
1426 2726 1717 2771 versantur

116 2806 438 2880 pontiﬁces,
478 2805 603 2863 ﬁdei
647 2816 849 2863 nostrae
881 2808 1135 2879 dogmate
1164 2808 1331 2863 imbui
1360 2808 1553 2876 possit.
1582 2807 1715 2862 Pro-

117 2901 213 2957 cui
242 2900 406 2955 dubio
434 2914 672 2971 namque
696 2900 923 2966 scimus,
968 2900 1096 2970 quia
1129 2914 1473 2970 nequaquam
1517 2900 1584 2955 de
1625 2913 1715 2954 ve-

116 3001 243 3049 stra
273 2990 446 3046 salute
475 2991 704 3057 curatis,
750 2991 845 3047 sed
890 2988 1014 3063 [al.,
1056 2989 1126 3062 si]
1167 2997 1357 3045 contra
1386 2989 1714 3045 catholicam

120 3082 506 3140 credulitatem
548 3082 686 3138 bella
730 3083 977 3138 tentatis.
1025 3082 1268 3139 Petimus
1317 3098 1448 3154 ergo
1485 3082 1709 3153 pariter,

118 3184 324 3232 vestra:
359 3174 709 3232 consulentes
730 3176 1071 3242 inscientiae,
1109 3185 1170 3230 ut
1205 3175 1272 3229 ab
1304 3175 1407 3229 hac
1442 3190 1709 3245 praesum-

122 3267 316 3338 ptione
343 3266 593 3332 cessetis,
621 3268 857 3321 scientes
887 3266 1014 3335 quia
1045 3266 1240 3319 beatus
1273 3262 1467 3319 Petrus
1494 3272 1712 3333 aposto-

122 3358 239 3425 lus,
271 3358 380 3414 Deo
406 3358 703 3428 praebente,
733 3373 852 3413 eam
885 3357 988 3413 sibi
1015 3367 1254 3428 arrogat,
1293 3356 1450 3427 cujus
1474 3358 1712 3428 primum

124 3448 354 3507 minime
381 3447 685 3503 antistitem
716 3463 774 3503 se
810 3447 1050 3519 ignorat,
1079 3456 1135 3502 et
1157 3462 1322 3519 quam
1349 3456 1559 3514 nostro,
1587 3449 1713 3504 licet

125 3550 502 3617 peccatorum,
546 3539 747 3607 cilicio,
780 3540 1075 3596 restituere
1110 3540 1176 3594 ad
1207 3539 1302 3594 Dei
1334 3541 1565 3605 cultum,
1605 3557 1711 3611 qua

128 3634 281 3690 illam
337 3634 552 3700 imbuit,
599 3633 824 3705 cogitat.
870 3632 917 3687 A
959 3632 1294 3704 principibus
1340 3634 1505 3689 etiam
1558 3635 1711 3691 vobis

123 3727 507 3793 substantiam,
559 3740 722 3796 quam
772 3724 1070 3791 detulistis.
1114 3724 1430 3783 universam
1480 3725 1707 3794 referre,

123 3833 340 3876 summa
380 3818 710 3875 liberalitate
758 3818 1114 3885 conceditur;
1169 3834 1269 3876 nec
1295 3820 1342 3875 si
1368 3819 1597 3891 pacilice
1627 3834 1713 3874 rc-

122 3910 349 3975 cedatis,
376 3910 573 3981 aliquis
617 3920 930 3968 nostrorum
950 3909 1106 3966 vobis
1147 3909 1427 3968 laesionem
1476 3910 1712 3984 quamli-

122 4004 218 4061 bet
245 4003 513 4061 molietur.
552 4022 573 4057 ι

196 4095 270 4150 At
305 4094 588 4151 Curbaran
632 4094 901 4149 dictorum
940 4094 1086 4150 Petri
1127 4096 1531 4169 magniﬁcentia
1570 4112 1712 4167 pra:-

120 4188 431 4245 cordialiter
468 4190 656 4254 laesus,
707 4187 820 4256 jam
876 4186 1208 4254 Turcorum,
1251 4190 1342 4261 qui
1379 4190 1699 4254 astiterant,

123 4284 212 4340 bis
247 4284 469 4350 auditis,
500 4282 811 4338 immaniter
849 4281 1143 4339 ferociente
1175 4282 1446 4353 superbia,
1479 4282 1557 4336 ait
1586 4300 1598 4335 :

193 4375 331 4449 [ιιι]
370 4393 389 4427 ι
421 4375 667 4441 Terram,
710 4388 872 4442 quam
919 4374 1099 4430 dicitis
1153 4384 1346 4429 vestra:
1375 4372 1443 4428 ab
1484 4374 1709 4442 antiquo

118 4467 518 4528 Christianitati
540 4469 818 4525 exstitisse
852 4468 1175 4538 subjectam,
1217 4477 1485 4554 nostrain,
1519 4467 1706 4521 nobis-

1823 1975 2124 2044 gentilium,
2172 1979 2264 2048 qui
2297 1994 2356 2035 se
2384 1995 2607 2050 prorsus
2643 1985 2967 2052 ambierant,
3005 1984 3298 2042 formidine
3322 2002 3414 2043 ro.-

1820 2066 2059 2133 deretur,
2089 2073 2303 2124 tandem
2328 2072 2395 2126 ad
2417 2073 2598 2128 divina
2623 2090 2743 2131 sese
2764 2077 3006 2132 subsidia
3031 2077 3411 2147 refundentes,

1814 2159 2021 2230 jejunia
2052 2162 2306 2217 triduana
2336 2162 2590 2221 Podiensi
2624 2168 2916 2238 magniﬁco
2942 2168 3260 2226 institutore
3284 2184 3413 2225 com-

1820 2249 2121 2306 celebrant.
2170 2252 2414 2310 Litanias
2457 2257 2739 2327 supplices
2782 2258 2850 2313 ab
2889 2259 3121 2316 ecclesia
3151 2261 3207 2315 in
3236 2259 3412 2317 eccleo

1778 2336 1785 2343 ’
1820 2344 1959 2398 siam
1982 2345 2277 2416 explicant,
2321 2348 2667 2406 confessione
2708 2362 3062 2421 peccatorum
3103 2353 3320 2409 sincera
3349 2368 3411 2409 se

1820 2437 2084 2491 inundant
2103 2479 2116 2503 ,
2146 2446 2201 2494 et
2234 2441 2527 2513 episcopali
2555 2444 2640 2499 vel
2666 2446 2991 2501 sacerdotali
3016 2453 3411 2517 consequenter

1819 2529 2167 2586 absolutione
2208 2534 2539 2602 promerita,
2587 2538 2835 2606 corporis
2881 2552 2947 2593 ac
2992 2538 3271 2609 sanguinis
3303 2536 3410 2599 Do.-

1819 2620 1955 2675 ntini
2003 2634 2346 2680 sacramento
2384 2626 2541 2694 plena
2573 2627 2677 2684 fide
2708 2629 3135 2695 communicant,
3167 2629 3406 2685 eleemo-

1818 2726 2014 2782 synas,
2062 2724 2223 2783 prout
2279 2725 2492 2785 potest,
2540 2720 2771 2791 quisque
2816 2721 3085 2791 largitur,
3138 2721 3407 2778 sacriﬁcia

1818 2804 2019 2874 ubique
2045 2808 2225 2862 divina
2266 2825 2364 2879 pro
2394 2826 2454 2866 se
2482 2811 2668 2868 offerri
2700 2822 2950 2870 exorant.
2984 2814 3228 2885 Denique
3258 2829 3407 2870 sum-

1817 2906 1909 2966 pta
1931 2896 2046 2967 jam
2075 2915 2141 2954 ex
2168 2900 2253 2955 his
2288 2903 2608 2974 securitate,
2653 2905 2722 2960 de
2764 2906 2907 2962 bello
2954 2907 3297 2977 proponitur,
3339 2920 3406 2963 ac

1817 2991 1960 3046 intra
1986 2994 2262 3050 civitatem
2291 3012 2421 3052 sena
2452 2997 2602 3054 illico
2634 3001 2779 3056 acies
2803 3001 3109 3056 ordinatur.

1892 3084 2008 3158 [V.]
2052 3086 2383 3144 Ordinantur
2421 3092 2560 3147 acies
2606 3092 2676 3145 ad
2724 3109 2973 3162 pugnam.
3013 3122 3085 3133 —-
3123 3092 3179 3148 In
3226 3092 3400 3163 prima

1817 3176 1936 3231 acie
1984 3177 2040 3231 in
2088 3180 2170 3235 his
2221 3180 2507 3249 videlicet,
2561 3184 2655 3254 qui
2697 3185 2905 3257 primas
2956 3186 3102 3241 vires
3155 3184 3402 3257 ictusque

1819 3269 2121 3329 Turcorum
2160 3278 2497 3347 exciperent,
2531 3280 2740 3335 exstitit
2777 3255 2951 3351 litigo,
2989 3279 3146 3349 juxta
3188 3280 3272 3336 sui
3305 3255 3404 3334 no-

1815 3363 1977 3418 minis
2034 3364 2352 3434 qualitatem
2395 3383 2524 3424 vere
2588 3384 2835 3440 magnus,
2905 3369 3161 3441 adjuncto
3217 3370 3403 3424 manui

1815 3454 1932 3524 ejus
1956 3455 2213 3512 universo
2241 3456 2576 3514 Francorum
2606 3460 2842 3529 agmine,
2868 3468 2924 3514 et
2943 3468 3143 3530 praeter
3169 3467 3398 3515 ceteros

1816 3544 2137 3603 Flandrensi
2166 3548 2387 3604 comite.
2420 3550 2615 3606 Audivi
2639 3551 2706 3605 de
2728 3552 2831 3607 hoc
2855 3551 2974 3623 ipso
2991 3551 3141 3622 regio
3161 3551 3400 3618 homine,

1815 3637 1977 3706 quia,
2029 3646 2320 3709 antequam
2363 3640 2429 3694 de
2477 3641 2665 3711 praelio
2716 3648 2993 3713 ageretur,
3045 3656 3178 3698 suus
3218 3642 3400 3697 eidem

1815 3730 2179 3800 dispensator,
2216 3746 2326 3786 non
2372 3747 2539 3801 parvo
2591 3734 2768 3805 pretio
2812 3733 3004 3804 pedem
3032 3732 3229 3790 cameli
3256 3730 3402 3789 eme-

1815 3830 1922 3885 rat,
1954 3821 2056 3875 hoc
2086 3835 2280 3893 nempe
2310 3822 2483 3892 magis
2515 3821 2635 3893 ejus
2666 3824 2783 3879 esui
2812 3832 3130 3895 competens
3160 3821 3403 3895 reperire

1815 3929 1922 3970 non
1978 3924 2250 3985 potuerat.
2297 3915 2467 3982 Quem
2513 3917 2844 3972 dominicum
2878 3916 3152 3975 hominem
3194 3915 3404 3971 vicina-

1813 4004 1947 4059 lium
1993 4005 2287 4061 insolentia
2335 4009 2471 4061 adeo
2509 4014 2902 4062 extenuaverat
2932 4015 2992 4061 ut
3025 4006 3119 4062 vix
3150 4004 3399 4077 equitare

1812 4095 2108 4162 sulliceret,
2148 4105 2204 4151 et
2237 4112 2360 4152 cum
2404 4107 2788 4169 suggereretur
2813 4098 2863 4154 ei
2892 4106 3163 4169 quatenus
3190 4112 3297 4154 non
3329 4095 3398 4151 ad

1813 4188 1954 4244 bella
2000 4190 2342 4258 procederet,
2374 4190 2468 4245 sed
2499 4191 2584 4245 vel
2613 4206 2734 4246 cum
2770 4190 2978 4246 castelli
3017 4189 3398 4246 obsessoribus

1812 4270 1868 4333 in
1912 4278 2044 4334 urbe
2072 4290 2357 4336 maneret:
2394 4299 2413 4332 ι
2444 4279 2632 4347 Absit,
2680 4281 2855 4349 inquit
2898 4281 3190 4345 alacriter,
3238 4279 3398 4348 plane

1812 4370 2032 4437 vadam,
2065 4382 2121 4427 et
2154 4372 2361 4426 utinam
2385 4386 2508 4426 cum
2536 4371 2817 4426 morituris
2852 4370 3041 4425 funera
3082 4369 3196 4425 illic
3233 4369 3395 4425 beata

1813 4464 2152 4533 contingam!
2188 4483 2208 4515 ι

116 4578 230 4634 que
247 4561 557 4616 omnimodo
575 4562 697 4632 jure
726 4561 961 4616 debitam
999 4559 1370 4631 probabimus,
1401 4551 1703 4629 praesertim
1737 4584 1783 4641 ι)
1885 4551 2021 4625 [VL]
2062 4554 2234 4610 Porro
2264 4556 2318 4608 in
2349 4554 2588 4609 secunda
2630 4552 2769 4618 acie,
2811 4553 2918 4608 dux
2951 4554 3187 4610 eximius
3222 4553 3398 4611 Gede-

119 4670 246 4712 cum
274 4669 395 4709 eam
420 4654 650 4719 nationi,
674 4654 765 4708 vix
796 4654 1026 4709 feminas
1058 4644 1442 4723 aequiparanti,
1473 4650 1700 4705 miriﬁca

117 4746 322 4801 virtute
352 4746 650 4801 tulerimus.
704 4746 873 4802 Porro
917 4744 1128 4816 ingenti
1168 4743 1502 4813 desipientia:
1534 4745 1703 4812 depu-

119 4846 301 4890 tamus
325 4837 469 4905 quod
501 4851 618 4902 vos,
644 4838 925 4892 venientes
956 4852 985 4890 a
1019 4836 1217 4891 ﬁnibus
1249 4845 1409 4891 terra:
1437 4835 1704 4904 supremis

118 4926 186 4981 de
227 4927 432 4982 nostris
476 4943 576 4983 nos
619 4929 936 4996 minamini,
987 4929 1095 4984 imo
1141 4936 1250 4983 tota
1296 4927 1492 4982 virium
1539 4928 1707 4983 colla-

120 5018 268 5073 tione
299 5020 575 5074 conamini
603 5021 924 5091 propulsare
950 5020 1193 5087 sedibus,
1225 5035 1346 5075 cum
1379 5021 1532 5076 vobis
1558 5021 1624 5077 ad
1651 5020 1703 5075 id

117 5110 445 5181 explendum
482 5123 774 5183 suppetant
799 5129 905 5168 non
933 5128 1083 5185 opes,
1119 5128 1225 5168 non
1256 5127 1429 5177 arma,
1465 5130 1569 5168 non
1598 5129 1700 5167 nn-

120 5218 322 5260 merus.
359 5204 732 5261 Christianum
784 5221 913 5263 vero
965 5222 1180 5273 nomen,
1224 5221 1346 5275 non
1396 5207 1552 5262 modo
1594 5222 1701 5262 non

116 5294 461 5365 excipimus,
507 5297 603 5353 sed
653 5298 1042 5367 abruptissima
1091 5297 1440 5367 despectione
1494 5297 1702 5368 respui-

117 5402 258 5443 mus.
290 5386 379 5453 Et,
415 5396 561 5444 utea
592 5406 711 5460 quae
750 5392 1009 5449 intulistis
1051 5393 1204 5450 brevi
1252 5392 1494 5450 clausula
1546 5391 1703 5446 ﬁnia~

118 5497 262 5547 mus,
285 5497 385 5537 vos
410 5484 502 5554 qui
529 5484 801 5553 legatione
842 5485 1155 5556 fungimini,
1196 5486 1264 5541 ad
1307 5492 1519 5541 vestros
1548 5486 1702 5557 prino

117 5573 265 5643 cipes
306 5572 463 5629 ocius
512 5576 893 5643 revertimini;
949 5577 1141 5647 eisque
1193 5576 1357 5633 dicite
1403 5594 1416 5633 :
1470 5576 1607 5645 Quia
1656 5578 1702 5633 si

117 5674 321 5723 nostra:
370 5667 667 5724 conditioni
721 5667 839 5725 ﬁeri
891 5668 1204 5727 desiderant
1252 5667 1609 5737 consimiles,
1650 5678 1706 5732 et

112 5757 395 5819 Christum
441 5759 679 5829 diﬂlterl.
723 5764 808 5821 cui
858 5764 1110 5825 videntur
1157 5765 1418 5835 acclines.
1469 5780 1568 5827 nos
1594 5782 1703 5829 non

114 5852 261 5923 hanc
300 5853 615 5921 eletantem
659 5857 1016 5942 provinciam,
1062 5858 1160 5923 sed
1207 5868 1263 5923 et
1307 5857 1533 5941 majoris
1566 5875 1701 5945 opu-

1810 4642 1983 4700 fridus
2020 4645 2188 4717 5.18
2232 4662 2357 4701 cum
2415 4662 2513 4701 suo
2564 4645 2775 4699 locatur
2832 4646 3092 4700 exercitu.
3154 4646 3396 4702 Tertiam

1810 4736 2308 4793 Norllnnannorum
2357 4754 2542 4795 comcs
2587 4739 2861 4796 Rohertus
2928 4754 3052 4793 cum
3095 4754 3195 4795 suo
3225 4753 3397 4795 cuneo

1808 4830 1956 4887 fecit.
1998 4831 2215 4899 Quartae
2246 4832 2462 4902 praefuit
2489 4834 2571 4887 vir
2604 4832 2915 4903 spectabilis
2954 4832 3395 4902 Podiensis-epi-

1809 4942 1999 4998 c0pus,
2035 4928 2218 4985 ferens
2259 4944 2443 4984 secum
2483 4929 2726 4985 lanceam
2772 4945 2894 4999 qme
2939 4944 3128 4984 recens
3175 4929 3395 4981 inventa

1808 5019 1992 5075 fuerat
2036 5020 2361 5077 Salvatoris.
2403 5021 2531 5078 Haec
2578 5021 2829 5079 constitit
2877 5036 2944 5076 ex
2989 5036 3087 5075 suo
3135 5020 3305 5090 ipsius
3335 5028 3393 5072 et

1808 5111 2099 5168 Raimundi
2158 5112 2345 5169 Sancti
2398 5114 2575 5186 Egidii
2619 5114 2837 5179 comitis
2881 5113 3163 5169 comitatu.
3220 5109 3393 5179 Ipsius

1809 5213 1990 5259 autem
2022 5204 2090 5259 ad
2121 5204 2539 5277 expugnandum
2590 5216 2858 5271 castrum,
2910 5218 2979 5259 ne
3018 5203 3075 5257 in
3114 5200 3391 5257 civitatem

1806 5294 2064 5368 oppidani
2127 5296 2449 5362 desilirent,
2502 5295 2791 5367 praesentia
2852 5292 3063 5349 desedit
3121 5291 3177 5346 in
3232 5289 3389 5344 urbe.

1805 5386 1864 5444 lu
1915 5388 2105 5461 quinta
2155 5390 2271 5444 acie
2314 5387 2415 5444 fuit
2461 5378 2776 5442 Tancredus
2824 5399 2949 5447 cum
2999 5396 3098 5438 suo
3151 5380 3389 5453 agmine.

1807 5481 1866 5543 In
1912 5491 2088 5549 sexta,
2137 5480 2481 5539 Boemundus
2522 5493 2649 5541 cum
2685 5491 2786 5534 sua
2814 5483 3126 5552 postremus
3160 5470 3384 5531 incessit

1805 5572 2023 5635 militia.

1880 5665 2040 5745 [νη]
2071 5664 2388 5725 Ρνιεοθάαηι
2432 5663 2531 5722 viri
2580 5660 2922 5723 ecclesiastici
2964 5658 3129 5721 sacris
3162 5656 3384 5723 mult"!

1806 5762 2001 5828 induti.
2036 5790 2103 5811 -
2130 5761 2201 5825 At
2240 5759 2502 5838 episcopi.
2544 5756 2867 5837 presbyteri.
2922 5754 3128 5830 clerici.
3171 5768 3235 5819 ac
3267 5766 3386 5817 tto-

1805 5861 1992 5941 nachl,
2010 5856 2400 5927 ecclesiasticis
2425 5856 2605 5925 ornati
2628 5855 2888 5935 induviis,
2912 5849 3212 5939 praemissis
3241 5847 3391 5937 pui-
