3980 6324
604 368 715 427 ατί

1393 352 1455 411 ν.
1481 353 1809 413 GUIBERTI
1841 349 2133 410 ABBATIS
2172 348 2231 407 S.
2270 348 2511 408 MARUE
2539 347 2632 405 DE
2669 345 3064 406 NOVIGENTO

3704 366 3789 429 τη

617 497 702 543 ter
722 492 1033 556 processere
1054 473 1327 536 crucibus,
1351 471 1722 541 decertaturos
1744 470 1884 524 votis
1909 467 2189 521 studentes
2220 471 2268 525 Α
2293 479 2417 518 cum
2444 460 2934 556 quibusdam-altis
2961 458 3185 556 exstitit
3212 459 3440 530 'quidam
3468 477 3670 539 nostras,
3695 476 3786 536 (ιιι.

614 576 874 644 adjuvare
917 568 1202 630 ﬂebilibus,
1250 573 1302 618 et
1333 564 1430 633 ipsi
1472 578 1687 632 quoque
1716 560 2114 632 praestolantes,
2144 557 2191 611 si

621 681 751 724 suos
797 662 929 719 credi
981 660 1341 727 contingeret,
1391 655 1641 726 martyrii
1691 669 1903 709 munus.
1960 651 2189 719 Quidam

619 732 936 814 certaminis
984 752 1189 806 exitum
1235 751 1304 804 de
1349 746 1674 801 mmniorum
1719 745 2015 800 eminentia
2063 757 2191 814 pru-

611 847 954 921 spectabant,
1000 842 1297 899 Dominicze
1339 840 1521 895 crucis
1566 840 1720 909 signa
1776 853 1887 907 prae
1939 836 2188 892 manibus

612 940 960 1002 exhibentes,
1000 944 1056 993 et
1092 933 1289 991 exinde
1314 931 1699 1003 procedentem
1730 928 2028 983 exercitum
2060 941 2193 982 cono

617 1036 917 1107 signantes.
964 1032 1041 1086 Eo
1085 1044 1215 1098 ergo
1254 1040 1415 1096 quem
1456 1021 1819 1093 praemisimus
1847 1019 2059 1083 ordine,
2097 1033 2194 1087 per

608 1143 757 1193 eam,
786 1140 907 1196 quae
933 1132 1056 1179 erat
1087 1129 1213 1175 ante
1242 1132 1432 1172 eorum
1474 1114 1680 1179 fanum,
1723 1110 1865 1180 quod
1897 1108 2194 1163 Mathonis-

612 1218 754 1275 riam
786 1217 956 1271 nostri
988 1214 1194 1276 dicunt,
1230 1217 1463 1279 portam,
1498 1205 1633 1260 adeo
1671 1200 1994 1272 pedetentim
2027 1198 2195 1252 lente-

612 1323 721 1379 que
752 1307 1042 1378 prodeunt,
1075 1312 1132 1356 ut
1165 1302 1329 1355 etiam
1356 1298 1580 1354 cuilibet
1614 1293 1841 1349 anicula:
1873 1289 2192 1355 inﬁrmanti,

619 1412 845 1455 necesse
882 1395 1187 1451 nullatenus
1215 1390 1491 1444 videretur
1521 1385 1957 1454 temperatiorem
1990 1382 2192 1437 habere

620 1492 868 1564 gradum.
916 1488 1056 1540 Dens
1091 1483 1457 1565 omnipotens,
1479 1481 1699 1548 quantis
1745 1477 1853 1531 illic
1887 1475 2194 1530 animorum

609 1581 877 1651 rugitibus
916 1564 1263 1635 claniabaris,
1310 1580 1364 1626 et
1391 1571 1535 1624 fame
1561 1570 1767 1622 diutina
1813 1564 2194 1621 fatiscentibus

609 1676 953 1742 quorumque
998 1663 1365 1734 corpusculis,
1423 1659 1823 1730 rapidissimus,
1871 1672 1939 1711 ex
1984 1655 2194 1709 timoris

609 1758 891 1822 instantia,
910 1757 963 1811 in
986 1765 1107 1809 tuas
1129 1752 1394 1807 altissime
1413 1765 1572 1803 aures
1598 1748 1921 1803 miserorum
1947 1746 2193 1800 cordium

2297 552 2603 608 rembaltlus
2652 552 2719 605 de
2768 549 3029 605 Vendoilo
3061 552 3305 613 nomine,
3352 555 3436 623 qui
3485 556 3532 610 in
3579 560 3649 616 his
3694 572 3784 636 qui.

2294 647 2416 702 dem
2447 644 2866 709 celeberrimus,
2924 643 2977 697 iit
3021 643 3123 701 illis
3169 645 3453 715 provinciis
3505 651 3623 708 nihil
3660 662 3785 726 gessit

2292 738 2446 794 utile.

2290 868 2293 871 λ
2370 830 2625 886 Prwlium
2658 831 2987 884 committunt
3032 828 3345 885 Christiani.
3375 862 3443 874 —
3464 832 3646 893 Interea
3667 846 3789 913 septi.

2295 940 2384 978 ma
2406 923 2571 987 acies,
2597 934 2784 976 contra
2809 921 2926 975 illos
2949 922 3271 985 maritimos,
3293 938 3359 978 ex
3385 925 3579 983 duabus
3603 931 3790 1005 aciebus,

2297 1017 2450 1072 ducis
2502 1014 2711 1069 scilicet
2754 1012 3057 1081 Godel‘ridi,
3101 1023 3158 1069 et
3200 1017 3409 1070 comitis
3459 1016 3790 1085 Northntannia

2296 1118 2533 1178 sumpta,
2593 1112 2932 1178 contexitur,
2981 1116 3036 1165 et
3075 1108 3367 1164 Rainaldus
3397 1112 3611 1180 quidam
3656 1131 3791 1178 eomes

2297 1200 2473 1256 eidem
2504 1201 2823 1271 praeﬁcitur:
2844 1202 2918 1257 lbi
2950 1212 3058 1257 tota
3091 1202 3407 1267 acrimonia,
3431 1218 3493 1258 eo
3514 1204 3610 1271 die,
3634 1210 3790 1268 exstitit

2298 1294 2631 1364 prailiorum,
2648 1306 2958 1349 nostrorum
2983 1294 3128 1349 enim
3146 1293 3400 1365 plurimos
3419 1298 3696 1366 sagittarum
3713 1301 3792 1360 icti-

2298 1385 2399 1439 bus
2422 1387 2823 1442 exstinxerunt.
2853 1388 2900 1443 Α
2928 1388 3227 1458 Pharphari
3257 1397 3452 1454 autem,
3479 1389 3672 1449 ﬂumine
3689 1397 3793 1456 scili-

2299 1486 2404 1544 cet,
2430 1478 2665 1532 hostium
2689 1479 2963 1548 equitatus
2986 1494 3155 1549 usque
3179 1481 3245 1534 ad
3276 1490 3521 1536 montana
3545 1486 3791 1557 porrigitur,

2298 1584 2419 1638 quae
2442 1586 2473 1625 a
2498 1586 2558 1624 se
2578 1572 2810 1626 duorum
2834 1572 3060 1627 millium
3084 1572 3260 1642 spatio
3294 1572 3631 1643 disparantur.
3655 1577 3793 1635 Genti-

2300 1660 2431 1715 lium
2458 1676 2587 1732 ergo
2624 1662 2920 1734 phalanges
2950 1672 3105 1733 parte
3143 1664 3211 1718 ab
3244 1674 3468 1734 utraque
3487 1666 3794 1736 prosiliunt,et

2298 1751 2628 1808 Francorum
2647 1769 2896 1821 cuneum,
2919 1770 3055 1825 quos
3077 1757 3245 1810 nostri
3271 1755 3557 1812 Turcorum
3572 1759 3722 1828 primis
3738 1763 3794 1815 in-

608 1849 765 1907 dolor
803 1845 1152 1903 ascenderat!
1193 1841 1423 1909 Quantis
1466 1839 1830 1893 anxietatibus
1884 1851 2037 1891 mens
2072 1851 2193 1890 cor-
2221 1829 2268 1891 Β
2297 1846 2558 1908 cursibus,
2591 1847 2744 1916 quasi
2798 1846 3052 1904 ίοτιίοτεε
3104 1848 3437 1919 obieceram,
3471 1851 3653 1920 sagulis
3688 1857 3794 1920 iam.

612 1942 732 2014 pori
760 1952 889 1995 tunc
916 1938 1132 1994 residua
1161 1931 1462 2006 agebatur!
1498 1931 1563 1985 Et
1602 1945 1725 1985 cum
1775 1938 1991 1999 cogeret
2023 1928 2193 1984 imbe-

612 2035 815 2091 cillitas
852 2034 1145 2103 desperare
1183 2026 1488 2086 victoriam,
1524 2024 1637 2079 sola
1669 2024 1807 2078 Deus
1838 2023 1891 2077 in
1920 2022 2199 2078 mentibus

610 2127 874 2194 omnium,
912 2127 997 2196 pia
1020 2140 1119 2195 pro
1159 2134 1212 2179 te
1239 2120 1550 2177 suﬂ'erentia
1584 2120 1941 2176 tractabatur.
1963 2119 2197 2176 Maarore

612 2219 908 2292 pmwrdia
961 2218 1301 2289 quatiuntur,
1347 2225 1402 2271 et
1445 2224 1794 2271 exsuccatum
1833 2214 1990 2283 longa
2016 2212 2195 2266 inedia

610 2322 778 2384 caput
810 2312 1181 2383 lacrymarum
1223 2308 1574 2364 concutiebat
1612 2308 1859 2362 ariditas.
1889 2306 2009 2362 .lam
2042 2315 2197 2361 exte-

613 2406 781 2461 rioris
807 2404 1045 2461 hominis
1081 2402 1369 2458 deﬁciente
1405 2402 1659 2465 materie,
1699 2399 2063 2471 spiritualium
2097 2393 2197 2452 de:

617 2491 949 2555 sideriorum
1007 2494 1276 2549 violentia;
1331 2492 1751 2563 concrepabant.
1809 2490 1958 2546 Bone
2019 2490 2195 2555 Deus,

616 2588 878 2659 quidnam
907 2586 986 2641 rei
1018 2582 1323 2654 bnjusmodi
1362 2585 1740 2640 devotionibus
1780 2594 2003 2655 poteras
2032 2584 2200 2638 dene-

614 2698 767 2754 gare,
795 2697 928 2752 quos
948 2682 1115 2735 tantis
1143 2682 1368 2735 aestibus
1392 2678 1789 2750 conspiciebas,
1820 2678 1930 2731 imo
1960 2675 2198 2730 faciebas

617 2772 844 2828 ardere?
875 2772 1009 2826 Dum
1056 2785 1292 2841 namque
1344 2770 1631 2828 considero
1676 2769 1730 2821 in
1779 2767 1904 2832 illis,
1957 2782 1987 2820 a
2040 2765 2195 2833 facie,

616 2864 907 2920 militarem
951 2862 1235 2933 ferociam,
1285 2863 1354 2917 ab
1403 2861 1628 2926 intimis,
1673 2860 1924 2931 martyrii
1955 2875 2199 2931 praepon-

619 2956 814 3014 derare
861 2958 1201 3022 modestiam,
1258 2971 1383 3011 reor
1424 2964 1480 3010 et
1520 2969 1718 3009 censeo
1755 2969 1786 3008 a
1830 2953 2041 3009 saeculis
2075 2954 2199 3010 ullis

614 3051 948 3109 exercitibus
999 3065 1187 3122 parem
1247 3049 1302 3103 in
1357 3056 1590 3116 utraque
1649 3054 1803 3116 parte
1860 3059 1965 3099 non
2025 3044 2192 3098 fuisse

616 3142 998 3200 constantiam.
1067 3140 1177 3196 Hos
1228 3152 1419 3194 revera
1479 3136 1709 3192 dixerim
1763 3144 1892 3190 tunc
1931 3136 2197 3190 clamasse

612 3234 671 3293 in
713 3235 931 3301 coelum,
968 3236 1070 3289 bos
1107 3232 1280 3289 sacris
1318 3229 1493 3285 fateor
1538 3228 1844 3282 insonuisse
1896 3228 2067 3292 tubis,
2107 3228 2198 3297 qui

613 3343 724 3385 non
744 3328 944 3383 virium
971 3327 1189 3392 robore,
1219 3325 1314 3381 sed
1345 3321 1610 3395 singulari
1634 3322 2033 3377 exercebantur
2060 3337 2195 3376 ausu

613 3428 863 3583 ωῗὲῗιῗ)
918 3510 1244 3566 Christianos
1288 3507 1471 3561 irridet
1518 3503 1792 3560 Curbaran
1821 3520 1839 3557 :
1877 3506 1968 3577 qui
2010 3504 2199 3559 nihilo-

610 3602 783 3656 minus
810 3601 996 3656 timore
1025 3601 1294 3672 perculsus
1323 3598 1504 3668 fugam
1543 3598 1849 3652 meditatur.
1885 3627 1956 3638 —
1977 3598 2190 3653 Interea

611 3691 896 3746 Curbaran
926 3691 1195 3761 conspicit
1220 3698 1504 3753 exeuntes,
1537 3699 1588 3744 et
1622 3691 1748 3744 dum
1774 3688 2007 3743 alterum
2040 3688 2196 3743 alteri

612 3783 911 3837 succedere
940 3782 1104 3837 lentis
1149 3781 1383 3835 attendit
1422 3781 1753 3852 egressibus,
1793 3796 1982 3835 eorum
2013 3780 2199 3850 pauci-

618 3877 729 3926 tate
766 3886 930 3941 quam
979 3871 1204 3942 putabat
1258 3871 1461 3925 irrisa:
1507 3891 1525 3925 ι
1556 3872 1749 3937 Sinite,
1796 3873 1991 3941 inquit,
2039 3887 2197 3942 egre-

614 3960 832 4018 dientes
876 3964 1148 4035 progredi,
1199 3973 1262 4018 ut
1301 3966 1475 4033 magis
1516 3966 1733 4021 valeant
1782 3981 1904 4020 cum
1964 3966 2199 4036 fugerint

616 4069 648 4108 a
698 4070 945 4126 regressu
999 4056 1238 4111 civitatis
1291 4054 1525 4111 excludi.
1557 4076 1575 4109 ι
1641 4058 1712 4112 At
1767 4057 1856 4111 ubi
1912 4058 2198 4113 universus

613 4146 889 4201 exercitus
915 4155 1103 4217 portas
1132 4153 1392 4217 excessit,
1424 4149 1706 4206 Curharan
1748 4148 1976 4202 intuitus
2018 4147 2197 4203 Fran-

612 4249 803 4293 corum
842 4248 1058 4308 gentem
1100 4242 1295 4297 ordine
1340 4257 1676 4313 numeroque
1714 4241 2032 4311 pollentem,
2082 4250 2194 4295 tum

614 4328 836 4387 demum
860 4330 1156 4387 intremuit.
1191 4333 1339 4389 Illico
1367 4350 1477 4390 suae
1514 4334 1706 4404 majori
1737 4333 1951 4396 domus,
1985 4332 2096 4401 jam
2129 4333 2197 4389 de

617 4419 745 4490 fuga
773 4422 1141 4487 nutabundus,
1184 4424 1414 4495 imperat
1443 4434 1522 4490 ut,
1557 4426 1602 4480 si
1630 4440 1659 4478 a
1691 4424 1863 4494 prima
1888 4433 2194 4478 castrorum

609 4521 770 4584 parte
819 4514 1072 4569 succendi
1119 4526 1369 4572 cerneret
1419 4519 1629 4588 ignem,
1681 4517 1882 4570 emisso
1923 4515 2195 4585 praeconio

611 4604 800 4658 statim
840 4606 982 4661 edici
1029 4605 1258 4675 faceret,
1287 4624 1386 4678 per
1416 4589 1671 4663 diﬂ’usum
1706 4608 1929 4663 ubilibet
1961 4608 2191 4673 hostem,

611 4692 953 4749 Francorum
993 4712 1223 4754 cuneum
1261 4709 1484 4770 captare
1507 4701 1736 4770 tropliea
1759 4700 2039 4754 victorem.
2073 4698 2195 4752 Coe-

610 4784 692 4855 pit
735 4785 952 4842 interim
990 4787 1276 4845 Curbaran
1311 4792 1513 4847 sensim
1546 4791 1778 4861 vestigia
1818 4788 1961 4845 i'erre
1994 4798 2195 4844 retror-

611 4893 757 4945 sum,
798 4881 866 4935 ad
894 4892 1153 4939 montana
1197 4886 1581 4951 contendens;
1644 4885 1926 4955 nostrique
1981 4884 2194 4940 illorum

618 4973 987 5039 prosecutioni
1018 4976 1470 5047 irrefragabiliter
1513 4977 1891 5032 imminebant.
1927 4977 2195 5033 Praeterea

611 5058 797 5130 Turci,
842 5079 1177 5135 supervacua
1216 5066 1537 5135 calliditate,
1570 5084 1629 5124 se
1662 5070 1930 5136 dividunt,
1961 5084 2195 5140 parsque

610 5165 802 5208 eorum
836 5157 979 5211 circa
1005 5158 1220 5227 plagam
1267 5160 1435 5215 maris
1481 5160 1818 5227 iuambulat;
1853 5177 1981 5232 pars
2018 5160 2193 5216 Fran-

608 5259 703 5301 cos
734 5247 1027 5304 immobilis
1054 5254 1497 5321 supervenientes
1523 5264 1827 5325 exspectat,
1858 5255 1946 5309 tali
1977 5263 2194 5309 nostros

607 5340 943 5398 aestimantes
995 5345 1203 5399 ambitu
1256 5328 1502 5404 conrludi
1561 5364 1739 5420 posse.
1806 5348 1960 5415 Quod
2020 5348 2191 5402 nostri

611 5438 971 5505 attendentes,
998 5453 1131 5494 ausu
1154 5440 1388 5511 quodam
1408 5443 1817 5512 praesumptivo,
1842 5455 1961 5496 sese
1981 5440 2190 5507 itidem,

615 5525 826 5581 iulvosa
857 5529 908 5583 in
933 5545 1028 5585 eos
1058 5535 1194 5596 acie,
1228 5550 1257 5588 a
1283 5537 1497 5589 caneris
1525 5535 1780 5589 divisere.
1826 5532 1930 5587 Sed
1974 5532 2072 5587 hac
2094 5546 2192 5589 sua

618 5619 925 5689 insolentia,
983 5627 1079 5693 ipsi
1126 5640 1190 5678 ea
1226 5624 1311 5679 die
1352 5641 1472 5681 sese
1516 5626 1661 5679 solos
1710 5633 1897 5679 nostro
1928 5620 2192 5679 exercitui

611 5712 862 5768 damnum
909 5716 1107 5779 fni-ere,
1160 5717 1284 5772 dum
1335 5722 1446 5786 vix,
1492 5730 1687 5791 praeter
1715 5696 1927 5787 aliquos
1957 5716 2190 5788 equites,

614 5806 856 5883 peditum
904 5811 991 5866 ulli
1034 5811 1138 5879 vivi
1169 5826 1410 5871 evasere.
1443 5816 1616 5891 hujus
1640 5810 1969 5881 ,wutct'llaliﬁ
1992 5824 2190 5889 ψοιοῐι

2298 1936 2470 2008 lisque
2497 1938 2793 2011 conﬁgunt.
2825 1940 2894 1995 At
2924 1941 3015 2011 qui
3051 1951 3283 2011 praeerat
3312 1943 3469 2012 regia:
3503 1945 3667 2000 tuentis
3688 1945 3796 2016 Bugo

2299 2033 2639 2099 magniﬁcus,
2670 2048 2700 2086 a
2732 2042 2955 2102 paterna
2988 2036 3430 2104 magnanimitate
3483 2052 3577 2091 non
3605 2038 3795 2110 degener,

2299 2121 2442 2176 inter
2470 2123 2705 2177 hostium
2730 2121 2909 2191 jactus
2953 2124 3019 2178 ad
3065 2123 3339 2192 subjectos
3383 2125 3798 2181 exclamatum-

2300 2213 2474 2268 timini
2503 2255 2519 2280 ,
2570 2214 2785 2284 inquit,
2840 2223 2892 2269 et
2948 2217 3213 2272 secundos
3278 2232 3345 2271 ac
3394 2217 3570 2271 tertios
3607 2218 3796 2273 audacter

2298 2306 2684 2375 praestolamini
2738 2306 2897 2374 ictus,
2949 2308 3075 2378 quia
3122 2309 3212 2365 isti
3262 2316 3394 2365 sunt
3441 2309 3673 2365 recessuri
3698 2308 3798 2367 dicto

2297 2399 2480 2454 citius.
2507 2418 2527 2452 ι

2371 2489 2510 2563 [DL]
2553 2489 2662 2546 Pro
2699 2492 2781 2548 his
2835 2504 3031 2564 pugnat
3061 2493 3327 2550 Christus.
3354 2494 3507 2549 —Et
3529 2510 3660 2562 ecce,
3684 2495 3800 2566 copia

2300 2581 2724 2641 innumerabiles
2768 2592 3055 2653 coeperunt
3111 2586 3176 2641 de
3235 2585 3504 2640 montanis
3549 2598 3796 2655 emergere,

2238 2711 2251 2719 .
2300 2688 2528 2742 quorum
2550 2682 2604 2728 et
2637 2674 2760 2743 equi
2785 2683 2840 2729 et
2882 2676 3033 2745 signa
3090 2676 3257 2731 multo
3312 2677 3539 2731 candore
3584 2675 3798 2744 nitebant;

2304 2767 2507 2822 nostris
2530 2777 2708 2823 autem
2747 2768 3016 2823 maximus
3050 2769 3118 2824 ad
3155 2785 3347 2825 eorum
3376 2771 3648 2824 contuituui
3670 2778 3801 2838 stupor

2303 2860 2551 2927 increvit,
2606 2862 2916 2917 verentibus
2966 2864 3153 2933 utique
3195 2878 3264 2918 ne
3302 2864 3580 2920 contrariae
3624 2863 3804 2918 venirent

2302 2953 2687 3007 adminiculum
2718 2952 2861 3009 ferre
2892 2956 3051 3024 parti,
3079 2956 3254 3011 donec
3302 2942 3621 3025 comperiunt
3643 2954 3683 3008 id
3705 2952 3803 3018 fore,

2303 3045 2464 3099 etiam
2496 3045 2797 3107 visibiliter,
2830 3045 2930 3101 sibi
2964 3047 3265 3115 praestitum
3299 3048 3613 3118 adjutoriutn
3638 3045 3804 3101 Christi.

2304 3134 2542 3202 Quorum
2566 3136 2873 3205 specialiter
2895 3135 3061 3192 fuisse
3083 3137 3251 3193 duces
3274 3139 3480 3209 Opinati
3527 3144 3638 3192 sunt
3663 3135 3806 3205 glorio-

2305 3242 2394 3281 sos
2420 3238 2538 3297 post
2564 3228 2810 3282 militiam
2857 3239 3143 3300 martyres,
3199 3229 3521 3300 Georgium,
3561 3227 3806 3284 Hercuriutn

2303 3327 2466 3387 atque
2496 3318 2841 3373 Demetrium.
2876 3318 3001 3373 Haec
3025 3335 3054 3373 a
3074 3328 3389 3375 nostrorum
3412 3319 3635 3391 plurimis
3654 3317 3754 3380 visa,
3771 3326 3807 3371 et

2302 3425 2425 3464 cum
2442 3410 2560 3464 aliis
2574 3425 2693 3479 quae
2709 3410 2959 3465 viderant
2983 3410 3321 3476 retulissent,
3347 3412 3522 3481 plena,
3537 3422 3591 3466 ut
3614 3424 3693 3481 par
3712 3416 3808 3474 erat,

2303 3503 2408 3558 ﬁde
2430 3514 2558 3558 sunt
2580 3502 2807 3557 credita.
2832 3503 2899 3558 Et
2926 3505 2970 3559 si
3004 3503 3355 3573 Macbabaeis,
3383 3504 3508 3560 olim
3535 3519 3621 3575 pro
3639 3503 3809 3557 circum

2302 3597 2507 3652 cisionc
2536 3608 2588 3651 et
2620 3611 2785 3651 carne
2834 3598 3057 3665 porcina
3101 3598 3496 3669 pugnantibus,
3539 3595 3724 3653 evidens
3745 3608 3809 3663 ap-

2303 3690 2546 3761 paruisse
2572 3690 2768 3762 legitur
2794 3690 3018 3749 creleste
3054 3688 3399 3761 suffragium,
3425 3698 3615 3760 quanto
3639 3686 3808 3757 amplius

2304 3785 2389 3840 his
2415 3784 2623 3848 debuit,
2661 3784 2753 3854 qui
2801 3800 2900 3855 pro
2938 3783 3194 3854 repnrgio
3247 3783 3512 3840 Ecclesiis
3558 3778 3809 3845 adhibendo,

2302 3885 2357 3933 et
2406 3886 2549 3932 statu
2594 3874 2716 3930 ﬁdei
2765 3875 3137 3946 propagando,
3186 3872 3296 3929 fusi
3352 3873 3617 3945 sanguinis
3656 3870 3811 3927 Christo

2302 3967 2542 4022 detulere
2568 3966 2871 4021 servitium.
2898 3965 3065 4020 Primi
3088 3980 3217 4037 ergo
3246 3964 3324 4019 illi
3351 3965 3554 4029 hostes,
3592 3963 3670 4033 qui
3692 3976 3718 4015 ἢ
3737 3973 3813 4014 ma-

2302 4061 2378 4116 ris
2413 4069 2568 4131 parte
2595 4060 2979 4123 constiterant,
3002 4066 3153 4112 tanto
3178 4066 3383 4113 nostra:
3410 4057 3581 4128 gentis
3598 4050 3812 4110 obstaculo

2301 4166 2421 4209 sese
2478 4151 2748 4221 repercuti
2794 4148 2960 4222 419
3015 4165 3120 4203 non
3176 4147 3459 4215 ferentes,
3510 4146 3643 4203 focos
3680 4142 3814 4199 herbe

2300 4244 2614 4314 subjiciunt,
2645 4244 2749 4298 hoc
2775 4242 3025 4298 Videlicet
3055 4242 3236 4313 fugam
3261 4243 3419 4313 signo
3450 4241 3552 4296 illis
3579 4241 3811 4296 innuerim.

2299 4339 2414 4409 qui,
2445 4339 2569 4391 dum
2604 4337 2844 4407 praelium
2886 4338 3060 4401 ﬁeret,
3109 4338 3343 4392 tentoria
3395 4340 3729 4393 servaverunt.
3766 4327 3814 4382 At

2302 4429 2378 4483 illi
2429 4430 2584 4501 signo
2611 4430 2765 4494 moti,
2822 4428 3236 4499 pretiosioribus
3285 4429 3586 4500 quibusque
3632 4421 3811 4492 direptis,

2228 4548 2273 4603 Β
2302 4521 2482 4592 fugam
2511 4522 2713 4575 ineunt.
2776 4521 2969 4576 Franci
3001 4537 3154 4587 vero,
3184 4523 3275 4577 ubi
3304 4523 3545 4593 potiores
3586 4530 3740 4575 eorum
3760 4512 3813 4568 vi-

2300 4628 2389 4667 res
2417 4622 2774 4683 agnoverant,
2817 4612 2884 4666 ad
2907 4628 3097 4668 eorum
3137 4613 3351 4670 scilicet
3402 4611 3626 4668 tentoria
3649 4615 3811 4664 conten-

2298 4705 2515 4761 debent.

2370 4796 2690 4850 Dimicanles
2714 4796 2838 4867 quid
2866 4795 3068 4850 soleant
3103 4794 3283 4851 Turci.
3325 4826 3397 4839 --
3428 4796 3595 4852 Porro
3619 4793 3708 4849 dux
3739 4787 3814 4844 Go-

2298 4888 2561 4954 defridtts,
2619 4887 3076 4957 Flandrensisque
3126 4904 3357 4953 comes,
3430 4888 3582 4957 Hugo
3644 4882 3814 4949 denique

2298 4979 2524 5049 Magnus
2590 4979 2673 5033 bis
2747 4979 2838 5047 qui
2896 4978 3160 5047 crepidini
3217 4978 3463 5034 ﬂuminis
3505 4972 3817 5045 adequitabant

2292 5071 2498 5141 junctis
2531 5070 2739 5125 nisibus
2788 5071 3132 5141 ingruebant.
3170 5068 3233 5125 Hi
3274 5069 3439 5139 plane
3466 5077 3573 5123 tres
3597 5058 3812 5119 cuiusuis,

2307 5165 2401 5220 Dei
2429 5162 2627 5219 Filium
2660 5180 2759 5233 pro
2790 5178 2847 5219 se
2877 5164 3200 5219 cruciﬁxum
3237 5179 3351 5235 prae
3382 5162 3555 5219 oculis
3576 5156 3813 5230 appenden

2300 5269 2401 5323 tes,
2433 5259 2699 5312 universa:
2729 5272 2917 5311 eorum
2947 5256 3269 5325 frequentia:
3304 5255 3528 5310 fortiter
3555 5255 3807 5315 immergun-

2300 5359 2405 5403 tur.
2440 5345 2537 5402 Ubi
2562 5362 2690 5401 vero
2721 5355 2777 5402 et
2803 5346 2910 5400 alia
2940 5355 3124 5400 nostra
3150 5346 3369 5416 agmina
3398 5345 3449 5398 id
3472 5343 3720 5403 viderunt,
3743 5341 3815 5387 tota

2298 5440 2352 5496 in
2369 5440 2629 5495 adversas
2649 5439 2801 5495 acies
2821 5439 3166 5494 animositate
3190 5454 3247 5494 se
3275 5438 3556 5509 ingerunt.
3578 5433 3618 5489 E
3639 5431 3817 5501 regione.

2298 5531 2535 5588 hostium
2566 5530 2732 5587 etiam
2771 5530 3077 5594 multitudo,
3113 5530 3262 5586 rabie
3293 5526 3633 5585 intoleranda
3660 5517 3820 5578 concla-

2227 3184 2272 3246 C

2297 5636 2471 5686 mans,
2504 5630 2560 5678 et
2610 5622 2723 5693 ipsa
2755 5621 3053 5679 concurrit.
3106 5621 3203 5679 Est
3244 5630 3429 5677 autem
3461 5612 3820 5686 lmjusmodieo-
3896 5624 3897 5683 ι

2298 5730 2415 5775 runt
2463 5728 2581 5770 mos
2609 5714 2661 5769 in
2686 5714 2802 5770 acie
2834 5713 3135 5786 positorum
3165 5723 3223 5771 ut
3255 5712 3455 5771 cannis
3479 5710 3651 5775 aereis,
3677 5701 3823 5776 quib“

2295 5822 2394 5909 pm
2453 5807 2741 5890 hastilibus
2790 5817 3038 5886 utuntur,
3089 5820 3145 5873 et
3184 5807 3559 5891 cymbalorum
3595 5795 3822 5869 nauium
3894 5834 3895 5909 ξ

3884 6062 3893 6273 l
