4012 6346
204 346 353 411 773
1357 324 1584 406 casm
1606 338 1733 402 ’νει
1764 322 1835 401 Pr

1937 339 2263 402 mancos.
2297 366 2366 381 —
2404 336 2535 395 LIB.
2566 326 2665 398 vr:
3416 324 3520 410 τὴ

215 468 617 537 terrificisque
656 465 878 523 vocibus
908 464 1146 523 infinitos
1196 464 1443 549 fragores
1468 463 1741 527 emittant,
1773 469 1835 517 ut
1865 465 1910 522 Α
1940 461 2201 528 ferentes,
2243 463 2337 534 qui
2382 479 2476 521 eas
2521 463 2939 522 eliminaverant
2974 479 3095 538 qua:
3115 466 3377 539 templum
3416 470 3517 530 Dei

217 563 326 618 vix
375 561 504 631 equi
541 560 896 628 hominesque
928 573 959 613 a
993 558 1129 613 tanti
1169 558 1379 613 sonitus
1413 565 1624 612 terrore
1660 553 1838 610 subsi—
1939 553 2199 610 Sanctum
2230 557 2691 613 attaminaverant
2717 567 2929 629 gentes.
2954 556 3059 628 ipsi
3090 573 3325 631 namque
3357 563 3520 619 mise-

220 662 416 711 stant.
449 652 557 708 Sed
580 650 715 707 nihil
735 666 923 706 eorum
946 659 1076 707 tunc
1104 650 1325 706 valuere
1347 657 1595 715 conatus,
1620 647 1836 720 penitus

221 759 439 801 eorum
463 751 593 799 sunt
615 742 890 797 exinanita
914 741 1213 797 molimina.
1230 740 1421 811 Cmpto
1440 740 1639 797 etenim
1662 739 1835 796 nostri

224 838 602 911 hello,primo
631 837 817 893 hostes
844 834 1196 908 proﬂigavere
1221 834 1495 904 conﬂictu,
1513 842 1566 889 et
1587 834 1654 889 ad
1690 848 1835 902 eam,

224 945 413 1001 quam
445 944 557 1000 prae
587 918 860 984 mentibus
914 928 1114 983 dudum
1142 927 1467 993 habuerant,
1504 926 1705 997 fugam,
1740 939 1835 980 ce-

223 1020 346 1077 leri
378 1019 750 1092 expediuntur
795 1016 1011 1075 effectu.
1062 1016 1210 1085 Quos
1259 1025 1436 1072 tamen
1464 1016 1662 1082 nostri,
1693 1015 1835 1069 irre-

222 1113 415 1170 missa
472 1111 755 1179 instantia,
807 1125 908 1181 per
965 1119 1272 1165 castrorum
1326 1123 1548 1177 suorum
1596 1106 1835 1162 medium

222 1215 673 1277 prosequuntur.
707 1201 820 1258 Nec
859 1202 1157 1275 spoliorum
1197 1199 1325 1255 hinc
1370 1200 1495 1254 inde
1536 1197 1834 1269 jacentium

225 1299 502 1372 cupidine
531 1296 908 1368 raptabantur,
941 1295 1143 1351 Christi
1167 1293 1510 1348 inimicorum
1542 1290 1658 1346 solo
1683 1287 1832 1360 pasci

226 1405 443 1447 cruore
489 1390 774 1445 malentes.
805 1389 1218 1459 Persequuntur
1246 1385 1366 1440 illos
1395 1385 1580 1454 itaque
1608 1384 1675 1437 ad
1696 1397 1833 1452 pon-

204 1489 359 1538 tem
385 1496 560 1553 usque
589 1480 1020 1553 Pharphareum,
1055 1488 1112 1534 et
1140 1476 1407 1532 'l‘ancredi
1441 1490 1611 1545 usque
1635 1472 1832 1528 castel-

225 1572 378 1630 lum.
406 1572 784 1643 Occupaverat
814 1587 969 1644 ergo,
997 1570 1102 1625 illis
1131 1567 1510 1624 recedentibus
1528 1606 1545 1632 ,
1579 1579 1833 1634 campum

225 1665 544 1735 spoliorum
573 1664 744 1737 gloria
768 1663 1014 1736 grandis.
1047 1660 1278 1741 Stabant
1296 1658 1392 1724 ibi,
1424 1656 1492 1712 ab
1523 1655 1834 1712 hominibus

226 1759 465 1829 quidem
503 1756 709 1825 inania,
758 1757 878 1812 auri
923 1765 1104 1811 autem
1156 1762 1211 1807 et
1242 1750 1452 1821 argenti
1483 1756 1832 1805 ornamento-

227 1826 477 1921 funrque
507 1848 936 1921 quamplurium,
987 1860 1096 1901 non
1121 1858 1291 1915 egena
1315 1841 1575 1905 tentoria,
1620 1838 1827 1904 ovium,
1861 1826 1907 1882 Β

231 1957 565 2013 caprarum,
614 1942 815 1997 bovum
844 1939 965 1995 fusa
997 1939 1201 2009 ubique
1230 1935 1517 2008 pecuaria,
1549 1948 1832 2003 equorum,

228 2037 545 2105 mulorum,
573 2037 857 2092 asinorum
877 2035 1095 2107 copiosa
1128 2032 1392 2097 subsidia,
1419 2029 1699 2097 frumenti,
1723 2028 1836 2085 vini

232 2142 319 2184 ac
345 2129 549 2197 farinae,
582 2128 777 2184 collata
803 2128 922 2184 sine
946 2126 1276 2182 discretione
1302 2123 1549 2179 obsonia.

322 2222 577 2278 Prwlium
624 2222 897 2278 adversum
942 2220 1177 2292 fecerunt
1209 2218 1388 2273 Turci.
1432 2247 1505 2259 —-
1545 2214 1838 2271 Christiani

230 2322 423 2386 grates
450 2311 660 2367 Christo
689 2313 976 2382 rependunt
1010 2310 1291 2380 urbemque
1318 2307 1693 2378 ingrediuntur
1718 2322 1837 2360 cum

202 2405 537 2476 triumpho.
560 2434 632 2447 —-
675 2405 747 2459 At
779 2402 955 2476 Syria).
999 2401 1382 2470 Armeniaeque
1412 2398 1621 2465 coloni,
1654 2397 1747 2467 qui
1779 2396 1837 2452 in

232 2496 356 2554 illis
380 2498 736 2552 versabantur
778 2495 1047 2566 partibus,
1080 2492 1478 2565 comperientes
1498 2489 1729 2547 Francis
1756 2489 1837 2543 in-

236 2597 522 2659 speratam
583 2587 816 2644 cessisse
868 2586 1199 2650 victoriam,
1252 2586 1443 2641 obvios
1507 2580 1837 2653 fugientibus

237 2678 442 2737 Turcis
465 2694 523 2735 se
546 2679 744 2750 ubique
773 2680 1097 2749 praebentes,
1128 2679 1194 2733 ad
1217 2687 1478 2734 montana
1500 2679 1837 2731 concurrunt

236 2780 308 2827 et
339 2785 693 2842 quoscunque
738 2769 1231 2841 comprehendunt,
1279 2769 1619 2826 interimunt.
1651 2763 1835 2820 Nostri

236 2871 513 2936 praterea
540 2864 856 2927 redeuntes,
883 2871 939 2918 et
983 2863 1250 2918 immenso
1287 2861 1470 2916 cordis
1500 2858 1695 2931 jubilo,
1745 2856 1834 2912 in-

240 2953 759 3025 comprehensibilia
782 2954 1052 3025 praeconia
1074 2952 1437 3023 rependentes
1457 2966 1556 3006 suo
1581 2963 1836 3019 coopera-

242 3048 351 3104 tori
378 3047 612 3116 Christo,
635 3062 758 3104 cum
783 3046 1039 3117 triumphi
1065 3045 1305 3101 cmlestis
1326 3046 1534 3100 honore
1555 3043 1834 3099 civitatem

242 3142 545 3197 introeunt.
584 3139 678 3196 ille
708 3149 913 3207 autem,
959 3139 1052 3210 qui
1084 3138 1237 3193 urbis
1282 3144 1512 3210 praeerat
1560 3135 1836 3205 praesidio,

216 3231 440 3285 videns
470 3228 676 3284 militiae
705 3229 1026 3300 principem,
1055 3229 1264 3283 nostris
1286 3226 1666 3282 insistentibus
1689 3232 1837 3295 terga

246 3332 572 3389 vertentem,
604 3323 830 3378 omnino
855 3322 1154 3377 intremuit.
1188 3321 1256 3376 Et
1286 3320 1630 3389 perpendens
1660 3320 1838 3373 minus

248 3424 420 3471 tutam
463 3414 658 3469 amodo
708 3412 916 3467 castelli
965 3410 1082 3467 fore
1112 3411 1216 3467 sibi
1261 3410 1588 3477 custodiam,
1620 3411 1836 3480 signum

252 3506 562 3578 eujuspiam
590 3515 904 3561 nostrorum
935 3505 1265 3575 principum,
1296 3503 1597 3575 postposita
1624 3502 1839 3558 dilatio-

247 3615 342 3668 ne,
366 3599 696 3670 expostulat.
729 3598 928 3654 Comes
963 3597 1149 3654 Sancti
1178 3597 1356 3669 Egidii
1383 3596 1670 3667 contiguus
1694 3594 1835 3662 loco,

250 3691 345 3747 ubi
386 3691 500 3747 haec
528 3690 854 3761 petebantur
872 3691 1136 3755 existens,
1165 3689 1379 3757 signum
1401 3688 1681 3759 proprium
1702 3686 1840 3757 peti-

210 3820 211 3823 η
250 3784 358 3842 tori
385 3784 657 3855 exporrigi
690 3782 948 3839 celeriter
977 3764 1221 3837 maiidat.
1259 3779 1378 3847 Quo
1418 3779 1511 3835 ille
1541 3778 1838 3835 castrensis

250 3887 504 3948 excepto,
549 3877 686 3932 turri
721 3874 976 3949 praefixit.
1025 3873 1099 3929 At
1136 3872 1507 3943 Longobardi,
1538 3870 1838 3947 Buemnndi

250 3969 437 4026 favore
459 3969 702 4026 omnium
727 3967 907 4025 aemuli
939 3966 1195 4034 aliorum,
1234 3966 1401 4037 ipsius
1425 3965 1570 4020 enim
1600 3962 1839 4034 patroci-

212 4092 219 4115 ί
250 4065 341 4119 nio
397 4062 740 4128 nitebantur,
790 4060 1023 4133 principi
1072 4060 1237 4116 castri
1287 4059 1433 4114 illius
1476 4058 1835 4117 inciamitant.

214 4198 219 4207 .
257 4172 277 4206 ι
322 4152 434 4210 Hoc
478 4155 715 4225 signum,
758 4153 1032 4223 inquiunt,
1082 4166 1192 4208 non
1235 4162 1321 4208 est
1352 4150 1671 4207 Boemundi.
1708 4169 1728 4202 ›
1770 4151 1840 4205 At

252 4247 342 4302 ille
372 4246 523 4314 cujus
551 4254 697 4301 esset
719 4246 988 4317 rogitans,
1018 4260 1143 4302 cum
1173 4245 1474 4313 didicisset,
1496 4246 1622 4317 quia
1651 4245 1838 4300 Sancti

214 4335 437 4409 lEgidii.
456 4336 691 4403 comitis,
738 4335 987 4405 deposuit
1019 4336 1175 4403 illud,
1228 4337 1527 4409 comitique
1578 4336 1835 4393 restituit.

250 4429 533 4500 Petitoque
568 4428 865 4485 Boemundi
894 4439 948 4485 et
973 4440 1222 4501 accepto,
1253 4431 1607 4487 securitatem
1632 4430 1837 4501 pariter

250 4522 478 4591 accepit,
512 4529 571 4576 ut
594 4521 661 4577 de
691 4522 776 4576 bis
804 4522 898 4592 qui
923 4522 979 4576 in
1009 4522 1209 4593 oppido
1237 4533 1425 4579 secdm
1463 4532 1639 4591 erant,
1669 4524 1714 4579 si
1743 4526 1837 4593 qui

251 4622 449 4669 nostra:
478 4614 603 4669 fidei
634 4612 788 4685 jungi
816 4613 1037 4682 vellent,
1081 4630 1207 4671 cum
1239 4616 1359 4686 ipso
1404 4616 1718 4672 Boemundo
1747 4631 1837 4671 co-

252 4705 393 4775 piam
429 4703 745 4759 remanendi
769 4703 1064 4773 haberent;
1092 4705 1177 4760 sin
1207 4705 1364 4774 alias,
1393 4708 1600 4779 absque
1622 4706 1731 4762 ullo
1752 4706 1837 4762 sui

251 4798 494 4867 ipsorum
555 4796 900 4852 incommodo
967 4797 1304 4854 recederent.
1351 4799 1434 4854 Ad
1478 4799 1602 4871 jura
1651 4800 1839 4869 itaque

251 4888 550 4944 Boemundi
572 4887 903 4944 concedente
932 4888 1180 4956 castello,
1212 4900 1269 4946 et
1297 4907 1365 4947 ex
1396 4890 1514 4960 ejus
1544 4889 1723 4948 oilicio
1766 4891 1835 4947 ad

252 4984 433 5055 oppidi
464 4985 766 5042 custodiam
804 4988 1117 5046 hominibus
1166 4985 1439 5052 inductis,
1478 4992 1598 5055 post
1634 4998 1836 5054 paucos

251 5077 371 5136 dies
394 5077 662 5151 baptisma
704 5084 947 5154 suscepit
989 5084 1057 5148 is,
1099 5081 1190 5152 qui
1223 5089 1464 5136 castrum
1502 5077 1833 5147 reddiderat,

252 5181 311 5227 et
339 5185 458 5227 cum
490 5187 557 5228 eo
598 5173 644 5229 si
669 5175 797 5245 quis
831 5172 1147 5230 Christiano
1178 5170 1383 5226 nomini
1432 5168 1837 5226 communicare

254 5259 540 5318 maluerat.
572 5261 632 5320 Si
661 5265 754 5336 qui
792 5265 905 5320 suis
941 5266 1150 5320 haerere
1186 5262 1398 5333 legibus
1441 5259 1749 5325 voluerunt,
1781 5268 1837 5316 et

254 5354 471 5426 propria
509 5371 672 5428 super
708 5357 813 5413 isto
853 5357 1108 5414 libertate
1152 5354 1307 5427 potiti
1358 5364 1518 5421 sunt;
1558 5361 1614 5409 et
1664 5365 1838 5422 usque

256 5449 317 5506 in
339 5447 757 5510 Sarracenorum
776 5460 1000 5519 terram,
1019 5449 1188 5523 ipsius
1197 5448 1493 5507 Boemundi
1503 5458 1833 5518 commeatu,

257 5540 431 5602 educti
455 5551 597 5601 sunt.

332 5634 444 5711 [X.J
479 5635 589 5695 Hoc
612 5637 832 5706 bellum,
857 5647 1052 5711 quarto
1077 5637 1197 5697 Kal.
1228 5636 1374 5706 Julii,
1406 5638 1459 5695 in
1482 5653 1594 5696 suae
1624 5638 1832 5710 passio-

242 5729 345 5794 nis
374 5729 548 5805 vigilia
580 5730 786 5807 Petrus
831 5742 889 5793 et
914 5732 1116 5793 Paulus
1136 5744 1383 5809 egerunt,
1414 5732 1531 5807 ejus
1557 5734 1708 5794 urbis
1732 5734 1833 5802 ml-

261 5824 411 5895 seriae
439 5825 807 5909 condoieutes,
842 5836 899 5892 et
941 5843 1207 5895 novorum
1259 5829 1460 5901 civium
1498 5829 1667 5897 exitia
1715 5844 1827 5897 nou

1938 659 2155 701 rescere
2202 644 2324 715 jure
2373 648 2673 704 debuerant
2708 664 2870 720 quam
2923 650 3137 721 utrique
3175 652 3518 720 praedicando

1937 735 2255 791 docuerant.
2287 735 2344 792 in
2368 737 2615 796 ecclesiis
2636 738 2794 810 plane
2813 739 3025 797 stabula
3050 741 3520 801 constituebantur

1935 844 2219 901 equorum,
2253 838 2308 885 et
2348 830 2399 884 in
2441 841 2597 901 parte
2636 832 2807 903 ipsius
2837 833 3061 903 majoris
3096 834 3337 891 basilicae
3366 836 3519 894 Beati

1937 920 2105 988 Petri,
2137 920 2391 977 Mathomi
2418 922 2501 977 sui
2524 934 2815 981 erexerant
2841 927 3081 983 domum.
3119 925 3253 981 Victi
3286 928 3519 999 denique

1939 1016 2123 1071 hostes
2162 1030 2283 1070 cum
2306 1015 2408 1071 hac
2438 1015 2671 1087 illacque
2698 1016 3043 1090 diffugerent,
3075 1032 3287 1077 montes
3316 1035 3380 1075 ac
3400 1022 3517 1078 val-

1935 1108 2040 1173 les,
2087 1123 2215 1163 rura
2258 1122 2323 1163 ac
2360 1123 2605 1175 nemora,
2638 1108 2802 1165 calles
2839 1121 2894 1166 et
2923 1114 3043 1168 avia
3073 1117 3394 1184 quibusdam
3426 1130 3515 1172 se-

1936 1202 2175 1269 mivivis,
2227 1201 2351 1259 aliis
2394 1204 2645 1268 mortuis,
2669 1203 2870 1259 sauciis
2896 1204 3193 1262 innumeris
3223 1209 3522 1280 oppleban-

1936 1304 2045 1350 tur.
2079 1294 2379 1366 liepenlina
2416 1312 2546 1366 ergo
2583 1294 2676 1350 Dei
2727 1298 3076 1353 miseratione
3119 1302 3374 1371 respecti,
3402 1303 3521 1356 diu-

1936 1397 2108 1443 turna:
2147 1388 2309 1444 famis
2340 1389 2705 1444 calamitatem
2735 1390 2897 1446 celeri
2931 1390 3195 1447 felicitate
3218 1400 3519 1460 mutarunt,

1935 1491 1995 1535 ut
2019 1481 2110 1535 ubi
2159 1480 2371 1536 duobus
2393 1482 2599 1551 pridem
2633 1482 2820 1537 solidis
2848 1498 3006 1537 ovum
3029 1486 3387 1549 vendebatur,
3422 1486 3523 1541 bos
3622 1530 3633 1544 .

1935 1574 2028 1628 vix
2066 1574 2307 1629 denariis
2362 1574 2646 1630 duodecim
2697 1576 3128 1643 distraheretur,
3180 1588 3327 1634 etut
3373 1579 3523 1635 brevi

1934 1668 2115 1721 omnia
2166 1668 2272 1722 fine
2313 1666 2583 1732 claudam,
2615 1667 2705 1723 ubi
2751 1667 2941 1724 inediae
2970 1669 3148 1724 rabies
3197 1669 3522 1736 incesserat,

1936 1760 2007 1815 ibi
2042 1769 2190 1815 tanta
2221 1760 2567 1829 pecuniarum
2590 1760 2944 1831 omniumque
2965 1761 3279 1817 victualium
3303 1763 3524 1818 ubertas

1940 1852 2175 1909 accessit
2212 1861 2269 1905 ut
2309 1852 2486 1907 subita
2510 1854 2814 1907 emersione
2840 1854 3039 1923 passim
3069 1857 3271 1910 exoriri
3311 1855 3521 1910 videre-

1941 1957 2031 2003 tur
2078 1947 2255 2003 omnis
2306 1946 2585 2017 plenitudo
2640 1948 2760 2011 rei,
2815 1957 2871 2001 et
2908 1948 3190 2020 aperuisse
3241 1956 3526 2021 putaretur

1939 2041 2203 2097 Dominus
2232 2049 2539 2096 cataractas
2569 2041 2717 2097 cmli.
2748 2041 2920 2097 Tanta
2950 2045 3305 2100 tentoriorum
3332 2059 3524 2102 nume-

1940 2133 2139 2190 rositas
2174 2133 2405 2200 exstitit,
2431 2141 2490 2187 ut
2520 2149 2641 2189 cum
2681 2136 2882 2205 quique
2914 2145 3232 2190 nostrorum
3266 2136 3523 2192 taberna-

1940 2227 2062 2283 cula
2109 2226 2487 2297 diripuissent,
2533 2226 2719 2283 ditatis
2765 2230 3037 2296 omnibus,
3064 2228 3285 2299 jamque
3313 2229 3525 2299 przeda-

1943 2334 2063 2374 rum
2116 2320 2362 2374 sarcinas
2405 2317 2829 2386 fastidientibus,
2863 2322 2955 2376 vix
3002 2321 3379 2377 invenirentur
3432 2321 3526 2392 qui

1941 2420 2220 2482 raperent.
2271 2410 2380 2467 Nec
2432 2427 2671 2483 paupere
2720 2422 3018 2484 occupante
3069 2430 3183 2469 rem
3231 2412 3529 2484 quamlibet

1942 2504 2106 2559 ditior
2150 2504 2291 2559 ullus
2322 2506 2712 2576 superveniens
2754 2505 3067 2561 violentiam
3106 2505 3393 2574 inferebat,
3431 2502 3528 2563 sed

1940 2595 2079 2653 alter
2104 2595 2258 2651 alteri
2287 2595 2406 2652 sine
2441 2597 2789 2652 contentione
2823 2598 3066 2653 cedebat.

2552 2686 2782 2743 CAPUT
2820 2688 2906 2743 lll.
3286 2742 3289 2747 .

2038 2781 2203 2854 420
2232 2779 2371 2854 [XL]
2402 2780 2737 2835 Antiochiam
2782 2781 3085 2850 imperatori
3114 2782 3341 2853 o/j‘erunt
3369 2779 3528 2835 duces

1942 2874 2253 2929 Christiani.
2282 2904 2351 2915 —
2384 2873 2513 2929 Post
2542 2874 2659 2929 haec
2686 2873 2963 2945 principes
2992 2873 3189 2936 nostri,
3218 2873 3325 2927 dux
3346 2869 3529 2927 Gode-

1941 2964 2113 3020 fridus
2135 2963 2319 3019 Sancti
2342 2964 2518 3033 Egidii
2542 2979 2749 3030 comes,
2783 2962 3163 3030 Boemundus,
3194 2960 3529 3019 Northman-

1940 3057 2044 3111 nite
2100 3072 2310 3122 comes,
2350 3054 2748 3125 'Robertusque
2800 3054 3183 3121 Flandrensis,
3244 3063 3299 3109 et
3342 3052 3530 3110 caeteri

1867 3180 1908 3240 ς
1943 3163 2151 3211 omnes,
2186 3156 2307 3203 acto
2336 3148 2540 3219 pariter
2573 3147 2822 3210 consilio,
2859 3146 3142 3217 liugonem
3170 3143 3447 3217 Magnum,
3469 3153 3528 3203 et

1943 3236 2262 3291 Balduinum
2307 3237 2562 3290 comitem
2614 3236 2679 3291 de
2725 3235 3032 3302 Montibus,
3063 3234 3354 3306 pluresque
3392 3233 3529 3292 alios

1942 3327 2165 3382 illustris
2206 3326 2439 3381 nominis
2465 3316 2633 3391 vires,
2673 3327 2740 3381 ad
2772 3327 3158 3398 imperatorem
3182 3325 3443 3398 dirigunt,
3466 3334 3530 3382 ut

1942 3418 2131 3473 urbem
2162 3417 2560 3471 Antiochenam
2586 3419 2880 3487 reciperet,
2906 3427 2961 3473 et
2985 3432 3105 3488 quae
3127 3416 3328 3472 nostris
3347 3414 3529 3471 fuerat

1939 3523 2130 3581 pactus
2157 3510 2419 3580 expleret.
2460 3509 2578 3565 lere
2616 3511 2911 3581 siquidem,
2948 3510 3042 3565 sed
3084 3509 3426 3581 postmodum
3456 3507 3527 3564 ad

1942 3618 2037 3657 eos
2062 3618 2090 3655 a
2123 3604 2319 3671 quibus
2353 3601 2502 3657 missi
2553 3600 2771 3657 fuerant
2802 3602 3034 3657 reditum
3067 3600 3349 3657 distulere.
3378 3598 3529 3667 Quo-

1941 3699 2063 3754 dam
2096 3699 2240 3753 enim
2260 3698 2312 3751 in
2336 3696 2453 3752 loco
2475 3697 2749 3752 consecuti
2775 3712 2805 3751 a
2838 3696 3053 3764 Turcis,
3083 3695 3279 3767 quibus
3307 3695 3430 3767 equi
3457 3696 3528 3752 ad

1904 3817 1911 3824 ο
1941 3806 2159 3845 manum
2184 3789 2354 3856 fuere,
2379 3788 2546 3859 elapsi
2577 3799 2722 3853 sunt,
2745 3787 2941 3859 quibus
2967 3786 3174 3859 procul,
3209 3794 3303 3843 aut
3327 3784 3528 3865 captivi

1939 3881 2179 3945 abducti,
2209 3888 2301 3934 aut
2331 3878 2479 3934 ferro
2502 3881 2663 3933 finem
2694 3877 2869 3934 sortiti
2900 3886 3045 3934 sunt.
3072 3876 3269 3933 Comes
3293 3877 3358 3931 de
3382 3874 3530 3933 Mon-

1904 3992 1907 3993 '
1941 3974 2108 4037 tibus,
2139 3972 2227 4026 cui
2265 3970 2563 4026 infortunio
2590 3970 2960 4035 succubuerit,
2986 3971 3165 4026 adhuc
3187 3968 3341 4025 nobis
3371 3967 3528 4024 mini-

1940 4079 2010 4119 ne
2030 4073 2237 4118 certum
2277 4072 2381 4117 est.
2420 4060 2572 4132 Hugo
2608 4070 2787 4116 autem
2820 4061 3063 4131 Magnus,
3098 4074 3267 4131 quare
3293 4058 3525 4114 reditum

1940 4169 2097 4209 suum
2122 4157 2427 4208 detrectare
2449 4151 2683 4205 voluerit
2703 4152 2820 4205 haec
2842 4150 3113 4221 aliquibus
3133 4150 3350 4205 videtur
3372 4161 3529 4205 ocea-

1939 4247 2040 4301 sio.
2073 4246 2207 4301 Cum
2237 4254 2380 4301 esset
2413 4245 2550 4300 alias
2595 4244 2941 4300 strenuitatis
2977 4244 3282 4308 immensa,
3313 4242 3364 4297 in
3395 4255 3528 4311 pro-

1940 4338 2193 4395 curandis
2218 4348 2397 4393 tamen
2426 4338 2535 4403 his,
2572 4352 2693 4407 qua:
2720 4336 2910 4391 usibus
2943 4336 3077 4389 tanti
3112 4333 3347 4389 hominis
3376 4331 3529 4389 suill-

1940 4435 2136 4491 cientia
2158 4435 2530 4500 crederentur,
2560 4422 2737 4487 minus
2776 4448 2837 4487 se
2884 4429 3174 4503 sollicitum
3205 4420 3524 4495 exhibebat,

1863 4550 1917 4612 Ι)
1941 4535 1997 4580 et
2038 4525 2160 4580 ideo
2208 4525 2291 4579 vir
2328 4522 2716 4579 honestissime
2753 4521 3050 4586 delicatus,
3110 4518 3252 4573 inter
3281 4532 3395 4582 eos,
3430 4518 3524 4587 qui
3568 4584 3583 4596 .

1941 4629 2037 4676 aut
2067 4617 2367 4673 tenaciores
2404 4624 2584 4684 erant,
2628 4624 2723 4670 aut
2758 4614 2811 4669 in
2841 4614 2927 4670 his
2958 4611 3347 4669 contrahendis
3378 4610 3524 4666 acri-

1941 4728 2087 4777 ores,
2120 4713 2316 4781 quibus
2345 4716 2439 4763 aut
2469 4706 2643 4776 major
2674 4718 2792 4762 erat
2837 4705 2921 4761 vel
2964 4706 3017 4761 in
3046 4703 3193 4759 nullo
3232 4702 3515 4772 secundus,

1938 4823 2097 4880 egere
2128 4806 2368 4862 timebat.
2399 4802 2506 4860 Sed
2538 4804 2606 4859 de
2634 4802 2752 4874 ejus
2781 4801 2983 4866 reditu,
3002 4797 3149 4869 juste
3178 4814 3337 4854 nemo
3367 4797 3518 4868 queri

1939 4901 2143 4969 debuit,
2170 4899 2262 4970 qui
2302 4896 2666 4969 postmodum,
2708 4894 2775 4949 ad
2805 4893 2910 4949 hoc
2953 4893 3094 4948 idem
3128 4891 3521 4962 postliminium

1937 4993 2165 5060 faciens,
2216 4991 2475 5064 martyris
2503 4998 2560 5045 et
2592 4987 2783 5060 Optimi
2821 5002 3035 5061 semper
3069 4986 3256 5042 militis
3302 4984 3517 5041 nomine

1939 5085 2329 5156 insigniendus,
2361 5081 2637 5140 occubuit.

2010 5177 2172 5252 [XlL]
2207 5179 2378 5250 Agunt
2410 5178 2471 5234 de
2502 5176 2967 5232 Ilierosolimitano
2992 5173 3196 5228 itinere.
3233 5170 3311 5212 --'
3335 5168 3514 5223 Divera

1937 5286 2012 5327 sa:
2039 5269 2324 5325 Raimundi
2353 5270 2680 5325 incursiones
2711 5269 2766 5323 in
2795 5266 3014 5322 Turcos.
3038 5293 3109 5305 —-
3130 5262 3374 5333 Denique
3410 5275 3510 5317 non

1936 5361 2107 5417 multo
2134 5371 2277 5433 post,
2313 5367 2601 5417 tractatum
2632 5367 2716 5414 est
2739 5358 3010 5428 quomodo
3039 5350 3512 5424 Hierosolymitaui

1937 5455 2168 5521 itineris,
2196 5470 2295 5525 pro
2322 5469 2428 5526 quo
2459 5461 2606 5509 tanta
2633 5452 2868 5507 tulerant
2899 5450 3126 5508 intentio
3156 5459 3513 5518 consequere-

1937 5557 2028 5604 tur
2050 5547 2320 5613 eil'ectum,
2350 5546 2597 5617 idemque
2620 5545 2870 5618 populus,
2902 5543 2992 5615 qui
3018 5544 3084 5600 ad
3118 5543 3169 5599 id
3202 5540 3518 5600 desideran~

1920 5640 2145 5700 tissime
2203 5639 2497 5714 aspirabat,
2540 5638 2774 5712 qualiter
2819 5637 3036 5695 interim
3086 5642 3385 5711 regeretur,
3418 5631 3516 5692 do-

1936 5748 2037 5795 nec
2060 5734 2127 5793 ad
2163 5748 2276 5793 rem
2305 5740 2449 5791 esset
2474 5740 2715 5791 ventum.
2765 5730 3169 5804 Perpenderant
3197 5728 3357 5804 plane
3386 5739 3514 5801 pro-

1938 5845 2130 5907 ceres,
2176 5827 2305 5905 quia
2350 5826 2495 5895 inter
2534 5826 2765 5893 eundem
2817 5826 2989 5893 multa
3039 5825 3229 5891 aestivo
3268 5810 3515 5915 tempore
