3980 6324
537 289 647 360 hs

1350 283 1415 347 v.
1458 280 1785 344 GUlBERTl
1820 276 2113 339 seems
2148 275 2212 337 s.
2244 274 2495 340 nam
2522 275 2617 339 nn
2648 274 3046 337 nonnemo
3628 296 3712 358 πθ

536 409 877 483 inaquositas
917 380 1225 463 habeatur}
1246 379 1321 458 iet
1364 400 1602 468 ideirco,
1653 402 1721 455 ad
1764 398 1885 454 Kal.
1938 410 2112 466 usque
2136 396 2190 459 Α
2212 395 2293 450 vit
2322 392 2509 451 nubilo
2542 391 2706 449 Deus.
2748 392 2798 449 Is
2820 393 2965 449 enim
3010 391 3102 463 qui
3132 407 3223 449 eos
3250 405 3473 465 rexerat,
3496 402 3575 471 qui
3605 406 3719 468 im”.

536 497 862 554 Novembris
912 491 1206 549 differenda
1239 487 1505 561 profectio
1540 490 1833 560 judicatnr.
1888 486 2109 542 Interim

533 605 665 660 ergo
694 585 1110 646 assentientibus
1158 584 1285 638 huic
1332 583 1560 637 consilio
1599 582 1841 644 cunctis,
1872 580 2115 635 seniores

538 680 811 736 exercitus
840 692 937 748 per
960 676 1122 731 urbes
1141 682 1197 730 et
1217 673 1435 746 oppida,
1462 672 1567 747 sibi
1592 673 1659 729 ad
1683 672 1914 727 invicem
1935 671 2120 727 distri-

530 774 664 827 buta
716 784 770 826 et
822 769 1110 842 acquisita,
1154 783 1213 824 se
1244 768 1509 835 dividunt,
1557 776 1610 822 et
1636 765 1838 835 ubique
1868 780 1965 835 per
1991 764 2118 820 sub-

534 862 707 934 iectos
751 862 854 918 sibi
889 860 1137 933 populos,
1184 874 1216 915 a
1244 858 1588 930 praeconibus
1639 857 1900 913 celebrari
1931 855 2120 926 praeci-

535 954 710 1026 piunt,
739 963 1007 1025 quatenus
1040 955 1088 1010 si
1114 954 1237 1027 quis
1263 969 1451 1010 eorum
1490 960 1695 1023 egeret,
1745 952 1847 1007 sub
1877 949 2117 1007 donativi

536 1044 791 1116 pactione
830 1044 1230 1116 potentioribus
1270 1045 1595 1101 adhaereret.
1645 1043 1773 1099 Fuit
1816 1043 1957 1098 inter
1986 1042 2120 1097 alios

538 1137 623 1193 vir
644 1138 915 1210 equestris
937 1139 1166 1205 ordinis,
1190 1153 1580 1209 armorumque
1599 1136 1860 1193 exercitio
1880 1150 2122 1190 summo-

538 1244 671 1301 pere
698 1230 1050 1301 praaminens,
1093 1230 1161 1287 de
1186 1231 1516 1302 primoribus
1544 1229 1758 1286 comitis
1789 1227 1973 1284 Sancti
1999 1228 2123 1300 Egi-

538 1321 614 1376 dii
645 1322 971 1379 necessariis
1001 1323 1262 1390 existens,
1291 1321 1630 1378 Raimundus
1653 1320 1896 1386 nomine,
1925 1334 2124 1391 cogno-

540 1424 729 1471 mento
771 1414 997 1483 Pilitus,
1031 1415 1119 1471 cui
1166 1425 1224 1470 et
1266 1415 1497 1469 militum
1526 1421 1582 1469 et
1616 1414 1857 1485 peditum
1904 1412 2122 1484 plurimi

540 1522 662 1564 sese
688 1508 988 1565 contulee.
1016 1507 1155 1563 Huic
1185 1507 1395 1577 itaque,
1421 1519 1475 1564 et
1496 1522 1594 1577 pro
1619 1507 1703 1563 sui
1730 1504 2122 1571 muniﬁcentia,

540 1608 595 1655 et
620 1614 719 1670 pro
750 1600 990 1672 ingenita
1017 1599 1310 1665 industria,
1340 1599 1526 1655 multis
1554 1597 1845 1669 applicitis,
1889 1595 2124 1653 conﬂato

541 1706 651 1747 non
681 1692 882 1765 exiguo
913 1692 1184 1758 exercitu,
1222 1692 1333 1746 itur
1359 1692 1411 1747 in
1444 1690 1873 1747 Sarracenorum
1901 1699 2119 1756 terram,

540 1793 891 1857 castrumque
921 1785 1309 1856 aggrediuntur
1343 1785 1487 1854 quod
1515 1784 1704 1839 dicunt
1726 1781 2123 1837 Talamaniam.

541 1872 951 1945 Oppidanivero
974 1878 1141 1944 idem,
1170 1893 1293 1933 cum
1319 1885 1503 1932 essent
1529 1874 1675 1947 Syri,
1700 1891 1731 1930 a
1756 1878 1978 1945 praefato
2003 1884 2130 1931 sunt

543 1966 667 2021 viro
716 1967 945 2038 prepria
988 1967 1172 2023 statim
1231 1968 1507 2023 deditione
1551 1967 1776 2036 recepti.
1821 1966 1937 2035 Quo
1986 1967 2130 2022 intra

545 2056 1174 2129 idipsum‘municipium
1204 2068 1329 2113 octo
1351 2066 1725 2114 commorante
1755 2056 1966 2124 diebus,
1994 2075 2133 2112 nun-

546 2149 718 2204 tiatur
742 2150 921 2207 eidem
947 2152 1091 2207 haud
1122 2152 1312 2221 procul
1352 2153 1479 2206 inde
1505 2152 1694 2207 haberi
1733 2159 1974 2207 castrum
2004 2151 2133 2207 Sar-

545 2252 896 2311 racenorum,
955 2242 1343 2299 innumerabili
1394 2242 1555 2313 vulgo
1607 2242 2127 2313 frequentissimum.

544 2327 627 2385 Ad
686 2331 791 2388 hoc
836 2332 1249 2404 irrumpen'dum
1299 2333 1427 2389 dum
1481 2334 1825 2403 rapidissimo
1862 2334 2136 2389 ferrentur

548 2421 778 2488 assultu,
842 2425 949 2481 Deo
988 2434 1339 2496 penetrante,
1394 2427 1679 2498 subigitur.
1732 2427 2136 2484 Habitatoribns

549 2527 683 2585 ergo
705 2517 993 2587 correptis,
1023 2518 1115 2587 qui
1144 2516 1451 2573 Christiana
1482 2528 1825 2574 sacramenta
1863 2518 2138 2589 suscipere

548 2605 960 2674 acquieverurt,
988 2608 1187 2664 servati
1211 2617 1344 2665 sunt
1370 2609 1675 2666 incolumes
1703 2627 1715 2665 :
1744 2610 1837 2680 qui
1866 2609 2139 2668 detrecta-

549 2711 703 2764 vere,
733 2708 1020 2758 necantur.

626 2788 725 2845 His
767 2790 1056 2862 explicitis,
1091 2792 1204 2850 Deo
1243 2794 1451 2865 gratias
1496 2796 1848 2855 redhibentes
1884 2792 2139 2854 Talama-

554 2880 702 2936 niam
733 2893 1102 2952 revertuntur,
1136 2895 1191 2942 et
1229 2887 1387 2944 tertia
1419 2889 1505 2944 die
1542 2890 1668 2946 inde
1698 2893 1951 2965 digressi,
1999 2891 2143 2949 fero-

555 2974 834 3031 cissimam
889 2980 1267 3049 munimentis,
1315 2997 1379 3038 ac
1416 2984 1691 3042 variarum
1734 2988 1976 3057 gentium
2014 3003 2141 3045 coa-

552 3069 735 3124 ctione
764 3072 1055 3141 superbam
1089 3072 1394 3144 civitatem,
1425 3079 1690 3136 vocabulo
1728 3081 1959 3137 Marram
1981 3097 2142 3154 expe-

553 3166 695 3214 tunt.
751 3159 880 3217 Haec
934 3163 1219 3232 praelibato
1276 3168 1533 3241 contigua
1584 3180 1705 3228 erat
1756 3174 2036 3242 praesidio,
2067 3174 2141 3228 .in

551 3264 717 3320 quam
757 3267 789 3305 a
829 3253 1346 3325 circumiacentibus
1364 3262 1562 3319 castris
1591 3278 1655 3319 ac
1690 3265 1914 3320 urbibus
1951 3266 2144 3336 praeci-

551 3355 660 3413 pue
693 3344 763 3399 ab
788 3343 981 3417 Aleph,
1022 3346 1458 3411 Sarracenorum
1488 3354 1903 3429 Turcorumque
1934 3360 2144 3415 sentina

552 3433 908 3494 conﬂuxerat.
962 3442 1170 3512 Quibus
1240 3447 1513 3521 phalanga
1578 3450 1861 3521 gentilium
1929 3452 2143 3509 obviam

538 3525 881 3592 dimicatura
909 3539 1214 3609 processit;
1242 3542 1525 3611 nostrique
1574 3557 1633 3598 se
1660 3544 1995 3602 azstimantes
2016 3562 2139 3603 cum

554 3620 639 3684 eis
666 3642 828 3698 posse
860 3645 959 3700 pro
997 3646 1151 3687 more
1205 3632 1350 3690 bello
1411 3632 1725 3702 decernere,
1777 3636 1884 3691 cita
1928 3637 2144 3693 illorum

558 3727 686 3773 sunt
738 3720 1189 3790 tergiversatione
1223 3724 1455 3796 decepti.
1486 3727 1741 3785 Attamen
1768 3729 1951 3787 hostes
1980 3731 2142 3799 idem,

559 3810 897 3868 creberrime
937 3816 1291 3884 prodeuntes,
1340 3833 1449 3876 non
1499 3820 1835 3879 desistebant
1875 3824 2146 3882 lacessere

559 3909 809 3957 nostros.
835 3901 973 3960 Tota
1008 3906 1191 3978 itaque
1217 3908 1355 3976 dies,
1386 3919 1742 3984 utrarumque
1787 3916 2024 3987 partium
2066 3918 2146 3973 vi-

557 3988 726 4046 c'ariis
748 3992 1059 4053 incursibus
1081 4001 1502 4073 recursibusque
1517 4013 1783 4076 occupata
1805 4008 2142 4065 subducitur.

559 4078 877 4143 Acerrimus
923 4104 1054 4160 ergo
1105 4102 1323 4150 nostros
1354 4112 1480 4153 cum
1509 4099 1840 4169 decoqueret
1864 4110 2057 4169 aestus;
2095 4114 2151 4161 et

562 4177 826 4237 inusitata
882 4184 1132 4242 ariditate
1170 4188 1293 4246 sitis
1342 4206 1683 4264 quorumque
1716 4195 1980 4253 interiora
2026 4200 2148 4256 fati-

561 4281 807 4339 scerent,
858 4277 1099 4333 remedio
1135 4280 1444 4339 nullatenus
1473 4297 1811 4358 suppetente,
1864 4290 2150 4349 voluerunt

562 4376 627 4417 ea
679 4376 837 4423 nocte
884 4367 1040 4437 juxta
1103 4375 1351 4429 eamdem
1403 4378 1592 4433 urbem
1646 4382 1877 4437 tentoria
1926 4399 2144 4454 ponere.

563 4456 929 4555 Civitatenses
973 4471 1155 4519 autem
1205 4481 1328 4522 cum
1378 4470 1881 4531 subintellexissent
1931 4489 2226 4555 nostros”

566 4548 753 4619 aliqua
782 4565 849 4607 ex
894 4564 1053 4623 parte
1100 4564 1314 4625 nutare,
1352 4560 1476 4634 Syri
1528 4566 1673 4621 enim
1716 4568 1877 4639 primi
1925 4572 1992 4628 de
2024 4571 2148 4644 fuga

563 4653 849 4737 coeperunt
878 4660 1063 4717 agere,
1092 4652 1271 4708 acrius
1295 4655 1375 4710 eis
1400 4671 1464 4711 ex
1495 4672 1686 4715 eorum
1724 4662 1848 4720 facti
1882 4681 2148 4737 propensa

562 4733 1013 4801 pusillanimitate
1054 4740 1284 4811 feroces,
1310 4744 1424 4816 jam
1449 4766 1555 4805 non
1582 4765 1836 4811 verentur
1868 4733 2145 4817 insistere.

565 4822 687 4890 Qua
717 4826 1020 4899 irruptione
1063 4837 1266 4902 vexati,
1299 4839 1514 4897 animas
1543 4844 1672 4913 Deo,
1710 4849 1889 4904 studio
1934 4850 2150 4920 pietatis

562 4926 815 4976 extrusas
834 4938 999 4993 quam
1029 4926 1249 4998 plurimi
1290 4932 1661 4991 reddiderunt.
1703 4938 1829 4994 ch
1858 4940 2032 4999 ﬁnalis
2054 4960 2148 5000 eo-

561 5008 827 5105 ru_mdem_
843 5013 981 5105 dies,
1032 5016 1222 5087 quinto
1251 5016 1393 5076 Julii"
1426 5027 1629 5083 mensis
1669 5029 1756 5083 die
1787 5030 1929 5089 facta
1956 5035 2149 5105 digno-

563 5096 752 5153 scitur.
790 5099 1016 5159 Residui
1046 5116 1230 5163 autem
1263 5108 1459 5169 Franci
1486 5114 1859 5181 Talamaniam
1890 5096 2145 5195 regressi,

564 5201 687 5242 cum
738 5205 839 5249 suo
876 5194 1013 5252 duce
1047 5198 1353 5266 Raimundo
1395 5205 1642 5274 plurimis
1668 5209 1930 5269 desedere
1958 5194 2149 5274 diebus

563 5275 786 5351 ibidem,
829 5283 1133 5359 Antiochiae
1180 5308 1315 5351 vero
1370 5309 1810 5370 commanentes,
1870 5306 2041 5364 multa
2088 5326 2149 5368 se

566 5370 962 5465 tranquillitate
985 5378 1368 5454 opulentiaque
1389 5389 1669 5465 gerebant.
1912 5370 1915 5373 Ι
2104 5374 2107 5375 ν

635 5452 824 5561 [iﬁlli]
855 5466 1100 5549 Aipmrus
1135 5452 1415 5533 Podiensi;
1448 5464 1715 5555 episeopus
1740 5488 1931 5561 migrat
1960 5508 1988 5548 θ
2019 5494 2142 5551 vita.

564 5579 634 5631 π-
655 5552 763 5651 Sed
792 5556 936 5645 hanc
962 5558 1152 5624 eorum
1180 5571 1552 5642 serenitatem,
1584 5552 1944 5655 occulta,vqua
1969 5589 2148 5648 nesci-

565 5645 706 5748 rnus',
757 5642 1186 5738 dispensatione,
1219 5664 1606 5732 obscurissime
1638 5642 1926 5741 confestim
1961 5642 2146 5748 turb—tt-

570 5746 575 5768 :
618 5762 749 5869 με)
771 5768 981 5841 Desunt
1004 5775 1061 5841 lu
1080 5792 1186 5845 tua.
1219 5779 1476 5851 Romani
1496 5787 1706 5858 Δίωνι
1741 5794 1906 5862 dicta.
2107 5746 2115 5748 ν
2154 5771 2159 5775 ’

2215 487 2330 542 rius
2355 485 2704 554 exteriusque
2733 500 2824 540 eos
2855 484 3095 553 piissime
3140 484 3359 552 foverat,
3388 489 3467 544 vir
3510 492 3603 550 Deo
3642 516 3718 556 εει-

2217 580 2446 649 culoque
2504 577 2846 648 spectabilis,
2880 577 3161 633 Podicnsis
3189 580 3459 651 episcopus
3496 585 3719 660 Aimarus,

2216 671 2592 742 regritudincm
2643 669 2851 737 incidit,
2896 670 3077 740 piique
3129 669 3335 726 sudoris
3376 671 3597 743 labores,
3628 698 3725 751 per.

2216 772 2392 834 pctuae
2450 761 2803 832 requietimiis
2860 762 3191 823 sabbatismo
3245 763 3506 833 detergere
3542 769 3727 839 ei_0m.

2220 855 2471 926 nipotens
2525 852 2829 923 largissitna
2883 853 3233 909 miseratione
3290 854 3553 926 disposuit.
3589 860 3639 918 1n
3677 880 3725 919 ea

2221 950 2427 1021 itaque,
2456 969 2576 1024 quae
2601 962 2830 1008 vocatur
2851 950 2917 1004 ad
2938 948 3165 1003 Vincula
3198 949 3363 1006 sancti
3390 948 3543 1019 Petri,
3565 952 3731 1015 festivi-

2227 1056 2340 1105 tate
2373 1048 2624 1112 decessit,
2655 1059 2888 1117 eumque
2918 1045 3005 1100 cui
3036 1042 3191 1114 regni
3217 1042 3469 1103 caelorum
3490 1046 3661 1117 claves,
3687 1067 3733 1108 ac

2221 1141 2551 1197 solutionum
2618 1139 2895 1210 pertinent
2963 1143 3265 1207 potestates
3322 1144 3376 1190 et
3427 1134 3733 1198 absolutomm

2222 1234 2448 1304 reperit,
2489 1231 2650 1304 42],
2682 1230 3084 1301 januarumque
3122 1225 3421 1284 caelestium
3459 1227 3734 1287 introducto-

2224 1341 2341 1382 rem
2371 1309 2718 1382 commeruit.
2748 1322 3009 1380 Oboritur
3034 1320 3180 1376 illico
3207 1320 3262 1376 in
3310 1318 3501 1377 Christi
3530 1323 3735 1381 universo

2225 1417 2468 1492 exercitu
2497 1457 2512 1483 ,
2560 1414 2897 1471 acerbissimi
2935 1412 3138 1469 doloris
3165 1411 3493 1482 tristitizeque
3513 1412 3736 1483 nimietas,

2225 1521 2281 1569 et
2324 1511 2450 1565 dum
2484 1508 2798 1579 frequentes
2842 1503 3339 1563 misericordissimi
3368 1501 3584 1559 hominis
3609 1504 3740 1561 bene-

2227 1603 2498 1669 ficentias,
2526 1600 2814 1672 cujuslibet
2856 1598 3062 1655 ordinis
3091 1612 3254 1653 sexus
3292 1605 3348 1652 et
3375 1597 3537 1652 uitatis
3562 1600 3743 1669 quisque

2229 1704 2513 1761 recenset,
2567 1691 3055 1758 inconsolabiliter,
3101 1690 3226 1746 dum
3280 1688 3422 1743 nulla
3464 1689 3744 1760 prastolatur

2231 1788 2493 1852 remedia,
2550 1792 2764 1843 mmrel.
2817 1783 2991 1839 Tanta
3058 1785 3125 1837 ad
3176 1782 3293 1852 ejus
3346 1780 3517 1847 funus,
3574 1789 3744 1845 tamque

2231 1879 2605 1953 praecordialis
2654 1880 2895 1949 ipsorum
2934 1876 3241 1948 principum
3302 1873 3633 1929 conclamat")
3669 1874 3745 1929 luit

2231 1990 2297 2031 ac
2325 1976 2367 2029 si
2395 1972 2667 2045 generalis
2698 1971 2953 2027 interitus
2983 1966 3397 2025 denuntiaretur
3420 1964 3540 2020 illis.
3567 1964 3743 2019 'lantum

2233 2068 2299 2122 ad
2323 2065 2439 2136 ejus
2471 2081 2571 2122 nec
2600 2067 2729 2120 dum
2769 2063 2967 2135 sepulti
3000 2061 3280 2128 feretrum,
3311 2059 3377 2116 ab
3395 2057 3541 2115 omni
3559 2056 3648 2125 illa,
3677 2056 3746 2113 cui

2232 2171 2457 2232 paterne
2492 2160 2801 2230 praefuerat,
2832 2167 2993 2228 gente
3028 2155 3380 2228 pecuniarum
3420 2153 3632 2208 oblatum
3667 2161 3746 2219 est,

2234 2262 2496 2325 quantum
2530 2252 2741 2323 uspiam
2784 2250 3024 2321 gentium
3069 2247 3137 2302 ad
3179 2244 3372 2300 altaria
3401 2242 3644 2314 quaelibet,
3678 2242 3751 2297 sub

2235 2345 2573 2400 tantumdem
2625 2344 2802 2412 spatio
2848 2338 3111 2408 temporis
3152 2335 3379 2402 deferri,
3416 2350 3519 2391 non
3553 2332 3681 2398 vidit,
3712 2340 3753 2385 ut

2236 2439 2490 2502 arbitror,
2520 2437 2682 2495 ullus.
2711 2436 2843 2505 Quae
2887 2436 3105 2505 quidem
3135 2430 3469 2503 pauperibus
3494 2428 3650 2483 statim
3683 2440 3753 2497 pro

2237 2530 2410 2601 ipsius
2435 2529 2617 2584 anima
2669 2536 2780 2582 tota
2812 2535 2961 2581 sunt‘
2996 2522 3255 2596 dilargiti.
3309 2520 3504 2579 Horum
3553 2531 3755 2586 namque,

2238 2625 2366 2681 dum
2395 2623 2694 2687 adviveret,
2735 2628 3004 2694 gesserat,
3038 2626 3186 2673 tanta
3222 2611 3579 2672 sollicitudine
3612 2623 3755 2664 curam

2242 2722 2302 2773 ut
2333 2716 2595 2773 divitibus
2645 2715 2699 2769 id
2744 2728 2854 2783 prae
2889 2711 3141 2768 omnibus
3171 2710 3223 2763 in
3259 2708 3378 2763 dies
3403 2698 3757 2761 duceretincuh

2240 2813 2497 2877 candurn,
2568 2819 2837 2880 quatenus
2899 2821 3100 2878 egenos
3149 2804 3471 2874 diligerent,
3526 2806 3761 2863 eorumque

2241 2903 2638 2961 misericordiis
2665 2903 3006 2967 insisterent,
3052 2898 3199 2969 ipsos
3227 2909 3484 2954 asserens
3526 2904 3623 2948 suae
3656 2889 3763 2957 ipso-

2243 3012 2365 3052 rum
2391 2996 2517 3050 vitae
2542 2993 2868 3049 custodiam.

2317 3090 2396 3144 De
2424 3104 2700 3160 egenorum
2736 3082 3071 3141 sublevandi:
3111 3079 3339 3137 miseriis
3383 3077 3577 3150 egregia
3610 3068 3766 3127 Aimari

2247 3184 2408 3238 dicta.
2441 3211 2512 3223 --
2537 3202 2555 3234 ‹
2595 3180 2707 3252 (55)
2729 3178 3036 3241 Iudicium,
3060 3174 3344 3245 inquiens,
3376 3171 3489 3227 sine
3515 3166 3761 3224 misericor-

2245 3280 2333 3336 dia
2369 3281 2418 3333 ei
2446 3277 2538 3348 qui
2575 3291 2684 3331 non
2712 3273 2902 3329 fecerit
2940 3268 3396 3327 misericordiam.
3428 3264 3533 3320 Nisi
3555 3262 3677 3318 enim
3694 3258 3771 3315 ini-

2244 3372 2469 3429 noribus
2498 3370 2721 3435 vestris,
2760 3376 2940 3423 tamen
2968 3372 3178 3419 natura;
3207 3358 3487 3417 consortio
3512 3366 3771 3424 comparan-

2244 3466 2329 3521 dis
2350 3507 2365 3533 ,
2395 3463 2751 3519 humanitatis
2787 3454 3399 3531 sinum'pmstiteritis,
3436 3470 3494 3509 ea
3530 3462 3638 3521 qua!
3659 3438 3772 3500 vobis

2244 3569 2299 3616 et
2327 3559 2431 3614 illis
2457 3573 2563 3613 non
2603 3555 2894 3627 dispariter
2919 3568 2951 3608 a
2992 3554 3103 3609 Deo
3139 3558 3361 3615 creata,
3402 3561 3433 3601 a
3464 3544 3603 3601 vobis
3637 3552 3770 3596 tamen

2247 3650 2590 3722 inaequaliter
2624 3658 2878 3719 correpta
2915 3655 3249 3710 noscuntur,
3284 3658 3394 3699 non
3432 3643 3509 3697 eis
3533 3631 3774 3694 communi

2253 3744 2539 3810 caveritis,
2575 3743 2771 3798 divinm
2806 3724 2996 3811 procul
3035 3738 3199 3796 dubio
3227 3738 3384 3793 vobis
3403 3734 3591 3793 ostium
3606 3724 3776 3785 miseri-

2251 3838 2450 3894 cordia:
2473 3835 2821 3907 percludctis.
2854 3833 2986 3900 ﬂos,
3020 3832 3265 3903 inquam,
3292 3842 3524 3900 quorum
3547 3815 3775 3880 reticimini

2246 3932 2460 4004 gratia,
2525 3929 2799 3999 aliquibus
2859 3927 3127 3985 bonorum
3183 3934 3493 3981 vestrorum
3553 3910 3777 3988 particulis

2247 4024 2508 4090 refovete,
2555 4023 2711 4088 certi,
2773 4021 2900 4091 quia
2958 4021 3099 4076 sicut
3152 4018 3255 4089 ipsi
3306 4011 3657 4086 temporaiiter
3692 4006 3780 4060 sine

2248 4117 2425 4183 vobis,
2448 4117 2521 4170 ita
2560 4130 2656 4171 vos
2681 4114 2799 4169 sine
2836 4113 2941 4169 illis
2976 4128 3082 4170 non
3110 4109 3341 4185 potestis
3360 4108 3419 4165 in
3446 4103 3779 4174 sempiternum

2250 4208 2453 4262 vivere.
2501 4226 2518 4259 ι

2324 4299 2449 4354 Haec
2484 4297 2678 4369 bisque
2715 4297 2916 4354 similia
2954 4296 3041 4353 vir
3070 4290 3363 4366 mirabilis,
3389 4288 3593 4352 crebris
3624 4281 3783 4374 oratio:

2253 4391 2414 4448 nibus
2440 4391 2522 4446 eis
2551 4391 2839 4462 ingerens,
2856 4391 3216 4446 memorabat.
3680 4375 3697 4379 ι

2869 4546 3097 4606 CAPUT
3133 4543 3226 4604 IV.

2252 4683 2285 4731 ς,
2326 4661 2513 4736 [ΧΝ.]
2564 4660 2908 4733 Raymundua
2975 4663 3037 4722 S.
3083 4662 3295 4736 zEgidii
3355 4677 3526 4718 comes
3583 4658 3787 4714 Album:

2252 4756 2431 4811 urbem
2467 4757 2772 4826 occupauit,
2801 4758 2888 4810 cui
2926 4758 3224 4827 episcopum
3262 4757 3469 4828 praeﬁci
3511 4754 3709 4811 curavit.
3737 4777 3789 4791 —-

2252 4846 2783 4916 Igitur’Raimundus
2798 4847 2995 4905 Sancti
3009 4849 3181 4920 Egidii
3203 4864 3389 4905 comes
3410 4849 3787 4907 Sarracenorum

2253 4939 2564 5009 provincias
2590 4939 2779 5008 intrat,
2801 4950 2859 4997 et
2879 4942 2948 4997 ad
2973 4942 3265 5013 quamdam
3289 4942 3491 5007 urbem
3508 4954 3623 5011 qum
3647 4930 3792 5008 appel-

2251 5032 2395 5091 latur
2421 5032 2623 5089 Albara
2648 5035 2951 5092 exercitum
2992 5036 3202 5104 ductat,
3229 5050 3419 5106 quam,
3451 5032 3540 5088 ubi
3568 5031 3615 5103 ei
3640 5037 3791 5083 manus

2253 5127 2516 5196 admovit,
2543 5127 2805 5184 continuo
2821 5143 2941 5184 eam
2962 5129 3143 5199 erepit,
3164 5137 3220 5185 et
3237 5144 3450 5194 omnes,
3477 5141 3610 5209 quos
3632 5119 3793 5199 ibidem

2251 5222 2493 5290 reperit,
2556 5224 2895 5279 Sarracenos
2944 5224 3307 5295 mulieresque
3348 5216 3601 5294 peremit.
3653 5217 3791 5285 Qum

2251 5315 2512 5371 continuo
2559 5317 2875 5383 subactam,
2926 5316 3211 5384 fidelibus,
3260 5324 3319 5371 ut
3374 5302 3579 5388 potuit,
3625 5305 3794 5394 delenis

2251 5407 2547 5475 inStaurat,
2571 5410 2940 5481 consultisque
2962 5409 3319 5480 prudentibus
3340 5408 3507 5472 viris,
3522 5405 3794 5476 episcopum

2251 5498 2428 5556 eidem
2459 5501 2576 5555 urbi
2607 5502 2819 5557 censuit
2841 5501 3223 5569 ordinandum,
3244 5501 3335 5573 qui
3368 5497 3627 5571 paulatim
3648 5489 3794 5550 ethni-

2250 5609 2375 5663 cos,
2408 5595 2610 5653 Cbristi
2648 5595 2776 5653 fidei
2810 5596 3153 5659 documentis
3178 5596 3483 5660 imbueret,
3509 5598 3565 5650 et
3599 5592 3650 5646 in
3687 5584 3796 5641 fanis

2250 5689 2515 5773 ipsorum,
2564 5691 2819 5771 repurgio
2865 5691 3104 5775 primum
3148 5690 3423 5762 adhibito,
3458 5680 3681 5768 pietatis
3714 5675 3797 5743 uti.
