4012 6346
167 323 317 380 777

1249 316 1476 376 GESTA
1500 316 1611 374 DEI
1632 315 1767 373 PER
1795 312 2134 374 FRANCOS.
2159 345 2231 360 -—
2265 315 2396 373 LIB.
2426 315 2515 374 Vl.

3383 319 3491 381 778

174 441 437 497 nisteria
489 440 1055 511 aegregenerationis
1119 439 1373 509 mysteria
1439 437 1792 507 dispensaret.
1824 435 2332 506 Avictualibusque
2372 435 2692 493 communit.
2735 436 2932 494 Comes
2970 437 3158 495 itidem
3205 437 3265 497 S.
3308 439 3491 512 Egidii

178 535 400 591 Virum
450 536 617 607 igitur
656 544 815 591 {etate
856 535 1108 601 habilem,
1148 535 1374 591 scientia
1398 531 1792 605 prtedieabilem

179 626 458 698 eligunt;
499 641 732 697 eumque
771 628 1117 682 Antiochiam
1158 629 1591 684 consecrationis
1621 630 1793 701 gratia

179 718 436 776 ducunt.
486 716 591 784 Qui
644 718 927 781 institutus
970 718 1231 785 antistes,
1290 718 1794 791 llierosolymitana:

179 805 564 879 profectionis
622 810 1056 879 persecutionem
1104 826 1210 865 non
1260 810 1466 866 idcirco
1515 810 1789 882 neglexit;

184 901 309 955 sed
336 902 585 956 instituto
611 902 869 972 quodam,
899 904 989 972 qui
1018 917 1077 957 se
1109 904 1175 957 ad
1206 903 1256 957 id
1288 902 1444 957 officii
1476 903 1619 983 ultro
1638 905 1794 960 obtu-

184 990 369 1058 lerat,
417 992 484 1047 ad
529 994 831 1049 custodiam
876 994 1106 1063 prazsidii
1154 995 1305 1050 urbis
1345 997 1622 1073 praefecto,
1673 1014 1792 1054 cum

189 1082 335 1138 aliis
376 1084 635 1155 perrexit.
680 1086 752 1152 ls,
800 1085 957 1141 valde
1007 1086 1220 1142 insolita
1262 1088 1335 1142 ibi
1380 1104 1508 1144 usus
1545 1091 1793 1155 audacia,

188 1181 575 1250 paucissimis,
603 1182 728 1252 quia
755 1198 1014 1238 censuum
1044 1183 1118 1238 ita
1145 1184 1380 1239 tenuitas
1400 1184 1667 1255 exigebat,
1694 1184 1792 1239 sibi

191 1276 505 1332 comitibus
528 1277 732 1343 ascitis,
760 1277 997 1333 civitatis
1021 1292 1303 1333 asservare
1327 1286 1567 1348 cmperat
1591 1290 1793 1332 arcem.

190 1368 275 1423 Et
300 1369 431 1439 quia
457 1369 779 1427 Sarracenis
801 1373 941 1427 idem
970 1374 1120 1428 locus
1138 1371 1250 1441 jam
1274 1372 1437 1427 flebat
1458 1371 1793 1442 infrequens,

187 1461 480 1516 rarissimi
505 1464 596 1532 qui
622 1473 1000 1519 remanserant
1028 1465 1256 1535 gentiles
1286 1466 1404 1536 ejus
1428 1464 1536 1534 juri
1556 1480 1615 1521 se
1643 1480 1797 1519 man-

188 1552 414 1623 eipant,
455 1556 616 1626 eique
647 1558 886 1623 reditus,
930 1566 1139 1612 tantum
1177 1568 1236 1613 ut
1269 1558 1438 1612 vitam
1471 1557 1572 1615 sibi
1604 1572 1798 1613 conce-

186 1642 380 1711 deret,
411 1645 478 1701 de
503 1649 722 1719 preprio
750 1649 936 1705 labore
964 1651 1297 1705 ministrant.

272 1735 444 1809 [XV.]
499 1738 820 1809 Disceptatio
875 1743 939 1796 de
988 1744 1325 1798 Antiochenaz
1372 1745 1516 1799 urbis
1566 1746 1795 1800 dominio

180 1807 573 1884 Boemnndum
604 1807 741 1885 inter
772 1842 819 1885 et
854 1830 1252 1902 Raymundum.
1280 1864 1352 1876 -
1376 1834 1645 1891 Praeterea
1688 1836 1798 1889 An-
1826 1807 1873 1866 Β

184 1917 479 1975 liochenis
523 1921 758 1992 plurima
801 1922 1017 1979 fortuna
1059 1926 1416 1995 undecunque
1458 1925 1792 1992 florentibus,

180 2007 459 2065 Omnium
512 2011 837 2069 Sanctorum
884 2014 998 2070 dies
1040 2015 1349 2070 festivitatis
1388 2017 1649 2081 instabat,
1690 2032 1797 2088 quo

185 2102 474 2158 terminus
517 2105 777 2161 iterandze
812 2108 1172 2178 expeditionis
1212 2110 1546 2178 przestitutus
1582 2109 1794 2176 fuerat,

181 2205 332 2245 eum
370 2207 494 2248 ecce
534 2195 835 2266 principes,
873 2198 957 2253 sui
990 2214 1097 2253 non
1136 2199 1484 2256 immemores
1509 2202 1795 2272 propositi,

196 2284 362 2354 apud
398 2286 741 2343 Antiochiam
788 2290 991 2360 pariter
1037 2292 1235 2359 coiere,
1292 2292 1683 2363 consiliumque
1728 2292 1797 2347 ab

185 2374 481 2435 alterutris
516 2395 763 2450 quaarere
812 2395 1391 2453 cmpere,.quatenus,
1434 2386 1589 2457 cujus
1632 2400 1799 2441 causa

184 2478 487 2535 venerant,
510 2470 614 2525 iter
629 2472 848 2542 quirent
868 2473 1021 2529 ocius
1042 2475 1324 2543 expedire.
1341 2476 1412 2529 At
1427 2476 1793 2539 Boemnndus,

189 2568 497 2631 antequam
529 2563 812 2621 Dominica
835 2566 1028 2622 militia
1056 2577 1262 2623 motum
1293 2566 1516 2634 faceret,
1546 2583 1709 2638 super
1733 2582 1797 2623 ea

189 2664 371 2721 quam
407 2653 507 2708 sibi
548 2656 693 2723 pacti
730 2657 954 2714 fuerant
985 2659 1225 2714 civitatis
1267 2658 1457 2714 habuit
1494 2659 1798 2715 redditione

192 2749 528 2812 tractatum;
568 2747 663 2803 sed
688 2747 875 2805 Sancti
908 2751 1084 2823 Egidii
1122 2766 1305 2807 comes
1327 2751 1635 2808 nullatenus
1662 2753 1797 2807 Boe-

194 2836 409 2891 mnndo
434 2840 708 2907 praebebat
742 2856 1050 2911 assensum,
1082 2846 1207 2901 dum
1236 2854 1460 2902 veretur
1490 2844 1619 2899 illud
1650 2847 1797 2915 quod

197 2927 527 2999 imperatori
571 2933 779 2992 fecerat
823 2947 1247 2994 sacramentum.
1288 2938 1633 3010 Quapropter
1669 2955 1796 3010 pro-

198 3034 384 3086 ceres,
440 3022 585 3077 inter
636 3033 896 3097 utrosque
944 3029 1107 3084 medii
1161 3030 1495 3096 incedentes,
1546 3031 1601 3085 in
1646 3029 1796 3085 Beati

195 3109 357 3168 Petri
405 3115 634 3174 ecclesia
672 3120 869 3189 saepius
904 3120 1294 3189 glomerantur.
1335 3123 1625 3179 Referebat
1660 3122 1796 3179 Boc-

197 3203 442 3260 mundns
482 3210 618 3263 urbe
657 3210 760 3266 sibi
801 3225 832 3265 a
866 3211 1036 3283 Pyrro
1072 3215 1317 3284 prodita,
1352 3216 1593 3270 omnium
1622 3231 1692 3271 ex
1728 3231 1793 3272 ea

197 3302 410 3363 partes,
430 3297 671 3368 ipsorum
695 3304 1003 3374 principum
1024 3306 1125 3361 sibi
1148 3305 1455 3377 largitione,
1480 3322 1791 3363 concessas.

201 3384 398 3444 Sancti
439 3389 747 3461 Egidiensis
799 3405 1021 3451 econtra
1060 3397 1231 3452 refert
1273 3399 1398 3467 quia
1440 3398 1796 3468 jurejurando

199 3490 522 3539 astruxerat
538 3484 1138 3559 Constantinopolitano
1152 3491 1380 3561 principi
1404 3493 1794 3548 restituendam

200 3574 514 3645 civitatem,
545 3580 696 3635 salva
738 3582 1107 3650 persolutione
1137 3592 1415 3652 pactorum
1445 3583 1579 3650 sibi,
1614 3592 1669 3639 et
1695 3584 1799 3640 hoc

201 3672 383 3721 totum
422 3666 627 3725 factum
658 3687 723 3727 ex
753 3673 983 3728 consilio
1017 3670 1335 3729 Boemnndi.
1368 3674 1578 3728 Interea
1618 3675 1799 3745 ponti-

202 3754 361 3822 fices,
400 3761 494 3831 qui
547 3763 890 3819 altercationi
936 3765 1255 3821 dirimenda:
1302 3766 1634 3833 institerant,
1675 3784 1799 3823 cum

202 3846 505 3907 Godefrido
565 3854 703 3910 duce
768 3855 1089 3913 Flandrensi
1147 3865 1310 3928 atque
1373 3856 1801 3915 Northmannico

206 3943 506 4001 comitibus
553 3947 873 4016 advocatis,
922 3952 1247 4024 caaterisque
1301 3952 1520 4009 senibus
1573 3954 1797 4017 additis,

204 4049 457 4092 seorsum
488 4041 737 4097 oratione
766 4043 1030 4114 cujusque
1060 4045 1268 4111 audita,
1306 4061 1365 4101 se
1400 4057 1716 4117 segregant,
1741 4055 1802 4100 ut

202 4127 508 4206 ventilata,
543 4148 609 4188 ex
646 4134 937 4191 collatione
968 4152 1288 4203 causarum,
1322 4138 1618 4205 sententia,
1654 4138 1799 4207 judi-

203 4221 356 4277 cium
382 4225 630 4294 proferre
657 4229 936 4284 deberent.
970 4229 1076 4287 Sed
1106 4233 1388 4302 perpensis
1412 4232 1803 4302 queritantium

206 4312 397 4381 dictis,
427 4320 582 4389 quasi
617 4322 799 4377 neutri
825 4338 990 4394 super
1012 4324 1119 4379 isto
1143 4324 1404 4388 faverent,
1435 4342 1557 4381 cum
1581 4326 1647 4381 ad
1673 4340 1802 4380 con-

205 4420 407 4467 ventus
449 4418 815 4486 frequentiam
862 4420 1239 4486 revertissent,
1272 4421 1399 4475 dum
1451 4420 1519 4475 ad
1570 4420 1798 4475 invicem

1824 3167 1866 3227 C

1899 543 2022 583 cum
2049 530 2163 583 suis
2184 529 2471 584 consilium
2499 531 2885 598 communicat,
2922 540 3193 602 quatenus
3223 533 3491 604 palatium

1900 618 2144 674 Cassiani
2179 637 2341 691 quem
2381 623 2559 692 patrio
2608 624 2871 680 voeabula
2904 626 3301 683 Admiravisnm
3340 630 3491 688 voci-

1898 720 2037 777 tant,
2068 721 2122 767 et
2162 714 2352 767 turrim
2389 730 2510 784 quae
2548 726 2722 787 portae
2758 718 3148 789 prmeminebat
3179 720 3386 790 pontis,
3420 737 3490 778 ex

1896 813 2051 875 parte
2093 804 2343 861 videlicet
2388 816 2581 876 portus
2629 808 2817 865 Sancti
2868 809 3171 877 Simeonis,
3204 813 3492 886 stipendiis

1896 896 2223 968 largioribus
2253 898 2526 955 iuferciat.

2529 991 2759 1048 CAPUT
2798 993 2864 1048 γ.

1972 1079 2159 1154 [XVL]
2176 1081 2512 1139 Antiochense
2548 1085 2774 1140 civitatis
2800 1086 3101 1158 descriptio.
3127 1088 3373 1161 Pontifex
3391 1110 3491 1163 pa-

1900 1176 2216 1231 triarcltatus
2256 1178 2450 1233 honore
2485 1181 2729 1251 insignis.
2764 1179 2872 1236 Sub
2905 1200 2959 1237 se
2990 1180 3196 1238 centum
3224 1187 3492 1257 quinqua-

1898 1268 2041 1338 ginta
2072 1278 2173 1323 tres
2201 1271 2463 1341 episc0pos
2490 1272 2664 1328 habet.
2698 1304 2768 1317 ν-
2796 1272 2981 1343 Spatia
3007 1285 3121 1328 octo
3152 1278 3410 1331 mensium
3442 1286 3494 1333 et

1899 1357 2004 1411 diei
2036 1360 2190 1412 anius
2222 1359 2429 1414 obsessa
2462 1361 2635 1432 fuerat
2673 1363 2975 1419 Antiochia.
3002 1364 3080 1418 De
3103 1365 3302 1434 infelici
3336 1366 3495 1437 Pyrri

1901 1465 2042 1503 nece.
2088 1480 2159 1489 —
2201 1450 2540 1506 Antiochena
2600 1453 2792 1508 civitas
2866 1456 3365 1526 incomparabiliter
3411 1466 3498 1513 est

1902 1542 2120 1609 decora,
2164 1544 2295 1599 nulli
2342 1544 2697 1603 aedificiorum
2756 1546 3039 1617 majestate
3086 1551 3344 1616 secunda,
3385 1551 3496 1607 situ

1900 1633 2155 1704 placens,
2188 1651 2315 1691 aere
2351 1637 2700 1707 impassibili,
2747 1639 3027 1695 vinearum
3069 1640 3285 1707 fertilis,
3336 1643 3498 1697 terri-

1902 1730 2027 1783 torii
2058 1729 2304 1785 ubertate
2335 1730 2587 1786 fecunda.
2619 1731 2705 1786 Ab
2733 1734 2976 1798 oriente,
3015 1742 3251 1805 quatuor
3280 1742 3496 1789 monta-

1901 1838 2097 1877 norum
2129 1824 2459 1894 proceritate
2484 1825 2848 1897 procingitnr,
2873 1828 2939 1882 ab
2961 1826 3283 1882 occidentali
3311 1827 3493 1899 plaga,

1899 1918 2140 1974 fluminis
2194 1918 2520 1989 cujusdam,
2576 1935 2751 1976 sacrae
2808 1920 3019 1991 paginae
3073 1935 3179 1975 non
3236 1920 3496 1991 incogniti

1900 2011 2006 2078 (IV
2052 2011 2180 2083 Reg.
2228 2028 2278 2077 ν,
2330 2014 2443 2084 12),
2484 2015 2626 2084 quod
2675 2014 2960 2085 Pbarphar
3006 2014 3233 2080 dicitur,
3263 2014 3496 2085 piscium

1900 2102 2262 2160 feracissimis
2292 2106 2455 2161 undis
2484 2115 2711 2177 propter
2734 2123 2921 2162 muros
2954 2107 3193 2162 alluitur.
3224 2106 3282 2160 lu
3316 2107 3498 2163 altiori

1900 2195 2189 2260 montium,
2221 2196 2504 2252 castellum
2546 2198 2812 2252 miraculo
2859 2198 3079 2268 dignum
3142 2200 3492 2269 prmeminet;

1901 2286 1997 2341 sed
2032 2286 2434 2356 impenetrabili
2479 2290 2775 2371 securitate
2810 2291 3192 2361 prtestantius;
3230 2292 3494 2359 inferius,

1900 2379 2092 2435 civitas
2123 2381 2437 2449 plenissima
2470 2381 2786 2453 gloriarum,
2817 2391 2873 2438 et
2899 2385 3100 2440 veteris
3129 2400 3340 2456 pompae
3379 2402 3497 2442 mo-

1901 2466 2158 2528 nitn‘entis
2179 2474 2356 2530 adhuc
2382 2477 2615 2546 superba
2642 2477 2931 2540 nobilibus,
2962 2488 3235 2535 trecentas
3258 2490 3312 2535 et
3338 2496 3500 2536 sexa-

1901 2563 2053 2635 ginta
2108 2563 2368 2620 ecclesias
2422 2566 2536 2622 suis
2586 2568 2813 2638 cingens
2872 2567 3186 2624 ambitibus.
3246 2568 3499 2625 Pontifex

1901 2653 2075 2719 urbis,
2108 2668 2174 2709 ex
2201 2656 2499 2724 apostolica
2530 2659 2902 2725 successione,
2940 2659 3260 2730 patriarchii
3290 2660 3499 2715 honore

1900 2745 2151 2817 insignis,
2201 2756 2419 2803 centum
2460 2750 2857 2822 quinquaginta
2901 2752 3065 2806 trium
3115 2751 3497 2823 episcoporum

1900 2835 2003 2891 sibi
2066 2837 2444 2906 appendicinm
2502 2839 2788 2912 privilegio
2846 2850 3215 2911 promovetur.
3267 2841 3499 2898 Gemino

1901 2937 1984 2984 est
2035 2928 2232 2984 civitas
2285 2929 2620 2985 circumdata
2667 2948 2844 2995 muro,
2898 2934 3072 2989 altero
3113 2934 3333 3004 quidem
3382 2950 3499 2990 me-

1901 3017 2097 3083 diocri,
2148 3017 2321 3073 altero
2371 3028 2552 3075 autem
2594 3021 2985 3079 incredibiliter
3033 3008 3159 3089 lato,
3199 3033 3253 3081 et
3297 3036 3498 3096 preter

1902 3112 2116 3168 solitum
2148 3128 2399 3182 procero,
2424 3115 2675 3185 saxisque
2706 3125 2988 3171 exstructo
3024 3118 3305 3187 majestate
3336 3133 3497 3174 enor-

1900 3204 2080 3258 mibns
2131 3204 2536 3274 circumpositis
2567 3206 2741 3261 eidem
2771 3206 3185 3278 quadringentis
3224 3210 3497 3280 quinqua-

1900 3296 2049 3367 ginta
2081 3297 2341 3351 turrihus.
2372 3297 2561 3352 Refert
2601 3297 2965 3371 Hieronymus
3006 3302 3061 3354 in
3088 3301 3279 3371 quinto
3310 3302 3499 3372 expla-

1902 3390 2141 3445 nationis
2167 3390 2219 3444 in
2252 3391 2446 3445 Isaiam
2477 3392 2635 3459 libro,
2664 3392 2853 3447 urbem
2883 3393 3136 3459 Reblata,
3167 3397 3219 3449 in
3248 3411 3353 3465 qua
3400 3412 3499 3453 rex

1899 3481 2406 3539 Nabuchodonosor
2454 3486 2598 3557 regis
2656 3485 2939 3542 Sedechite
2984 3487 3173 3544 oculos
3216 3490 3392 3556 eruit,
3443 3498 3501 3546 et

1900 3575 2043 3632 filios
2086 3578 2203 3645 ejus
2251 3577 2477 3645 occidit,
2530 3579 2672 3634 hanc
2711 3593 2832 3634 esse
2875 3581 3245 3635 Antiochiam.
3302 3582 3499 3638 Fertur

1901 3683 2034 3725 vero
2059 3684 2177 3723 eam
2202 3669 2272 3724 ab
2298 3670 2387 3723 illo
2410 3670 2722 3739 antiquiore
2747 3670 3041 3735 Antiocho,
3069 3672 3224 3742 cujus
3244 3675 3500 3741 potentiae

1901 3758 2134 3830 plurima
2167 3760 2503 3815 monimenta
2535 3770 2858 3829 supersunt,
2890 3762 3233 3825 suscitatam,
3264 3771 3318 3817 et
3342 3763 3502 3832 quin—

1903 3851 2163 3921 quaginta
2205 3850 2574 3921 subjectorum
2608 3865 2832 3920 regum,
2862 3866 3001 3920 quos
3048 3860 3104 3906 et
3145 3851 3502 3922 municipales

1905 3944 2024 4014 ejus
2068 3950 2360 4009 astruunt,
2402 3941 2900 4013 cooperationibus,
2940 3950 3091 3997 tanta
3123 3942 3502 4013 praesidiorum

1904 4038 2220 4103 eminentia,
2246 4046 2397 4093 tanta
2419 4038 2616 4093 aedium
2644 4039 2916 4094 varietate
2939 4039 3319 4108 compositam.
3346 4036 3503 4105 Quod

1905 4133 2120 4202 quidem
2154 4132 2344 4186 falsum
2376 4140 2481 4198 est,
2514 4148 2636 4187 cum
2678 4132 2792 4202 ipse
2840 4132 3132 4203 Pompeius
3164 4131 3375 4204 Trogus
3400 4148 3499 4188 ve—

1906 4225 2121 4279 rissime
2149 4241 2175 4278 a
2211 4224 2475 4279 Seleueho
2498 4224 2702 4280 referat
2728 4241 2875 4296 rege,
2902 4227 3002 4280 sub
3026 4236 3253 4296 paterno
3281 4227 3502 4281 nomine

1904 4315 2245 4381 institutam,
2276 4325 2332 4371 et
2361 4318 2429 4371 ab
2461 4316 2578 4386 ipso
2619 4316 2813 4372 deinde
2853 4316 2938 4371 vel
2968 4317 3323 4386 sequentibus
3356 4316 3502 4388 regi-

1905 4408 2007 4463 bus
2032 4419 2271 4473 auctam,
2293 4409 2435 4464 sicut
2462 4408 2565 4463 sub
2587 4409 2780 4464 matris
2808 4408 3076 4465 Laodices
3102 4409 3342 4472 nomine,
3372 4423 3505 4463 con-

208 4512 397 4562 tantos
422 4509 572 4564 viros
610 4511 831 4567 irritare
857 4520 1131 4577 verentur,
1156 4512 1418 4581 judicium
1447 4512 1793 4567 distulerunt.

1908 4500 2044 4555 didit
2090 4509 2143 4555 et
2186 4501 2521 4566 Laodiciam,
2573 4516 2638 4555 ex
2695 4502 2934 4571 preprio,
2986 4499 3312 4556 Seleuciam.
3365 4499 3503 4555 llnic

279 4597 436 4665 Quod
464 4616 530 4657 ex
557 4603 823 4660 industria
848 4602 1051 4660 factum
1075 4620 1259 4661 comes
1290 4606 1407 4676 ipse
1438 4589 1863 4687 comperiensé
1911 4590 2224 4646 οδείάθηάῖθ
2301 4604 2749 4687 (ιυπιξςηουηίιιιθ
2829 4590 3225 4687 machillam“:
3260 4589 3503 4687 P395”:

215 4706 237 4741 ι
272 4688 376 4759 Ne,
401 4692 598 4763 inquit,
622 4696 899 4751 contentio
927 4712 1169 4766 prtesens
1198 4696 1401 4752 Christi
1429 4695 1676 4751 fidelibus
1705 4711 1798 4766 ge-

1906 4697 2097 4739 rumve
2126 4692 2393 4738 tormenta
2425 4681 2501 4737 nil
2536 4689 2822 4753 poterant,
2849 4690 2905 4738 et
2934 4682 3036 4736 nisi
3075 4682 3309 4752 proditio
3345 4681 3504 4754 Pyrri

340 4744 376 4759 ,,
401 4744 598 4763 --.Ἰ-η,
627 4744 895 4751 -___--___.-
946 4744 1167 4752 --.μνη
1206 4744 1401 4752 -,,,.-,-
1429 4744 1673 4751 _-______-
1706 4744 1767 4766 υ-
1848 4744 1853 4747 Α
2536 4744 2555 4753 -
2810 4744 2818 4747 -
3076 4744 3091 4752 -
3389 4744 3406 4754 .

211 4789 374 4835 neret
421 4784 657 4851 turbam,
699 4744 1046 4857 sepulcri'que
1086 4787 1353 4843 Dominici
1396 4787 1641 4841 videatur
1676 4744 1861 4857 pro-qi;
1905 4779 2283 4840 obsessoribus
2316 4776 2611 4845 adfuisset,
2664 4778 2774 4833 imo
2824 4776 2968 4832 Deus
3011 4791 3107 4847 Per
3152 4791 3287 4846 quos
3335 4775 3505 4830 νοιυίί

210 4872 381 4928 telata
415 4873 669 4941 libertas,
696 4892 765 4932 ne
794 4878 1104 4948 cupiditatis
1138 4894 1311 4944 nmvo,
1343 4886 1495 4949 parte
1522 4893 1587 4933 ex
1624 4877 1803 4947 aliqua

207 4963 484 5021 notabiles
508 4967 873 5035 :estimemur,
907 4969 1121 5038 parium
1153 4984 1421 5033 meorum,
1452 4967 1802 5039 praesentium

1844 4852 1867 4873 ς

1862 4865 1867 4907 ῗ
1907 4871 2236 4943 adjuvisset,
2284 4869 2557 4924 incassum
2632 4867 2899 4924 Francica
2949 4868 3370 4940 magnanimitas
3428 4865 3505 4921 fa-

208 5058 543 5129 principum,
577 5062 863 5116 sententiae
902 5078 989 5118 me
1020 5062 1294 5117 fauturum
1330 5062 1616 5132 profiteor;
1654 5063 1804 5117 salvo
1850 5046 1865 5119 ξ

209 5165 278 5205 eo
299 5152 441 5221 quod
464 5167 552 5207 me
573 5151 1177 5224 Constantinopolitano
1196 5146 1427 5225 principi
1450 5155 1804 5225 spopondisse

214 5243 446 5297 invitum
477 5260 598 5311 vos,
630 5246 722 5315 qui
754 5246 979 5311 adestis,
1010 5246 1208 5301 fratres
1234 5255 1288 5301 et
1317 5247 1539 5311 domini,
1566 5248 1737 5303 scitis.
1779 5265 1800 5299 ι

214 5336 329 5393 Nec
351 5353 523 5405 mora,
548 5339 894 5395 Boemnndus
914 5348 968 5393 et
987 5341 1100 5410 ipse
1122 5339 1427 5409 huiusmodi
1450 5341 1608 5396 dictis
1624 5355 1807 5396 assen-

216 5429 310 5485 sit.
351 5429 527 5485 Ambo
557 5446 712 5501 ergo,
751 5431 898 5486 omni
936 5431 1049 5503 jam
1095 5431 1189 5485 lite
1247 5431 1517 5501 submota,
1550 5433 1801 5499 dextras,

217 5523 325 5579 fide
357 5523 561 5591 media,
589 5525 970 5595 episcoporum
999 5526 1054 5580 in
1094 5524 1345 5580 manibus
1370 5524 1641 5596 praebent,
1674 5541 1806 5581 con-

217 5617 558 5675 stantissime
578 5627 961 5676 asseverantes
984 5620 1127 5689 quod
1160 5618 1307 5674 nullo
1336 5620 1493 5673 modo
1522 5619 1683 5691 522
1710 5619 1803 5675 Dei

220 5710 415 5772 militia
430 5727 619 5768 eorum
634 5712 1097 5786 deincepsjurgiis
1116 5714 1444 5769 turbaretur.
1462 5713 1804 5769 Boemnndus

218 5806 405 5878 itaque
443 5814 662 5876 sumpto
703 5806 932 5862 consilio
962 5817 1199 5864 castrum
1240 5807 1305 5863 de
1340 5806 1638 5874 montanis,
1674 5806 1807 5861 viris

497 5924 775 5985 Panon.
811 5920 1022 5984 CLVI.

1908 4979 2051 5020 mem
2080 4971 2511 5030 ceterarumque
2554 4961 2902 5018 miseriarum
2928 4961 3135 5021 ibidem
3174 4960 3504 5014 detrimenta

1909 5057 2145 5113 tulisset.
2184 5054 2312 5110 Istic
2364 5054 2693 5109 desederunt
2746 5056 2920 5109 nostri
2970 5053 3243 5108 civitatem
3298 5065 3503 5118 urgen-

1913 5158 1994 5204 tes
2055 5149 2336 5203 obsessam
2392 5161 2492 5216 per
2546 5154 2669 5201 octo
2734 5160 2950 5200 menses
3006 5157 3280 5209 unumque
3331 5141 3497 5195 diem.

1909 5240 2123 5316 [XVIL]
2154 5239 2508 5297 Postmodum
2547 5254 2680 5295 vero
2710 5247 2766 5294 et
2802 5239 2903 5308 ipsi
2946 5236 3099 5290 fuere
3128 5234 3371 5289 conclusi
3407 5249 3503 5304 per

1912 5345 2021 5392 tres
2069 5334 2467 5401 hebdomadas,
2514 5330 2990 5388 innumerabilium
3040 5327 3320 5398 gentilium
3374 5342 3503 5382 con-

1911 5430 2112 5486 fluente
2143 5428 2446 5499 frequentia
2469 5469 2482 5494 ,
2513 5435 2566 5480 et
2598 5425 2865 5495 superatis
2902 5423 3120 5479 demum
3166 5422 3320 5493 ipsis,
3370 5423 3502 5477 item

1910 5522 2019 5577 illic
2049 5521 2349 5589 deguerunt
2373 5534 2469 5589 per
2491 5519 2729 5588 quinque
2751 5516 3018 5572 mensium
3037 5524 3268 5588 octoque
3289 5516 3500 5572 dierum

1910 5615 2107 5685 spatia,
2138 5629 2260 5668 cum
2289 5594 2441 5681 plebs
2466 5611 2656 5665 eadem
2686 5625 2717 5663 a
2746 5610 2858 5665 suis
2883 5609 3218 5681 principibus
3247 5609 3504 5664 llieroso~

1911 5707 2113 5778 lymam
2165 5703 2489 5759 sollicitatur
2532 5702 2697 5756 itura.
2751 5700 2859 5758 Sed
2906 5700 3031 5772 quia
3083 5700 3294 5773 praefati
3343 5697 3501 5769 Pyrri

1911 5798 2176 5864 memoria
2201 5796 2333 5854 mihi
2363 5794 2854 5868 videturdeinceps
2882 5810 2988 5852 non
3021 5794 3269 5851 habitura
3297 5791 3497 5858 locum,

3102 5907 3182 5973 25
