3980 6324
570 310 672 367 779

1364 297 1431 352 V.
1468 291 1792 350 GUIBERTI
1822 286 2115 346 ABBATIS
2145 284 2204 342 S.
2248 283 2487 341 MARUE
2521 283 2609 340 DE
2645 281 3038 341 NOVIGENTO

3672 295 3766 359 .780

566 439 727 496 quem
767 423 929 476 finem
978 386 1232 473 habuerit
1272 408 1651 465 intimandum.
1696 405 2153 460 Christianitatem
2183 409 2231 466 Α
2260 404 2500 473 ejusdem
2528 402 2830 457 obtinentes
2853 403 3133 465 solarium,
3164 401 3453 460 Guilelmus
3473 392 3693 466 videlicet
3715 416 3767 473 de

563 494 725 588 plane
778 494 1044 580 susceptis
1082 501 1435 562 sacramentis
1468 498 1747 571 professus
1794 503 1970 552 fuerat
2016 497 2151 550 Boe-

562 606 821 669 mundus,
870 616 1026 657 sacro
1074 600 1127 653 in
1180 598 1420 655 lavacro,
1474 609 1539 647 ex
1582 592 1910 660 suscipiente
1955 604 2149 643 nomen

561 704 864 766 acceperat,
899 690 1403 761 Hierosolymitana:
1433 685 1704 741 obsidioni
1741 698 1926 738 comes
1950 682 2151 736 nostris

560 801 625 841 ac
658 793 983 854 cooperator
1026 778 1352 842 exstiterat,
1386 790 1560 846 eaque
1603 782 1759 843 capta
1806 772 2150 826 Antiochiam

559 880 817 934 redierat.
854 875 955 931 Ubi
991 890 1117 929 cum
1157 871 1485 944 praeconium
1518 868 1822 932 emisisset,
1858 875 2147 934 quatenus,

557 970 868 1041 quicunque
916 968 968 1022 in
1029 966 1165 1021 urbe
1222 964 1481 1031 urbisque
1533 960 1749 1026 vicinia,
1809 956 2150 1011 Christianus

559 1076 766 1141 egeret,
798 1078 983 1121 secum
1031 1064 1084 1117 in
1122 1061 1357 1133 patriam
1404 1056 1775 1117 remotiorem,
1817 1051 1903 1105 tibi
1952 1049 2149 1103 nmltas

558 1160 786 1217 haberet
822 1155 1215 1228 possessiones,
1257 1151 1489 1211 veniret,
1533 1147 1792 1218 pollicens
1834 1143 1977 1213 quod
2011 1155 2149 1210 prte-

558 1253 725 1309 claris
753 1248 1073 1305 muneribus
1109 1256 1379 1315 quemque
1416 1242 1648 1301 ditarct,
1683 1239 1783 1292 hac
1822 1250 1916 1304 spe
1958 1232 2149 1301 vulgus

560 1346 816 1403 conflavit
863 1344 963 1399 sibi
1000 1340 1379 1401 immodicum,
1413 1345 1464 1390 et
1495 1335 1549 1388 in
1582 1346 1733 1387 snam
1755 1370 1770 1394 ,
1799 1328 1876 1381 titi
1918 1327 2145 1390 dixerat,

560 1442 840 1511 regionem
873 1436 1046 1492 fertur
1097 1433 1387 1488 abduxisse
1427 1428 1737 1497 deceptum.
1773 1422 1874 1489 Qui
1915 1436 2035 1475 cum
2082 1420 2149 1475 ad

560 1548 653 1586 sua
685 1529 879 1599 oppida
925 1525 1256 1589 devenisset,
1309 1531 1517 1592 partem
1566 1515 1773 1571 militiae
1809 1528 1927 1568 sese
1974 1511 2147 1565 comi-

558 1624 723 1678 tantis
764 1624 862 1677 Iios
898 1619 1111 1683 exsilio,
1152 1616 1273 1671 illos
1324 1612 1484 1668 morti
1532 1609 1794 1681 prodidit,
1835 1616 1888 1661 et
1931 1606 2034 1661 nisi
2079 1604 2149 1659 ad

556 1717 727 1781 alios,
765 1728 996 1785 quorum
1044 1710 1410 1766 numerositas
1468 1715 1620 1760 extra
1674 1713 1913 1757 castrum
1971 1700 2149 1754 fuerat

553 1810 849 1880 hospitata,
892 1807 1117 1861 verbum
1168 1804 1233 1857 de
1279 1799 1585 1871 proditione
1615 1799 1883 1862 venisset,
1912 1793 2146 1863 fugaque

554 1900 855 1956 miserabili
886 1905 979 1952 aut
1005 1896 1165 1961 elabi,
1196 1892 1622 1948 autdelitescere
1646 1890 1906 1954 licuisset,
1926 1888 2145 1941 univer-

553 2006 739 2047 soruin
786 1989 1033 2052 libertas,
1062 1994 1154 2040 aut
1186 1984 1365 2055 gladio
1395 1991 1489 2036 aut
1530 1980 1847 2052 captivitate
1871 1978 2140 2048 periisset.

560 2083 637 2139 iiii
669 2096 913 2152 prorsus,
967 2076 1377 2135 Christianitate
1409 2075 1646 2139 deserta,
1681 2071 1880 2125 veteris
1918 2069 2145 2123 luxuriae

552 2186 608 2231 et
652 2173 971 2246 gentilitatis
1012 2171 1421 2241 inquinamenta
1464 2167 1777 2235 resumpsit.
1820 2164 1931 2219 Nec
1969 2164 2023 2217 id
2062 2164 2146 2216 in-

550 2270 713 2341 juria.
756 2268 814 2322 Si
839 2268 982 2322 enim
1024 2265 1224 2337 Pyrrus
1250 2262 1467 2327 Graece,
1500 2261 1652 2314 rufus
1694 2268 1777 2315 est
1821 2258 2045 2322 Latine,
2090 2263 2145 2310 et

550 2361 888 2418 infidelitatis
935 2369 1063 2413 uota
1107 2358 1239 2412 rufis
1286 2356 1549 2419 inuritur;
1592 2353 1762 2408 isdem
1809 2365 1938 2422 ergo
1976 2362 2142 2447 a‘sua

550 2456 776 2510 minime
798 2454 941 2509 linea
974 2451 1313 2507 exorbitasse
1343 2448 1626 2519 probatur.

1171 2603 1398 2661 CAPUT
1440 2603 1525 2659 Vl.

626 2719 863 2796 [XVIIL]
899 2719 1135 2775 Murram
1178 2728 1445 2789 oppugnat
1480 2715 1837 2770 Boemundus.
1872 2746 1942 2754 —
1973 2714 2143 2784 agitur

552 2814 895 2871 Raimundus
946 2812 1128 2866 Sancti
1161 2811 1335 2879 Egidii
1363 2825 1548 2865 comes
1576 2823 1731 2863 suum
1763 2808 1829 2861 ab
1855 2807 2141 2862 Antiochia

548 2905 729 2974 exegit
756 2903 1080 2966 exercitum,
1109 2917 1231 2955 cum
1258 2899 1370 2967 jam
1405 2905 1720 2969 properaret
1749 2897 2050 2951 November
2074 2897 2143 2951 ad

549 2999 780 3059 exitum,
814 3005 869 3050 et
900 2995 1109 3066 duabus
1139 2993 1452 3048 civitatibus
1487 2993 1628 3046 inter
1656 2991 1934 3054 eumdem,
1968 2991 2141 3061 Rugia

547 3089 800 3145 videlicet
844 3096 896 3144 et
926 3087 1125 3143 Albara
1158 3085 1523 3147 transmissis,
1554 3096 1747 3155 quarto
1784 3086 1998 3139 demum
2031 3085 2141 3150 die,

550 3183 713 3239 finem
734 3181 967 3237 faciente
983 3180 1293 3245 Novembri,
1315 3178 1548 3233 Marram
1572 3179 1817 3247 pervenit
1843 3180 1906 3232 ad
1928 3177 2139 3233 urbem.

545 3274 605 3331 In
679 3290 841 3344 quam
889 3272 1045 3343 copia
1096 3272 1285 3342 ingens
1337 3269 1789 3334 Sarracenormn,
1835 3269 2141 3323 Turcornm

544 3366 893 3437 Arabumque
916 3364 1277 3429 confluxerat,
1302 3378 1461 3433 quam
1489 3378 1671 3417 comes
1693 3363 1955 3433 postridie
1977 3377 2140 3432 quam

543 3466 793 3522 venerat,
830 3456 1033 3511 exertis
1063 3456 1287 3509 omnino
1316 3454 1523 3507 viribus
1570 3453 1787 3522 aggredi
1822 3462 1998 3522 parat.
2029 3452 2142 3507 Nec

546 3563 723 3613 mora,
742 3547 1091 3601 Boemundus
1113 3561 1234 3601 cum
1258 3545 1500 3601 eXercitu
1523 3544 1776 3598 comitem
1799 3553 2139 3613 persecutus,

545 3642 782 3711 quadam
826 3640 913 3694 die
948 3638 1234 3693 Dominica
1273 3645 1497 3705 propter
1535 3645 1712 3689 castra
1746 3636 1996 3705 deposuit
2021 3635 2137 3707 [al.,

544 3730 776 3802 posuit].
811 3730 867 3783 In
905 3730 1204 3783 crastinum
1239 3736 1391 3781 tanta
1431 3728 1496 3779 ad
1536 3725 1686 3779 urbis
1721 3740 1905 3779 muros
1934 3726 2143 3779 animo-

543 3825 706 3879 sitate
726 3829 1080 3883 concurrunt,
1106 3828 1166 3874 ut
1196 3821 1467 3873 haererent
1498 3819 1795 3888 parietibus
1824 3817 2000 3883 scalae,
2025 3835 2140 3873 mu-

544 3928 748 3983 rosque
766 3912 866 3967 sub
884 3912 1033 3981 ipsos
1054 3910 1361 3964 niterentur
1380 3908 1657 3979 gradibus.
1681 3908 1751 3961 At
1770 3908 2137 3975 civitatenses,

544 4004 766 4074 penitus
814 4010 1063 4071 expertes
1101 4000 1352 4070 ignaviae,
1386 4009 1535 4054 tanta
1586 3999 1841 4053 instantia
1891 4001 2139 4056 restitere

549 4105 612 4149 ut
650 4095 789 4149 nihil
818 4102 1130 4148 nostrorum
1171 4108 1235 4148 ea
1266 4093 1352 4147 die
1381 4092 1586 4146 valeret
1614 4092 1870 4145 molimen
1902 4092 2135 4147 efficere.

545 4186 682 4243 Tum
713 4188 899 4243 Sancti
923 4186 1094 4258 Egidii
1120 4200 1322 4251 comes,
1357 4200 1485 4239 suos
1511 4200 1725 4239 cassum
1754 4184 1991 4239 laborem
2022 4199 2139 4239 cer-

541 4295 678 4336 nens
714 4276 876 4352 5.23
931 4280 1234 4343 insumere,
1277 4287 1516 4333 castrum
1569 4278 1835 4346 quoddam
1880 4277 2133 4347 ligneum,

543 4374 699 4430 multi
734 4374 937 4430 laboris
986 4388 1049 4429 ac
1086 4373 1460 4443 proceritatis,
1499 4372 1612 4426 suis
1655 4372 1877 4427 mandat
1904 4374 2136 4442 erigere,

2256 495 2685 565 Montepislerio,
2717 495 2917 565 aliique
2951 495 3346 565 quamplurimi,
3382 501 3608 557 maximis
3646 503 3759 574 illos,

2255 590 2345 659 qui
2380 590 2430 641 in
2472 590 2741 643 mamilius
2778 587 3214 659 propugnabant,
3244 591 3599 649 concutiebant
3627 599 3767 665 saxis,

2253 681 2309 738 in
2342 689 2547 734 tantum
2577 691 2636 733 ut
2660 680 2846 749 clypeo
2874 680 3191 750 plerumque
3216 695 3484 749 percusso,
3514 694 3564 738 et
3592 688 3768 758 clypeus

2254 783 2309 828 et
2336 773 2508 844 clypei
2532 773 2784 827 dominus
2801 773 2912 842 jam
2938 773 3154 827 inutiles
3178 788 3391 842 prorsus
3418 775 3767 840 devolverentur

2256 881 2286 919 a
2320 881 2499 919 muro.
2535 864 2766 930 Quidam
2803 874 2981 917 autem
3014 865 3203 918 hamos
3234 865 3285 917 in
3318 864 3582 923 hastilibus
3608 870 3767 930 ferreos

2255 956 2561 1020 habentes,
2627 954 2963 1009 Sarracenos
3033 955 3425 1024 propugnacula
3484 957 3767 1020 defensantes

2256 1049 2530 1104 obuncare
2570 1056 2624 1100 et
2662 1047 2726 1100 ad
2755 1062 2813 1101 se
2843 1046 3121 1115 corripere
3165 1045 3484 1100 nitebantur.
3526 1047 3572 1103 is
3596 1050 3701 1107 hinc
3729 1066 3769 1109 et

2254 1139 2380 1194 inde
2421 1137 2705 1193 conﬂictus
2733 1138 2823 1191 vix
2862 1135 3183 1206 vespertinis
3228 1136 3294 1190 ad
3324 1146 3521 1207 tempus
3556 1143 3768 1199 omittitur

2253 1232 2422 1287 horis.
2452 1233 2498 1285 A
2554 1242 2704 1301 tergo
2742 1231 2922 1299 itaque
2951 1230 3147 1294 castri,
3183 1230 3509 1300 presbyteri,
3536 1232 3689 1289 clerici
3721 1252 3767 1291 ac

2253 1325 2508 1380 monachi
2556 1324 2754 1389 sacris,
2798 1338 2899 1393 pro
2947 1337 3045 1377 suo
3090 1322 3319 1391 quisque
3361 1324 3556 1392 gradu,
3583 1327 3769 1383 vestibus

2253 1415 2532 1480 adornati,
2580 1430 2681 1484 pro
2728 1414 2952 1468 instanti
3000 1412 3218 1482 negotio
3267 1411 3429 1466 Deum
3475 1416 3768 1472 attentissime

2250 1509 2650 1578 precabantur,
2701 1515 2971 1576 quatenus
3016 1503 3304 1575 gentﬂitati
3358 1505 3494 1559 vires
3543 1507 3767 1576 adimeret,

2253 1596 2379 1651 fidei
2402 1596 2851 1668 propagatoribus
2872 1597 3183 1666 adaugeret.
3215 1594 3538 1650 Altrinsecus
3556 1612 3581 1650 e
3599 1601 3769 1668 regione

2252 1692 2521 1745 machina:
2552 1690 2643 1744 alii
2676 1689 2907 1754 milites,
2937 1688 3095 1744 scalis
3129 1687 3318 1757 positis
3354 1687 3603 1742 mwnibus
3635 1690 3765 1744 ἰηιιηί-

2177 1768 2224 1828 Β
2252 1785 2472 1840 nebant.
2501 1782 2612 1838 Nec
2634 1798 2876 1854 paganos
2895 1781 3172 1837 detinebat
3196 1781 3412 1844 inertia,
3435 1780 3554 1850 quin
3573 1797 3650 1837 cos
3668 1784 3769 1838 rabi-

2251 1880 2472 1935 dissima
2499 1878 2783 1934 ferocitate
2811 1878 3165 1949 depellerent.
3186 1878 3257 1933 At
3283 1875 3564 1932 Guilferius
3581 1879 3768 1948 quidam,

2251 1989 2439 2030 eorum
2489 1975 2803 2031 rebellionis
2854 1976 3167 2045 impatiens,
3208 1989 3423 2028 murum
3464 1975 3643 2044 primus
3677 1992 3769 2032 cum

2248 2085 2411 2125 manu
2445 2072 2684 2141 quidem,
2731 2072 2827 2127 sed
2874 2072 3030 2126 valde
3068 2086 3240 2142 parva
3263 2109 3281 2137 ,
3315 2072 3625 2126 conscendit.
3656 2072 3769 2129 illico

2256 2161 2607 2217 civitatenses
2658 2170 2807 2217 tanto
2859 2161 2979 2233 ejus
3023 2173 3447 2233 praisumptores
3480 2165 3681 2220 audaciae
3712 2167 3772 2220 fu-

2250 2269 2372 2308 rore
2410 2255 2734 2324 pervadunt,
2769 2255 2993 2326 spiculis
3027 2270 3123 2311 eos
3155 2270 3219 2310 ac
3249 2254 3461 2325 sagittis
3490 2257 3707 2328 urgendo,
3727 2268 3771 2313 ut

2249 2346 2441 2415 aliqui,
2472 2347 2717 2417 ipsorum
2758 2348 3063 2419 irruptione
3096 2348 3398 2419 perterriti,
3429 2363 3540 2403 sese
3574 2350 3629 2404 de
3656 2365 3771 2405 muro

2254 2438 2628 2494 demitterent.
2648 2439 2783 2494 Pars
2807 2456 2938 2497 vero
2969 2455 3090 2511 quae
3118 2448 3459 2495 remanserat
3482 2440 3642 2494 tandiu
3670 2441 3772 2497 inter

2247 2532 2486 2588 hostium
2530 2533 2712 2603 jacula
2748 2534 3031 2599 constitit,
3060 2534 3268 2599 tandiu,
3313 2532 3501 2588 cedere
3527 2534 3770 2603 dedignata,

2248 2638 2441 2680 eorum
2467 2625 2757 2681 violentias
2786 2640 3063 2682 armorum
3106 2627 3375 2682 industria
3413 2627 3624 2691 retudit,
3646 2628 3771 2681 donec

2248 2715 2340 2785 qui
2367 2716 2554 2771 subter
2577 2725 2736 2771 erant
2763 2732 2978 2772 murum
3034 2716 3388 2774 suffoderent.
3428 2719 3542 2774 Mox
3566 2720 3712 2788 itaque
3731 2726 3773 2771 ut

2252 2808 2447 2861 urbani
2494 2810 2635 2863 muri
2678 2824 2737 2864 se
2777 2811 3122 2881 conspiciunt
3172 2809 3495 2867 sufi‘ossione
3532 2812 3772 2876 damnatos,

2248 2900 2420 2956 solius
2447 2901 2586 2972 fugae
2608 2901 2720 2971 jam
2768 2905 3022 2974 praesidio
3051 2905 3383 2973 innitentes,
3419 2906 3483 2960 ad
3517 2905 3646 2960 urbis
3672 2905 3775 2958 inte-

2248 2997 2397 3051 riora
2424 2998 2755 3052 concedunt.
2784 2998 2908 3053 Dies
2934 3007 3077 3062 erat,
3103 3013 3212 3068 quo
3234 3000 3355 3053 haec
3384 2998 3492 3069 geri
3515 2997 3771 3068 contigerat,

2172 3126 2215 3183 Ο
2251 3087 2570 3156 Sabbatuin,
2611 3104 2733 3144 cum
2774 3089 3117 3160 peteretjam
3160 3090 3238 3145 sol
3273 3089 3497 3145 declivis
3530 3090 3772 3153 occiduum,

2249 3179 2525 3249 explicato
2560 3181 2843 3238 Decembri
2870 3181 3123 3236 undecim
3156 3182 3503 3251 promotione
3530 3181 3723 3236 dierum.

2320 3268 2624 3326 Confestim
2648 3288 2745 3342 per
2768 3272 3124 3342 interpretem
3152 3272 3499 3328 Boemundus
3516 3272 3776 3327 Sarraceno-

2246 3379 2367 3418 rum
2418 3364 2686 3432 primores
2732 3363 3066 3434 aggreditur,
3110 3372 3386 3434 quatenus
3432 3380 3547 3420 cum
3588 3362 3772 3434 prepriis

2246 3457 2531 3523 militibus,
2558 3458 2800 3528 parvulis
2829 3473 2893 3512 ac
2921 3458 3265 3525 mulieribus,
3298 3461 3449 3515 omni
3483 3460 3664 3531 pariter
3681 3471 3776 3512 con-

2248 3561 2424 3606 tracta
2442 3552 2768 3617 substantia,
2794 3552 2939 3606 intra
2949 3553 3221 3622 quoddam
3246 3567 3372 3610 sese
3390 3554 3649 3625 palatium,
3669 3548 3774 3621 quod

2244 3652 2363 3699 erat
2390 3657 2556 3712 supra
2582 3641 2734 3697 urbis
2758 3652 2995 3712 portam,
3024 3643 3373 3711 cohiberent,
3401 3647 3650 3716 spondens
3669 3639 3776 3710 quod

2244 3736 2326 3792 eis
2358 3737 2526 3790 vitam
2559 3737 2781 3791 omnino
2808 3746 3141 3809 protegeret,
3176 3753 3273 3793 sua
3314 3754 3545 3809 suosque
3574 3735 3774 3791 defende-

2244 3836 2348 3882 ret.
2382 3828 2497 3883 Hoe
2531 3828 2692 3883 modo
2726 3830 2949 3884 civitate
2988 3833 3239 3897 obtenta,
3270 3832 3533 3902 quidquid
3568 3830 3615 3884 in
3650 3825 3774 3882 foveis

2243 3935 2519 3990 reperere,
2566 3922 2652 3975 vel
2699 3922 2971 3987 domibus,
3005 3923 3108 3978 hoc
3146 3924 3260 3978 suis
3304 3925 3505 3994 quique
3538 3920 3775 3993 pr0prieta-

2244 4014 2387 4068 tibus
2414 4013 2747 4068 asciverunt.
2788 4015 2957 4070 Facto
2998 4016 3253 4085 denique,
3288 4025 3481 4071 exacta
3506 4024 3668 4079 nocte,
3692 4024 3777 4067 cre-

2243 4108 2499 4175 pusculo,
2558 4109 2602 4162 si
2661 4124 2822 4178 quem
2887 4109 3168 4179 gentilium
3221 4112 3455 4181 reperiri
3503 4110 3774 4177 contigerat.

2242 4200 2556 4255 discurrens
2578 4201 2779 4271 ubique
2818 4212 3129 4257 nostrorum
3163 4205 3322 4258 turba
3357 4205 3633 4260 mactabat.
3657 4197 3775 4255 Nulla

2241 4293 2481 4348 civitatis
2511 4296 2687 4363 portio
2714 4296 2801 4350 vel
2832 4296 3051 4375 minima
3091 4296 3293 4364 fuerat,
3336 4314 3459 4368 quae
3507 4299 3776 4353 Sarraceno-

2241 4400 2362 4440 rum
2402 4388 2549 4442 cacde
2585 4398 2828 4455 vacaret,
2865 4402 2966 4444 nec
3011 4392 3297 4461 angiporta
3324 4392 3480 4447 urbis
3498 4393 3601 4462 jam
3636 4385 3777 4457 pervia

543 4481 664 4538 qum
698 4467 946 4521 machina
963 4474 1202 4535 quatuor
1233 4465 1529 4519 vehebatur
1552 4463 1775 4525 rotis,in
1800 4462 1951 4532 cujus
1983 4478 2134 4516 sum-
2159 4490 2215 4551 Β
2241 4493 2362 4533 esse
2413 4480 2664 4549 quibam,
2715 4481 2842 4550 quia
2896 4482 3161 4537 cadavera
3208 4498 3542 4556 paganorum
3584 4480 3776 4552 publica;

543 4559 732 4612 mitate
772 4557 1001 4610 militum
1038 4556 1326 4610 multitudo
1367 4555 1705 4619 constiterat,
1752 4555 1938 4609 subter
1976 4570 2126 4622 vero,

544 4660 758 4704 armata
787 4650 979 4703 militia
1015 4662 1170 4702 muro
1202 4664 1321 4703 eam
1354 4650 1621 4713 civitatis,
1649 4648 1802 4717 juxta
1843 4652 2130 4719 quamdam

545 4744 780 4809 turrim,
832 4743 1044 4812 magnis
1105 4743 1427 4811 impulsibus
1488 4744 1829 4798 admovebat.
1896 4745 2132 4799 Econtra

542 4836 735 4891 urbani
786 4835 1002 4891 baleare
1048 4835 1299 4891 celeriter
1369 4837 1643 4891 aediﬁcant
1687 4837 2128 4905 instrumentum,

541 4946 646 5001 quo
700 4931 863 4998 jactis
918 4931 1225 4999 ingentibus
1280 4931 1424 4985 saxis
1484 4931 1794 4985 nitebantur
1852 4931 2131 4987 debilitare

547 5026 854 5091 castellum,
875 5025 925 5080 in
943 5035 1148 5080 tantum
1164 5036 1222 5078 ut
1245 5024 1501 5093 frequens
1519 5025 1755 5094 lapidum
1775 5025 2001 5091 ictus,et
2019 5042 2130 5080 ma-

541 5117 713 5171 chinae
764 5118 1040 5183 damnum,
1102 5125 1157 5169 et
1221 5116 1421 5169 nostris
1476 5114 1774 5168 minaretur
1823 5116 2125 5171 interitum.

538 5209 754 5276 injectis
784 5227 1001 5280 quoque
1040 5209 1246 5266 Graecis
1290 5209 1534 5279 ignibus,
1569 5227 1729 5282 super
1768 5211 1983 5281 phalam
2012 5227 2131 5267 mo-

538 5301 811 5357 liebantur
856 5304 1200 5369 incendium;
1249 5306 1344 5359 sed
1394 5319 1579 5359 eorum
1628 5307 1768 5362 Deus
1817 5322 1978 5375 snper
2026 5308 2128 5362 isto

541 5391 730 5447 fefellit
756 5396 1024 5449 annisum.

612 5488 910 5542 Acerrimas
948 5491 1241 5560 conﬂictus.
1273 5519 1344 5529 ——
1372 5488 1659 5546 Eminebat
1683 5506 1812 5563 ergo
1839 5491 2125 5546 :edificiuin

541 5595 698 5633 muro
736 5579 919 5644 urbis;
950 5591 1003 5634 et
1038 5581 1181 5635 inter
1220 5582 1318 5635 has
1358 5582 1592 5653 partium
1635 5584 1971 5648 collisioncs,
2011 5585 2126 5638 ani-

540 5688 658 5725 mos
688 5674 1037 5742 pugnantium
1072 5674 1324 5729 ululantis
1358 5676 1498 5730 tuba:
1540 5676 1797 5731 tumultus
1826 5678 2121 5731 exciverat.

540 5761 750 5817 Interea
791 5763 988 5819 milites
1030 5779 1095 5818 ex
1143 5767 1342 5819 nostris
1386 5768 1606 5835 quidam
1655 5771 1902 5838 superius
1948 5770 2123 5839 plialte

2237 4572 2401 4627 calles
2426 4573 2738 4643 opplebant.
2772 4577 2837 4627 At
2880 4575 3223 4631 Boemundus
3262 4592 3359 4633 eos
3388 4576 3479 4649 qui
3511 4591 3566 4632 se
3614 4586 3775 4629 memo-

2237 4673 2357 4718 rato
2384 4663 2605 4732 palatio,
2644 4666 2724 4719 uti
2784 4666 2900 4735 ipse
2945 4668 3129 4738 jussit,
3164 4669 3523 4735 intruserant,
3568 4664 3772 4739 pervasit.

2237 4768 2356 4823 quae
2404 4755 2676 4809 habebant
2717 4756 2968 4823 abstulit;
3014 4757 3147 4813 alios
3203 4762 3367 4813 morti
3425 4760 3648 4823 addixit,
3676 4756 3777 4809 alios

2233 4847 2581 4904 Antiochiam
2606 4849 2799 4906 ductos
2836 4851 2998 4907 vendi
3022 4850 3202 4923 jussit.
3236 4853 3425 4911 Mense
3470 4865 3636 4910 autem
3675 4853 3776 4905 inte-

2235 4951 2353 5007 gro,
2384 4940 2772 5011 quaternisque
2802 4942 3013 5007 diebus,
3048 4943 3137 4998 hic
3159 4942 3363 5000 Franci
3387 4946 3562 5003 fecere
3591 4954 3773 5000 moram.

2378 5032 2456 5087 Ac
2478 5033 2550 5087 ibi
2580 5032 2850 5089 difﬁcilem
2875 5051 3006 5106 gens
3034 5036 3157 5088 tulit
3188 5040 3447 5093 esuriem.
3677 5042 3683 5048 ’

2306 5125 2382 5180 lbi
2413 5127 2631 5197 quidam
2661 5143 2727 5181 ex
2757 5130 2980 5195 nostris,
3014 5131 3140 5185 dum
3172 5133 3467 5202 aliquibus,
3510 5133 3608 5186 imo
3635 5124 3773 5183 omni-

2232 5217 2334 5272 bus
2366 5219 2687 5273 necessariis
2718 5219 2983 5291 indigent,
3026 5223 3191 5279 nullis
3235 5240 3356 5295 qua:
3402 5221 3669 5295 direptioni
3691 5229 3775 5273 sum

2234 5312 2412 5365 forent
2441 5321 2566 5381 apta
2596 5312 2983 5382 adjacentibus,
3027 5327 3366 5375 mortuorum
3400 5320 3775 5374 Sarracenonim

2229 5405 2510 5459 ventribus
2567 5408 2866 5475 temeratis,
2915 5412 3030 5464 ausi
3093 5424 3218 5467 sunt
3276 5414 3515 5483 ipsorum
3566 5408 3773 5465 intestina

2230 5497 2442 5562 rimari,
2476 5499 2602 5567 quia
2644 5503 2930 5557 audierant
2966 5518 3158 5559 aurum
3201 5515 3611 5576 argentumque,
3638 5497 3775 5555 abcis

2230 5586 2282 5640 in
2333 5596 2483 5643 arcto
2528 5591 2746 5658 positis,
2794 5593 2864 5648 ob
2914 5596 3212 5651 custodiam
3256 5597 3433 5652 solere
3469 5594 3653 5667 glutiri.
3694 5586 3773 5642 Alii

2228 5682 2472 5737 carnium
2516 5684 2684 5740 frusta
2713 5688 3008 5755 caedentes,
3052 5706 3121 5747 ex
3156 5692 3285 5763 ipsis
3315 5692 3603 5746 coxisseet
3632 5692 3775 5739 00ml}

2156 5850 2159 5851 ν
2228 5774 2370 5831 disse
2424 5776 2687 5833 feruntur.
2738 5779 2891 5847 Quod
2948 5792 3124 5841 tamen
3180 5794 3289 5840 tam
3338 5797 3521 5837 rarum
3572 5778 3771 5841 εάεαιυε
