4012 6346
237 367 358 422 ’781

1295 350 1523 410 GESTA
1544 349 1656 409 DEI
1695 349 1834 407 PER
1857 349 2204 408 FRANCOS.
2245 381 2316 393 —
2341 349 2471 406 LIB.
2501 349 2593 406 VI.

3425 352 3532 411 782

239 481 436 537 latens
464 473 736 534 exstiterit
778 481 839 530 ut
883 471 1135 529 omnibus
1179 480 1358 526 utrum
1397 471 1536 525 idem
1581 468 1695 524 fieri
1733 465 1842 522 ullo
1868 471 1919 531 Α
1952 467 2097 523 circa
2127 467 2269 536 quod
2314 465 2403 519 ubi
2435 465 2748 535 disposuere
2786 465 3039 532 tentoria,
3070 463 3320 520 dominus
3350 466 3531 538 oppidi

243 575 422 631 modo
454 571 719 645 potuisset
739 584 878 640 pene
907 567 1126 622 dubium
1153 565 1240 620 sit.

859 657 1086 716 CAPUT
1139 657 1243 714 VII.

333 755 530 832 [XIX.]
562 753 858 809 Boemundi
889 764 935 807 et
965 749 1263 822 Raymundi
1293 746 1529 802 simultas
1558 745 1843 800 recalescit.

249 883 329 894 —-
359 851 568 904 Interea
597 845 942 901 Boemundus
963 860 1107 910 eam,
1132 859 1251 913 qure
1273 842 1416 896 inter
1441 856 1498 894 se
1519 850 1571 894 et
1594 839 1846 894 comitem

255 940 448 998 Sancti
485 939 657 1007 Egidii
702 937 875 992 fuerat
914 938 1106 992 oborta
1167 933 1435 997 simultas,
1474 932 1684 1001 penitus
1741 945 1846 986 non

256 1036 554 1098 omittens,
587 1032 711 1086 dum
761 1030 861 1084 sibi
906 1044 1087 1084 comes
1132 1027 1437 1081 nullatenus
1469 1025 1630 1088 cedit,
1679 1024 1849 1077 iratus

251 1125 602 1183 Antiochiam
638 1123 795 1178 redit.
821 1120 930 1176 Nec
958 1135 1130 1184 mora,
1163 1133 1344 1172 comes
1378 1117 1600 1171 directis
1623 1115 1687 1169 ad
1716 1130 1850 1185 prae-

255 1216 428 1272 fatam
471 1218 659 1270 urbem
705 1213 914 1284 legatis,
953 1211 1074 1266 duci
1115 1209 1433 1270 Godefrido,
1473 1207 1658 1262 comiti
1695 1207 1850 1262 Flan-

256 1311 542 1366 drensium
565 1349 578 1372 ,
605 1307 787 1360 itidem
816 1314 869 1359 et
895 1305 1413 1365 Northmannorum,
1447 1301 1677 1370 denique
1712 1301 1850 1356 Boe-

253 1405 484 1470 mundo,
527 1400 714 1470 Rugia:
759 1398 973 1467 (civitas
1009 1411 1188 1451 autem
1233 1409 1310 1452 est
1345 1405 1644 1450 memorata
1687 1409 1850 1464 supe-

251 1496 399 1568 rius)
425 1494 755 1564 colloquium
780 1491 990 1546 indicit.
1017 1489 1224 1557 Quibus
1245 1505 1399 1544 suum
1423 1489 1853 1546 accelerantibus

255 1589 556 1639 adventum
589 1580 818 1638 consilio
856 1579 1092 1649 generali
1135 1589 1432 1645 tractatur,
1472 1589 1737 1649 quatenus
1774 1579 1854 1634 sic

249 1676 367 1730 sibi
418 1673 775 1731 concordibus
823 1671 1017 1725 animis
1057 1671 1361 1737 unireutur,
1410 1683 1469 1727 tit
1514 1687 1854 1742 nequaquam

245 1766 488 1822 ulterius
510 1764 782 1836 expeditio
806 1763 1294 1842 Hierosolymitana
1325 1773 1648 1818 moraretur.
1675 1766 1850 1834 Repe-

1947 559 2162 614 obviam
2200 564 2485 628 processit,
2522 574 2642 613 cum
2673 561 2872 614 comite
2899 558 3040 614 facta
3070 559 3384 615 concordia.

2020 650 2210 704 Plures
2236 648 2524 704 Christiani
2551 667 2726 719 cepere
2756 651 2932 705 urbes.
2962 680 3035 692 —-
3064 650 3306 720 Denique
3339 665 3535 720 propc-

1950 752 2068 798 rata
2101 744 2352 812 deinceps
2404 743 2644 798 modone
2684 754 3024 810 castrorum,
3080 744 3367 813 quamdam
3408 745 3534 816 pul-

1952 835 2280 890 cherrimam
2310 833 2607 899 civitatem,
2637 835 2901 890 vocabulo
2925 834 3264 904 Kephaliam,
3285 835 3536 892 omnibus

1952 927 2264 998 opulentam
2304 926 2462 980 bonis
2507 926 2817 996 attingunt,
2852 927 2905 981 in
2941 927 3174 996 quadam
3225 925 3363 982 valle
3400 929 3538 996 posi-

1955 1029 2085 1076 tam.
2111 1020 2180 1074 At
2209 1019 2561 1084 habitatores,
2589 1017 2828 1073 Francos
2863 1020 2952 1074 ubi
2999 1019 3279 1075 advenisse
3324 1035 3541 1091 compe-

1954 1113 2142 1177 riunt,
2200 1111 2390 1166 urbem
2442 1110 2731 1175 deserunt,
2787 1109 3170 1164 alimentorum
3208 1111 3541 1180 plenitudine

1956 1203 2176 1258 refertis
2219 1201 2490 1270 domibus,
2523 1216 2645 1256 cum
2677 1209 2732 1255 et
2758 1201 2903 1254 horti
2923 1202 3150 1269 passim
3180 1203 3542 1258 exuberat-ent

1955 1295 2256 1362 fructibus,
2301 1295 2444 1350 solas
2491 1295 2595 1350 sibi
2642 1293 2845 1350 salutes
2886 1292 3226 1363 subterfugio
3262 1297 3402 1349 tueri
3444 1295 3541 1350 eli-

1956 1399 2111 1461 gunt.
2158 1389 2346 1444 Tertio
2377 1403 2406 1442 a
2453 1387 2680 1458 praefata
2713 1387 3084 1442 discesserunt
3123 1387 3258 1441 urbe
3304 1387 3411 1451 die,
3455 1402 3545 1441 ar-

1958 1483 2174 1552 duaque
2207 1481 2392 1547 nimis,
2416 1490 2471 1536 et
2511 1496 2744 1550 scrupea
2774 1490 3034 1536 montana
3067 1480 3459 1545 conscendunt,
3488 1487 3546 1535 et

1959 1575 2028 1629 ad
2066 1574 2226 1628 aliam
2275 1574 2534 1644 deinceps
2569 1573 2786 1638 vallem,
2840 1588 2948 1627 non
2989 1573 3209 1637 minori,
3241 1588 3404 1641 quam
3452 1572 3546 1628 ubi

1960 1662 2218 1733 Kephalia
2263 1671 2402 1729 erat,
2452 1662 2737 1717 fertilitate
2780 1663 3040 1729 vividam,
3092 1663 3287 1718 iterato
3323 1665 3546 1718 descen-

1959 1754 2115 1819 dunt,
2167 1755 2349 1823 ibique
2403 1755 2714 1824 quindecim
2769 1753 2938 1809 ferme
2989 1755 3200 1819 diebus,
3245 1755 3546 1811 substantia

247 1859 402 1914 ritur
431 1857 756 1914 omnimodis
785 1856 1088 1912 concordia:
1123 1856 1464 1912 Boemundus
1485 1862 1702 1929 agenda:
1726 1875 1852 1914 acer

1970 1847 2236 1912 iucundati
2269 1847 2546 1929 uberiore,
2571 1862 2692 1902 sese
2735 1847 3002 1902 reﬁciunt.
3032 1847 3130 1903 His
3155 1863 3372 1918 quoque
3417 1863 3550 1904 con-

247 1959 320 2005 et
369 1950 630 2016 insolens,
670 1949 771 2002 nisi
813 1964 924 2004 sure
966 1947 1146 2002 faveat
1185 1951 1445 2004 voluntati
1493 1966 1696 2018 comes,
1737 1951 1852 2008 An-

250 2042 484 2098 tiochiae
537 2043 678 2113 parti
726 2042 814 2098 cui
873 2043 1250 2097 dominabatur
1300 2044 1532 2109 cedens;
1585 2045 1854 2098 invenitur

257 2148 456 2190 comes
488 2135 554 2188 ad
591 2134 689 2188 ista
735 2133 988 2204 rigidior,
1021 2135 1318 2190 obtendens
1359 2138 1501 2204 quod
1541 2135 1855 2206 imperatori

251 2224 577 2294 praebuerat
609 2234 1031 2280 sacramentum.
1073 2224 1184 2280 Hac
1211 2241 1338 2296 ergo
1369 2227 1628 2281 mentium
1655 2227 1707 2281 in
1735 2242 1856 2283 sese

251 2314 571 2371 acerbitate
608 2316 804 2382 divisi,
838 2316 1021 2372 Sancti
1054 2317 1355 2388 Egidiensis
1392 2318 1479 2372 ille
1511 2317 1856 2374 Boemundus

259 2423 339 2465 ac
387 2409 494 2464 dux
543 2409 788 2480 pariter,
827 2409 1171 2465 Antiochiam
1227 2422 1354 2466 sunt
1404 2413 1626 2467 reversi.
1685 2412 1856 2467 Isdem

253 2515 463 2556 rursus
485 2501 550 2556 de
578 2501 760 2572 palatii
784 2509 838 2556 et
868 2501 1096 2566 castelli,
1121 2502 1262 2570 quod
1293 2512 1462 2573 portae
1489 2505 1667 2574 pontis
1693 2503 1859 2577 424

249 2591 417 2646 urbis
455 2592 1138 2661 praeeminebat,custodia,
1159 2592 1418 2648 militibus
1442 2595 1554 2648 suis
1572 2596 1854 2665 mandans,

253 2683 337 2737 ad
387 2681 650 2749 Marram,
683 2699 845 2754 quam
887 2686 1092 2756 pridem
1137 2695 1354 2755 ceperat
1393 2689 1675 2741 remeavit.
1711 2689 1860 2744 Atta-

251 2788 409 2838 men,
461 2791 567 2831 non
615 2777 831 2846 penitus
881 2779 1107 2834 rationis
1137 2795 1352 2850 expers,
1385 2791 1441 2835 et
1474 2781 1526 2834 in
1555 2797 1648 2836 sua
1684 2782 1859 2852 pervi-

256 2870 420 2925 cacia
445 2873 754 2926 communia
780 2872 974 2926 damna
1005 2875 1361 2944 perpendens,
1393 2875 1518 2928 dum
1548 2875 1859 2945 pertinaciae

255 2960 386 3031 ejus
408 2977 568 3017 causa
595 2961 864 3018 Dominici
889 2963 1126 3034 sepulcri
1153 2966 1366 3036 cogitur
1385 2966 1590 3022 dillerri
1613 2967 1858 3034 libertas,

261 3052 432 3108 tertio
482 3055 692 3110 decimo
738 3055 877 3109 infra
929 3053 1243 3111 Januarium
1299 3059 1412 3123 die,
1464 3059 1548 3114 vir
1587 3060 1858 3131 egregius,

256 3145 498 3216 nudipes
517 3187 530 3213 ,
566 3162 594 3200 a
625 3145 804 3201 Marra
845 3148 1068 3204 civitate
1094 3154 1440 3219 progreditur
1465 3192 1480 3216 ,
1510 3153 1861 3224 pervenitque
1889 3187 1931 3247 ο

261 3234 638 3304 Caphardain,
666 3237 847 3308 ibique
873 3240 1052 3295 triduo
1076 3242 1296 3298 mansit.
1324 3242 1435 3297 Illic
1457 3243 1862 3301 Nortlnnanniae

262 3339 476 3393 comes,
517 3327 790 3384 simultate
823 3331 1060 3397 deserta,
1100 3332 1179 3388 illi
1212 3332 1576 3404 coniungitur.

343 3417 512 3492 [XL]
555 3420 957 3478 Casariensium
1004 3442 1096 3480 rea:
1137 3443 1254 3480 cum
1299 3429 1491 3482 nostris
1541 3427 1664 3482 iniri
1693 3428 1862 3500 [trdus

265 3521 442 3584 rogat.
472 3545 543 3554 —
573 3514 844 3572 Praeterea
890 3534 986 3572 rex
1015 3519 1434 3576 Caesariensium
1485 3519 1671 3578 Sancti
1735 3523 1860 3593 Egi-

270 3603 450 3660 diensi
488 3605 563 3662 illi
594 3609 782 3663 comiti
815 3608 1085 3680 frequenti
1118 3611 1385 3684 legatione
1416 3624 1685 3688 suaserat,
1731 3631 1864 3685 qua-

270 3703 438 3754 tenus
466 3715 650 3756 secum
684 3701 869 3758 solidae
888 3706 1190 3773 pactionem
1211 3709 1364 3776 pacis
1385 3709 1569 3773 iniret,
1593 3710 1864 3779 spondens

271 3792 419 3861 quod
449 3792 650 3864 ubique
678 3793 890 3865 imperii
923 3797 1006 3850 sui
1035 3796 1362 3854 Christianis
1391 3799 1699 3867 adiumenta
1726 3818 1864 3872 prte-

269 3884 453 3952 beret,
497 3887 715 3956 negotia
748 3887 1022 3955 ciborum,
1053 3891 1284 3945 vestium
1329 3901 1383 3948 et
1413 3909 1708 3962 equorum,
1744 3910 1863 3950 om-

270 3976 536 4045 niumque
567 3976 683 4030 usui
711 3978 1098 4046 pertinentium
1133 3997 1236 4035 non
1279 3994 1522 4053 negaret.
1552 3984 1668 4040 Hac
1697 3986 1866 4040 nostri

270 4065 666 4136 pollicitatione
723 4070 931 4139 gavisi,
970 4070 1126 4140 juxta
1164 4074 1351 4129 urbem
1382 4075 1586 4146 eligunt
1621 4077 1870 4131 taberna-

273 4157 523 4211 culorum
564 4157 681 4213 loca
731 4161 942 4226 sortiri,
986 4161 1268 4232 Pharphar
1301 4181 1536 4235 namque
1592 4165 1785 4222 fluvius
1836 4183 1868 4220 a

273 4247 515 4302 civitatis
565 4249 838 4306 moenibus
890 4253 1032 4306 haud
1089 4253 1246 4324 longe
1299 4257 1637 4325 praeterﬂuit;
1671 4267 1726 4312 at
1771 4274 1870 4314 rex

274 4338 451 4402 urbis,
479 4352 764 4412 prospecto
796 4351 946 4399 tanto
977 4346 1242 4413 exercitu,
1273 4363 1376 4402 non
1401 4349 1628 4403 multum
1654 4351 1720 4404 de
1749 4352 1868 4409 talis

274 4431 623 4486 contubernii
675 4434 1088 4504 propinquitate
1139 4437 1387 4506 laetatus,
1420 4456 1564 4510 aegre
1618 4443 1761 4510 tulit,
1817 4453 1872 4500 et

1960 1940 2167 2011 tignum
2203 1940 2336 1994 locis
2375 1919 2644 2010 quoddam
2699 1939 2926 1994 Francis
2974 1939 3257 1994 nuntiatur
3297 1939 3414 1995 fore
3457 1955 3552 1995 ca-

1959 2032 2204 2098 stellum;
2257 2031 2324 2086 ad
2354 2031 2408 2087 id
2451 2031 2790 2088 conﬂuxerat
2820 2033 2989 2088 multa
3032 2034 3194 2088 nimis
3245 2034 3550 2105 frequentia

1959 2141 2316 2198 paganorum.
2358 2125 2514 2193 Quod
2539 2129 2710 2182 nostri
2738 2143 2861 2183 cum
2893 2129 3238 2198 rapidissima
3264 2112 3546 2186 obsidione

1960 2221 2303 2285 cinxissent,
2354 2228 2552 2289 praesto
2599 2230 2720 2276 erat
2773 2230 2832 2276 ut
2883 2222 3218 2291 subigereut,
3259 2238 3383 2277 cum
3422 2236 3551 2278 ecce

1959 2313 2213 2385 oppidani
2250 2328 2356 2368 non
2389 2328 2589 2383 paucas
2627 2325 2997 2370 armentorum
3041 2319 3227 2386 copias
3259 2317 3365 2372 illis
3409 2317 3552 2386 obji-

1963 2409 2143 2476 ciunt,
2184 2409 2389 2479 talique
2437 2409 2706 2466 lenocinio
2749 2419 2808 2465 ut
2851 2413 2919 2467 ab
2963 2414 3248 2469 obsidione
3288 2415 3554 2471 desistant

1963 2519 2061 2560 eos
2101 2504 2168 2558 ad
2212 2513 2428 2574 tempus
2471 2503 2721 2559 illicinnt.
2749 2506 2821 2560 At
2866 2521 3078 2562 summo
3103 2509 3338 2564 diluculo
3369 2510 3555 2565 admo-

1961 2608 2151 2654 ventes
2176 2598 2348 2654 nostri
2385 2598 2616 2655 tentoria
2643 2608 2852 2667 castro,
2899 2601 3028 2657 illud
3062 2603 3312 2658 obsidere
3359 2619 3555 2674 propo-

1964 2699 2120 2745 nunt.
2165 2690 2338 2757 Quem
2366 2704 2557 2744 eorum
2603 2701 2861 2745 conatum
2897 2693 2989 2748 ubi
3022 2709 3155 2763 gens
3189 2710 3399 2765 pagana
3432 2713 3559 2768 per-

1964 2781 2158 2844 sensit,
2213 2779 2378 2834 celeri
2426 2779 2554 2851 fuga
2601 2781 2879 2845 recedunt,
2920 2797 3260 2855 vacuumque
3298 2788 3555 2858 oppidum

1963 2871 2366 2941 derelinquunt.
2415 2871 2726 2943 Ingreditur
2762 2872 3078 2929 Christiana
3107 2876 3320 2942 militia,
3351 2876 3558 2948 proﬂua

1965 2962 2101 3018 inibi
2123 2963 2410 3030 frumenti,
2434 2965 2570 3028 vini,
2604 2964 2794 3020 farinae
2821 2981 2885 3020 ac
2905 2967 3009 3022 olei
3043 2968 3225 3024 inesse
3256 2971 3559 3040 deprehen-

1965 3055 2114 3111 ditur
2139 3057 2519 3122 exuberantia,
2560 3067 2616 3112 et
2651 3060 2697 3114 si
2727 3073 2835 3128 qua
2864 3058 3093 3114 fuissent
3117 3063 3447 3116 necessaria.

2039 3145 2170 3216 Regi
2204 3145 2532 3216 Tripolitano
2561 3164 2743 3218 pacem
2788 3160 2976 3220 negant
3003 3148 3290 3206 Christiani
3312 3152 3363 3204 ni
3391 3148 3549 3206 Chri-

1965 3247 2045 3294 sto
2075 3237 2158 3292 det
2184 3254 2394 3292 nomen.
2420 3267 2494 3280 —-
2518 3239 2632 3294 Illic
2661 3248 2774 3294 tota
2813 3239 3121 3308 aﬂ'ectione,
3155 3241 3560 3298 Purilicntionis

1965 3332 2146 3387 beatae
2195 3330 2383 3386 Maria:
2421 3331 2562 3387 festa
2591 3332 2900 3388 coluerunt.
2956 3334 3070 3390 Illic
3114 3335 3281 3389 etiam
3329 3334 3560 3390 Camelae

1967 3423 2204 3480 civitatis
2236 3425 2379 3496 regis
2404 3424 2612 3492 legatos
2652 3437 3008 3497 exceperunt.
3057 3427 3173 3482 Rex
3217 3427 3376 3498 plane
3411 3428 3556 3483 idem

1968 3515 2154 3571 comiti
2185 3531 2379 3586 equos,
2421 3532 2643 3583 aurum,
2673 3528 3076 3590 argentumque
3109 3528 3391 3590 sequestra
3425 3519 3563 3590 lega-

1971 3607 2119 3664 tione
2150 3608 2470 3678 paciscitur,
2493 3609 2769 3680 pollicitus
2792 3611 2939 3680 quod
2965 3610 3307 3668 Christianos
3329 3611 3384 3666 in
3415 3610 3562 3666 nullo

1967 3700 2292 3766 offenderet,
2327 3701 2425 3755 sed
2456 3701 2697 3756 debitam
2732 3701 2812 3757 eis
2846 3704 3209 3758 reverentiam
3259 3704 3560 3760 exhiberet.

1969 3794 2088 3849 Rex
2134 3794 2300 3849 etiam
2334 3793 2702 3865 Tripolitanus
2743 3796 2932 3851 comiti
2973 3798 3214 3863 mandat,
3261 3797 3402 3868 quod
3435 3812 3562 3866 gra-

1971 3895 2174 3951 tanter,
2228 3887 2273 3942 si
2310 3887 2462 3954 velit,
2498 3904 2624 3944 cum
2677 3903 2744 3944 eo
2776 3898 2995 3960 pactum
3037 3891 3205 3956 ineat,
3235 3890 3460 3946 directis
3486 3889 3566 3945 ei-

1972 3981 2092 4036 dem
2120 3981 2312 4037 decem
2355 3982 2532 4053 equis,
2565 3990 2801 4054 quatuor
2843 3985 3028 4051 mulis,
3054 3995 3109 4040 et
3145 4000 3278 4039 auro
3307 4000 3412 4039 non
3451 3998 3566 4037 mo-

1973 4075 2115 4130 dico.
2145 4076 2342 4131 Comes
2369 4091 2499 4132 vero
2540 4077 2637 4143 ait,
2664 4077 2974 4134 nullatenus
3007 4093 3064 4133 se
3090 4095 3212 4134 cum
3243 4093 3308 4133 eo
3337 4077 3562 4148 paciﬁce

1974 4175 2253 4231 acturum,
2305 4168 2408 4222 nisi
2449 4167 2574 4222 fidei
2615 4177 2818 4224 nostra:
2856 4178 3198 4224 sacramenta
3239 4171 3561 4240 susciperet.

2047 4260 2411 4330 Egrediuntur
2442 4263 2509 4317 de
2539 4263 2710 4329 valle,
2749 4279 2913 4332 quam
2951 4266 3199 4334 superius
3242 4263 3562 4329 memoravi,

1973 4351 2290 4418 uberrima;
2349 4363 2403 4406 et
2434 4354 2501 4407 ad
2548 4355 2860 4423 praesidium
2897 4363 3090 4408 natura
3143 4355 3563 4408 munitissimum

1975 4443 2029 4496 in
2082 4444 2232 4512 rupis
2281 4458 2534 4512 supremo
2590 4445 2848 4513 positum,
2889 4445 3032 4512 quod
3079 4444 3280 4498 dicitur
3329 4445 3560 4509 Art-bas,

275 4523 390 4579 nisi
428 4525 580 4581 ocius
636 4528 761 4583 inde
821 4531 1160 4597 recederent,
1216 4543 1511 4589 mercatum
1570 4537 1759 4592 vetuit.
1818 4536 1875 4596 In
1907 4548 1954 4603 1)
1980 4535 2297 4589 Februariis
2323 4536 2525 4600 Idibus,
2555 4552 2678 4590 cum
2715 4545 2862 4591 esset
2887 4537 3122 4609 secunda
3173 4536 3307 4592 feria
3335 4537 3566 4592 devene-

276 4616 604 4684 crastinum,
649 4619 784 4675 duos
819 4637 941 4676 cum
978 4625 1183 4680 nostris
1217 4640 1286 4680 ex
1316 4628 1430 4683 suis
1471 4627 1640 4694 misit,
1669 4631 1759 4699 qui
1793 4633 1872 4687 eis

274 4709 480 4764 vadum
512 4709 751 4766 fluminis
789 4712 1250 4783 demonstrarent,
1287 4733 1488 4789 eosque
1515 4722 1874 4790 perducerent

276 4814 394 4868 quo
449 4802 644 4870 prazda:
697 4804 901 4874 aliquid
957 4805 1189 4876 diripere
1249 4819 1494 4879 possent.
1564 4813 1751 4883 Itaque
1807 4816 1874 4870 ab

278 4891 512 4960 eisdem,
548 4897 795 4964 quietiam
825 4896 1014 4952 subter
1040 4900 1310 4968 quoddam
1359 4904 1562 4959 nostris
1617 4906 1874 4976 oppidum

279 4983 444 5039 vallis
490 4989 821 5054 ostenditur,
867 4989 956 5043 ubi
1006 4991 1320 5048 animalium
1367 5000 1756 5054 numerositate
1791 5015 1876 5054 re-

276 5087 459 5147 perta,
518 5081 757 5151 quinque
797 5081 972 5137 ferme
1008 5083 1174 5138 millia
1233 5087 1540 5156 rapiuntur,
1595 5091 1872 5157 frumenti,

281 5183 718 5246 creterorurnque
774 5177 989 5232 utilium
1041 5179 1274 5248 plurima
1311 5181 1466 5250 copia
1513 5186 1802 5252 reperitur,
1845 5199 1875 5238 e

281 5267 484 5335 quibus
513 5270 578 5322 ad
612 5271 882 5341 integrum
909 5272 1186 5342 equitatus
1217 5273 1304 5328 ille
1337 5274 1597 5329 reﬁcitur.
1623 5277 1874 5332 Castrum

285 5375 509 5429 quoque
549 5364 688 5419 idem
739 5369 791 5419 in
823 5363 914 5437 jus
953 5367 1187 5434 comitis,
1236 5383 1332 5422 sua
1385 5368 1552 5439 ipsius
1581 5369 1873 5437 deditione,

287 5451 588 5520 trajicitur;
645 5471 835 5510 aurum
889 5473 956 5512 ex
1004 5472 1068 5512 eo
1112 5473 1218 5513 non
1251 5459 1520 5514 modicum
1554 5476 1676 5515 cum
1723 5463 1877 5532 equis

287 5544 594 5613 praebetur;
651 5550 961 5621 nostrisque
1015 5567 1113 5623 per
1163 5553 1364 5619 omnia,
1419 5553 1546 5624 quia
1600 5571 1875 5625 nunquam

289 5651 385 5691 e0s
416 5638 694 5708 laederent,
724 5645 991 5701 securitas
1033 5655 1181 5702 certa
1212 5647 1571 5717 promittitur.
1605 5648 1876 5704 Sederunt

294 5729 534 5798 quinque
565 5733 751 5789 diebus
803 5734 1024 5790 ibidem.
1057 5737 1184 5792 Inde
1213 5738 1468 5809 digressi,
1503 5740 1570 5794 ad
1600 5739 1744 5794 aliud
1785 5740 1875 5794 de-

292 5837 496 5878 venere
518 5825 796 5894 oppidum,
821 5830 963 5896 quod
997 5844 1024 5882 a
1057 5838 1216 5898 gente
1248 5831 1581 5886 incolebatur
1615 5833 1872 5898 Arabum,

1981 4634 2127 4691 runt,
2161 4626 2525 4694 viciniamque
2555 4628 2835 4697 municipii
2872 4629 3043 4683 tensis
3075 4629 3422 4700 papilonibus
3471 4643 3564 4681 oc-

1979 4727 2340 4787 cupaverunt.
2367 4718 2519 4786 Quod
2542 4720 2762 4790 quidem
2795 4711 3210 4776 innumerabilis
3253 4721 3564 4777 infercierat

1978 4810 2267 4865 multitudo
2303 4826 2660 4881 paganorum,
2702 4811 3003 4867 Turcorum
3050 4813 3322 4881 videlicet,
3373 4815 3562 4868 Sarra-

1943 4915 2235 4958 .ceuorum
2285 4910 2338 4955 et
2387 4902 2647 4967 Arabum,
2699 4903 2792 4973 qui
2843 4914 3041 4974 praeter
3097 4906 3324 4975 originis
3395 4904 3563 4956 uiiiui-

1977 5003 2242 5059 mentum,
2304 4992 2497 5048 fortius
2556 4993 2684 5048 illud
2737 4996 3062 5052 omnimodis
3111 5013 3206 5050 sua
3255 4995 3563 5065 pluralitate

1976 5085 2344 5140 reddiderant.
2370 5086 2608 5155 Contigit
2637 5086 2859 5154 ibidem,
2885 5088 3297 5159 quatuordecim
3324 5103 3390 5141 ex
3406 5086 3563 5141 Chri-

1981 5180 2158 5234 stiano
2186 5179 2430 5233 exercitu
2447 5181 2590 5235 viros
2616 5183 2828 5251 equites
2853 5192 3038 5236 contra
3062 5179 3320 5250 Tripolim
3353 5181 3557 5244 urbem,

1979 5288 2098 5340 quae
2126 5273 2306 5327 fuerat
2337 5273 2410 5327 illi
2445 5277 2747 5345 propinqua
2774 5259 2997 5332 castello
3033 5276 3329 5345 procedere
3357 5287 3463 5326 non
3493 5272 3564 5327 ob

1979 5363 2145 5430 aliud,
2175 5365 2218 5418 si
2249 5381 2356 5421 non
2384 5365 2561 5434 fallor,
2606 5369 2709 5422 nisi
2750 5378 2809 5422 ut
2853 5368 3096 5422 valerent
3126 5367 3396 5436 quidpiam
3447 5367 3558 5422 esui

1981 5462 2331 5516 commodum
2371 5462 2473 5516 sibi
2513 5464 2858 5516 contrahere.
2887 5462 2977 5526 Hi,
3015 5463 3259 5532 inquam,
3306 5472 3540 5534 quatuor

1979 5553 2154 5607 decim
2186 5567 2309 5606 cum
2362 5562 2566 5617 essent,
2595 5555 2875 5624 sexaginta
2923 5555 3141 5610 circiter
3175 5554 3402 5622 Turcos,
3444 5555 3564 5610 aliis

1980 5646 2144 5700 etiam
2184 5645 2576 5700 comitantibus
2622 5663 2889 5716 reperere.
2931 5647 3032 5716 Qui
3073 5665 3184 5719 pra:
3220 5665 3277 5704 se
3317 5649 3565 5704 homines

1983 5755 2047 5793 ac
2075 5739 2351 5806 animalia,
2382 5756 2502 5810 qua:
2549 5743 2771 5810 praedati
2807 5741 3041 5809 fuerant,
3092 5744 3372 5814 plusquam
3421 5743 3564 5798 mille

1985 5830 2371 5901 quinquaginta
2428 5832 2772 5889 deducerent.
2830 5835 2960 5900 Qui,
3019 5835 3326 5904 sponsionis
3379 5836 3562 5888 Domi-
