4012 6346
540 219 646 276 785
1254 240 1256 242 ν
1361 216 1424 271 V.
1463 211 1790 272 GUIBERTI
1829 208 2120 268 ABBATIS

2246 209 2502 268 manus
2539 209 2629 267 ne
2658 209 3075 270 NOVIGENTO
3239 191 3258 202 ’
3715 222 3788 284 ιιι

542 337 680 392 nicae
709 335 842 408 ipsis
866 323 1213 393 exsee'utore's
1241 331 1544 396 elfectibus,
1597 330 1741 400 quod
1789 348 1807 381 ‹
1847 329 1951 384 duo
1983 327 2130 399 fuga-
2159 330 2206 387 A
2230 327 2409 394 berto,
2449 337 2738 400 postquam
2769 329 2852 385 sui
2893 328 3198 401 comparis
3229 311 3634 402 fuithcomperta
3657 351 3789 396 neug-

540 437 667 484 rent
691 429 876 484 decem
907 427 1094 492 millia,
1117 433 1172 480 et
1201 417 1339 479 unus
1370 423 1518 478 mille
1548 423 1731 494 (Deut.
1763 436 1938 485 xxxn,
1964 417 2074 490 50),
2109 438 2126 470 ι

545 513 832 588 θεεειιιριο
857 517 962 586 piis
990 517 1042 570 iu
1072 513 1343 568 mentibus
1389 512 1568 568 crucis
1613 512 1790 581 signo,
1839 509 1950 562 Deo
1980 508 2135 561 anni-

553 617 746 675 tente,
786 606 1090 664 incredibili
1137 620 1232 660 eos
1267 603 1491 659 audacia
1539 601 1822 672 subigunt,
1879 613 2040 654 senos
2069 613 2134 654 ex

545 703 634 761 his
667 702 961 774 perimunt,
1006 714 1176 770 equos
1206 697 1433 753 totidem
1469 693 1957 764 comprehendunt.

621 792 840 847 Tortosa
896 790 1022 845 urbe
1070 789 1345 860 potiuntur
1393 783 1707 838 Christiani.
1737 810 1808 822 —
1859 780 2028 834 Porro
2071 779 2138 835 de

549 883 737 940 Sancti
788 880 1036 951 Egidiani
1083 877 1306 934 comitis
1341 875 1606 945 equitatu,
1645 872 1981 928 Raimundus
2025 869 2134 934 ille,

548 973 705 1044 cujus
725 973 972 1044 probitas
1001 970 1057 1026 in
1083 970 1186 1025 hoc
1220 967 1482 1038 opusculo
1513 965 1761 1020 crebram
1795 963 1962 1030 exigit
1985 976 2138 1016 men-

547 1067 786 1132 tionem,
839 1079 1002 1136 quem
1057 1061 1279 1116 l’ilitum
1331 1058 1707 1132 cognominari
1742 1057 2001 1122 diximus,
2056 1055 2140 1108 vir

508 1200 510 1202 -
552 1160 723 1216 animi
753 1157 1050 1214 acrimonia
1082 1148 1447 1211 etarmorum
1490 1154 1756 1210 industria
1790 1153 2140 1208 vehementer

549 1251 714 1324 525
753 1249 1022 1320 egregius,
1055 1262 1178 1302 cum
1224 1247 1334 1302 alio
1367 1247 1604 1318 quodam
1655 1243 1963 1316 cognomini
1998 1244 2136 1308 viro,

551 1343 646 1412 qui
694 1348 814 1396 erat
872 1339 1175 1395 vicecomes
1224 1337 1442 1406 ofﬁcio,
1527 1338 1813 1394 Tortosam
1863 1336 2138 1391 civitatem

553 1442 844 1504 expetunt;
872 1442 928 1488 et
968 1432 1144 1504 primo
1187 1447 1308 1487 eam
1337 1431 1572 1496 assultu,
1615 1445 1777 1500 quem
1803 1428 2140 1483 ferocissime

553 1522 886 1589 intulerunt,
932 1539 1038 1579 non
1092 1524 1380 1579 minimum
1424 1521 1542 1592 ejus
1573 1522 1676 1578 loci
1709 1522 1989 1593 indigenas
2027 1529 2141 1573 ter-

553 1625 796 1675 ruerunt.
843 1617 961 1682 Iiie,
992 1631 1093 1688 pro
1119 1617 1201 1672 sui
1239 1616 1600 1681 munimento,
1651 1613 1796 1682 quod
1849 1610 2141 1681 plurimum

2187 473 2196 477 -
2239 422 2394 490 sitas,
2427 439 2550 479 eum
2583 439 2666 491 eo,
2700 425 2789 495 qui
2822 424 3040 480 Gibello
3073 424 3306 479 civitati
3347 435 3592 494 praeerat,
3620 435 3792 501 accepti;

2239 518 2546 590 magnificis
2575 533 2838 590 equorum
2884 521 3138 588 aurique
3166 517 3521 585 muneribus,
3565 521 3791 580 iuierefte-

2240 611 2403 677 dera,
2449 620 2505 667 et
2557 611 2944 668 adminiculum
2978 612 3349 684 praestituri,
3393 627 3726 672 convenerunt
3752 626 3794 677 ad

2239 702 2516 768 comitem,
2569 719 2730 772 quam
2787 703 3044 760 obsidere
3097 711 3407 773 coeperant
3446 702 3574 759 urbe
3617 707 3794 767 dimissa.

2239 791 2714 862 Exspectationem
2743 804 2925 849 autem
2953 795 3309 850 eorumdem
3343 793 3470 848 belli
3495 799 3710 864 gerendi,
3739 819 3797 856 ru-

2239 885 2445 955 migera
2487 883 2770 940 frustravit
2824 887 3031 956 opinio.
3082 885 3258 940 Unde
3313 886 3523 955 pariter
3577 892 3796 960 conspirati

2239 977 2449 1031 Archas
2491 977 2772 1032 castellum
2828 987 3082 1049 repetere
3134 977 3551 1033 deliberarunt.
3581 979 3672 1034 Ubi
3717 999 3796 1038 cu

2239 1066 2526 1122 obstinatis
2567 1077 2754 1123 contra
2799 1069 3032 1139 idipsum
3091 1069 3320 1123 animis
3362 1069 3704 1136 desedissent,
3732 1090 3796 1128 non

2240 1158 2411 1214 multo
2472 1169 2595 1229 post
2649 1160 3017 1230 Tripolitanos
3104 1171 3277 1217 moto
3336 1162 3581 1216 exercitu
3634 1163 3801 1219 invisere

2242 1249 2563 1320 ge5tierunt,
2593 1261 3042 1322 repereruntque,
3066 1252 3129 1306 in
3155 1252 3248 1307 sui
3267 1252 3613 1321 providentia
3635 1257 3797 1323 positos,

2241 1356 2341 1411 pro
2399 1342 2672 1397 moenibus
2716 1342 2885 1412 ipsius
2933 1342 3094 1398 urbis
3161 1342 3440 1397 hostilem
3497 1344 3800 1413 manipulum,

2245 1431 2543 1487 Turcorum
2605 1433 2896 1500 videlicet,
2959 1433 3434 1489 Sarracenorum
3495 1449 3556 1489 ac
3604 1434 3796 1490 Arabum.

2244 1524 2451 1591 Quibus
2482 1527 2653 1582 nostri
2701 1527 2884 1583 debita
2927 1529 3444 1584 animadversione
3496 1529 3727 1598 pervasis,
3757 1531 3800 1584 ad

2245 1635 2558 1690 supremum
2588 1621 2730 1694 fugae
2761 1622 2904 1678 illico
2927 1626 3269 1694 compulere
3297 1621 3616 1677 remedium.

550 1711 858 1774 videbatur,
931 1709 1213 1780 gentilium
1261 1705 1596 1761 incredibilis
1627 1703 1989 1774 pepulositas,
2023 1715 2142 1754 mn-

2317 1712 2396 1767 Ibi
2435 1720 2584 1766 tanta
2629 1690 2795 1782 ipsius
2827 1714 2978 1769 urbis
3006 1690 3322 1778 nobilium,
3371 1727 3483 1766 non
3512 1712 3799 1768 modocedes

551 1817 768 1860 scarum
787 1802 853 1855 ad
873 1803 1066 1868 instar,
1089 1799 1400 1855 induxerat.
1426 1795 1594 1852 Nocte
1613 1794 1859 1864 sequenti
1886 1798 1937 1848 in
1954 1808 2144 1864 tinam-

553 1894 680 1949 dam
731 1892 995 1966 civitatis.
1029 1890 1243 1962 plagam
1303 1888 1633 1958 hospitaturi
1668 1929 1683 1954 ,
1747 1887 1858 1941 imo
1907 1883 2145 1939 tentoria

555 1985 721 2042 ﬁxuri
750 1984 1052 2050 divertunt;
1081 1982 1232 2038 focos
1258 1981 1374 2036 sine
1402 1994 1627 2034 numero
1649 1993 1746 2049 per
1771 1977 2050 2042 excubias,
2083 1989 2146 2029 ac

557 2077 604 2134 si
634 2076 923 2149 universus
964 2074 1297 2137 Francorum
1343 2070 1558 2126 adforet
1591 2069 1784 2133 hostis,
1831 2066 2142 2122 instituunt.

555 2171 788 2243 Expavit
816 2179 874 2224 et
895 2167 1134 2224 concidit
1155 2159 1401 2222 extrema
1429 2162 1824 2233 desperatione
1844 2159 2143 2231 gentilitas,

553 2243 1007 2336 perpendensque
1053 2275 1114 2316 se
1152 2273 1257 2314 non
1291 2271 1452 2326 posse
1488 2265 1644 2310 scuto
1683 2254 1962 2325 propriam
2004 2251 2144 2306 tueri

555 2357 784 2414 salutem
815 2397 830 2423 ,
909 2361 1094 2411 censet
1155 2352 1222 2407 ad
1271 2349 1522 2405 ultimum
1572 2348 1883 2403 evitandum
1929 2359 2146 2416 quoquo

555 2448 718 2504 modo
764 2447 849 2503 vel
881 2445 1110 2517 pedibus
1157 2451 1413 2498 mortem.
1474 2439 1650 2495 Noctu
1698 2439 1882 2508 itaque
1921 2437 2146 2492 silenter

555 2539 758 2608 elapsi,
806 2538 1116 2601 civitatem,
1161 2535 1328 2590 totius
1373 2533 1664 2603 opulentia:
1707 2531 1940 2588 fortunis
1980 2528 2146 2584 infer-

561 2643 694 2699 tam,
727 2646 958 2686 vacuam
992 2629 1139 2685 omni
1172 2628 1484 2684 habitatore
1529 2626 1864 2694 relinquunt,
1907 2623 2022 2694 pii,
2065 2621 2148 2676 iu-

555 2741 754 2796 quam,
800 2725 1095 2793 Scriptura:
1141 2721 1284 2777 illius
1335 2720 1646 2790 impletores
1678 2735 1691 2772 :
1725 2737 1742 2768 t
1777 2716 1910 2784 Quia
1952 2714 2145 2785 pellem

555 2827 659 2884 pro
703 2811 880 2882 pelle,
928 2819 983 2866 et
1029 2818 1225 2866 cuncta
1269 2824 1391 2881 quae
1442 2809 1605 2864 habet
1655 2807 1816 2861 homo
1858 2802 2009 2858 dabit
2049 2817 2148 2874 pro

561 2905 751 2959 anima
781 2919 876 2960 sua
911 2902 1033 2974 (Job
1059 2919 1120 2970 ιι,
1142 2903 1220 2974 4).
1255 2921 1274 2955 ι
1310 2901 1435 2958 Haec
1459 2901 1652 2956 civitas
1692 2915 1852 2969 quam
1883 2897 2146 2967 optimum

557 3009 660 3050 suo
713 2995 764 3049 in
791 2993 1072 3060 suburbio,
1112 2999 1299 3064 utpote
1337 3007 1492 3048 secus
1518 3004 1668 3045 mare
1697 2989 2017 3052 constituta,
2049 2986 2147 3041 ha-

555 3086 650 3142 bet
677 3095 915 3156 portum.
951 3085 1220 3141 Postridie
1253 3091 1584 3139 conveniunt
1629 3083 1824 3148 nostri,
1875 3080 2000 3136 totis
2031 3093 2149 3150 per-

555 3180 744 3235 vasuri
773 3179 981 3234 viribus
1003 3178 1226 3244 urbem;
1263 3176 1360 3232 sed
1385 3177 1440 3230 in
1463 3175 1581 3245 ipso
1611 3173 2001 3245 congrediendi
2032 3186 2148 3226 mo-

555 3271 745 3328 limine
776 3286 1000 3343 prorsus
1046 3271 1264 3326 inanem
1296 3278 1621 3341 repererunt
1667 3269 1736 3323 ab
1782 3267 2022 3322 homine.
2062 3265 2148 3320 In-

560 3372 842 3420 troeuutes
887 3363 1052 3435 igitur
1094 3377 1252 3429 eam,
1310 3362 1498 3418 tandiu
1545 3360 1744 3417 ibidem
1822 3361 2145 3429 deguerunt,

558 3455 730 3512 donec
791 3455 859 3510 ad
924 3455 1280 3531 obsidendum
1334 3452 1723 3523 municipium,
1787 3451 1931 3521 quod
1983 3465 2147 3520 supra

557 3548 860 3615 intulimus,
895 3533 1125 3614 Archas,
1156 3547 1352 3618 exinde
1390 3553 1793 3616 processerunt.
1836 3543 1932 3598 Est
1967 3550 2148 3598 auten

561 3639 669 3694 alia
713 3638 964 3708 quaedam
1004 3637 1125 3693 urbi
1157 3636 1246 3691 isti
1283 3635 1538 3707 contigua
1568 3634 1785 3700 civitas,
1814 3648 1934 3702 quae
1973 3631 2149 3686 Mara-

560 3732 678 3787 elea
699 3739 944 3786 vocatur.
976 3729 1180 3796 Atille,
1208 3729 1300 3799 qui
1328 3728 1378 3782 ei
1405 3737 1660 3798 praeerat,
1691 3741 1851 3796 quem
1874 3733 1930 3781 et
1957 3724 2148 3779 Admi-

557 3823 806 3882 ravisum
847 3822 1156 3893 appellant,
1202 3835 1304 3876 nec
1340 3835 1513 3888 mora,
1556 3835 1681 3876 cum
1727 3817 2149 3892 nostrisfoedus

558 3915 704 3973 inire
739 3923 916 3985 parat.

561 4005 676 4061 Ilus
707 4005 892 4070 simul,
921 4020 984 4061 ac
1018 4005 1213 4061 horum
1233 4019 1371 4060 mox
1403 4003 1560 4075 signa
1583 3999 1788 4070 recepit
1813 3998 1868 4053 in
1898 3999 2107 4055 urbem.

1152 4097 1382 4155 CAPUT
1423 4095 1556 4152 VIII.

635 4191 703 4264 [Χ
715 4189 829 4264 XI].
861 4189 1153 4246 Castellum
1176 4190 1381 4244 Are/tas
1409 4188 1781 4244 obsidetur.—
1805 4187 2017 4243 Interea
2042 4185 2148 4240 dux

559 4283 918 4350 Godefridus,
964 4271 1355 4348 Boemundus,
1409 4295 1700 4350 comesque
1760 4277 2145 4344 Flandrensis,

557 4376 880 4434 Laodiciam
911 4379 1120 4448 pariter
1149 4376 1401 4448 attigere.
1434 4373 1540 4430 Sed
1568 4372 1934 4436 Boemundus,
1961 4371 2146 4426 amicae

561 4469 665 4525 sibi
700 4468 1006 4525 Antiochia
1045 4467 1328 4524 divisionis
1353 4466 1674 4536 impatiens.
1721 4480 1752 4519 a
1793 4464 2145 4535 praefatorum

561 4559 920 4614 contubernio
971 4559 1319 4629 disparatus,
1371 4559 1636 4614 remeavit
1697 4557 1763 4610 ad
1821 4557 1984 4611 illam.
2042 4555 2148 4626 Ipsi

562 4663 697 4703 vero
742 4651 860 4718 pari
910 4653 1096 4704 animo
1146 4651 1486 4706 contendunt
1531 4651 1808 4705 civitatem
1857 4647 2148 4719 quamdam

562 4741 817 4796 obsidere
846 4741 1138 4809 Gibellum,
1177 4745 1255 4799 sic
1295 4744 1440 4799 enim
1476 4745 1792 4799 vocabatur.
1835 4745 1916 4798 Ad
1960 4743 2148 4798 Sancti

568 4841 750 4890 autc‘m
779 4833 956 4904 Egidii
1001 4834 1252 4890 comitem
1292 4836 1662 4890 Raimundum
1713 4836 2020 4905 hujusmodi
2060 4852 2149 4889 ru—

561 4943 686 4984 mor
713 4926 948 4983 accessit
977 4927 1121 4996 quod
1145 4927 1467 4996 gentilitatis
1494 4929 1737 4982 adaucta:
1769 4931 1959 4998 vulgus
1992 4942 2151 4981 enor-

563 5021 726 5078 miter
759 5021 951 5092 ingens
977 5060 992 5085 ,
1033 5026 1222 5074 contra
1270 5034 1329 5074 se
1361 5018 1545 5087 praelia
1596 5019 1979 5073 destinassent.
2022 5018 2148 5086 Qui,

565 5128 802 5186 prepere
829 5110 1168 5183 compellatis
1195 5109 1402 5166 militiae
1437 5124 1600 5179 quam
1627 5109 1858 5164 habebat
1883 5109 2150 5163 universae

561 5207 903 5277 proceribus,
925 5221 1022 5262 eos
1044 5204 1303 5275 quidnam
1335 5217 1470 5274 Opus
1499 5209 1645 5256 esset
1669 5201 1814 5256 facto
1855 5201 2146 5256 consuluit.

562 5297 661 5354 Cui
700 5307 922 5354 senatus
971 5299 1060 5355 ille
1099 5297 1278 5354 intulit
1316 5297 1392 5352 nil
1431 5311 1491 5351 se
1536 5295 1721 5352 utilius
1765 5295 1890 5349 huic
1935 5294 2149 5365 negotio

561 5392 835 5448 aestimare
861 5409 1024 5463 quam
1053 5400 1333 5448 consortes
1372 5389 1643 5448 Dominici
1677 5387 1904 5450 itineris,
1933 5397 1988 5441 et
2015 5386 2150 5442 alios

562 5482 666 5538 sibi
730 5483 958 5538 comites
1005 5485 1059 5538 in
1119 5482 1447 5553 adjutorium
1489 5485 1811 5538 convocare.
1867 5479 2150 5535 Consuluit

561 5571 799 5642 denique
824 5572 1134 5640 consilium,
1167 5590 1293 5630 mox
1323 5590 1460 5644 opus
1487 5572 1770 5644 explicuit.
1804 5570 2148 5641 Principibus

561 5667 767 5740 itaque,
800 5666 922 5724 duci
945 5665 1193 5748 videlicet
1227 5667 1542 5736 Godefrido,
1577 5665 2004 5735 Flandrensique
2034 5663 2146 5720 Ro-

2248 1805 2477 1870 exstitit,
2503 1805 2598 1861 sed
2631 1820 2695 1860 ac
2723 1807 2766 1861 si
2789 1821 2820 1860 e
2845 1808 3170 1876 pecoribus,
3213 1804 3594 1870 carnificium,
3619 1805 3796 1860 utetiam

2248 1896 2390 1949 unda
2443 1896 2708 1962 ﬂuminis,
2761 1897 2905 1966 quod
2952 1897 3174 1952 civitati
3231 1894 3449 1962 inﬂuit,
3499 1894 3678 1949 mistim
3716 1893 3796 1949 fuso

2247 2000 2442 2040 cruore
2473 1986 2715 2052 ruberet,
2749 1995 2804 2042 et
2829 1986 2921 2040 tali
2947 1985 3378 2042 commaculata
3413 1984 3582 2051 sanie,
3615 1983 3794 2054 qualibet

2247 2090 2437 2131 eorum
2471 2076 2705 2130 cisterna
2753 2078 3023 2132 sorderet.
3079 2078 3168 2132 Ex
3211 2093 3332 2147 quo
3367 2091 3556 2130 eorum
3593 2074 3793 2129 mentibus

2247 2167 2448 2222 oboriri
2499 2183 2625 2222 mox
2679 2169 2906 2239 contigit
2955 2168 3127 2225 ferale
3153 2169 3473 2240 iustitium,
3522 2167 3728 2236 tantique
3749 2165 3793 2218 ti-

2249 2261 2418 2316 moris
2472 2261 2644 2316 aculei
2690 2261 2901 2316 animos
2958 2276 3361 2332 compressere
3413 2260 3724 2330 superstitum
3754 2265 3790 2310 at

2248 2353 2489 2424 ipsorum
2538 2353 2740 2420 nullus,
2793 2353 3095 2425 cuiuspiam
3160 2369 3344 2410 causa
3397 2353 3614 2424 negotii,
3643 2363 3790 2420 presu-

2248 2453 2423 2500 meret
2459 2453 2612 2498 extra
2660 2445 2897 2500 civitatis
2945 2462 3134 2502 muros
3177 2455 3471 2500 attentare
3513 2441 3591 2497 vel
3623 2441 3786 2494 exitum.

2248 2533 2477 2593 Postero
2517 2535 2604 2590 die
2658 2536 3084 2606 progrediuntur
3130 2536 3327 2593 nostri
3381 2535 3524 2590 ultra
3571 2531 3788 2602 quamdam

2247 2628 2463 2694 vallem,
2495 2643 2616 2698 quae
2657 2637 2888 2683 vocatur
2933 2628 3133 2696 Desen,
3175 2631 3237 2684 in
3291 2642 3459 2699 quam
3490 2637 3544 2680 et
3570 2624 3644 2679 die
3675 2621 3785 2676 tertio

2250 2730 2374 2793 post
2421 2735 2633 2792 captam
2674 2719 2934 2776 Befaliam
2965 2721 3086 2794 [al.,
3130 2717 3490 2792 Cephaliam]
3516 2715 3702 2770 venisse
3726 2725 3787 2766 eos

2251 2813 2501 2883 superius
2557 2811 2834 2877 diximus,
2887 2828 3118 2884 eamque
3175 2811 3520 2868 uberrimam
3566 2803 3780 2875 reperisse,

2249 2915 2304 2960 et
2335 2905 2642 2976 quindecim
2697 2905 2890 2960 diebus
2936 2905 2992 2960 in
3027 2905 3120 2959 illa
3161 2904 3467 2966 mansisse,
3523 2908 3576 2954 et
3611 2891 3784 2950 inventis

2251 2997 2361 3052 illic
2400 2998 2592 3062 bobus,
2642 2997 2808 3053 asinis
2857 3004 2911 3051 et
2947 2997 3164 3060 ovibus,
3196 3007 3259 3052 et
3288 2993 3476 3050 multis
3505 2983 3777 3046 animalibus,

2249 3089 2578 3146 camelorum
2607 3091 2768 3144 etiam
2805 3089 2980 3143 tribus
3012 3088 3286 3154 millibus,
3325 3084 3538 3140 rediere
3575 3093 3674 3134 cum
3692 3087 3783 3145 gau-

2251 3183 2361 3248 dio,
2389 3183 2636 3251 copiosas
2679 3181 2861 3236 dehis
2909 3181 3164 3236 omnibus
3212 3178 3434 3251 praedas
3474 3181 3680 3244 agentes.
3713 3162 3778 3216 Ca-

2251 3281 2423 3329 strum
2469 3275 2654 3343 itaque
2690 3273 2830 3328 idem
2859 3272 3030 3327 tribus
3059 3270 3377 3336 mensibus,
3413 3267 3498 3322 die
3524 3263 3675 3318 minus
3690 3267 3778 3317 una,

2250 3363 2522 3421 continuis
2545 3365 2827 3420 obsedere.
2859 3363 3046 3433 Ibique
3077 3378 3244 3434 egere
3267 3361 3481 3416 Pascha
3511 3348 3774 3410 Dominicum

2249 3449 2607 3527 quarto'ldus
2655 3453 2876 3526 Aprilis.
2930 3453 3151 3510 Interim
3189 3468 3327 3524 ergo
3375 3453 3499 3506 dum
3549 3435 3776 3527 obsidionis

2249 3563 2402 3604 mora
2443 3549 2544 3604 hos
2586 3548 2833 3612 detinet,
2869 3545 3060 3601 classis
3095 3546 3350 3614 ipsorum
3391 3554 3509 3613 quat
3542 3525 3772 3592 deferendis

2251 3650 2610 3697 consueverat
2655 3640 2888 3694 victibus
2937 3639 3205 3694 inservire
3231 3678 3246 3704 ,
3284 3635 3499 3692 cuidam
3528 3625 3619 3684 sibi
3649 3616 3772 3677 conli-

2251 3747 2355 3803 guo
2384 3733 2564 3803 portui
2591 3732 2872 3800 allabitur,
2901 3739 3258 3802 comportans
3284 3724 3499 3797 negotia
3537 3732 3629 3774 non
3653 3720 3770 3806 pati!

2249 3825 2510 3880 frumenti
2563 3840 2626 3880 ac
2659 3825 2791 3889 vini,
2837 3823 3019 3879 carnis
3059 3831 3115 3877 et
3155 3821 3328 3886 casei,
3392 3809 3571 3872 hordei
3597 3798 3767 3896 aculei.

2250 3932 2318 3973 ex
2356 3932 2464 3988 (Ιυο
2503 3916 2737 3987 plurima
2763 3916 3168 3986 expeditionem
3201 3908 3539 3968 Dominicam
3562 3892 3766 3968 opulentia

2249 4009 2552 4078 reparavit.
2589 4008 2740 4063 Licet
2770 4017 2952 4062 autem
2983 4005 3188 4061 nullam
3218 4004 3416 4060 ibidem
3447 3989 3686 4068 penuriam
3703 3990 3765 4032 θος

2248 4098 2360 4169 pati
2389 4099 2713 4170 contigerit,
2759 4097 2944 4153 tandiu
2994 4106 3175 4152 tamen
3225 4090 3493 4153 inutilem,
3527 4089 3663 4149 sui)er
3686 4080 3766 4170 “ff

2253 4191 2361 4246 tilla
2417 4207 2495 4258 re,
2548 4191 2906 4262 insumpsisse
2952 4191 3218 4256 laborem,
3271 4185 3388 4244 sani
3439 4175 3632 4236 modum
3671 4158 3760 4216 mihi

2249 4284 2464 4339 videtur
2491 4284 2794 4339 excessisse
2823 4282 3057 4338 consilii.

2326 4373 2539 4447 [XXIL]
2569 4374 2772 4428 Lancea
2794 4373 3072 4428 Dominica
3102 4375 3159 4427 in
3189 4371 3406 4425 dubium
3447 4359 3692 4447 revocat-ur.

2253 4464 2382 4520 Post
2395 4474 2622 4519 mortem
2647 4463 2803 4533 plane
2823 4463 2926 4518 viri
2941 4460 3276 4517 admirabilis
3289 4438 3758 4533 PodiensisepiSfol’lj

2253 4553 2347 4624 qui
2381 4569 2564 4608 amore
2595 4553 2853 4623 pastorali
2883 4567 2948 4607 ac
2977 4552 3173 4623 rigore,
3209 4547 3443 4606 omnium
3473 4528 3752 4626 sibi-invitet"

2255 4644 2486 4708 animOS,
2517 4644 2822 4698 concordiae
2857 4658 2920 4698 ac
2956 4621 3335 4698 unanimitatis
3367 4637 3525 4693 visco,
3561 4621 3753 4676 devinxe-

2253 4743 2360 4802 rat,
2386 4749 2600 4806 coepere
2628 4735 2773 4789 inter
2801 4735 3075 4806 principes
3105 4733 3406 4788 simultates
3443 4710 3677 4788 aliquoties
3706 4709 3748 4806 ξε

2253 4829 2555 4884 insolentim
2581 4828 2808 4894 oboriri,
2837 4830 2978 4899 apud
3004 4827 3307 4882 mediocres
3338 4823 3574 4894 przeterea

2253 4934 2444 4991 gares,
2477 4919 2729 4985 licentiae,
2778 4933 2915 4990 quas
2957 4933 3064 4972 non
3100 4917 3322 4971 omnino
3362 4906 3554 4965 deceret

2253 5021 2312 5067 ut
2348 5012 2552 5066 veteris
2579 4973 2822 5065 historia:
2867 5009 3032 5082 426
3061 5009 3264 5064 dictum
3300 5025 3312 5061 :
3359 5023 3376 5055 ί
3415 4995 3535 5064 Q“ia
3557 4973 3742 5082 Ῠίδῴξῗ

2256 5058 2312 5067 --
2363 5058 2550 5066 ww..-
2579 5058 2821 5065 --ς-η---π
2867 5058 3032 5082 ...ην
3301 5058 3310 5061 -
3423 5058 3454 5064 η
3713 5058 3721 5068 .

2252 5119 2352 5159 rex
2390 5118 2497 5157 non
2541 5112 2686 5157 esset
2733 5103 2783 5156 in
2812 5101 2997 5166 Israel,
3043 5101 3135 5154 sed
3167 5099 3311 5168 quod
3343 5092 3519 5159 cuique
3553 5078 3597 5132 in
3621 5058 3739 5168 oculis

2252 5197 2364 5252 suis
2393 5197 2593 5251 bonum
2635 5196 2914 5250 videretur
2947 5195 3142 5264 agebat
3185 5191 3335 5261 (Jud.
3363 5197 3483 5244 xvtt.
3510 5171 3599 5238 ‘6);
3625 5181 3638 5212 ⁸

2251 5289 2468 5361 quando
2499 5298 2782 5360 putaretur
2805 5243 3037 5356 impleri.
3085 5285 3195 5338 Etsi
3224 5284 3364 5339 enim
3404 5243 3734 5364 ponli'if'efﬂ'f

2253 5383 2366 5448 alii,
2393 5383 2630 5453 glorioso
2665 5382 2758 5436 illo
2791 5381 3029 5446 homine,
3067 5377 3157 5448 qui
3190 5389 3372 5432 eorum
3399 5344 3730 5453 speculis”):

2252 5485 2306 5532 et
2325 5476 2431 5530 dux
2465 5475 2642 5531 fuerat
2680 5475 2988 5544 deputatus,
3017 5473 3276 5534 obeunte,
3305 5437 3729 5546 remauset-initia):l

2255 5569 2389 5624 tanti
2421 5566 2730 5638 pendebant
2776 5575 2952 5620 tamen
2985 5563 3127 5627 illos,
3160 5555 3445 5632 praesertim
3468 5553 3566 5638 cui“

2252 5662 2462 5718 nissent
2487 5677 2545 5717 se
2570 5675 2678 5715 non
2715 5674 2779 5715 eo
2810 5657 2918 5724 his,
2943 5670 3050 5727 quo
3073 5655 3148 5712 illi
3181 5653 3272 5708 uni
3299 5649 3492 5707 fuerant
3511 5632 3607 5702 jure
3626 5621 3725 5670 c011"

3625 5738 3908 6296 Δ
