4012 6346
198 397 319 456 785

1240 397 1465 455 GESTA
1492 398 1602 454 DEI
1638 398 1771 455 PER
1799 397 2138 458 FRANCOS.
2161 431 2231 441 -—
2251 398 2379 455 LIB.
2409 393 2496 456 Vl.

3368 391 3481 459 786

203 517 434 571 missos.
483 513 619 568 Dum
656 527 785 585 ergo
832 514 1036 570 nemini
1094 515 1440 588 singulariter
1482 523 1693 585 parent,
1748 523 1805 571 et
1830 516 2124 585 Afuerat,
2173 515 2330 583 loco,
2383 516 2453 571 sit
2510 514 2747 585 ejusdem
2803 509 3073 583 pontiﬁcis
3123 528 3319 585 corpus
3365 516 3482 586 ipso

209 603 652 662 univer'sa'inter
683 622 776 662 eos
798 609 1139 663 :estimautur
1177 608 1430 679 mqualia,
1464 608 1663 662 ﬁebant
1705 622 1803 663 sae-

210 702 365 769 pius,
396 700 523 754 dum
554 699 698 768 vulgi
745 700 911 755 libido
953 701 1235 770 praevalet,
1267 702 1407 771 apud
1448 702 1594 770 ipsos
1628 700 1805 756 minus

215 787 600 860 aptajudicia.
632 789 788 846 Unde
830 792 1027 848 accidit
1066 802 1124 848 ut
1152 802 1273 863 post
1313 793 1609 848 Dominicae
1647 808 1805 848 reve-

217 884 483 940 lationem
531 884 763 951 lanceae,
807 900 967 954 quam
1019 885 1303 942 defunctus
1356 885 1584 941 antistes
1636 885 1810 940 omnia

213 978 383 1032 moda
414 977 701 1033 devotione
741 986 1079 1047 susceperat,
1123 977 1266 1033 foede
1304 978 1530 1033 nimium
1560 978 1811 1033 incredu-

215 1068 395 1124 litatis
443 1085 691 1125 murmur
728 1079 1063 1138 emergeret,
1124 1070 1427 1125 dicentibus
1462 1070 1807 1139 quibusdam,

215 1166 354 1231 quia
379 1177 484 1216 non
514 1163 803 1227 veraciter,
826 1163 919 1215 sed
946 1161 1281 1230 praestigioso
1306 1170 1604 1231 repererat,
1626 1171 1678 1217 et
1703 1178 1811 1217 non

215 1253 565 1309 Dominicam
598 1254 691 1309 sed
721 1253 965 1309 lanceam
1008 1253 1438 1322 qualemcunque
1480 1253 1806 1323 praebuerat.

212 1342 423 1414 lncipit
460 1345 641 1414 itaque
666 1345 905 1400 enormis
932 1344 1229 1415 plebecula:
1274 1345 1473 1414 passim
1525 1345 1813 1400 mussitare

216 1436 554 1506 frequentia,
588 1445 643 1492 et
666 1452 781 1502 eos,
817 1438 907 1506 qui
942 1437 1306 1500 crediderant,
1339 1448 1392 1492 et
1426 1437 1677 1507 venerari
1717 1439 1813 1493 de-

212 1528 511 1600 legerant,
568 1529 858 1583 vci-horum
922 1545 1143 1585 suorum
1212 1529 1399 1585 sedulo
1461 1537 1815 1600 corrumpunt

213 1617 461 1673 fallacia.
507 1619 605 1674 Rei
664 1629 893 1689 repertae
938 1622 1287 1690 probationes
1325 1622 1587 1693 exigunt,
1635 1637 1817 1692 reper-

220 1716 408 1762 torcm
444 1708 664 1779 judieiis
705 1709 903 1764 divinis
946 1711 1220 1765 addicunt.
1256 1710 1608 1781 Compellitur
1633 1720 1693 1766 ut
1723 1712 1819 1766 du-

218 1798 341 1853 biis
367 1800 447 1852 vir
468 1799 558 1853 ille
582 1800 742 1855 ﬁdem
768 1802 990 1867 reddat;
1019 1818 1139 1873 quae
1169 1812 1564 1872 extorquentur
1587 1804 1655 1858 ab
1680 1804 1816 1874 ipso,

1906 609 2257 680 praecipiente
2286 607 2579 677 sepultum.
2614 608 2688 663 De
2716 608 2801 663 bis
2829 607 2900 661 ita
2934 623 3021 663 res
3053 622 3173 662 sese
3202 607 3411 664 habuit.

1979 699 2217 773 [XXIIL]
2257 699 2500 754 Ansellus
2530 700 2594 754 de
2623 699 3003 755 Ribodimonte.
3033 732 3102 746 —-
3129 699 3319 769 Porro,
3360 717 3482 758 cum

1909 794 2049 864 apud
2084 791 2297 848 Arclias
2341 791 2547 847 diutina
2617 800 2832 849 nostros
2880 793 3153 849 incassum
3220 794 3488 851 detineret

1909 883 2149 951 obsidio,
2185 892 2240 937 et
2277 892 2456 939 castro
2490 884 2545 938 in
2586 884 2864 954 cujusdam
2917 888 3067 958 rupis
3104 888 3488 959 praeminente

1911 991 2183 1047 supremo,
2222 976 2408 1046 procul
2448 976 2502 1030 in
2552 976 2660 1031 imo
2693 975 2865 1055 vallis
2892 978 3188 1037 obsidentis
3218 982 3490 1038 exercitus

1914 1069 2144 1125 tentoria
2169 1068 2539 1133 considerent,
2565 1066 2847 1136 Ansellus,
2876 1068 2969 1139 qui
3007 1070 3073 1125 de
3112 1071 3492 1127 Ribodimonte

1914 1162 2403 1234 cognominabatur
2431 1160 2570 1231 (ejus
2602 1160 2749 1215 enim
2773 1161 2974 1232 jcastri,
3007 1170 3062 1217 et
3102 1162 3331 1218 aliarum
3376 1179 3492 1218 ma-

1916 1270 2142 1327 gnarum
2168 1269 2330 1325 opum
2355 1251 2606 1308 dominus
2633 1252 2966 1323 exstiterat),
2995 1252 3080 1308 vir
3104 1251 3495 1318 liberalis,om-

1915 1348 2045 1403 nino
2070 1347 2397 1415 muniﬁcus,
2434 1354 2489 1403 et
2534 1350 2587 1402 in
2626 1346 2862 1417 regenda
2916 1344 3114 1400 militia
3162 1344 3298 1400 mire
3343 1342 3498 1398 indu-

1918 1441 2106 1508 strius,
2140 1439 2517 1496 difﬁcultatem
2568 1436 2813 1510 capiendi
2854 1437 3037 1508 oppidi
3078 1435 3338 1499 intuitus,
3383 1446 3502 1488 mo-

1918 1547 2145 1600 ramque
2170 1522 2429 1588 sessionis
2457 1532 2727 1586 diuturna:
2757 1545 2863 1585 non
2890 1543 3106 1599 passus,
3132 1527 3198 1582 ad
3221 1523 3503 1597 iaciendos

1918 1626 2128 1696 lapides
2153 1622 2557 1695 phalaricarum
2601 1629 2816 1677 nostros
2845 1632 3109 1689 apparare
3144 1618 3503 1675 instrumenta

1921 1715 2274 1772 commonuit.
2330 1715 2623 1783 Cteperant
2667 1714 2829 1776 sane',
2881 1708 3198 1780 longissimo
3227 1703 3506 1761 cuniculo-

1922 1822 2041 1862 rum
2082 1806 2272 1871 ductu,
2305 1804 2443 1859 turri
2490 1803 2543 1858 in
2575 1803 2790 1859 excelso
2818 1801 3007 1872 positae
3044 1795 3380 1856 suﬁ‘ossionis
3422 1794 3507 1849 in-

220 1891 444 1960 cogitur
472 1932 486 1956 ,
524 1892 698 1966 solius
743 1908 931 1948 eorum
963 1910 1124 1950 causa
1162 1896 1415 1962 curandae
1460 1895 1818 1963 inﬁdelitatis,
1852 1880 1896 1936 B
1924 1901 2068 1957 f‘erre
2108 1896 2415 1963 molimina,
2470 1905 2526 1951 et
2569 1904 2759 1966 aperta
2804 1900 3169 1950 sustentantes
3221 1887 3407 1960 tigillis
3451 1894 3510 1942 et

222 1989 292 2035 ut
326 1963 534 2036 subeat:
566 1984 683 2053 Ipso
711 1984 876 2055 igitur
915 1987 1234 2056 imperante,
1262 1988 1376 2057 rogi
1400 1987 1507 2043 duo
1537 1988 1627 2042 vix
1651 1988 1819 2043 cubiti

222 2068 540 2127 brevissimi
574 2074 749 2142 spatio
792 2091 820 2129 a
845 2090 904 2131 se
930 2075 1194 2132 distantes
1231 2077 1598 2143 instruuntur,
1640 2076 1821 2132 multa

225 2176 262 2215 a
308 2162 546 2231 populis,
586 2181 765 2219 rerum
810 2182 1074 2221 novarum
1102 2168 1336 2238 cupidis,
1367 2168 1613 2223 materiei
1645 2176 1823 2223 strues

226 2252 525 2325 ingeritur,
568 2272 632 2312 ac
664 2266 1017 2328 utrarumque
1038 2261 1273 2330 partium
1301 2260 1519 2317 flamine
1544 2260 1823 2317 conﬂuen-

229 2344 386 2400 tibus
414 2346 606 2415 globis,
643 2348 786 2404 inter
828 2351 1075 2405 ardentia
1110 2352 1256 2424 ligna
1299 2353 1492 2409 semita
1536 2353 1825 2407 admodum

235 2447 473 2507 angusta
517 2439 857 2511 relinquitur.
897 2443 1064 2496 Deum
1095 2459 1246 2515 ergo,
1285 2445 1377 2515 qui
1406 2445 1609 2500 veritas
1640 2452 1741 2509 est,
1772 2452 1828 2499 et

228 2537 440 2600 praeter
479 2530 632 2600 cujus
683 2542 874 2588 nutum
920 2550 1083 2603 super
1141 2536 1243 2590 hac
1304 2553 1362 2591 re
1411 2536 1486 2591 nil
1540 2552 1599 2591 se
1651 2537 1827 2607 egisse

233 2622 558 2693 cognoscit,
603 2623 1038 2690 misericordem,
1082 2625 1411 2692 miserabili,
1448 2634 1507 2679 ut
1549 2641 1648 2696 par
1685 2634 1824 2693 erat,

234 2718 492 2773 oratione
537 2718 864 2789 compellat,
906 2728 963 2774 et
1007 2734 1103 2789 per
1144 2734 1370 2789 opacum
1411 2735 1558 2791 pyrae
1599 2720 1828 2775 furentis

240 2809 520 2865 tramitem
559 2818 670 2865 tota
711 2811 1000 2867 vivacitate
1047 2812 1411 2881 praetervolat,
1450 2822 1504 2869 et
1544 2829 1641 2883 per
1687 2814 1830 2869 hunc

241 2901 428 2972 ipsum
461 2901 650 2957 callem
684 2918 809 2957 mox
840 2905 999 2959 rediit
1028 2920 1134 2975 quo
1156 2914 1401 2960 venerat.

334 2991 534 3050 Veritas
565 2996 953 3064 comprobatur.
985 3027 1055 3043 -ψ
1083 2997 1287 3051 Aderat
1330 2998 1639 3068 spectaculo
1680 3000 1829 3066 huic,

243 3098 371 3152 qua:
404 3084 458 3138 in
486 3086 768 3154 procinctu
798 3089 1112 3143 morabatur
1140 3096 1268 3143 tunc
1312 3090 1589 3160 temporis,
1626 3090 1832 3145 militia:

244 3176 603 3232 occidentalis
630 3180 805 3248 copia,
840 3188 893 3235 et
927 3195 1025 3249 pro
1067 3181 1311 3235 inusitati
1339 3182 1519 3250 operis
1542 3198 1700 3248 ausu,
1733 3182 1833 3237 dti-

244 3267 392 3334 bios,
420 3268 646 3323 diversis
684 3270 885 3339 quique
922 3269 1283 3325 iutentionum
1327 3272 1580 3339 statibus,
1604 3282 1833 3341 praesto-

246 3357 509 3413 labantur
537 3370 779 3415 eventus.
830 3360 1000 3418 Facto
1046 3363 1299 3433 denique,
1362 3372 1420 3418 ut
1467 3364 1600 3429 dixi,
1636 3366 1834 3431 reditu,

244 3451 608 3523 prodeuntem
662 3453 729 3507 ab
785 3454 999 3525 ignibus
1038 3455 1356 3525 populorum
1398 3458 1670 3511 ruentiqu
1717 3456 1838 3510 inﬁ-

249 3544 385 3599 uitae
424 3544 717 3616 phalanges
754 3545 1049 3617 excipiunt,
1083 3556 1138 3602 et
1177 3547 1301 3602 dum
1338 3546 1661 3601 incolumem
1693 3547 1840 3602 focos

252 3634 565 3690 excessisse
593 3637 936 3706 conspiciunt
957 3638 1111 3707 quasi
1140 3638 1205 3691 de
1235 3636 1349 3705 ejus
1377 3638 1577 3707 aliqua,
1616 3653 1716 3708 pro
1758 3653 1843 3693 re-

249 3721 444 3794 liquiis
472 3728 754 3794 retenturi,
786 3736 878 3783 aut
905 3744 1133 3798 corpore
1152 3736 1244 3782 aut
1268 3729 1529 3796 vestibus,
1559 3731 1685 3784 dum
1716 3730 1844 3786 hinc

249 3826 313 3872 et
359 3818 486 3873 inde
531 3820 818 3885 vellicant,
868 3822 973 3878 hac
1017 3823 1247 3893 illacque
1286 3823 1632 3893 distendunt,
1665 3826 1747 3892 ei,
1787 3826 1842 3881 in

252 3920 415 3966 tanto
464 3914 833 3983 diripientium
884 3923 937 3971 ct
980 3916 1365 3987 impellentium
1419 3918 1711 3973 constituto
1756 3927 1844 3973 tu-

249 4007 454 4072 multu,
497 4008 732 4062 animam
772 4015 1135 4064 extorserunt.
1189 4009 1322 4065 Cum
1361 4012 1503 4065 enim
1549 4012 1845 4079 et,timore

249 4105 312 4151 et
349 4097 635 4164 miraculo,
668 4099 794 4154 hinc
837 4100 1219 4170 impendentis,
1268 4102 1371 4157 nisi
1417 4103 1559 4158 Deus
1584 4103 1846 4173 propitia-

251 4196 434 4256 retur,
459 4190 644 4257 exitii,
681 4190 827 4244 illinc
854 4191 1044 4245 subitae
1078 4192 1394 4262 ereptionis,
1428 4193 1601 4247 utsic
1632 4194 1843 4263 loquar,

251 4281 599 4337 semianimis
650 4282 953 4353 prosilisset
1001 4286 1069 4337 ab
1107 4283 1339 4354 ignibus,
1388 4292 1444 4338 et.
1487 4282 1629 4353 vulgi
1679 4284 1849 4338 unde-

250 4388 477 4443 cunque
528 4376 795 4445 pulsantis
837 4376 1177 4431 clauderetur
1234 4376 1579 4443 incursibus,
1618 4374 1728 4444 jam
1778 4391 1847 4430 ex

251 4469 555 4537 praeteritae
585 4469 876 4524 anxietatis
904 4468 1289 4539 defatigatione
1321 4468 1611 4533 tremulus,
1655 4466 1848 4536 praefo-

1922 1993 2167 2065 postibus
2206 2002 2489 2062 tantopere
2524 1987 2815 2058 aperienda
2848 1984 3120 2042 scabendo
3148 1980 3388 2054 quotidie
3427 1980 3511 2034 in-

1925 2083 2190 2139 sistebant
2218 2092 2278 2137 ut
2306 2082 2470 2136 etiam
2502 2081 2761 2136 mulieres
2786 2084 2840 2132 et
2874 2075 3206 2145 optimorum
3247 2083 3509 2141 quorum-

1925 2189 2029 2246 que
2086 2189 2315 2240 uxores,
2380 2171 2532 2226 festis
2588 2171 2777 2227 diebus
2827 2166 3057 2223 sinuatis
3105 2160 3347 2218 vestibus
3396 2158 3513 2223 sive

1924 2268 2177 2340 palliolis,
2211 2267 2425 2322 defossa
2456 2273 2748 2336 egestaque
2777 2260 3162 2317 conveherent.
3210 2254 3305 2309 His
3329 2250 3421 2319 qui
3455 2250 3513 2305 in

1927 2361 2176 2431 prmsidio
2228 2357 2382 2414 fuere
2431 2355 2755 2427 compertis,
2795 2360 3109 2408 nostrorum
3158 2346 3302 2403 illico
3346 2356 3517 2400 cona-

1932 2454 2074 2508 tibus
2134 2451 2418 2514 obstitere,
2468 2463 2577 2502 non
2636 2446 2753 2501 sine
2796 2458 2985 2499 eorum
3034 2437 3377 2501 discrimine,
3421 2433 3517 2504 qui

1930 2545 2210 2602 scrobibus
2252 2542 2548 2598 efﬁciendis
2603 2553 2723 2595 sese
2772 2537 3087 2592 nitebantur
3136 2531 3404 2602 ingerere.
3451 2524 3519 2579 Et

1930 2654 2051 2694 cum
2091 2638 2156 2692 de
2200 2646 2350 2691 turre
2406 2631 2717 2689 subruenda
2753 2628 3010 2683 universa
3051 2637 3215 2694 opera
3260 2618 3520 2676 cessisset

1930 2728 2132 2783 frustra
2161 2768 2175 2793 ,
2224 2736 2338 2782 tum
2377 2722 2630 2780 Ansellus
2676 2720 2743 2775 de
2794 2716 3114 2774 balistarum
3169 2706 3522 2781 apparatibus

1933 2823 2132 2876 nostris
2172 2816 2646 2875 commonitorium
2702 2821 2996 2882 suggerere
3044 2801 3275 2862 curavit.
3315 2797 3521 2866 Quibus

1932 2911 2219 2975 institutis,
2243 2917 2299 2964 et
2321 2908 2511 2963 crebra
2531 2904 2772 2975 lapidum
2805 2908 3009 2954 turrem
3032 2894 3291 2950 missione
3310 2903 3526 2959 pve-xan-
3624 2956 3630 2967 .

1936 3004 2099 3071 libus,
2134 3016 2262 3057 ecce
2309 3008 2363 3055 et
2401 2995 2612 3053 obsessi
2652 2992 2848 3048 similia
2881 3006 2912 3045 e
2946 2988 3165 3059 regione
3194 2984 3520 3038 instaurant.

2004 3093 2072 3147 In
2111 3092 2403 3146 obsessione
2455 3088 2656 3141 Are/ias
2701 3097 2976 3154 percussus
3018 3075 3259 3134 Ansellus
3296 3072 3419 3127 obiit
3467 3071 3526 3123 in

1937 3186 2183 3240 Domino.
2235 3182 2366 3248 Qua:
2410 3190 2554 3251 gesta
2597 3178 2810 3247 fuerant
2860 3171 3065 3241 scriptis
3102 3168 3173 3224 ad
3220 3164 3524 3221 Manassem

1938 3278 2383 3347 archiepiscopum
2422 3273 2582 3327 misit.
2609 3300 2679 3310 -
2703 3265 2953 3323 Machina
2994 3264 3178 3332 itaque
3235 3263 3414 3313 erecta
3466 3258 3524 3308 et

1940 3371 2176 3442 ingentia
2212 3370 2266 3422 in
2314 3374 2529 3422 nostros
2571 3379 2701 3420 saxa
2738 3366 3055 3430 torquente,
3111 3353 3178 3407 ad
3226 3348 3526 3442 maximum

1942 3439 2106 3518 totius
2135 3461 2468 3515 Francorum
2498 3455 2776 3512 exercitus
2799 3452 3058 3507 damnum
3081 3442 3331 3501 Ansellus
3353 3439 3528 3495 isdem

1942 3566 2037 3611 aut
2078 3556 2284 3624 primus
2320 3560 2411 3607 aut
2455 3552 2594 3605 inter
2649 3547 2857 3619 primos
2905 3544 3021 3613 ipse
3063 3535 3394 3612 percutitur.
3424 3528 3528 3595 Qui

1944 3663 2066 3703 cum
2112 3647 2167 3700 in
2215 3643 2495 3699 Dominica
2540 3639 2734 3694 militia
2774 3633 3091 3690 ﬁdelissime
3128 3636 3184 3684 et
3214 3627 3533 3682 irretracta-

1944 3738 2127 3793 biliter
2157 3752 2216 3791 se
2243 3741 2449 3806 ageret,
2482 3732 2624 3786 inter
2653 3736 2852 3785 caetera
2879 3739 2990 3781 suae
3032 3716 3346 3793 sagacitatis
3381 3710 3530 3806 fidei-

1946 3842 2051 3899 que
2080 3803 2314 3897 potentis
2343 3822 2574 3893 insignia
2599 3861 2611 3885 ,
2654 3818 2787 3874 illud
2817 3812 3141 3886 praeclarum
3186 3818 3244 3863 et
3273 3803 3531 3862 omnibus

1947 3917 2376 3972 amantissimum
2406 3912 2660 3968 litteratis
2684 3906 2968 3981 exhibuit,
3000 3902 3148 3976 quod
3187 3905 3382 3956 cuncta
3411 3907 3533 3964 quae

1947 4016 2001 4069 in
2019 4013 2302 4069 obsidione
2326 4009 2536 4073 Nicaeae,
2584 4015 2639 4062 et
2673 4020 2794 4075 quae
2824 3997 3148 4057 Romaniam
3186 3989 3535 4050 Armeniami

1948 4119 2051 4173 que
2091 4100 2432 4173 peragrando
2457 4142 2471 4167 ,
2512 4113 2632 4168 qua:
2666 4094 2901 4165 denique
2955 4084 3305 4173 Antiochiam
3344 4092 3538 4152 aggre-

1949 4172 2170 4260 dienda,
2208 4172 2494 4264 capiendo,
2521 4196 2737 4258 captam
2766 4179 3097 4240 defensando
3144 4172 3314 4231 nostri
3351 4182 3534 4241 egere,

1949 4286 2180 4357 qualiter
2222 4301 2320 4355 per
2373 4284 2515 4338 idem
2562 4290 2775 4349 tempus
2819 4281 3009 4330 contra
3049 4268 3289 4338 Galapiae
3326 4274 3536 4331 regem,

1950 4385 2141 4432 contra
2195 4375 2624 4436 Damascenum,
2682 4360 3238 4433 llierosolymitanum
3300 4364 3535 4423 quoque,

1949 4481 2108 4538 quem
2156 4464 2319 4536 427
2369 4472 2425 4517 et
2475 4460 2775 4516 adulterum
2828 4453 3052 4520 vocitat,
3104 4444 3414 4508 conﬂixere,
3469 4438 3539 4538 ad

252 4560 379 4613 cari
429 4560 675 4615 valuerat
726 4561 869 4615 haud
929 4558 1213 4614 difficulter
1268 4559 1510 4629 spiritus.
1569 4558 1847 4615 Exstincto
1872 4581 1925 4640 ι)
1952 4559 2279 4620 Manassem,
2306 4554 2604 4609 Remorum
2630 4546 3114 4640 θνοῒιίβρξδεορυξιξν
3140 4540 3244 4640 Pii”
3262 4530 3540 4640 me“???

253 4649 450 4718 itaque
486 4652 726 4717 homine,
758 4652 925 4707 multo
964 4651 1219 4708 deteriori
1257 4652 1504 4721 ambage,
1546 4651 1712 4721 coapit
1752 4649 1846 4704 de-

254 4756 375 4796 nuo
404 4741 671 4799 lubricum
703 4752 756 4799 et
794 4745 1113 4799 inconstans
1138 4744 1336 4815 agitari
1369 4742 1598 4813 vulgus;
1630 4742 1714 4796 his
1746 4742 1847 4808 ita,

258 4838 379 4893 illis
414 4839 607 4905 aliter,
662 4839 801 4910 ignis
836 4839 1119 4910 judicium,
1152 4839 1295 4908 quod
1335 4837 1420 4891 vir
1461 4835 1551 4890 ille
1584 4833 1846 4903 subierat,

257 4933 512 4987 evenisse
530 4933 899 5002 jactantibus:
932 4933 1016 4987 his
1061 4941 1337 4998 exustum,
1378 4930 1483 4985 illis
1523 4928 1852 4985 incolumem

264 5024 336 5079 de
368 5023 585 5078 ﬁamma
628 5026 873 5095 prodisse
914 5024 1236 5090 ferentibus;
1287 5023 1373 5078 bis
1412 5023 1672 5078 adversus
1717 5020 1851 5075 alios

256 5113 608 5185 iurgantibus
632 5158 646 5183 ,
684 5126 768 5181 et,
807 5117 929 5187 quia
969 5116 1244 5171 hominem
1294 5130 1393 5185 pro
1442 5114 1611 5169 nihilo
1655 5114 1857 5169 intere-

264 5208 525 5273 missent,
556 5209 1067 5279 impropcrantibus.
1100 5206 1207 5262 Sed
1247 5220 1571 5275 quocunque
1603 5207 1762 5260 modo
1798 5221 1858 5261 se

266 5302 545 5356 sententia
586 5302 825 5373 vulgaris
866 5302 1085 5372 egisset,
1136 5299 1286 5354 illum
1332 5298 1625 5367 gloriosum
1655 5312 1860 5368 praesu-

267 5393 408 5458 lem,
450 5395 597 5448 omni
643 5402 1048 5450 sacrosanctam
1091 5392 1336 5446 lanceam
1384 5391 1586 5446 scimus
1629 5403 1860 5444 venera-

267 5487 425 5544 tione
453 5487 819 5560 complexum,
851 5487 986 5546 adeo
1031 5494 1090 5542 ut
1124 5486 1178 5542 in
1216 5500 1282 5542 eo
1322 5484 1458 5555 ipso,
1508 5495 1615 5553 quo
1646 5488 1862 5551 reperta

1954 4648 2156 4711 virum,
2186 4618 2278 4715 qui
2306 4651 2429 4698 ante
2454 4643 2558 4697 hoc
2588 4638 2821 4695 decessit
2846 4636 3016 4692 ferme
3042 4628 3342 4692 biennium,
3372 4618 3541 4715 semel

1956 4757 2019 4796 ac
2042 4713 2280 4795 secundo
2312 4735 2533 4793 directis
2562 4733 2821 4804 apicibus,
2852 4726 3151 4784 clarissime
3187 4716 3462 4794 patefecit.
3492 4713 3542 4768 ls

1957 4834 2120 4889 etiam
2144 4831 2198 4885 in
2222 4829 2613 4894 testimonium,
2645 4824 2878 4880 nobilem
2907 4836 3033 4891 erga
3054 4825 3349 4887 martyrem
3378 4820 3541 4907 quem

1958 4929 2215 4995 habebat,
2248 4927 2320 4996 pii
2362 4921 2587 4986 amoris,
2617 4919 2758 4974 diem
2804 4914 2947 4972 beati
2985 4907 3229 4979 Quintiui
3274 4901 3541 4996 passionis

1961 5036 2224 5086 annuum,
2251 4995 2480 5073 coactis
2517 5012 2874 5078 undecunque
2911 5003 3142 5065 clericis,
3166 5010 3290 5081 quo
3326 4995 3541 5086 poterat

1961 5114 2188 5179 honore,
2211 5082 2417 5166 ibidem
2447 5090 2721 5161 celebrari
2758 5100 3012 5164 faciebat,
3040 5109 3103 5149 ac
3145 5082 3541 5185 celebrantibus

1963 5207 2125 5263 xenia
2175 5173 2342 5274 digna
2398 5198 2694 5271 praebebat.
2754 5189 2991 5260 Contigit
3052 5183 3252 5240 ibidem
3299 5184 3353 5279 et
3404 5173 3541 5279 alios

1964 5298 2392 5371 quamplurimos
2430 5290 2560 5346 felix
2588 5287 2881 5356 sumpsisse
2901 5278 3241 5371 martyrium,
3266 5278 3323 5327 et
3349 5274 3540 5325 mortis

1964 5368 2136 5449 sacrae
2162 5388 2483 5461 compendio
2519 5397 2685 5456 regna
2715 5375 3009 5437 emeruisse
3042 5368 3324 5430 caelorum.
3540 5413 3549 5422 .

3291 5496 3490 5539 '51:;1""
3541 5477 3555 5524 ί
