4012 6346
636 424 741 485 787
762 411 764 413 ’

1419 427 1483 482 v.
1517 421 1845 482 GUlBERTl
1874 420 2167 478 ABBATIS
2195 421 2255 478 s.
2288 418 2529 477 manus
2569 420 2662 477 DE
2687 419 3082 480 NOVIGENTO
3718 431 3781 489 7g,

639 565 3781 594 W

1633 723 2052 837 LIBER
2139 721 2886 839 SEPTIMUS.

1091 1087 1095 1094 ’
1157 1085 1386 1143 CAPUT
1413 1084 1702 1142 PRIMUM.

699 1178 788 1254 [l.]
824 1179 1036 1247 Quanta
1063 1177 1484 1234 Christianorum
1513 1196 1569 1232 ιη
1595 1177 2037 1250 Jerosolymitana
2064 1196 2219 1251 expe-

626 1274 826 1329 ditione
873 1274 1004 1341 ﬁdes
1051 1283 1098 1326 et
1124 1273 1308 1341 pietas.
1343 1271 1628 1328 Obsidione
1653 1274 1852 1327 Are/tas
1901 1274 2107 1328 deserta
2131 1291 2220 1343 pe-

627 1375 740 1418 tunt
789 1365 1192 1435 Jerosolymam.
1270 1363 1573 1418 Pactionem
1628 1383 1748 1419 cum
1799 1381 1914 1434 rege
1985 1364 2212 1435 Tripoli-

626 1465 751 1511 tano
807 1457 1108 1526 conﬁciunt.
1159 1490 1221 1497 —
1253 1457 1404 1512 Fidei
1464 1467 1663 1514 nostra:
1730 1458 2063 1514 incentivum
2107 1473 2214 1514 non

628 1549 908 1604 minimum
973 1551 1177 1619 praebet
1221 1551 1366 1620 quod
1415 1549 1848 1605 Occidentalium
1878 1550 2059 1604 labore
2083 1549 2215 1605 ﬁde-

621 1638 753 1692 lium
784 1638 1080 1694 Orientalis
1112 1648 1460 1694 restauratur
1501 1639 1764 1694 Ecclesia.
1797 1637 2055 1694 Videmus
2075 1654 2214 1710 pra:-

621 1727 717 1792 lia,
759 1730 851 1784 Dei
915 1730 1083 1786 solius
1135 1733 1436 1787 intentione
1488 1732 1756 1802 piissima,
1811 1748 2040 1801 quorum
2101 1740 2212 1786 tota

621 1818 871 1876 efferbuit
919 1823 1165 1894 martyrii
1223 1838 1410 1878 amore
1463 1823 1680 1888 militia,
1730 1824 1848 1879 sine
1904 1839 2052 1895 rege,
2095 1825 2212 1880 sine

619 1912 887 1982 principe,
929 1914 1042 1968 sola
1073 1915 1154 1969 eis
1185 1915 1395 1970 exstitit
1421 1931 1532 1969 sua:
1555 1915 1796 1984 ipsorum
1827 1914 2018 1969 salutis
2051 1915 2212 1970 devo-

621 2003 698 2058 tio
732 2005 951 2072 praevia.
992 2005 1270 2076 Legimus,
1331 2021 1503 2075 usque
1555 2007 1605 2060 in
1670 2005 1911 2062 Orientis
1956 2021 2209 2075 suprema

617 2097 1028 2167 cmmnigrasse,
1061 2101 1132 2154 ob
1170 2099 1434 2155 bellorum
1473 2099 1680 2166 studia,
1717 2100 1923 2167 Gallos,
1946 2110 2001 2156 et
2048 2101 2212 2171 Apol-

614 2187 742 2269 linis
775 2190 1020 2260 Delphici
1075 2202 1287 2248 secreta
1358 2193 1610 2258 rimatos,
1667 2193 1953 2262 sacrisque
1993 2201 2210 2263 ereptos

613 2279 776 2334 aditis
829 2280 1112 2338 thesauros
1157 2283 1410 2339 novimus
1475 2283 1764 2354 paludibus
1802 2285 2084 2341 Tolosanis
2122 2285 2208 2339 in-

611 2368 804 2440 iectos.
837 2370 1112 2428 Conﬂalas
1141 2373 1240 2428 bas
1282 2389 1475 2430 omnes
1511 2376 1720 2443 copias,
1749 2377 2053 2446 principum
2081 2385 2207 2431 tunc

2253 1094 2302 1152 Α
2329 1100 2498 1155 penso
2517 1093 2724 1156 pariter
2749 1093 2908 1140 terrae
2937 1085 3154 1153 habitu,
3181 1083 3504 1154 generaliter
3522 1086 3608 1140 sibi
3629 1102 3788 1145 commo-

2326 1179 2452 1231 dum
2479 1187 2709 1233 censent
2734 1186 2791 1233 ut
2822 1193 3165 1248 quorumque
3206 1193 3466 1233 novorum
3497 1184 3789 1249 suppetentihm

2323 1270 3118 1341 copiis,‘Hierosolymitanum
3184 1271 3294 1325 iter
3342 1270 3632 1340 arriperent.
3688 1272 3792 1328 Castri

2319 1370 2450 1431 ergo
2475 1362 2756 1417 obsidione
2784 1363 3023 1426 deserta,
3068 1361 3170 1417 sub
3223 1377 3317 1427 ea,
3348 1376 3500 1431 quam
3529 1362 3791 1427 diximus,tle-

2317 1451 2646 1508 liberatione
2683 1453 2943 1524 Tripolim
2992 1454 3350 1524 perveniunt,
3406 1469 3520 1508 eum
3566 1463 3687 1508 sexta
3706 1467 3792 1509 esset

2319 1545 2478 1612 feria,
2512 1557 2564 1602 et
2594 1547 2810 1620 tertiam
2834 1547 3103 1603 decimam
3149 1558 3342 1618 ageret
3364 1545 3572 1601 Martius
3594 1547 3714 1610 diem,
3735 1549 3792 1602 Πή-

2315 1654 2422 1708 que
2457 1641 2625 1695 ternis
2676 1655 2837 1710 egere
2893 1640 3103 1695 diebus.
3157 1640 3296 1696 Cum
3346 1639 3634 1708 proceribus
3675 1639 3788 1706 itaque

2315 1733 2518 1786 nostris
2546 1732 2916 1802 Tripolitanus
2947 1732 3038 1786 ille
3071 1731 3216 1787 facta
3248 1746 3383 1801 pace
3409 1729 3708 1794 conveniens,
3731 1739 3791 1783 tre-

2315 1835 2502 1882 centos
2525 1835 2576 1880 et
2607 1825 2693 1880 his
2732 1826 2914 1894 plures
2955 1826 3122 1888 viros,
3152 1839 3296 1892 quos
3348 1837 3415 1878 ex
3471 1820 3646 1876 nostris
3674 1831 3789 1890 captes

2313 1919 2367 1974 in
2417 1918 2590 1972 vincla
2637 1917 2964 1986 conjecerat,
3016 1917 3286 1972 continuo
3339 1915 3512 1976 solvit,
3566 1914 3709 1982 bisque
3749 1915 3791 1967 sic

2314 2009 2658 2071 abeuntibus,
2690 2008 3000 2077 quindecim
3024 2007 3426 2077 Byzanteorum
3456 2003 3619 2062 millia,
3639 2004 3790 2056 obcum-

2314 2100 2718 2154 ntendationem
2743 2100 2958 2170 gratiae,
3009 2099 3320 2170 dilargitus,
3378 2093 3653 2166 quindecim
3692 2092 3788 2146 etiam

2312 2205 2503 2260 equos,
2534 2191 2690 2260 pretii
2715 2191 2929 2258 optimi,
2954 2190 3160 2260 pariter
3201 2188 3468 2242 attribuit.
3503 2184 3693 2240 Praebuit
3707 2199 3787 2251 quo-

2316 2296 2424 2350 que
2459 2290 2515 2335 et
2546 2280 2965 2336 celeberrimum
3020 2277 3227 2336 nostris
3247 2281 3535 2351 negotium,
3564 2290 3707 2346 equos,
3728 2273 3790 2327 asi-

2309 2390 2429 2440 nos,
2464 2385 2516 2431 et
2536 2375 2718 2430 omnia
2745 2384 2908 2429 tanta:
2940 2374 3150 2430 militia:
3207 2374 3386 2429 obiter
3432 2372 3542 2426 usui
3569 2369 3788 2434 futurapm-

612 2465 875 2534 temporis
939 2481 1165 2522 suorum
1217 2467 1523 2533 exactione,
1582 2469 1971 2537 comperimus,
2005 2469 2094 2523 hic
2139 2483 2208 2523 ne
2241 2464 2284 2523 Β
2312 2484 2541 2540 ponens.
2585 2470 2730 2523 unde
2761 2468 3036 2538 expeditio
3083 2467 3370 2521 Dominica
3421 2457 3790 2534 integerrimereﬁ-

611 2571 780 2612 unum
815 2558 1030 2627 quidem
1059 2576 1090 2614 a
1132 2560 1375 2628 quolibet
1416 2575 1515 2616 suo
1547 2561 1767 2616 domino
1804 2562 2033 2616 invitum
2062 2562 2208 2616 reni-

613 2657 944 2719 tentemque,
975 2653 1313 2722 compulsum
1351 2654 1504 2708 abire
1546 2655 1872 2710 audivimus.
1913 2655 2036 2721 Hic,
2067 2657 2209 2711 inter

611 2760 766 2800 arma
793 2746 1064 2818 lacrymae,
1092 2756 1445 2817 peccatorum
1481 2749 1878 2816 confessiones,
1933 2750 2208 2806 abrenun-

612 2839 870 2894 tiationes
912 2841 1349 2910 possessionum,
1413 2859 1642 2898 uxorum
1702 2843 2208 2914 aspernatio,.filio-

614 2949 735 2988 rum
770 2933 916 3007 fuga,
942 2937 1262 3005 praeeminet
1296 2937 1350 2991 in
1388 2938 1662 2994 mentibus
1696 2939 1937 2992 omnium
1975 2952 2073 3006 pro
2109 2937 2204 2993 Dei

609 3039 816 3090 amore,
853 3026 1022 3081 solius
1061 3028 1236 3083 beata:
1283 3029 1474 3084 mortis
1525 3029 1790 3085 ambitio:
1823 3031 1930 3093 hic,
1959 3029 2204 3098 inquam,

610 3114 744 3169 libet
766 3115 934 3170 Deum
965 3131 1200 3186 pensare
1256 3119 1584 3184 mirabilem,
1619 3127 1678 3173 ut
1705 3119 1798 3188 qui
1823 3119 2204 3187 quondam,ad

613 3216 879 3263 tormenta
911 3211 1152 3275 ferenda,
1207 3211 1419 3267 animos
1469 3221 1769 3284 martyrum
1823 3229 1921 3282 pro
1954 3211 2204 3266 invisibi-

608 3297 739 3353 liutn
765 3300 1052 3356 dileCtione
1108 3303 1426 3368 lirmaverit,
1462 3305 1577 3370 ipse
1610 3305 1814 3360 nostris
1842 3305 2201 3374 temporibus,

609 3393 752 3461 quod
782 3408 812 3447 a
837 3394 1051 3449 nemine
1073 3399 1282 3466 sperari
1305 3406 1542 3468 poterat,
1592 3408 1646 3454 et
1694 3398 1895 3453 dictum
1945 3414 2046 3468 pro
2074 3398 2204 3452 ridi-

611 3484 735 3540 culo
784 3486 1106 3553 habebatur,
1147 3500 1354 3546 tantum
1429 3493 1778 3562 praesentium
1832 3501 2201 3562 contemptum

608 3593 812 3645 rerum,
837 3580 1002 3636 etiam
1027 3584 1458 3640 truculentorum
1487 3587 1917 3656 cupidorumque
1945 3587 2204 3642 cordibus

605 3667 912 3736 hominum,
961 3673 1175 3741 indidit,
1214 3690 1310 3745 per
1342 3677 1702 3746 paucissimos
1757 3679 2004 3734 homines
2055 3688 2201 3733 tanta

605 3763 835 3831 perfecit
887 3774 968 3833 ut,
1022 3767 1182 3824 laude
1221 3783 1408 3824 eorum
1440 3772 1532 3841 qui
1582 3787 1801 3841 gessere
1865 3772 2197 3841 posthabita,

606 3855 778 3911 Deum
802 3858 1143 3916 solummodo
1195 3877 1260 3917 ea
1308 3863 1503 3918 fecisse
1554 3873 1765 3918 certum
1790 3864 1886 3918 sit.
1933 3864 2086 3931 Quod
2134 3882 2200 3920 cx

606 3960 696 4014 eo,
733 3949 972 4005 evidenti
1014 3953 1353 4022 probatione,
1401 3957 1655 4024 patescit,
1684 3957 1810 4024 quia
1837 3957 2052 4025 quoties
2081 3971 2201 4012 cre-

603 4039 981 4099 brescentibus
1028 4046 1272 4102 victoriis
1319 4048 1664 4102 insolentiam
1695 4051 2054 4118 parturibant,
2105 4067 2201 4105 seu

603 4134 865 4192 adversus
912 4137 1208 4194 alterutros
1259 4140 1534 4211 principes
1584 4140 1928 4206 inllarentur,
1957 4144 2071 4198 sive
2097 4144 2200 4197 ali-

601 4239 706 4296 qua
741 4227 887 4297 ipsos
916 4231 1213 4300 petulantia
1241 4233 1628 4288 commaculari
1662 4235 2027 4305 contingeret,
2055 4235 2200 4291 illico

599 4330 694 4372 eos
723 4334 890 4388 prope
921 4322 1117 4386 nullos,
1147 4333 1222 4391 et,
1243 4335 1298 4379 ut
1333 4325 1406 4380 ita
1437 4325 1690 4391 dixerim,
1711 4341 1965 4397 pecorum
1994 4327 2200 4383 similes

599 4411 876 4478 gentilitas
908 4415 1198 4478 inveniret,
1237 4417 1281 4471 si
1321 4417 1559 4488 quando,
1593 4418 1675 4472 sui
1698 4434 1994 4483 memores,
2022 4419 2199 4488 poeni-

599 4503 771 4558 tentia
801 4506 1148 4572 ducerentur,
1179 4509 1470 4565 confestim
1509 4510 1684 4566 solitis
1725 4511 1957 4567 fortunis
1983 4513 2199 4582 piisquc

599 4597 954 4662 proventibus
1012 4600 1390 4656 redderentur.
1435 4602 1509 4656 De
1566 4603 1652 4657 his
1695 4603 1880 4674 itaque
1921 4602 2194 4674 spirituali

601 4682 774 4737 solum
812 4686 1082 4745 desiderio
1125 4693 1318 4760 coeptis
1363 4693 1702 4763 patratisque
1732 4693 1957 4762 praeliis,
1990 4692 2191 4756 divina,

601 4789 770 4844 quaea
803 4777 1000 4832 saeculo
1026 4795 1300 4851 nunquam
1330 4783 1612 4848 acciderit,
1655 4793 1898 4852 tempora
1931 4783 2193 4837 moderna

598 4865 848 4934 insigniri
881 4868 1078 4924 virtute
1101 4871 1365 4938 laetemur,
1411 4875 1764 4945 necjsraelis
1811 4876 2050 4930 carnalis
2095 4891 2194 4944 pro

597 4963 871 5018 ventrium
923 4962 1279 5034 plenitudine,
1339 4967 1480 5021 bella
1533 4969 1814 5022 miremur.
1859 4968 1976 5023 Rex
2027 4969 2192 5038 igitur

596 5052 969 5128 Tripolitanus
995 5056 1374 5130 frequentibus
1402 5068 1621 5116 nostros
1647 5061 1926 5131 principes
1972 5061 2190 5132 pulsare

593 5147 963 5221 legationibus
989 5166 1096 5208 non
1128 5153 1404 5220 cessabat,
1452 5162 1515 5208 ut
1565 5169 1688 5209 sese
1715 5169 1746 5208 a
1778 5163 1959 5210 castro
1991 5155 2190 5211 amoli-
2227 5197 2272 5252 Ι)
2301 5161 2604 5227 castellum,
2624 5160 2798 5216 donec
2818 5160 2885 5214 ad
2910 5159 3179 5227 insignem
3200 5165 3255 5210 ct
3287 5155 3428 5224 ipsan

595 5252 810 5312 rentur,
882 5263 947 5302 ac
999 5247 1101 5303 sibi
1144 5247 1678 5304 conftederarentur.
1739 5248 1856 5317 Quo
1914 5251 2189 5319 primores

597 5340 873 5396 exercitus
935 5353 1239 5415 comperto,
1307 5345 1418 5400 dux
1497 5343 1752 5399 videlicet
1833 5343 2183 5412 Godefridus,

599 5427 787 5486 Sancti
837 5433 1009 5504 Egidii
1054 5453 1240 5494 comes
1297 5439 1658 5504 Raimundus,
1718 5453 1904 5494 comes
1955 5447 2187 5510 uterque

597 5521 892 5590 Robertus,
918 5525 1269 5587 Flandrensis
1319 5539 1482 5602 atque
1539 5531 2022 5598 Nortbmannicus,
2057 5549 2186 5588 con-

594 5613 1011 5688 siderantesque
1032 5623 1341 5688 provincias
1377 5624 1534 5679 novis
1563 5625 1677 5696 jam
1719 5626 2021 5682 exuberare
2072 5627 2189 5681 fru-

595 5708 800 5774 ctibus,
824 5708 1010 5765 iduato
1036 5711 1194 5781 plane
1222 5706 1439 5777 Martio,
1485 5718 1694 5785 pridem
1730 5726 1861 5772 satae
1887 5717 1998 5787 jam
2026 5734 2183 5772 man-

593 5800 792 5857 dibiles
846 5811 1004 5857 erant
1054 5801 1212 5869 fabze,
1265 5814 1320 5860 et
1362 5806 1450 5859 vix
1498 5808 1565 5861 ad
1617 5809 1855 5862 medium
1931 5819 2186 5880 promoto

592 5895 1055 5971 Aprili,polentas
1073 5905 1288 5970 poterat
1339 5898 1587 5972 praebere
1653 5900 2015 5970 frumentum,
2059 5917 2186 5974 per-

2313 2573 2530 2618 ceretur
2578 2563 2644 2617 ad
2667 2577 2927 2632 praesens.
2962 2562 3016 2615 Id
3065 2561 3323 2630 denique,
3350 2559 3486 2613 facto
3513 2570 3662 2610 secum
3682 2559 3790 2622 pne-10.

2315 2653 2596 2723 adjiciens,
2652 2654 2776 2720 quia
2825 2653 2869 2708 si
2925 2651 3278 2722 imperatoris
3332 2646 3606 2703 Babilonici
3643 2641 3782 2698 bellum,

2314 2747 2457 2816 quod
2496 2746 2752 2817 frequens
2779 2755 2838 2800 et
2880 2746 3179 2800 maximum
3212 2741 3396 2814 parari
3419 2739 3671 2797 ferebatur,
3695 2731 3788 2786 evin-

2313 2848 2522 2905 cerent,
2548 2839 2594 2893 si
2630 2837 3028 2909 Jerosolymam
3083 2843 3370 2906 caperent,
3409 2829 3684 2887 Christiana:
3718 2832 3788 2875 sese

2313 2931 2598 2987 confestim
2627 2931 2927 2985 conditioni
2983 2928 3301 2999 subjiceret,
3349 2941 3407 2982 se
3435 2915 3788 2989 suamqueeisrt-

2313 3025 2528 3096 gionem
2568 3025 2866 3079 addiceret.

2382 3116 2466 3170 Ab
2491 3131 2553 3171 ea
2585 3131 2715 3186 ergo
2742 3115 2875 3169 urbe
2906 3114 3160 3185 digressi,
3190 3113 3246 3168 in
3275 3107 3501 3167 secunda
3528 3101 3640 3160 Maii
3663 3095 3788 3154 mensis

2312 3207 2401 3263 die
2429 3208 2700 3262 transiere
2746 3222 2844 3278 per
2883 3207 3160 3260 horridam
3200 3216 3254 3260 et
3289 3212 3559 3273 angustam
3585 3188 3789 3249 noctcdie-

2312 3315 2419 3373 que
2457 3301 2634 3367 viam;
2677 3310 2919 3356 castrum
2950 3300 3164 3365 deinde,
3226 3298 3369 3370 quod
3415 3291 3614 3348 Bethlon
3640 3280 3788 3373 vocab-“f-

2283 3369 2423 3458 tur,
2452 3392 2725 3462 attingunt
2757 3408 2770 3444 :
2800 3391 2865 3446 ad
2889 3389 3077 3444 urbem
3107 3369 3367 3459 deinceps
3389 3385 3531 3454 juxta
3554 3391 3671 3434 mare
3700 3369 3788 3462 Posl’

2313 3495 2420 3539 tam
2449 3485 2848 3554 pervenientes,
2903 3483 3070 3555 428
3125 3499 3252 3553 quae
3289 3479 3484 3536 dicitur
3521 3468 3682 3532 Jebari,
3718 3462 3787 3516 sitis

2311 3578 2642 3634 anxietatem
2720 3577 2902 3631 nimiae
2948 3577 3091 3646 passi
3160 3587 3310 3642 sunt,
3379 3570 3458 3622 cui
3511 3565 3786 3652 Πωηθῃῃπξί

2310 3686 2464 3726 mora
2498 3670 2817 3736 succedens,
2845 3678 3215 3739 opportunum
3267 3665 3550 3724 remedium
3595 3646 3783 3750 praestitit,

2311 3763 2396 3816 cui
2431 3763 2752 3817 vocabulum
2777 3770 2897 3817 erat
2921 3761 3123 3816 Braim.
3153 3761 3323 3818 Nocte
3353 3759 3508 3828 igitur
3533 3745 3785 3804 Ascettsionli

2231 3820 2277 3882 C
2310 3856 2608 3912 Dmninicae
2661 3855 2953 3925 quemdam
2997 3853 3216 3911 subiere
3277 3859 3522 3908 montem,
3576 3835 3783 3925 angustet."

2308 3947 2636 4003 omimodis
2661 3921 2950 4002 habentem
2980 3945 3200 4011 callem,
3248 3944 3338 3998 ubi
3365 3935 3685 4024 vehementer
3703 3921 3786 4024 ei“:

2307 4056 2518 4107 "luere,
2551 4055 2619 4096 ne
2669 4041 2860 4096 obvios
2917 4040 3105 4094 hostes
3155 4039 3210 4093 in
3263 4037 3466 4093 illarum
3515 4015 3785 4092 angustiarum

2307 4132 2547 4188 exitibus
2607 4129 2897 4194 haberent,
2953 4131 3066 4194 sed,
3109 4130 3222 4184 Deo
3249 4123 3571 4200 providente,
3599 4107 3784 4200 ηρωίξθθς

2306 4241 2427 4280 rum
2456 4223 2710 4278 occursui
2738 4238 2862 4278 sese
2886 4223 2988 4278 fuit
3019 4239 3182 4278 ausus
3207 4224 3468 4294 ingerere.
3497 4205 3660 4294 Milites
3681 4191 3782 4294 Ph”?

2305 4320 2396 4389 qui
2431 4319 2723 4388 praeierant
2773 4318 2966 4382 nostri,
3027 4317 3257 4373 liberam
3309 4314 3375 4369 ab
3435 4298 3595 4362 hostili

2305 4412 2486 4467 fecere
2514 4411 2678 4465 viam.
2712 4409 2940 4466 Demum
2973 4410 3157 4480 itaque
3183 4411 3252 4465 ad
3277 4405 3534 4464 civitatem
3564 4382 3782 4480 applicari:

2302 4509 2662 4574 maritimam,
2689 4521 2809 4577 quae
2843 4474 3146 4576 appellatur
3166 4499 3379 4558 Barucb
3408 4513 3421 4550 :
3453 4480 3634 4582 ίιιάίῖίξά

2692 4555 2809 4577 Tw
2845 4555 3134 4576 --η-πη-
3167 4555 3295 4558 ημ
3329 4555 3334 4556 ν
3745 4555 3779 4582 .,

2303 4610 2437 4668 tam,
2467 4603 2741 4672 quondam
2772 4598 3260 4663 Sidoniorum,sub
3290 4589 3504 4650 muliere
3525 4555 3779 4693 viduadgfl':

2301 4699 2555 4768 pastione
2599 4696 2917 4752 celebrem:
2960 4692 3160 4748 dehinc
3224 4690 3292 4745 ad
3347 4657 3760 4768 aliamtfluwdlc'n‘:

2303 4736 2440 4856 Sur;
2489 4788 2837 4859 postmodum
2903 4786 2971 4840 ad
3024 4785 3296 4848 Accaron,
3349 4736 3778 4832 Palestinorum!"

2301 4883 2519 4953 quando
2557 4880 2926 4954 metropolim,
2960 4879 3249 4934 devenere.
3613 4939 3646 4971 η
3700 4928 3709 4939 ,

3317 4965 3328 4971 -
3393 4961 3422 4971 .,
3481 4970 3488 4971 ,
3645 4931 3775 4971 Μητιυὲ

2372 4974 2439 5029 1η
2467 4939 2788 5029 [ἰαππαῑήαῇ
2839 4973 3114 5044 episcopus
3161 4961 3590 5067 εοηειίιυὶιιίνοιῗ

2988 5023 3001 5026 ⁷
3019 5023 3264 5132 'Oaiphas
3318 5043 3575 5140 vocabule

3429 5161 3443 5197 ι
3469 5113 3771 5200 Ρθιπειὶηοτυξη

2301 5203 2604 5227 -...w.......,
2626 5203 2798 5216 ,.,...,.,.
2818 5203 2885 5214 ..μ
2911 5203 3179 5227 ...ωοηνη
3203 5203 3254 5210 ν,
3288 5203 3356 5224 ,Γ
3526 5224 3536 5236 ⁸

2298 5260 2698 5316 consequenter
2768 5250 3028 5322 appulere
3081 5247 3381 5302 Caesaream
3424 5254 3436 5288 :
3475 5203 3769 5338 ἱδιίῖιέθέξῐπξ

2299 5299 2687 5316 """"“""""
2768 5299 3024 5322 “""""
3638 5299 3747 5355 penu

2297 5347 2490 5404 diebus
2515 5347 2653 5401 citra
2699 5343 2900 5398 Maium
2947 5349 3238 5396 exeuntem
3297 5323 3747 5432 celebravfrimmm

2300 5451 2510 5498 costen.
2538 5439 2668 5495 Post
2687 5439 2806 5493 haec
2834 5435 2900 5490 ad
2931 5450 3074 5500 eam.
3101 5449 3262 5504 quam
3289 5423 3494 5519 q‘ﬁdam.

2295 5535 2505 5606 origine
2541 5531 2810 5587 Samuelis
2867 5529 3134 5584 illustrem
3161 5568 3176 5592 ,
3227 5518 3386 5593 aliqui
3429 5495 3755 5624 ξείθὲῗὲἔὲῗαξί

2294 5629 2666 5697 riosioresque
2721 5625 2986 5686 locorum,
3035 5604 3448 5689 Bamothgalaad
3505 5591 3756 5710 Ιξῗξξίεξᾜηξ

2295 5718 2451 5788 cujus
2474 5679 2781 5774 obtinenda:
2811 5715 3209 5776 contentiones,
3226 5704 3403 5765 Achab
3421 5679 3686 5788 δοίῖιῆῗμῗῗῗ

2295 5811 2558 5881 Syrorum
2593 5808 2845 5864 Benadab
2874 5821 3001 5875 rege
3029 5810 3338 5874 superante,
3362 5799 3486 5864 ρτεεε

2292 5901 2522 5960 veniunt
2567 5914 2581 5955 :
2617 5899 2772 5972 cujus
2801 5897 3158 5966 habitatores,
3191 5892 3449 5966 comperto
3471 5883 3552 5942 ευρ
