4012 6346
158 367 280 428 739
341 441 348 448 ι

1171 367 1398 436 GESTA
1434 341 1546 426 erat
1586 363 1721 422 per.
1751 359 2093 419 mancos.
2120 392 2190 402 —
2215 361 2346 420 LIB.
2379 363 2490 419 vu.

3353 359 3458 418 790

160 487 311 542 tium
342 483 676 538 Francorum
703 496 944 548 rumore,
1001 482 1274 555 fugerunt.
1307 483 1434 539 Haec
1458 481 1674 544 civitas,
1709 491 1758 533 et
1796 479 1843 536 A
1875 473 2036 544 feria,
2063 484 2215 530 tanta
2245 477 2320 546 vi,
2355 486 2500 532 tanta
2531 477 2888 534 unanimitate
2923 466 3238 550 pervaditur
3270 493 3457 535 murus

163 579 214 636 si
241 578 368 634 ullis
397 575 778 632 vetustissima:
799 576 1073 631 memoriae
1107 577 1455 634 monimentis
1484 581 1628 631 esset
1652 570 1768 627 exi-

169 670 316 736 mia,
367 668 618 724 universa
682 676 858 722 tamen
907 667 1196 728 clarissimi
1238 668 1496 740 martyris
1523 663 1767 736 Georgii,
1797 723 1804 738 η,

163 775 340 834 quem
375 761 506 817 illic
551 759 822 832 sepultum
881 770 1157 828 asserunt,
1197 762 1332 818 mihi
1371 762 1648 818 videretur
1672 756 1770 813 ob-

166 854 422 910 nubilare
449 853 760 924 praesentia,
793 853 1084 925 Reperitur
1114 855 1340 923 ibidem,
1388 854 1594 912 colonis
1619 865 1769 910 rece-

167 947 449 1014 dentibus,
480 947 795 1004 victualium
827 965 994 1022 prope
1038 951 1285 1008 omnium
1312 951 1588 1023 opulentia
1615 965 1770 1021 grano

169 1038 285 1104 dis,
312 1049 366 1095 et
399 1055 506 1095 non
555 1042 744 1112 paucis
797 1042 1032 1112 praebuit
1086 1043 1276 1100 diebus
1304 1043 1558 1114 generale
1586 1041 1765 1098 subsi-

169 1133 329 1187 dium
355 1135 686 1195 exercitibus
716 1137 1076 1208 hospitandis.
1107 1137 1207 1202 Ubi
1247 1154 1526 1210 proceres,
1556 1137 1768 1193 clerum

167 1232 228 1277 et
268 1225 550 1296 episcopos
607 1228 699 1298 qui
766 1229 1031 1286 interesse
1089 1239 1342 1302 poterant
1395 1229 1763 1295 consulentes,

167 1321 298 1369 eum
324 1315 510 1372 favore
541 1333 727 1378 eorum
775 1320 876 1390 ipsi
927 1321 1138 1378 civitati
1166 1322 1474 1395 eligendum
1509 1331 1769 1378 laxavere

165 1407 508 1473 pontificem.
534 1407 630 1464 Cui
661 1409 872 1468 collatis
895 1427 1116 1468 suarum
1149 1429 1334 1470 rerum
1359 1414 1608 1480 decimis,
1633 1428 1768 1468 auro

167 1497 346 1552 etiam
403 1509 742 1572 argentoque
793 1504 1066 1572 ditarunt;
1120 1505 1274 1576 equis
1332 1505 1768 1578 animalibusque

167 1587 516 1658 suﬂ‘ulciunt,
546 1609 654 1663 quo
684 1595 802 1652 sine
835 1594 1039 1667 difﬁcili
1068 1598 1389 1670 indigentia,
1420 1600 1540 1655 sine
1570 1599 1768 1655 summi

165 1683 380 1754 gradus
402 1684 620 1754 injuria,
649 1702 768 1744 sese
803 1700 988 1760 ageret
1015 1706 1137 1746 cum
1161 1706 1255 1748 sua
1283 1691 1506 1747 familia.
1536 1692 1654 1764 Ipse
1680 1709 1767 1748 re-

165 1775 323 1830 sedit
373 1791 494 1831 cum
547 1781 718 1846 omni,
765 1781 820 1836 in
865 1785 1153 1840 commissa
1188 1785 1290 1840 sibi
1317 1789 1469 1854 urbe,
1507 1785 1761 1858 tripudio,

164 1863 243 1918 de
271 1863 494 1922 civitate
525 1870 742 1938 tuenda,
777 1882 832 1927 et
859 1873 926 1928 de
953 1875 1172 1931 basilica
1207 1877 1548 1946 potissimum
1579 1894 1768 1949 regen-

165 1954 245 2010 da
313 1956 741 2032 officialibusque
771 1956 1029 2021 Ecclesiae
1063 1967 1432 2036 instituendis,
1461 1971 1766 2042 principum

161 2049 269 2118 qui
300 2049 403 2106 hoc
432 2052 502 2108 ob
527 2054 729 2110 cultum
760 2071 1113 2130 amoremque
1137 2064 1392 2135 martyris
1414 2063 1612 2120 obnixe
1649 2064 1768 2121 fieri

157 2140 486 2211 petiverant
508 2147 825 2204 obediturus
853 2151 1102 2220 imperio.

784 2241 1013 2300 CAPUT
1051 2243 1114 2300 ll.

247 2323 361 2398 [ΙΙ.]
390 2325 685 2386 Jerusalein
711 2332 1084 2388 circumsident
1113 2333 1420 2392 Christiani.
1458 2369 1530 2378 —
1556 2338 1619 2394 Et
1642 2355 1770 2396 ecce

161 2418 240 2472 ad
272 2418 418 2474 illam
443 2438 564 2492 quae
590 2431 666 2478 tot
686 2426 943 2494 pcnurias
972 2428 1052 2483 eis
1077 2439 1358 2500 genuerat,
1393 2438 1599 2487 tantam
1623 2433 1770 2496 sitim

166 2525 245 2566 ac
282 2511 480 2567 famem
515 2517 697 2570 tandiu
727 2527 779 2572 et
803 2527 910 2574 tam
945 2523 1138 2575 crebro
1163 2533 1470 2594 pepererat,
1505 2541 1668 2580 causa
1695 2535 1772 2582 tot

169 2601 532 2672 nuditatem,
582 2607 887 2678 vigiliarum
947 2627 1007 2666 ac
1059 2611 1355 2684 frigorum;
1411 2612 1770 2674 indesinentis

165 2703 359 2752 metus
388 2698 622 2768 occasio,
659 2703 952 2758 subeundae
981 2705 1212 2761 miseria:
1235 2707 1769 2777 voluptuosissimum

170 2785 547 2859 incentivum;
595 2792 661 2846 ad
691 2795 988 2864 appetitum
1018 2798 1208 2858 mortis
1248 2809 1304 2855 et
1330 2801 1568 2857 vulneris
1597 2803 1720 2859 illex
1752 2819 1768 2859 :

172 2877 243 2932 ad
267 2878 440 2945 illam,
455 2881 696 2954 inquam,
712 2885 858 2940 mille
879 2887 1267 2944 desideriorum
1292 2891 1528 2948 millibus
1545 2894 1771 2952 affecta-

179 2978 322 3039 tam,
353 2973 536 3046 tantis,
567 2975 693 3032 dum
741 2981 1088 3050 prospicitur,
1123 2984 1452 3044 maeroribus
1478 3001 1541 3042 ac
1583 2986 1771 3056 jubilis

176 3063 548 3137 inelamatam,
580 3071 795 3128 tandem
839 3090 1136 3145 pervenere
1184 3077 1506 3136 Jerusalem.
1555 3081 1628 3136 De
1662 3097 1769 3152 qua

179 3155 347 3269 sicrut.
379 3158 446 3214 de
497 3160 766 3218 Dominici
827 3167 1076 3236 corporis
1127 3169 1468 3226 mansoribus
1520 3171 1717 3244 legitur
1753 3192 1766 3227 :
1798 3205 1846 3269 C

185 3265 204 3298 ι
245 3246 880 3314 Quiamanducavcrunt
914 3267 967 3313 et
1004 3260 1399 3330 adoraverunt;
1456 3283 1473 3314 ι
1501 3263 1576 3318 ita
1608 3275 1662 3321 et
1703 3267 1772 3323 de

181 3337 271 3393 his
302 3340 406 3394 dici
438 3353 637 3412 potest,
668 3347 1036 3406 adoraveruut
1060 3366 1179 3406 eam
1211 3362 1266 3408 et
1296 3369 1770 3426 expugnaverunt.

184 3429 396 3488 Octavo
441 3435 626 3507 itaque
651 3437 810 3502 .Junii
861 3441 1004 3512 ldus,
1037 3461 1159 3500 cum
1215 3451 1375 3503 tertia
1423 3458 1569 3505 esset
1614 3450 1772 3519 feria,

181 3525 323 3582 mira
345 3528 687 3588 animositate
712 3534 1024 3592 estobsessa
1056 3538 1269 3595 civitas.
1294 3541 1337 3596 A
1361 3543 1773 3612 septentrionali

188 3617 362 3690 igitur
388 3620 567 3694 plaga,
601 3639 785 3680 comes
811 3642 930 3681 eam
963 3627 1233 3686 Robertus
1265 3634 1551 3690 obsederat
1575 3637 1776 3694 North-

181 3727 532 3785 mannorum,
557 3718 714 3788 juxta
735 3735 856 3776 eam
887 3721 1030 3776 beati
1058 3719 1319 3794 Stephani
1347 3728 1660 3799 ecclesiam,
1683 3732 1774 3788 ubi

180 3817 414 3879 propter
454 3809 650 3866 Filium
691 3812 958 3881 hominis,
1008 3830 1168 3885 quem
1225 3835 1253 3872 a
1313 3820 1519 3884 dextris
1570 3823 1664 3878 Dei
1715 3838 1776 3880 se

179 3902 392 3958 vidisse
420 3903 756 3962 clamaverat
808 3915 1064 3974 stantem,
1114 3927 1142 3964 a
1190 3909 1392 3967 Jud:eis
1430 3922 1512 3968 est
1551 3915 1776 3970 obrutus

179 3996 366 4052 imbre
390 4013 664 4054 saxorum.
693 3999 774 4054 Ab
799 4001 1122 4056 occidentali
1149 4014 1328 4060 autem
1357 4007 1647 4076 opponitur
1667 4008 1777 4064 dux

178 4083 516 4142 Godefridus
565 4103 747 4144 comes
800 4089 1181 4160 Flandrensis,
1231 4103 1284 4150 et
1343 4093 1678 4152 Tancredus.
1729 4099 1776 4152 A

179 4179 420 4234 meridie
441 4182 653 4236 obsedit
683 4198 803 4238 eam
827 4199 1010 4240 comes
1034 4184 1218 4240 Sancti
1246 4185 1444 4257 Egidii
1463 4227 1476 4252 ,
1509 4189 1562 4242 in
1594 4198 1777 4245 monte

175 4271 440 4327 videlicet
493 4273 643 4346 Sion,
701 4279 847 4332 circa
878 4277 1162 4334 ecclesiam
1197 4279 1368 4336 beatae
1403 4280 1586 4337 Mariae
1610 4282 1771 4338 Geni-

176 4362 344 4418 tricis
373 4364 619 4433 Domini;
676 4368 766 4422 ubi
815 4369 1075 4424 Dominus
1125 4385 1249 4425 cum
1294 4371 1406 4428 suis
1451 4374 1515 4427 ad
1563 4389 1774 4429 coenam

175 4457 366 4526 pridie
413 4475 572 4529 quam
629 4470 948 4530 pateretur,
1005 4462 1180 4518 fertur
1235 4464 1576 4520 discubuisse
1622 4467 1777 4522 disci-

176 4549 353 4618 pulis.

261 4641 452 4698 Tertia
479 4644 544 4700 ad
566 4646 754 4702 urbem
783 4648 1047 4706 all-ventus
1074 4634 1262 4705 eorum
1296 4650 1402 4716 die,
1441 4649 1780 4704 Raimundus

183 4734 301 4799 ille,
357 4734 510 4804 cujus
550 4738 604 4794 in
661 4740 1009 4807 expeditione
1044 4740 1325 4797 Dominica
1352 4756 1460 4796 non
1490 4740 1776 4798 minimum

179 4828 451 4899 opuscula
500 4831 842 4901 claruerunt,
898 4833 1021 4899 ille,
1053 4835 1304 4904 inquam,
1350 4849 1510 4904 quem
1559 4833 1780 4892 Pilitum

182 4922 634 4994 agnominabant,
667 4941 792 4980 cum
833 4925 1063 4995 quodam
1095 4941 1194 4981 suo
1223 4927 1552 4997 cognomini,
1584 4925 1782 4984 illustri

185 5016 382 5080 itidem
417 5018 554 5086 viro,
595 5019 824 5090 aliisque
872 5020 1287 5090 quamplurimis
1336 5020 1670 5092 longiuscule
1714 5021 1782 5075 ab

185 5108 494 5164 obsidionis
519 5109 636 5166 loco
662 5111 950 5180 processit,
992 5111 1036 5166 si
1075 5126 1211 5181 quos
1240 5111 1379 5168 forte
1413 5111 1672 5179 hostium,
1704 5111 1782 5166 uti

189 5207 361 5254 erant
389 5199 554 5268 soliti,
583 5201 906 5257 oberrantes
929 5203 996 5258 ad
1027 5210 1339 5258 nostrorum
1372 5203 1598 5258 insidias
1623 5218 1780 5274 repe-

187 5296 310 5353 rire
327 5298 691 5372 contingeret.
706 5299 775 5355 Et
801 5313 949 5365 ecce,
974 5301 1328 5356 ducentorum
1353 5298 1523 5354 ferme
1543 5296 1783 5354 Arabum

191 5405 256 5446 se
305 5390 386 5445 eis
416 5391 596 5447 intulit
645 5401 866 5462 repente
909 5391 1248 5463 manipulus,
1280 5405 1416 5461 quos
1445 5391 1783 5452 Raimundus

193 5493 260 5539 ut
298 5482 452 5550 vidit,
478 5484 692 5540 leonina
741 5485 956 5541 feritate
989 5486 1324 5557 aggreditur,
1373 5494 1428 5540 et
1457 5494 1564 5540 tota
1593 5501 1782 5546 eorum

199 5579 451 5644 audacia,
484 5577 596 5634 Deo
638 5579 717 5634 eis
745 5580 1049 5646 insistente,
1081 5579 1368 5651 subigitur.
1399 5579 1654 5635 Plurimis
1677 5579 1777 5634 ita-

199 5683 310 5739 que
337 5669 701 5741 interemptis,
726 5671 1004 5742 captisque
1037 5671 1260 5726 tricenis
1306 5671 1483 5742 equis,
1510 5669 1684 5724 laetam
1719 5668 1783 5724 ad

197 5761 508 5817 exercitum
535 5763 600 5816 de
646 5761 891 5818 claritate
935 5763 1193 5818 facinoris
1243 5771 1590 5832 reportavere
1619 5759 1786 5818 victo-

199 5853 366 5915 riam.
387 5854 622 5912 Alterius
641 5871 773 5927 ergo
793 5856 1140 5912 hebdomadas
1169 5855 1403 5912 secunda
1441 5852 1786 5910 illucescente

1871 566 2025 621 urbis
2047 568 2307 635 exterior,
2331 569 2446 623 utsi
2462 569 2729 625 scalarum
2755 579 3047 641 apparatus
3059 586 3162 625 non
3179 577 3456 638 deessent,

1872 656 2206 713 Francorum
2245 661 2503 717 continuo
2561 663 2752 718 ditioni
2780 663 2910 719 urbs
2962 664 3170 736 pariter
3217 679 3281 718 ac
3331 664 3460 719 sub-

1872 751 2080 806 urbana
2109 753 2424 809 cessissent.
2460 755 2594 810 Tota
2622 756 2788 826 igitur
2819 755 3171 811 antemuralis
3205 755 3459 811 fortitudo

1875 843 2213 915 irrumpitur,
2251 857 2305 902 et
2327 863 2424 920 per
2450 849 2677 905 minoris
2709 851 2914 916 ruinas,
2946 850 3192 919 plenario
3212 849 3322 920 jam
3365 863 3459 918 pa-

1873 941 2018 989 tente
2044 950 2350 1008 progressu,
2383 939 2448 992 ad
2481 938 2704 1008 majoris
2729 939 3130 1011 propugnacula
3165 939 3328 1003 muri,
3353 954 3461 992 una

1871 1042 1992 1098 qum
2041 1027 2269 1083 affuerat
2315 1031 2458 1086 scala
2499 1031 2813 1102 porrigitur.
2862 1030 2978 1094 Qua
3032 1031 3202 1086 nostri
3261 1029 3462 1086 milites

1870 1117 2090 1192 quidam
2120 1133 2419 1176 conscensa
2449 1122 2739 1187 citissime,
2771 1136 2988 1192 cmpere
3014 1123 3197 1193 prazlia
3221 1123 3332 1192 jam
3363 1126 3462 1179 ha-

1869 1217 2000 1275 bere
2027 1235 2140 1291 pra:
2191 1217 2446 1272 manibus
2482 1234 2494 1269 :
2529 1225 2582 1272 et
2617 1216 2707 1271 ubi
2753 1213 2937 1284 jactus
2967 1214 3298 1280 defecerant,
3350 1225 3463 1271 tota

1872 1309 2035 1366 fiebat
2069 1326 2157 1366 res
2186 1311 2390 1366 lanceis
2410 1318 2466 1364 et
2485 1309 2705 1365 ensibus
2733 1327 2746 1362 :
2780 1307 3095 1364 defensores
3126 1307 3385 1373 civitatis,
3409 1318 3464 1364 et

1871 1407 2184 1461 eorumdem
2201 1406 2514 1460 obsessores
2534 1405 2679 1460 ferro
2690 1405 2990 1460 decernunt
3010 1403 3274 1459 cominus.
3293 1402 3465 1459 Occu-

1870 1495 2108 1551 buerunt
2139 1498 2318 1568 itaque
2346 1497 2500 1551 multi
2527 1512 2594 1552 ex
2627 1495 2850 1562 nostris,
2886 1495 2980 1550 sed
3021 1510 3087 1549 ex
3126 1493 3230 1549 illis
3260 1493 3461 1564 plures.

1967 1587 2152 1663 [111.]
2218 1589 2507 1646 Sciendum
2579 1598 2758 1644 autem
2836 1587 3090 1659 quoniam
3159 1587 3276 1642 haec
3345 1587 3464 1656 ipsa

1871 1675 2284 1752 civitas,.cum
2337 1686 2518 1740 adhuc
2565 1683 2856 1738 Antiochia
2909 1681 3254 1736 obsideretur
3284 1721 3299 1743 ,
3365 1680 3466 1736 sub

1871 1773 2039 1848 429
2070 1776 2214 1849 regis
2243 1777 2447 1833 ditione
2477 1776 2769 1833 Persarum
2803 1777 3149 1834 detinebatur
3171 1795 3200 1833 a
3246 1775 3464 1832 Turcis.

1873 1867 2044 1924 Porro
2070 1870 2430 1942 Babylonicus
2460 1870 2776 1942 imperator,
2820 1885 2966 1936 cum,
3021 1871 3163 1926 sicut
3219 1869 3468 1940 superius

1874 1961 2182 2027 retulimus,
2210 1964 2277 2017 ad
2310 1972 2552 2018 nostrum
2583 1963 2792 2034 legatos
2816 1964 3117 2019 exercitum
3155 1964 3464 2030 direxisset,

1873 2053 2192 2124 explorandi
2225 2062 2427 2110 statum
2477 2064 2788 2111 nostrorum
2840 2055 3180 2111 solummodo
3211 2054 3264 2110 id
3303 2068 3467 2109 causa

1875 2141 2122 2199 effecisse
2153 2143 2512 2216 dignoscitur.
2543 2146 2678 2201 Cum
2705 2146 2850 2200 enim
2879 2146 3153 2201 dirissima
3203 2145 3468 2201 Christia-

1874 2251 2000 2290 nam
2031 2235 2277 2290 militiam
2303 2236 2597 2308 indigentia
2646 2236 2922 2310 profligari
2971 2237 3470 2309 conspicerent,.et

1875 2329 2166 2400 Optimates
2196 2344 2464 2402 quosque,
2497 2330 2879 2386 deficientibus
2909 2330 3086 2402 equis,
3136 2329 3314 2386 factos
3356 2326 3467 2398 iam

1873 2419 2084 2490 pedites
2110 2421 2525 2492 comperissent,
2559 2430 2744 2476 nostra
2773 2422 2952 2476 omnia
2978 2421 3335 2491 vilipendere,
3365 2433 3468 2474 nec

1875 2511 2170 2583 quidquam
2219 2528 2482 2569 novarum
2529 2513 2708 2568 moliri
2771 2529 2952 2570 rerum
3000 2522 3187 2568 contra
3238 2513 3466 2578 Turcos,

1877 2619 2013 2675 quos
2064 2606 2410 2676 potissimum
2458 2607 2807 2677 patiebantur
2855 2607 3114 2673 infensos,
3156 2616 3468 2662 nostrorum

1875 2697 2188 2778 qui’contra
2219 2713 2314 2754 eos
2361 2698 2760 2754 exercebantur
2811 2697 3006 2754 fiducia
3052 2709 3466 2769 praesumpsere.

1878 2787 1995 2844 Rex
2021 2789 2181 2860 plane
2215 2790 2455 2848 Persidis
2478 2793 2545 2846 de
2573 2791 2922 2864 Babylonico,
2973 2791 3116 2862 quod
3167 2805 3472 2862 usquequa-

1877 2894 1983 2952 que
2047 2880 2374 2936 latissimum
2438 2882 2862 2952 perhibebatur,
2932 2884 3186 2954 imperio,
3245 2881 3472 2938 multam

1877 2983 2237 3044 usurpaverat
2268 2975 2616 3044 portionem:
2649 2975 2985 3046 sagaciorem
3026 2975 3170 3032 enim
3215 2976 3468 3040 habebat,

1875 3065 2140 3120 bellorum
2165 3066 2452 3132 industria,
2480 3076 2719 3137 gentem.
2751 3067 3044 3138 Comperto
3068 3067 3208 3121 idem
3239 3067 3472 3137 denique

1877 3157 2242 3228 Babylonicus
2261 3160 2516 3230 princeps
2542 3159 2687 3229 quod
2715 3158 2934 3224 Franci,
2963 3160 3071 3214 imo
3095 3174 3191 3229 per
3210 3157 3470 3225 Francos,

1880 3247 2024 3302 Deus
2053 3247 2396 3303 Antiochiam
2429 3248 2728 3320 subegisset
2775 3257 2830 3304 et
2864 3248 3166 3304 Antiochiae
3210 3263 3307 3318 pro
3338 3262 3472 3302 moe-

1879 3338 2062 3406 nibus,
2095 3337 2371 3394 Curbaran
2402 3340 2576 3408 ipsum
2600 3355 2721 3394 cum
2745 3345 2855 3395 tota
2883 3338 3170 3394 Persarum
3219 3337 3473 3407 superbia

1881 3431 2238 3498 confudisset,
2272 3442 2484 3502 sumpta
2508 3432 2796 3488 confestim
2830 3432 3076 3498 audacia,
3105 3430 3298 3486 Turcis
3318 3445 3472 3486 arma

1881 3524 2093 3591 intulit;
2131 3522 2634 3594 Jerosolyrnamque
2663 3525 2748 3580 cui
2780 3523 3202 3579 dominabantur
3231 3522 3466 3579 obsedit.

1882 3618 2020 3686 Qua,
2046 3617 2232 3672 nescio
2268 3616 2318 3670 vi
2345 3615 2637 3686 autaliqua
2689 3616 3176 3682 confmderatioue,
3230 3622 3468 3685 recepta,

1881 3693 1936 3764 in
1969 3710 2082 3780 ipsa
2110 3708 2243 3763 turri
2273 3723 2393 3778 quae
2424 3707 2620 3762 dicitur
2650 3707 2818 3762 David
2845 3718 2898 3764 et
2925 3724 3088 3779 quam
3119 3708 3336 3778 proprie
3364 3705 3472 3762 dici

1879 3811 2135 3873 putamus
2168 3801 2319 3868 Sion,
2367 3801 2666 3856 Turcorum
2707 3801 2991 3871 plurimos.
3043 3804 3110 3860 ad
3168 3801 3472 3858 custodiam

1883 3895 2068 3950 nescio
2092 3911 2158 3948 an
2186 3896 2251 3950 ad
2275 3893 2572 3950 dominium
2602 3893 2861 3950 dimisere
2885 3909 2900 3949 :
2932 3895 2998 3951 de
3039 3893 3237 3965 quibus
3261 3902 3474 3949 constat

1881 3988 2007 4058 quia
2035 3996 2346 4042 nostrorum
2383 3987 2656 4043 neminem
2686 3988 2826 4043 inter
2870 3987 3226 4044 obsidendum
3257 3986 3473 4058 penitus

1881 4097 2147 4148 nocuere,
2186 4082 2286 4137 soli
2339 4083 2485 4138 arcis
2532 4083 2794 4138 custodia:
2845 4081 2932 4137 cui
2970 4082 3209 4154 deputati
3257 4079 3475 4136 fuerant

1881 4172 2106 4244 pacifice
2137 4173 2440 4228 intendere.
2483 4172 2687 4230 Contra
2752 4159 3088 4236 SarracenOS
3135 4186 3265 4244 ergo
3300 4168 3473 4228 nostri

1882 4264 2046 4336 hujus
2077 4265 2202 4320 belli
2226 4265 2619 4321 commercium
2650 4267 2908 4322 habuere.

1955 4356 2093 4429 [ΙΨ]
2135 4357 2358 4413 Summa
2389 4375 2562 4412 rerum
2595 4359 2827 4412 omnium
2878 4359 3166 4426 indigentia
3220 4357 3474 4428 afﬂictan-

1881 4459 1968 4504 tur
2008 4447 2322 4504 Christiani.
2347 4482 2416 4490 —
2449 4451 2616 4520 Igitur
2665 4450 2716 4502 in
2748 4464 2810 4503 ea
2841 4451 3142 4512 obsidione,
3175 4464 3341 4519 panes
3381 4448 3474 4518 qui

1806 4561 1858 4622 D
1887 4551 2201 4598 emerentur
2230 4541 2452 4608 reperiri
2485 4556 2591 4594 non
2624 4547 2897 4610 poterant,
2949 4547 3004 4592 et
3030 4553 3126 4607 per
3166 4539 3280 4592 dies
3309 4537 3470 4593 circi-

1887 4644 1970 4691 ter
2000 4636 2166 4690 denos
2224 4633 2383 4702 hujus
2424 4633 2627 4703 passim
2667 4632 2878 4688 exstitit
2917 4630 3204 4686 difficultas
3258 4630 3421 4686 edulii
3457 4650 3468 4684 :

1884 4727 2056 4783 donec
2088 4727 2230 4782 Deus
2277 4726 2433 4782 nobis
2486 4727 2790 4792 assisteret,
2848 4725 3051 4795 allapsa
3097 4725 3276 4796 portui
3307 4724 3476 4796 Jeppe
3525 4747 3530 4752 τ

1887 4822 2055 4876 nostri
2105 4821 2280 4876 classe
2336 4820 2557 4888 navigii.
2615 4820 2829 4890 Parque
2882 4819 2983 4874 fuit
3037 4835 3293 4890 pressura
3332 4819 3474 4883 sitis,

1886 4916 2020 4970 adeo
2047 4922 2105 4968 ut
2133 4929 2238 4968 non
2270 4914 2428 4968 modo
2461 4913 2562 4982 ipsi
2595 4913 2688 4968 tali
2742 4913 3125 4976 miserabiliter
3160 4912 3477 4966 fatiscerent

1887 5008 2263 5072 incommodo;
2300 5008 2393 5068 sed
2425 5009 2589 5062 etiam
2631 5022 2800 5078 equos
2834 5024 2960 5064 suos
2999 5023 3122 5064 cum
3162 5005 3374 5061 caeteris
3388 5001 3478 5071 ju-

1887 5103 2103 5164 mentis,
2145 5115 2242 5170 per
2297 5115 2391 5158 sex
2449 5099 2680 5164 millium
2730 5101 2923 5170 spatia,
2983 5099 3172 5170 procul
3218 5099 3474 5168 potanda,

1887 5194 2239 5260 deducerent,
2280 5195 2379 5249 sub
2411 5194 2649 5248 hostium
2683 5177 3232 5248 circumcursantium
3283 5191 3478 5246 timore

1886 5283 2076 5340 nimio.
2112 5283 2272 5356 Syloa
2299 5299 2493 5355 nempe
2529 5283 2674 5360 fons,
2705 5299 2771 5338 cx
2803 5281 3115 5354 Evangelici
3154 5282 3284 5337 caeci
3336 5289 3477 5336 rete-

1887 5374 2065 5430 ctione
2113 5373 2484 5445 procognitus,
2541 5371 2631 5442 qui
2685 5385 2715 5426 a
2770 5369 3047 5424 radicibus
3099 5368 3226 5423 Sion
3278 5368 3478 5423 montis

1889 5465 2134 5538 emergit,
2177 5463 2324 5533 ipsos
2353 5463 2531 5517 alebat
2562 5476 2576 5514 :
2619 5475 2741 5530 qua:
2771 5475 2910 5529 aqua
2940 5474 3150 5514 summa
3209 5457 3475 5528 siquidem

1890 5557 2031 5614 inter
2072 5571 2166 5611 eos
2217 5555 2522 5610 caritudine
2583 5553 2937 5608 vendebatur.
2995 5551 3290 5623 Postquam
3347 5565 3478 5622 ergo

1888 5652 2056 5708 missa
2109 5650 2306 5721 legatio
2347 5648 2552 5719 Joppen
2590 5647 2860 5719 appulisse
2909 5647 3124 5716 navigia
3180 5645 3474 5712 nuntiavit,

1891 5745 2293 5802 communicato
2329 5743 2574 5798 seniores
2601 5740 2850 5806 consilio,
2896 5749 3205 5812 proponunt
3251 5738 3473 5804 milites,

1889 5860 2032 5917 quos
2077 5845 2144 5902 ad
2195 5843 2418 5902 tutelam
2467 5841 2687 5898 navium
2741 5856 2804 5897 ac
2835 5839 3117 5896 hominum
3151 5835 3204 5893 in
3246 5835 3476 5890 navibus
