3980 6324
536 378 631 434 191
1322 374 1383 430 v.
1411 374 1735 432 cursum:
1774 374 2063 432 ABBATIS
2096 375 2154 432 s.
2196 372 2436 433 MARUE
2479 374 2567 434 os
2600 359 2993 437 NOVIGENTO

3644 406 3721 466 792

458 554 463 557 μ
535 499 859 565 positorum,
908 490 973 547 ad
1023 501 1240 561 portum
1282 493 1517 549 debeam
1562 496 1853 551 destinare.
1893 496 2115 550 Summo
2145 491 2191 549 A
2220 507 2343 550 cum
2386 506 2641 565 putamus
2685 507 2855 554 tortos
2904 497 3185 554 acredine!
3234 484 3374 560 Bone
3428 508 3579 568 Deus!
3627 527 3724 589 quid

534 586 718 654 itaque
749 582 983 637 diluculo
1011 598 1130 636 cum
1158 583 1274 652 jam
1323 586 1652 652 exprimeret
1710 588 1883 642 tenuis
1924 602 2121 641 aurora

533 676 933 743 crepusculum,
978 674 1338 740 Raimundus,
1374 677 1465 744 qui
1501 676 1694 732 crebro
1724 694 1753 732 a
1808 680 1964 735 nobis
2005 694 2121 733 ser-

530 785 693 822 mone
725 769 937 835 teritur,
968 785 1091 823 cum
1141 768 1351 823 duobus
1402 770 1523 824 aliis
1561 772 1877 840 proceribus
1903 782 2120 826 centum

530 861 598 915 de
630 861 833 915 domini
866 862 947 916 sui
978 860 1161 915 Sancti
1190 862 1360 933 Egidii
1386 863 1601 918 comitis
1626 865 1871 918 exercitu
1909 866 2121 933 equites

529 951 688 1023 legit,
719 961 773 1007 et
799 953 865 1007 ad
891 961 1106 1021 portum
1149 968 1320 1024 usque
1361 954 1520 1008 solita
1572 956 1899 1009 auctoritate
1926 970 2117 1023 proce-

529 1042 629 1098 dit.
662 1043 705 1097 E
746 1043 943 1113 quibus
993 1045 1215 1115 triginta
1248 1045 1394 1100 illico
1433 1060 1553 1101 sese
1600 1046 1801 1102 milites
1834 1062 2116 1118 excepere,

529 1145 586 1189 et
617 1136 845 1206 digressi
898 1138 965 1192 ab
1017 1137 1162 1204 aliis,
1203 1136 1432 1204 Turcos,
1478 1139 1705 1205 Arabes,
1761 1138 2115 1209 Sarracenos,

529 1230 874 1299 septuaginta
938 1227 1071 1301 [al.,
1122 1230 1520 1303 septingentos]
1586 1232 1807 1287 circiter
1872 1249 2121 1303 reperere

530 1336 670 1393 quos
697 1331 1011 1377 nostrorum
1040 1325 1147 1380 itus
1173 1340 1235 1380 ac
1258 1326 1467 1381 reditus
1494 1326 1768 1383 direxerat
1792 1339 2117 1399 aucupatum

531 1432 627 1471 rex
656 1415 979 1485 Babylonize.

605 1508 843 1575 Quorum
874 1522 1045 1565 cuneo
1069 1510 1262 1576 nostri,
1284 1519 1339 1565 et
1359 1511 1404 1566 si
1430 1511 1594 1567 nimis
1614 1511 1849 1582 impares
1869 1529 2115 1582 numero,

533 1601 725 1670 grandi
756 1601 1062 1657 animorum
1094 1603 1397 1659 acrimonia
1450 1605 1815 1661 invehuntur:
1846 1608 1940 1662 sed
1974 1618 2118 1663 tanta

531 1693 772 1748 hostium
806 1694 980 1751 virtus
1008 1712 1071 1750 ac
1099 1696 1356 1753 ferocitas
1382 1698 1617 1766 exstitit,
1658 1709 1716 1754 ut
1746 1700 1985 1770 undique
2013 1702 2117 1755 im-

529 1786 805 1841 minerent
831 1788 946 1857 jam
978 1804 1149 1859 usque
1178 1790 1245 1845 ad
1272 1790 1514 1859 ipsorum
1561 1792 1861 1861 perniciem
1894 1793 2113 1849 nostris.

530 1876 690 1935 Unde
726 1888 780 1933 et
812 1880 1040 1934 alterum
1067 1881 1133 1936 de
1165 1881 1373 1937 duobus
1411 1882 1518 1937 illis
1548 1884 1865 1951 proceribus
1911 1885 2120 1939 Acbar—

531 1970 661 2024 dum
693 1970 959 2027 vocabulo
1002 1983 1379 2042 peremerunt,
1412 1982 1467 2027 et
1515 1973 1728 2044 aliquos
1772 1991 1838 2030 cx
1863 1976 2118 2046 pauperi-

530 2062 635 2119 bus
672 2073 725 2119 et
764 2079 832 2119 ex
886 2066 1158 2135 peditibus
1213 2067 1615 2126 honoratiores.
1658 2068 1792 2123 (lum
1839 2085 1968 2139 ergo
2009 2086 2125 2124 am-

529 2154 713 2210 birent
753 2165 1006 2225 nostros,
1056 2168 1111 2214 et
1170 2159 1338 2214 armis
1391 2160 1520 2214 hinc
1581 2170 1637 2216 et
1668 2161 1794 2216 inde
1837 2162 2123 2218 conclusos

529 2257 813 2317 urgerent,
841 2258 896 2303 et
921 2264 1061 2320 pene
1085 2251 1199 2321 jam
1231 2251 1523 2307 miserabili
1572 2253 1952 2322 desperatione
1987 2270 2120 2309 con-

531 2339 798 2403 ciderent,
832 2342 982 2397 venit
1017 2342 1108 2411 qui
1140 2342 1446 2397 Raimundo
1488 2343 1562 2397 illi
1595 2344 1854 2413 praedicto
1886 2346 2126 2400 necessi-

530 2440 701 2488 tatem
723 2449 888 2503 quam
917 2435 998 2489 sui
1023 2436 1255 2491 comites
1279 2445 1617 2506 paterentur,
1643 2438 1909 2493 ediceret:
1933 2457 1950 2490 ι
1982 2439 2122 2508 Quid

531 2529 616 2589 tu,
650 2524 844 2593 inquit,
880 2525 1004 2580 istic
1040 2525 1319 2591 detineris,
1352 2536 1407 2581 et
1442 2526 1680 2582 milites?
1732 2527 1869 2582 Ecce
1923 2529 1996 2581 tui
2028 2527 2123 2597 qui

532 2629 727 2669 recens
751 2631 780 2669 a
813 2623 863 2670 te
904 2616 1172 2682 abierant,
1232 2618 1554 2684 Turcorum,
1594 2618 2020 2674 Sarracenorum
2068 2628 2125 2675 et

531 2698 776 2761 Arabum
805 2708 1065 2762 atrociter
1092 2710 1597 2780 circumcinguutur
1623 2710 1908 2774 examine;
1934 2718 1987 2764 et
2017 2709 2123 2767 nisi

531 2797 615 2852 cis
647 2797 1036 2853 adminiculum
1068 2800 1221 2855 ocius
1274 2800 1442 2867 feras,
1492 2800 1810 2867 morituros,
1868 2801 1971 2855 nisi
2006 2802 2123 2869 jam

531 2886 770 2941 obierint
798 2887 1019 2943 indubie
1048 2904 1240 2944 omnes
1268 2889 1321 2943 in
1353 2890 1608 2959 proximo
1638 2892 1800 2946 scias.
1836 2889 1969 2945 Vola
2020 2892 2124 2962 igi-

532 2988 643 3045 tur,
678 2992 928 3049 propera,
957 2980 1085 3049 quia
1134 2981 1329 3047 fateor,
1361 2982 1467 3036 erit
1497 2982 1675 3037 omnis
1722 2982 1874 3037 tarda
1925 2982 2124 3038 veloci-

531 3081 637 3128 tas.
682 3092 702 3127 υ
748 3074 817 3128 At
848 3075 1183 3130 ltaimundus
1231 3091 1355 3131 cum
1409 3090 1507 3131 suo
1560 3076 1817 3131 universo
1857 3075 2124 3131 comitatu

531 3164 837 3233 expeditius
871 3165 1106 3220 invisere
1134 3165 1314 3220 locum
1336 3180 1443 3234 quo
1482 3165 1598 3221 haec
1632 3166 1936 3237 agebantur
1967 3181 2127 3222 acce-

530 3256 691 3323 lerat,
739 3257 835 3312 sed
885 3258 938 3311 in
981 3257 1097 3325 ipso
1126 3257 1441 3313 certaminis
1483 3268 1745 3328 apparatu
1789 3273 1895 3312 non
1944 3259 1997 3313 in
2036 3274 2123 3323 ar-

529 3347 657 3413 mis,
685 3362 791 3402 non
813 3348 867 3401 in
894 3347 1123 3413 viribus,
1164 3363 1351 3402 verum
1384 3348 1440 3403 in
1468 3346 1769 3403 Salvatoris
1798 3347 1903 3403 ﬁde
1926 3346 2126 3403 suifra-

530 3438 677 3508 gium
718 3448 920 3509 sperat.
970 3441 1041 3495 At
1092 3439 1424 3508 Gentilium,
1476 3440 1567 3496 ubi
1619 3439 1825 3495 Christi
1873 3441 2126 3494 militiam

531 3529 807 3603 Phalanga
862 3533 1185 3603 conspexit,
1245 3533 1477 3588 duarum
1548 3533 1805 3588 continuo
1883 3534 2130 3589 acierum

531 3622 847 3678 discrimina
878 3624 1040 3688 fecit;
1068 3624 1320 3679 invocato
1351 3624 1536 3694 itaque
1556 3622 1821 3679 Altissimi
1848 3624 2128 3694 prtesidio,

533 3723 685 3770 tanta
716 3716 887 3770 nostri
914 3716 1021 3771 illis
1044 3716 1388 3771 vehementia
1441 3716 1741 3782 irruerunt,
1796 3724 1858 3770 ut
1896 3715 2132 3786 quisque

531 3806 751 3861 hostem
791 3807 861 3862 ad
913 3821 972 3861 se
1010 3822 1235 3862 versum
1297 3816 1680 3878 properantem
1727 3817 2129 3877 prosterneret.

533 3896 960 3954 Considerantes
982 3913 1112 3970 ergo
1135 3899 1280 3955 vires
1302 3913 1423 3955 sese
1450 3898 1540 3953 diu
1566 3897 1866 3954 Christiani
1893 3899 2133 3968 impetus

535 4004 646 4045 non
692 3990 919 4057 laturos,
949 4008 1163 4049 cessere
1214 3994 1432 4064 pagani,
1466 4001 1521 4048 et
1572 3993 1736 4048 celeri
1769 3993 1890 4063 fuga
1936 3993 2133 4047 intole-

534 4083 723 4139 randae
758 4086 1081 4142 consuluere
1129 4087 1429 4143 formidini.
1481 4088 1551 4141 At
1601 4086 1775 4141 nostri
1823 4100 1915 4141 eos
1940 4086 2131 4155 rapida

534 4177 855 4232 maturitate
904 4186 1225 4249 sequentes,
1276 4194 1374 4249 per
1416 4186 1650 4247 quatuor
1697 4178 1922 4232 millium
1953 4192 2132 4233 remo-

536 4266 673 4323 tiora
700 4268 997 4341 fugarunt:
1033 4271 1086 4325 in
1122 4279 1355 4338 tantum,
1391 4279 1451 4325 ut
1476 4284 1599 4325 cum
1630 4283 1694 4322 ex
1740 4269 1821 4325 eis
1864 4270 2131 4340 plurimos

532 4365 929 4433 peremissent,
978 4381 1146 4437 equos
1187 4376 1413 4423 centum
1456 4375 1683 4437 tresque
1728 4383 1830 4437 pro
1886 4368 2132 4424 victoria:

535 4457 690 4527 signo
716 4459 1059 4515 reducerent.
1092 4459 1296 4515 Verum
1320 4460 1517 4515 occisis
1545 4460 1781 4527 caeteris,
1808 4477 1931 4515 cum
1962 4478 2130 4517 unum

2230 586 2612 655 patientia’rum
2644 586 2777 641 inibi
2808 587 2973 642 fuisse
2999 602 3308 659 pensamus,
3354 595 3438 651 ubi
3460 614 3553 656 non
3581 586 3724 668 ininic-

2226 693 2406 733 mores
2433 689 2587 734 erant
2610 680 2810 749 quique
2835 680 3032 735 habite
3053 683 3320 750 quondam
3344 686 3393 741 in
3420 695 3573 759 patria
3594 698 3723 770 digni.

2228 773 2375 837 tatis,
2408 788 2567 841 quam
2592 772 2814 828 condire
2836 772 3015 828 fuerat
3037 774 3190 830 solita
3222 792 3323 832 non
3344 782 3535 853 exigua:
3562 796 3728 861 requies

2226 864 2535 935 voluptatis,
2560 881 2680 921 cum
2704 880 2769 921 ea
2794 881 2914 936 quie
2936 867 3283 936 patiebantur
3298 871 3481 928 nullius
3500 883 3729 941 exterioris

2226 955 2460 1010 lenirent
2488 964 2580 1009 aut
2610 970 2734 1025 spes
2758 964 2851 1010 aut
2882 955 3074 1011 solatia
3098 967 3350 1028 quaestus,
3380 976 3564 1034 eosque
3585 969 3731 1030 indies

2225 1048 2732 1104 crudelissimorum
2764 1046 3010 1103 laborum
3063 1049 3383 1120 decoqueret
3429 1064 3597 1114 :estus!
3640 1062 3730 1121 liae

2226 1155 2345 1195 mea
2374 1150 2457 1195 est
2485 1140 2780 1205 sententia,
2810 1140 2927 1195 haec
2953 1141 3113 1196 unica
3147 1157 3167 1197 :
3194 1158 3456 1214 nunquam
3483 1163 3511 1202 a
3557 1157 3731 1211 sarculo.

2226 1249 2343 1290 rum
2380 1232 2513 1289 tales
2542 1233 2821 1289 exstitisse
2850 1235 3155 1305 principiis,
3191 1237 3275 1307 qui
3321 1253 3416 1308 pro
3453 1240 3552 1297 sola
3585 1260 3733 1318 exspe-

2225 1328 2463 1383 ctatione
2517 1326 2870 1382 emolumenti
2924 1328 3245 1397 spiritualis,
3306 1338 3382 1385 tot
3423 1347 3623 1404 corpora
3665 1355 3734 1394 sua

2225 1432 2527 1488 exposuere
2556 1416 2857 1487 suppliciis.
2892 1416 3138 1474 Urebant
3166 1420 3377 1475 animos
3418 1434 3613 1481 remota:
3635 1429 3736 1485 adeo

2226 1509 2689 1581 peregrinantium
2747 1512 3034 1583 pignorum
3093 1511 3342 1581 affectus,
3412 1514 3737 1579 delectationes

2225 1603 2448 1667 uxoriae,
2484 1604 2889 1672 possessionum
2918 1604 3166 1676 fastigia;
3216 1615 3271 1662 et
3302 1617 3476 1663 tamen
3521 1626 3575 1665 ac
3604 1614 3639 1666 si
3667 1614 3736 1668 ibi-

2226 1699 2347 1755 dem
2377 1699 2715 1771 permansuri
2742 1705 3023 1769 perpetuo,
3050 1712 3158 1753 non
3187 1696 3556 1754 desistebanta
3585 1700 3738 1758 Christi

2228 1791 2603 1862 prosequenda
2628 1789 2842 1845 militia.

2840 1878 3068 1937 CAPUT
3108 1880 3195 1936 lli.

2301 1972 2440 2047 [VL]
2473 1972 2645 2027 Instat
2682 1971 2943 2026 obsidioni
2983 1987 3137 2025 sacra
3185 1970 3394 2024 militia.
3422 1998 3488 2010 -—-
3513 1969 3738 2027 Sarraceni

2229 2066 2393 2137 igitur
2414 2067 2558 2121 circa
2581 2065 2757 2122 fontes
2782 2080 2845 2119 ac
2860 2064 3078 2120 flumina
3099 2062 3323 2136 iugibus
3343 2064 3532 2120 instare
3553 2066 3738 2132 insidiis;

2231 2156 2429 2227 ubique
2455 2155 2697 2211 locorum
2749 2164 3057 2210 nostrorum
3101 2154 3342 2209 caedibus
3384 2153 3604 2220 inhiare;
3637 2170 3741 2224 pra:-

2230 2253 2370 2319 dari,
2402 2254 2445 2308 si
2477 2267 2582 2321 qua
2614 2251 2930 2321 contigisset
2960 2264 3286 2317 occurrere;
3326 2258 3473 2320 rapta
3523 2250 3619 2305 sive
3659 2249 3744 2304 ani-

2227 2344 2415 2409 malia,
2440 2358 2534 2399 seu
2576 2342 2829 2412 qumlihet
2857 2341 2962 2395 alia
2993 2340 3045 2395 in
3076 2339 3361 2395 cuniculos
3388 2348 3442 2395 et
3490 2339 3652 2408 spelaea
3677 2338 3746 2391 ab-

2231 2438 2446 2493 ducere.
2485 2434 2642 2491 Circa
2673 2434 2948 2490 civitatem
2989 2448 3088 2502 per
3117 2431 3419 2487 exercitum
3444 2430 3494 2484 in
3523 2430 3746 2500 procinctu

2231 2536 2690 2592 commanentem,
2749 2523 2908 2579 famis
2964 2524 3195 2594 sitisque
3241 2531 3400 2577 atrox
3446 2520 3747 2576 bacchabatur

2231 2618 2534 2683 acerbitas;
2572 2625 2628 2671 et
2657 2615 2916 2680 hostium,
2949 2613 3078 2668 hinc
3103 2621 3157 2668 et
3180 2612 3307 2667 inde
3336 2610 3618 2682 vagantium
3640 2609 3748 2664 rabi-

2231 2710 2351 2766 dior
2378 2708 2667 2765 detonabat
2701 2708 3127 2777 circumquaque
3158 2704 3491 2775 malignitas.
3542 2704 3602 2757 At
3638 2702 3751 2772 prin-

2232 2803 2379 2872 cipes
2435 2817 2607 2857 sacrze
2663 2799 2894 2864 militim,
2953 2806 3161 2852 tantum
3210 2796 3666 2857 incommodum,a
3700 2801 3757 2849 tot

2233 2905 2455 2965 tamque
2521 2892 2753 2948 diversis
2820 2889 3134 2945 hominibus
3195 2888 3421 2944 tolerari
3475 2888 3555 2941 vix
3605 2885 3755 2941 diutius

2230 3001 2392 3057 posse
2421 2984 2691 3051 videntes,
2725 2981 2921 3053 quibus
2951 2979 3218 3035 machinis
3248 2980 3449 3034 civitas
3490 2972 3758 3046 expugnabi-

2233 3079 2338 3136 lior
2372 3088 2655 3150 putaretur
2689 3075 3007 3146 conjiciunt,
3039 3082 3340 3143 quatenus,
3390 3086 3484 3142 pro
3518 3085 3610 3139 quo
3648 3074 3755 3120 tanta

2234 3172 2591 3243 pertulerant,
2619 3170 2761 3241 passi
2789 3184 2855 3223 ac
2890 3167 3085 3237 sepulti
3112 3164 3481 3222 monumentis
3521 3158 3758 3217 Salvatoris

2234 3265 2525 3321 adorandis
2578 3264 2845 3319 interesse
2897 3258 3162 3314 valerent.
3201 3255 3411 3311 Praeter
3435 3254 3533 3309 alia
3574 3266 3679 3319 ergo
3702 3249 3759 3301 in.

2235 3364 2539 3413 strumenta
2584 3352 2841 3424 plurima,
2893 3350 3089 3419 quibus
3124 3357 3216 3403 aut
3248 3347 3397 3401 muri
3446 3361 3537 3416 per
3583 3343 3760 3396 arietum

2234 3448 2497 3503 illisioncs
2551 3442 3034 3505 labefactarentur,
3088 3448 3182 3493 aut
3233 3438 3453 3493 crebris
3502 3434 3761 3490 balistarum

2229 3538 2469 3609 jactibus
2516 3544 2692 3589 turres
2728 3539 3153 3588 concuterentur
3209 3543 3281 3584 ac
3326 3527 3542 3591 mtenia,
3592 3525 3678 3579 duo
3699 3520 3761 3590 ju-

2234 3629 2432 3686 bentur
2462 3625 2671 3682 institui
2703 3624 2879 3695 lignea
2908 3631 3109 3688 castra,
3143 3636 3265 3691 quae
3300 3634 3401 3676 nos
3450 3632 3622 3675 sumus
3659 3610 3764 3669 soliti

2234 3734 2434 3776 vocare
2466 3717 2654 3788 phalas
2687 3715 2800 3788 [seu
2831 3713 2986 3780 falas,
3013 3713 3108 3767 hoc
3129 3722 3204 3767 est
3234 3721 3423 3767 turres
3437 3706 3662 3781 ligneas].
3681 3706 3764 3759 Dux

2235 3815 2420 3885 itaque
2434 3809 2761 3866 Godefridus
2776 3824 2932 3864 suum
2960 3808 3169 3879 primus
3198 3820 3326 3861 cum
3358 3804 3479 3860 aliis
3499 3799 3768 3858 convenien-

2237 3904 2382 3958 tibus
2413 3900 2680 3956 machinis
2727 3898 2963 3955 tediﬁcat
3021 3906 3286 3962 castrum,
3339 3906 3395 3952 et
3441 3893 3614 3950 Sancti
3636 3886 3766 3960 Egidii

2238 4011 2421 4052 comes
2450 3994 2810 4061 Raimundus,
2846 3993 2938 4064 qui
2978 3992 3110 4047 nulli
3150 4007 3209 4048 se
3256 3991 3566 4063 patiebatur
3592 3996 3771 4042 essese-

2237 4088 2497 4153 cundum,
2530 4088 2645 4157 ipse
2678 4087 2862 4142 itidem
2904 4086 3141 4141 instituit
3195 4100 3383 4140 suum.
3441 4082 3568 4138 Tum
3620 4078 3770 4133 Sarra-

2238 4180 2379 4248 ccni,
2414 4179 2539 4234 dum
2594 4178 2877 4233 machinas
2922 4177 3080 4247 erigi,
3123 4177 3249 4232 dum
3284 4185 3467 4232 castra
3513 4170 3771 4244 procedere,

2238 4276 2367 4328 dum
2391 4271 2670 4326 admoveri
2693 4271 2911 4326 arcibus
2939 4278 3207 4326 tormenta
3236 4268 3599 4340 conspiciunt,
3633 4269 3773 4316 muros

2237 4372 2292 4419 et
2325 4364 2425 4432 ipsi
2457 4361 2781 4433 provehere,
2819 4361 3015 4416 fulcire
3037 4360 3301 4425 labentia,
3327 4359 3559 4414 turrium
3586 4361 3775 4410 summas

2238 4452 2455 4509 insolita
2508 4452 2843 4523 proceritate
2892 4452 3189 4523 porrigere.
3239 4449 3376 4517 Quae
3432 4448 3637 4519 quidem
3688 4438 3775 4493 uni-

537 4553 887 4620 superstitem
920 4553 1291 4621 reliquissent,
1323 4566 1512 4608 secum
1546 4553 1911 4621 adduxerunt,
1959 4569 1991 4607 a
2018 4568 2125 4623 quo
2152 4567 2207 4629 Ι)
2242 4558 2422 4605 Versa.
2451 4557 2575 4597 cum
2603 4549 2941 4598 maturaret"
2970 4540 3244 4611 explicare
3282 4538 3557 4604 ηοοιίῦυετ
3593 4527 3777 4629 men"?

538 4653 876 4711 quaecunque
907 4644 1049 4712 apud
1074 4642 1262 4699 hostes
1290 4643 1691 4709 tractabantur,
1730 4651 1786 4697 et
1825 4658 1947 4711 qua:
1975 4645 2129 4713 prin-

539 4750 667 4807 ceps
689 4735 1112 4807 Babyloniorum
1140 4738 1323 4801 facere
1355 4743 1549 4793 contra
1588 4744 1806 4792 nostros
1828 4750 2133 4807 proposue-

537 4836 645 4894 rat,
681 4829 1008 4885 didicerunt.

609 4918 726 4992 [V.]
756 4918 856 4976 Siti
887 4923 1214 4977 cruciantur.
1243 4920 1907 4993 Commendaturipsorum
1933 4920 2134 4992 patien-

539 5014 635 5067 tia.
661 5043 733 5054 —
761 5014 973 5074 Interea
996 5016 1118 5071 sitis
1149 5015 1440 5072 insolentia
1484 5015 1825 5072 horribiliter
1867 5017 2135 5087 gravaba-

540 5111 630 5157 tur
654 5106 947 5173 exercitus,
994 5106 1130 5161 adeo
1179 5114 1239 5161 ut
1275 5106 1428 5162 coria
1479 5105 1644 5162 boum
1698 5106 2135 5176 bubalorumque

539 5205 782 5264 suerent,
817 5197 871 5252 in
900 5198 1099 5267 quibus
1128 5195 1517 5253 deferebantur
1552 5214 1707 5269 aquae
1738 5214 1837 5268 per
1878 5199 2132 5254 milliaria

540 5302 657 5343 sex.
733 5287 955 5344 Talibus
1017 5288 1228 5344 utribus
1282 5288 1349 5343 ad
1412 5290 1795 5346 convehendas
1843 5288 2136 5345 utebantur

543 5396 735 5450 aquas,
753 5398 873 5454 quae
900 5398 968 5437 ex
985 5381 1287 5437 recentium
1319 5391 1603 5454 tergorum
1629 5384 1861 5439 humore
1882 5384 2131 5451 exolidae,

541 5473 837 5525 maximam
890 5472 1166 5527 miseriam
1212 5473 1406 5529 inedire
1436 5474 1762 5545 quibusdam
1811 5475 2131 5540 intulerant,

541 5561 708 5634 530
746 5564 799 5616 in
828 5580 985 5619 usum
1015 5567 1288 5621 exercitus
1320 5568 1557 5622 transire
1588 5576 1813 5633 coactae,
1846 5584 1969 5622 cum
2001 5567 2133 5621 hor-

543 5655 747 5707 deaceo
776 5670 936 5722 pane.
967 5656 1177 5723 Quanta
1228 5666 1306 5713 tot
1351 5660 1594 5716 virorum
1652 5660 1915 5715 nobilium
1946 5659 2135 5713 fauces

544 5754 602 5799 et
631 5754 851 5813 guttura
876 5747 1065 5802 cibarii
1097 5751 1254 5819 panis
1283 5750 1427 5805 illius
1452 5751 1788 5808 rodebantur
1813 5751 2130 5820 aspredine!

548 5844 752 5907 quanta
782 5836 1041 5897 delicatos
1073 5854 1260 5898 eorum
1289 5840 1602 5903 stomachos
1648 5841 1959 5911 putidoruin
2004 5839 2136 5901 lati-

2240 4641 2305 4694 de
2333 4636 2573 4692 novitate
2606 4651 2829 4707 operum
2862 4635 3064 4691 nostris
3107 4633 3434 4689 miraculum
3483 4625 3775 4685 exhibebant.

2238 4730 2408 4802 Ligna
2448 4739 2650 4797 autem,
2686 4727 2752 4784 de
2781 4728 2981 4798 quibus
3006 4727 3176 4782 nostri
3202 4736 3295 4780 aut
3336 4732 3521 4780 castra
3550 4733 3637 4775 seu
3656 4726 3779 4787 quas-

2241 4837 2348 4892 que
2388 4822 2669 4878 machinas
2722 4820 3085 4886 instruebant,
3109 4812 3620 4873 couvehebanture
3650 4817 3781 4862 remo-

2239 4916 2381 4972 tiore
2402 4915 2702 4988 provincia.
3078 4927 3085 4931 ·

2309 5010 2713 5081 Perpendentes
2741 5008 2923 5078 itaque
2956 5006 3230 5062 exercitus
3260 5001 3532 5060 Dominici
3560 5004 3784 5070 proceres,

2240 5103 2325 5159 cui
2358 5103 2508 5158 urbis
2545 5102 2685 5172 parti
2727 5099 3071 5156 imbecillitas
3098 5097 3270 5167 major
3296 5096 3532 5159 inesset,
3556 5083 3786 5180 cujusdam

2242 5204 2400 5251 nocte
2428 5184 2673 5259 Sabbati,
2704 5200 2944 5247 castrum
2971 5190 3114 5245 idem
3170 5203 3291 5243 cum
3322 5183 3597 5256 aliquibus
3622 5172 3780 5232 machi-

2240 5287 2327 5341 nis
2360 5285 2448 5340 illo
2485 5285 2790 5354 deportant.
2831 5280 2914 5335 Ab
2942 5278 3194 5335 orientali
3232 5290 3363 5345 ergo
3412 5279 3566 5344 parte
3617 5270 3787 5363 sumtnO

2240 5394 2305 5434 ea
2333 5376 2566 5433 diluculo
2601 5375 2909 5445 eriguntur;
2947 5374 3233 5449 primaque
3267 5383 3331 5423 ac
3356 5363 3595 5423 secunda
3639 5363 3789 5449 tertiae

2241 5486 2346 5541 que
2373 5470 2529 5537 feria,
2563 5470 2648 5525 his
2674 5443 2925 5538 aptandis
2951 5443 3404 5531 stabiliendisque
3434 5443 3790 5548 insistunt.(io‘

2242 5577 2357 5616 mes
2397 5562 2559 5616 etiam
2591 5559 2777 5615 Sancti
2826 5556 2999 5629 Egidii
3034 5554 3333 5611 meridiana
3378 5550 3537 5621 plaga
3568 5557 3706 5635 suam
3730 5551 3790 5635 ιιξ·

2243 5651 2523 5707 staurabat
2579 5650 2911 5705 machinam.
2970 5647 3106 5703 Dum
3159 5658 3286 5715 ergo
3341 5648 3496 5694 tanta
3533 5631 3792 5692 obsidioni!

2243 5745 2478 5800 ferveret
2530 5743 2778 5807 intentio,
2809 5742 2928 5796 sitis
2969 5736 3150 5794 tamen
3186 5733 3544 5792 intoleranda:
3588 5722 3791 5783 omnium

2243 5838 2542 5912 praecordia
2582 5836 2826 5892 torrebat
2873 5834 3141 5890 ariditas:
3191 5833 3244 5888 in
3292 5837 3511 5887 tantum
3563 5833 3620 5880 ut
3648 5810 3791 5895 pretio

3894 318 3895 375 l

3894 442 3895 495 ι

3894 526 3897 606 l
