3980 6324
297 473 406 530 795

1347 469 1571 528 GESTA
1600 470 1713 528 DEI
1743 471 1877 529 PER
1911 470 2250 551 FRANCOS.
2276 506 2346 516 —
2366 473 2494 531 LIB.
2526 473 2633 530 νη.

3446 478 3554 545 794
3650 446 3651 449 γ

300 586 466 641 unius
496 584 821 641 nummi-vel
867 583 933 638 ad
979 583 1411 652 refocillandum,
1443 594 1503 641 ut
1530 586 1607 641 sic
1636 586 1882 651 dixerim,
1914 590 1962 650 Α
1993 604 2273 644 murorum
2294 589 2500 657 pariter
2524 600 2776 658 suprema
2797 586 3188 643 conscendunt.
3224 588 3372 657 Quos
3397 589 3564 644 etiam

298 694 651 749 nequaquam
700 693 838 748 aqua
887 678 1159 734 sufficiens
1186 679 1392 736 valeret
1438 681 1646 737 haberi.
1683 680 1884 748 Quarta

300 771 520 825 demum
549 786 613 825 ac
646 771 835 839 quinta
869 770 977 835 die,
1012 771 1223 827 collatis
1275 772 1603 827 unanimiter
1656 772 1881 838 viribus,

298 861 522 929 aggredi
554 860 889 915 constituunt
919 860 1190 916 civitatem
1227 877 1293 917 ex
1334 862 1482 919 omni
1522 872 1672 932 parte
1720 862 1886 917 valla-

301 961 436 1003 tam.
477 952 549 1005 At
586 962 877 1021 antequam
933 953 1047 1006 hmc
1084 954 1239 1007 ﬁeret
1291 954 1554 1008 destinata
1615 955 1881 1023 pervasio,

297 1042 559 1111 subjectis
590 1043 837 1113 plebibus
864 1044 1079 1098 litanias
1109 1044 1354 1099 indicunt
1392 1046 1673 1116 pontifices
1722 1055 1885 1114 atque

297 1138 639 1207 presbyteri;
676 1137 904 1206 jejunia,
936 1137 1213 1192 orationes
1259 1154 1322 1192 ac
1343 1138 1715 1210 eleemosynas
1745 1153 1886 1208 pra)-

295 1230 509 1299 cipiunt
554 1230 842 1285 celebrari.
892 1230 1156 1285 MemOres
1216 1230 1383 1301 igitttr
1438 1230 1579 1284 idem
1630 1229 1885 1299 praesules

294 1320 617 1377 Jericontiui
643 1323 911 1392 quondam
946 1337 1125 1388 casus,
1177 1331 1232 1377 et
1277 1320 1421 1392 quod
1462 1320 1719 1376 Israelita:
1742 1320 1885 1377 tubis

294 1413 593 1485 aliquando
616 1415 993 1487 clangentibus
1020 1416 1308 1471 circumitu
1339 1424 1583 1487 septeno,
1617 1425 1673 1470 et
1717 1430 1885 1471 sacrae

294 1507 478 1561 archa:
507 1508 941 1575 circumlatione,
978 1509 1259 1564 diruerant
1304 1508 1525 1580 perfidae
1556 1509 1754 1565 moenia
1810 1509 1885 1563 ci-

294 1597 483 1651 vitatis
511 1615 524 1651 :
557 1614 678 1652 cum
710 1599 878 1653 multa
907 1600 1192 1669 spirituum
1241 1610 1294 1655 et
1338 1615 1626 1670 corporum
1678 1599 1884 1654 contri-

297 1690 447 1744 tione
474 1693 848 1761 processiones
875 1693 1104 1763 agendo,
1139 1701 1453 1749 sanctorum
1479 1692 1695 1747 nomina
1734 1692 1883 1747 flebi-

294 1779 422 1835 liter
448 1782 810 1849 inclamando,
843 1784 1181 1854 nudipedalia
1230 1785 1551 1849 exercendo,
1583 1783 1882 1839 Jerusalem

294 1871 672 1941 circumeunt;
704 1891 825 1930 cum
858 1875 1121 1940 seniores,
1149 1885 1261 1931 tum
1292 1877 1495 1947 populi,
1524 1893 1758 1947 superna
1783 1877 1880 1932 im-

295 1963 563 2033 plorando
589 1966 850 2031 subsidia,
885 1966 1061 2021 eidem
1096 1967 1409 2021 necessitati
1455 1977 1805 2022 concurrunt.

368 2056 790 2112 Christianorum
822 2070 1041 2113 conatus
1070 2059 1144 2113 nil
1172 2060 1418 2130 eﬂiciunt.
1438 2091 1509 2099 —
1535 2059 1632 2115 llis
1655 2061 1885 2130 denique

294 2148 735 2219 profundissima:
765 2152 945 2206 studio
976 2152 1296 2208 humilitatis
1349 2153 1638 2223 explicitis,
1689 2154 1885 2208 accidit

296 2252 357 2295 nt
403 2251 553 2296 sexta
598 2248 935 2297 occurreret‘
970 2243 1125 2306 feria,
1170 2243 1223 2297 in
1267 2259 1371 2313 qua
1414 2259 1536 2299 cum
1574 2244 1883 2307 vehementi

295 2332 575 2387 civitatem
639 2334 980 2404 impetissent
1030 2335 1319 2401 instantia,
1372 2345 1429 2391 et
1482 2337 1610 2390 nulli
1662 2353 1885 2406 prorsus

294 2422 511 2478 cﬂ‘ectni
540 2424 819 2478 molimina
843 2425 1153 2479 communia
1188 2426 1518 2491 valuissent;
1550 2442 1676 2482 ecce
1721 2428 1884 2482 totius

295 2514 506 2570 militia:
532 2515 730 2569 animis
762 2523 925 2569 tantae
955 2515 1344 2585 desperationis
1405 2526 1593 2586 stupor
1643 2517 1878 2587 irrepsit,

295 2605 433 2658 adeo
463 2605 840 2660 universorum
869 2604 1038 2659 robur
1076 2607 1299 2661 evanuit
1328 2614 1384 2659 ut
1414 2606 1721 2662 infortuniis
1749 2606 1881 2662 elisa

295 2695 678 2766 frequentibus
695 2713 1033 2768 quorumque
1052 2698 1378 2770 generaliter
1399 2699 1880 2754 audacissimorum

291 2792 456 2845 corda
482 2791 847 2847 conciderent.
873 2792 1090 2858 Audivi,
1121 2803 1290 2848 testor
1320 2792 1510 2861 Deum,
1532 2809 1562 2848 a
1585 2794 1719 2849 viris
1769 2794 1888 2864 qui-

291 2882 522 2937 busdam
559 2883 788 2938 veritate
811 2882 1071 2954 praeditis,
1106 2887 1197 2954 qui
1228 2883 1302 2939 illi
1359 2885 1539 2939 divino
1586 2883 1882 2939 interfuere

292 2974 620 3043 procinctui,
677 2976 800 3045 quia
854 2991 976 3031 cum
1008 2974 1320 3031 Christiana
1349 2975 1541 3030 militia
1586 2992 1615 3030 a
1646 2976 1881 3032 civitatis

292 3064 571 3120 iuuenibus
594 3065 968 3136 expugnandis
999 3064 1116 3119 sine
1143 3064 1265 3120 ullis
1297 3074 1699 3121 reverterentur
1752 3065 1881 3120 eﬂ'e-

292 3155 502 3220 ctibus,
553 3154 768 3210 videres
816 3156 1048 3225 optimos
1094 3170 1337 3225 quosque
1368 3155 1609 3226 equitum
1641 3172 1670 3210 a
1701 3170 1883 3210 muro-

294 3261 416 3300 rum
448 3247 835 3317 congressibus
863 3247 1096 3314 resilire,
1127 3263 1321 3303 manus
1365 3249 1725 3317 complodere,
1769 3248 1885 3317 eju-

294 3336 500 3392 latibus
531 3338 663 3392 diris
689 3339 1028 3409 obstrepere,
1064 3348 1119 3394 et
1160 3341 1314 3410 quasi
1362 3356 1391 3394 a
1435 3341 1543 3396 Deo
1564 3340 1675 3409 jam
1704 3342 1883 3396 omnii

294 3430 476 3484 modis
500 3431 900 3496 desererentur,
950 3434 1246 3500 ingemere.
1293 3432 1389 3488 Est
1422 3433 1584 3487 etiam
1614 3434 1744 3487 mihi
1774 3442 1880 3489 non

295 3521 544 3578 inferiori
609 3522 767 3595 431
827 3524 1088 3580 relatione
1151 3536 1523 3596 compertum,
1584 3525 1880 3581 Robertum

294 3611 709 3668 Northntannize
730 3614 1005 3679 comitem,
1042 3614 1448 3686 Robertumqne
1471 3616 1697 3671 alterum
1722 3616 1884 3671 Flan-

293 3704 542 3758 driarum
569 3706 866 3775 principem
910 3706 1115 3776 junctis
1162 3706 1367 3776 pariter
1396 3708 1716 3763 convenisse
1746 3721 1883 3762 mce—

295 3794 533 3858 roribus,
569 3805 623 3850 ct
652 3811 711 3851 se
757 3812 879 3851 cum
914 3794 1130 3852 ﬂetibus
1183 3797 1472 3852 uberrimis
1513 3798 1883 3854 conclamasse

293 3887 658 3952 miserrimos,
692 3903 827 3957 quos
855 3902 966 3943 suae
1001 3888 1313 3944 adoratione
1335 3890 1515 3945 crucis
1548 3899 1602 3944 ct
1650 3891 1879 3959 visione,

295 3978 411 4033 imo
442 3979 794 4034 veneratione
816 3979 1047 4050 sepulcri
1099 3990 1378 4051 tantopere
1422 3981 1577 4037 Jesus
1619 3984 1881 4040 Dominus

291 4069 566 4140 judicaret
614 4070 881 4140 indignos.
929 4071 1000 4127 At
1036 4087 1097 4127 ea
1155 4075 1552 4144 propinquante
1597 4075 1728 4130 hora
1777 4092 1883 4145 qua

293 4176 460 4215 verus
490 4160 577 4214 ille
602 4158 781 4227 Jesus,
812 4161 905 4231 qui
954 4164 1192 4218 secundo
1243 4164 1496 4235 populum
1554 4166 1621 4223 de
1662 4165 1883 4237 ngypti

294 4255 479 4325 exegit
510 4254 804 4324 ergastulo,
839 4254 893 4308 in
940 4270 1155 4310 crucem
1189 4257 1433 4311 sublatus
1468 4257 1725 4322 creditur,
1773 4257 1882 4313 dux

294 4345 648 4412 Godefridus,
671 4356 726 4401 et
749 4361 931 4402 comes
952 4347 1276 4404 Eustachius
1320 4348 1490 4404 frater
1537 4348 1673 4417 ejus,
1723 4352 1813 4420 qui
1853 4365 1885 4406 e

293 4447 483 4494 castro
515 4439 820 4495 nullatenus
848 4455 1191 4511 propugnare
1219 4442 1563 4509 destiterant,
1601 4452 1655 4496 et
1702 4458 1885 4499 muros

293 4533 530 4589 inferius
574 4533 905 4589 creberrima
954 4533 1140 4588 arietis
1180 4533 1413 4589 illisione
1462 4534 1781 4604 pulsabant;
1830 4543 1886 4590 et

1989 678 2308 733 nominatim
2334 679 2460 732 huic
2485 678 2782 733 insererem
2812 678 3041 749 paginae,
3072 678 3176 733 nisi
3215 680 3411 735 scirem
3443 687 3566 750 post

1987 771 2220 826 reditum
2251 780 2525 825 tantorum
2552 786 2645 826 eos
2669 769 2996 839 ﬂagitiorum
3027 786 3091 827 ac
3133 771 3398 827 scelerum
3428 770 3565 825 infa-

1988 862 2152 914 miam
2198 860 2517 925 incurrisse,
2556 868 2614 913 ut
2660 860 2726 914 de
2770 874 2957 914 eorum
3002 860 3438 928 expressionibus
3479 875 3567 915 se-

1988 952 2222 1007 cundum
2277 952 2540 1023 judicium
2582 952 2675 1006 Dei
2722 966 2917 1006 nomen
2963 951 3326 1023 diligentium,
3378 951 3569 1007 videar

1988 1059 2094 1098 non
2130 1044 2324 1115 injuria
2358 1045 2611 1099 tacuisse.
2642 1042 2765 1097 Mox
2802 1044 2981 1112 itaque
3011 1053 3069 1098 ut
3098 1045 3338 1101 Francos
3368 1044 3567 1101 Sarra-

1994 1138 2120 1192 ceni
2155 1138 2326 1192 muris
2358 1137 2625 1192 involasse
2663 1136 3025 1206 conspiciunt,
3058 1152 3155 1205 per
3188 1154 3372 1194 muros
3400 1139 3566 1209 ipsos,

1995 1247 2201 1303 perque
2248 1232 2527 1287 civitatem
2579 1230 2837 1286 continuo
2886 1228 3066 1297 fugam
3118 1230 3403 1298 arripiunt.
3455 1227 3567 1285 Illis

1989 1324 2225 1395 denique
2266 1324 2590 1379 cedentibus
2638 1321 2909 1377 universis
2940 1321 3083 1376 illico
3112 1329 3428 1375 nostrorum
3461 1321 3571 1376 ruit

1986 1418 2259 1472 exercitus
2290 1435 2303 1470 :
2338 1416 2459 1471 aliis
2488 1431 2584 1486 per
2606 1414 2873 1470 foramina
2906 1413 3158 1468 arietinis
3181 1412 3379 1468 ictibus
3404 1421 3559 1476 acta;

1987 1510 2310 1582 quibusdam
2358 1523 2455 1579 per
2494 1508 2870 1563 machinarum
2928 1506 3278 1561 inﬂuentibus
3329 1505 3570 1577 fastigia.

1986 1603 2073 1658 Fit
2120 1603 2345 1659 introire
2400 1602 2686 1657 nitentium
2748 1600 3037 1656 admodum
3096 1610 3224 1654 tunc
3272 1599 3571 1668 pernitiosa

1988 1694 2256 1759 celeritas,
2298 1702 2351 1748 et
2390 1693 2517 1748 dum
2562 1693 2793 1763 quisque
2832 1692 3041 1762 primus
3091 1690 3321 1759 reperiri
3355 1689 3589 1771 desidej

1989 1796 2096 1853 rat,
2145 1795 2333 1842 mutua
2365 1786 2507 1840 alter
2547 1788 2780 1839 alterum
2817 1784 3222 1854 compressione
3263 1783 3569 1838 conculcat.

1988 1879 2159 1935 Porro
2204 1878 2369 1935 etiam
2402 1878 2551 1933 circa
2598 1878 2745 1948 ipsos
2776 1891 2913 1946 quos
2954 1875 3245 1932 Sarraceni
3276 1876 3563 1932 obstruse«

1909 1944 1958 2003 Β
1989 1979 2133 2035 rant,
2161 1970 2315 2024 urbis
2340 1944 2931 2038 portarum—introitus,
2956 1968 3105 2024 fraus
3134 1968 3391 2039 adoperta
3421 1979 3571 2022 sero-

1986 2064 2163 2128 bium,
2214 2062 2533 2117 Sarracenis
2583 2061 2788 2116 eisdem
2836 2069 3050 2116 constat
3087 2061 3446 2117 auctoribus:
3480 2057 3570 2113 ubi

1987 2154 2173 2210 multis
2236 2153 2420 2208 intulit
2470 2154 2585 2224 ipse
2638 2152 2939 2224 periculum
2993 2168 3172 2218 casus,
3229 2159 3457 2221 excepto
3505 2163 3572 2205 eo

1988 2243 2310 2299 discrimine
2341 2244 2483 2313 quod
2523 2243 2751 2310 fecerat,
2781 2242 2907 2298 dum
2936 2244 3284 2314 impatienter
3312 2240 3567 2307 inﬂuunt,

1987 2344 2248 2406 angustus
2286 2336 2560 2391 introitus.
2587 2335 2835 2407 Pagauos
2862 2337 3044 2406 itaque
3066 2336 3335 2407 fugientes
3371 2332 3571 2389 Franci

1986 2426 2247 2483 ferociter
2292 2427 2677 2497 insequuntur,
2736 2436 2790 2482 et
2841 2427 3016 2483 obviis
3064 2427 3317 2482 omnibus
3358 2424 3572 2481 indiffe-

1988 2517 2129 2572 renti
2157 2517 2300 2571 caede
2326 2517 2601 2583 mactatis,
2635 2531 2809 2585 usque
2837 2517 2902 2570 ad
2928 2516 3145 2586 ipsum,
3178 2514 3322 2585 quod
3354 2514 3572 2569 diceba-

1989 2620 2079 2664 tur
2134 2608 2444 2664 Salomonis
2484 2608 2773 2679 templum,
2820 2608 3118 2662 internecio
3166 2608 3348 2677 potius
3405 2619 3571 2675 quam

1987 2718 2191 2773 pugna,
2219 2716 2319 2773 per
2344 2701 2550 2771 plateas
2579 2709 2633 2755 et
2661 2699 2895 2770 compita
2924 2698 3181 2769 vicosque
3204 2697 3571 2769 protenditur.

1989 2794 2092 2850 Ubi
2147 2801 2394 2847 ettanta
2450 2792 2662 2847 exstitit
2712 2790 2936 2845 humani
2991 2790 3205 2845 cruoris
3247 2787 3459 2853 eﬂ‘usio,
3513 2794 3571 2841 ut

1986 2882 2401 2954 procedentium
2457 2896 2624 2952 prepe
2671 2879 2808 2935 talos
2855 2879 3045 2949 irrigui
3099 2879 3379 2951 sanguinis
3427 2876 3571 2931 unda

1989 2976 2392 3045 submergeret.
2419 2973 2558 3029 lstac
2583 2972 2801 3043 quidem
2844 2986 2933 3027 res
2958 2985 3021 3026 ea
3047 2971 3412 3041 prosperitate
3446 2981 3573 3038 pro-

1987 3069 2169 3124 cessit.

2057 3155 2239 3230 [Vlll.]
2264 3155 2602 3211 Raimundus
2628 3168 2777 3220 vero,
2818 3150 3361 3224 Sanct.-A€gidianus
3385 3149 3572 3219 utique

1990 3250 2080 3305 ille
2103 3264 2309 3314 comes,
2355 3264 2385 3301 a
2427 3246 2727 3303 meridiana
2770 3244 2927 3317 plaga
2957 3243 3195 3299 admovit
3225 3240 3523 3297 exercitum
3550 3256 3570 3295 :

1986 3343 2176 3412 ingens
2226 3330 2432 3411 pariter
2485 3338 2738 3392 machina
2782 3335 2917 3391 rotis
2972 3342 3093 3389 acta
3170 3332 3449 3388 ferebatur
3491 3329 3564 3386 ad

1993 3448 2236 3497 murum,
2281 3430 2375 3485 sed
2424 3428 2568 3483 inter
2614 3441 2734 3482 eam
2781 3440 2903 3495 quae
2941 3421 3227 3479 castellum
3266 3422 3567 3486 diuabatur.

1987 3523 2297 3578 machinam
2340 3530 2396 3575 et
2436 3534 2651 3573 murum
2680 3516 2837 3571 fovea
2886 3516 3051 3572 nimis
3080 3514 3189 3569 alta
3223 3513 3466 3584 patebat.
3499 3510 3570 3566 At

1986 3616 2259 3685 princeps,
2304 3610 2612 3667 accelerate
2660 3608 2914 3675 consilio,
2960 3608 3195 3679 qualiter
3235 3613 3571 3677 praeruptum

1988 3706 2122 3761 illud
2174 3704 2355 3760 valeat
2416 3704 2534 3759 sine
2590 3702 2904 3759 diﬂicultate
2973 3700 3131 3771 longa
3186 3698 3418 3769 repleri,
3473 3709 3570 3767 per

1988 3798 2289 3855 exercitum
2328 3796 2554 3866 jubetur
2578 3809 2889 3866 praeconum
2921 3807 3054 3849 voce
3092 3790 3345 3847 cantari:
3373 3795 3565 3858 quate-

1987 3907 2091 3947 nus
2136 3889 2227 3960 qui
2275 3889 2330 3943 in
2382 3887 2633 3943 eamdem
2683 3886 2898 3942 foveam
2952 3884 3118 3939 trium
3164 3888 3309 3938 esset
3335 3879 3572 3951 portitor

1989 3983 2248 4052 lapidum,
2289 3996 2460 4036 unum
2483 3994 2542 4035 se
2566 3979 2735 4034 sciret
2763 3976 3048 4033 denarium
3078 3974 3414 4030 habiturum.
3437 3970 3571 4037 Qua:

1986 4074 2232 4143 repletio,
2264 4071 2429 4126 tridui
2454 4070 2637 4140 spatio
2665 4070 2754 4123 vix
2779 4068 2957 4138 potuit
2984 4063 3283 4134 exaequari,
3314 4077 3437 4117 cum
3469 4073 3571 4115 nec

1988 4165 2240 4221 noctibus
2279 4172 2465 4235 posset
2492 4180 2520 4217 a
2568 4171 2749 4231 empto
2799 4159 3025 4216 cessari.
3057 4156 3290 4227 Oppleta
3325 4155 3378 4208 in
3424 4152 3570 4207 hunc

1987 4259 2205 4313 modum
2232 4257 2386 4312 fovea
2427 4256 2736 4310 machinam
2771 4252 2919 4307 illam
2942 4250 3241 4306 exhibuere
3270 4246 3570 4302 moenibus.

1988 4351 2159 4406 Porro
2220 4350 2296 4404 illi
2355 4350 2449 4418 qui
2510 4348 2742 4403 interius
2794 4344 2945 4399 urbis
3007 4340 3354 4398 defensandaa
3407 4352 3570 4393 curas

1990 4449 2424 4510 assumpserant,
2470 4456 2577 4495 non
2608 4439 2730 4492 dico
2759 4434 3100 4500 fortitudine,
3126 4432 3223 4488 sed
3245 4429 3571 4502 pertinacis-

1990 4536 2125 4589 sima
2148 4533 2352 4589 nostris
2390 4531 2537 4587 rabie
2570 4529 2933 4593 obsistebant,
2958 4524 3296 4590 Gmcorum,
3328 4536 3466 4592 quos
3489 4519 3571 4577 sic

291 4638 395 4680 eos
416 4625 508 4695 qui
531 4639 765 4695 superne
791 4626 1062 4681 iuuenibus
1085 4624 1434 4681 defensandis
1467 4627 1721 4682 astabant
1751 4627 1885 4697 lapi-
1916 4649 1960 4704 ι)
1989 4628 2278 4690 vocabant,
2306 4624 2507 4695 ignium
2532 4633 2899 4689 saxorumque
2927 4616 3168 4688 jactibus
3190 4614 3569 4670 machinarum

293 4716 426 4771 dum
452 4715 709 4786 jactibus,
734 4732 798 4773 ac
821 4718 988 4773 variis
1011 4718 1304 4773 missilibus
1326 4718 1552 4785 collatis,
1570 4720 1731 4775 etiam
1756 4721 1884 4777 hinc

292 4808 538 4878 indeque
567 4818 765 4881 praesto
809 4812 1179 4878 mucronibus,
1232 4811 1564 4869 Sarracenos
1611 4829 1710 4885 pro
1759 4816 1885 4871 vitae

292 4902 596 4973 patriaeque
622 4904 850 4959 tuitione
877 4919 1148 4975 pugnaces
1174 4904 1456 4976 urgebant.

906 4994 1135 5052 CAPUT
1173 4995 1262 5051 IV.

372 5088 535 5160 [Ἧι]
572 5088 791 5144 Demum
819 5089 1078 5144 civitatem
1120 5087 1411 5143 Christiani
1441 5090 1489 5143 vi
1526 5098 1575 5144 et
1606 5092 1770 5146 armis
1802 5092 1884 5147 in-

291 5181 614 5252 grediuntur
635 5201 727 5255 per
751 5199 949 5239 muros.
973 5212 1044 5223 —-
1072 5181 1280 5237 Interea
1304 5181 1582 5249 Letaldus,
1629 5200 1695 5239 ex
1734 5185 1888 5256 equi-

302 5272 454 5328 tibus
486 5262 730 5343 quidam,
761 5273 897 5329 tanti
945 5288 1078 5328 ausu
1125 5281 1179 5327 et
1206 5272 1461 5342 Opinione
1499 5272 1759 5330 facinoris
1791 5290 1887 5347 per

294 5374 611 5439 temporum
634 5367 889 5423 succidua
917 5364 1294 5431 celebrandus,
1325 5366 1534 5434 primus
1577 5382 1739 5437 super
1771 5384 1886 5423 mu-

292 5472 398 5513 ros
450 5458 689 5516 civitatis
746 5460 957 5523 insiliit,
1008 5469 1061 5514 et
1121 5460 1362 5514 maxime
1410 5461 1883 5517 circumstantium

293 5557 533 5621 stupore
560 5551 887 5619 Gentilium,
936 5559 1146 5608 mentes
1173 5550 1316 5608 felici
1367 5552 1472 5608 hac
1517 5568 1585 5607 ex
1626 5569 1887 5624 prmsum-

293 5646 489 5716 ptione
510 5648 806 5703 concussit.
843 5646 909 5703 Ut
937 5662 1067 5719 ergo
1094 5646 1178 5701 vir
1210 5646 1300 5702 ille
1325 5646 1663 5712 conscendit,
1687 5646 1887 5716 quique

291 5738 561 5811 juvenum
590 5740 1001 5807 Francicorum,
1041 5758 1177 5811 quos
1217 5742 1304 5813 pia
1330 5740 1441 5811 jam
1469 5740 1669 5796 dudum
1710 5738 1887 5792 reddi-

296 5834 466 5889 derat
495 5834 823 5890 illustriores
866 5835 1115 5899 andacia,
1144 5850 1264 5891 sese
1298 5834 1636 5906 proripiunt;
1670 5838 1725 5885 et
1757 5829 1887 5883 dum

295 5924 595 5991 inferiores
622 5927 695 5985 illi
723 5927 813 5984 uni
841 5928 931 6001 qui
972 5936 1353 6001 praecesserat,
1375 5926 1547 5983 videri
1574 5922 1870 5997 refugiunt,
1908 5899 1915 5909 ’

1990 4728 2250 4791 carpenta
2291 4725 2582 4782 vexantes;
2637 4727 2867 4783 quorum
2900 4711 3043 4766 ictus
3081 4717 3243 4780 atque
3286 4706 3568 4764 molimina

1987 4813 2129 4868 miro
2164 4809 2359 4865 Franci
2400 4806 2618 4877 ingenio
2677 4802 2952 4859 multoties
2981 4801 3311 4857 fefellerunt.
3342 4800 3388 4853 Α
3413 4805 3570 4869 parte

1990 4904 2202 4958 interea
2244 4897 2499 4954 orientali
2554 4896 2801 4963 civitate,
2834 4895 2911 4949 uti
2942 4893 3191 4965 praedixi,
3227 4892 3456 4961 irrupta,
3488 4886 3561 4942 ad

1989 4997 2302 5070 praedictum
2325 4993 2577 5049 comitem
2610 4989 2831 5060 pertulit
2855 4988 2999 5043 haud
3026 4986 3163 5041 alius
3192 4997 3356 5053 quam
3382 4993 3565 5051 pugna

1988 5091 2363 5154 tumultuans,
2422 5086 2567 5157 quod
2626 5082 2824 5138 Franci
2877 5080 2988 5150 jam
3056 5079 3110 5133 in
3170 5076 3307 5130 urbe
3359 5072 3566 5145 passim

1989 5185 2247 5242 credendo
2287 5182 2601 5237 discurrere
2650 5186 2805 5247 capta
2855 5173 3191 5230 viderentur.
3231 5185 3252 5219 ι
3284 5164 3444 5233 Quid,
3480 5164 3568 5220 iu-

1989 5276 2108 5344 quit
2160 5273 2225 5327 ad
2280 5253 2607 5336 suosfistic
2665 5260 2993 5322 moramini?
3047 5256 3239 5314 Nonne
3282 5252 3566 5322 Francos,

1988 5364 2211 5419 civitate
2234 5362 2481 5427 obtenta,
2505 5358 2705 5414 celebri
2735 5353 3029 5425 spoliorum
3058 5357 3216 5421 raptu
3236 5348 3349 5419 jam
3376 5346 3568 5413 trium.

1988 5456 2157 5524 phare
2182 5450 2540 5523 conspicitis?
2573 5468 2593 5501 ι
2630 5445 2830 5515 Irrupit
2874 5444 3058 5513 itaque
3084 5455 3208 5496 cum
3240 5439 3353 5496 suis
3390 5436 3567 5521 celer:

1988 5548 2125 5601 rime
2170 5560 2354 5601 comes
2402 5544 2635 5597 urbem:
2679 5547 2734 5594 et
2778 5536 2906 5607 quia
2947 5534 3189 5590 Francos
3215 5546 3313 5603 per
3355 5529 3565 5587 urbana

1990 5638 2185 5709 palatia
2212 5638 2499 5706 quosdam,
2536 5635 2745 5701 aliquos
2766 5630 2832 5683 ad
2860 5627 3196 5684 Dominicam
3224 5622 3563 5689 memoriam,

1991 5746 2091 5785 nec
2118 5746 2321 5798 paucos
2357 5742 2453 5799 pro
2493 5723 2826 5795 pastoforiis,
2868 5730 2928 5775 ut
2965 5718 3139 5774 veteri
3171 5724 3293 5771 utar
3322 5712 3562 5778 nomine,

1993 5824 2176 5893 templi
2216 5820 2520 5878 Salomonis
2549 5818 2820 5874 acerrimo
2865 5811 3118 5869 conﬂictu
3146 5806 3368 5877 evagari
3403 5817 3565 5860 exer-

1989 5918 2209 5991 cerique
2276 5917 2536 5975 didicerat
2580 5934 2593 5971 :
2637 5927 2706 5972 ne
2763 5928 2794 5969 a
2840 5906 3081 5967 dominio
3135 5908 3307 5974 captae
3365 5909 3564 5970 expers
