3980 6324
481 274 588 329 795
1338 265 1402 319 V.
1442 260 1768 319 GUIBERTI
1790 259 2081 316 ABBATIS
2110 260 2169 316 S.
2209 260 2449 316 MANE
2491 263 2578 320 DE
2602 264 2994 326 NOVIGENTO
3623 288 3714 347 796

484 387 748 442 existere;
793 382 1050 448 civitatis,
1098 393 1221 435 cum
1261 392 1326 433 eo
1375 375 1745 441 Admiraviso,
1794 375 1873 430 sic
1913 375 2420 444 euimAprehendi
2468 393 2498 431 a
2555 380 2770 435 nemine
2836 382 2980 435 valet
3031 385 3186 441 fletus
3245 395 3522 448 emiserint
3573 415 3715 468 quam

484 495 608 533 cuiu
663 485 874 539 vocant,
938 473 1028 543 qui
1084 471 1196 526 arci
1251 469 1442 537 David,
1501 486 1621 538 qua:
1664 468 1794 522 Sion
1841 468 2081 534 dicitur;
2169 467 2378 521 beatos.
2430 468 2572 523 Deus
2603 475 2970 546 omnipotens,
3010 481 3136 550 quid
3186 481 3255 534 ibi
3285 485 3572 554 viscerum,
3604 496 3716 560 quid

483 555 769 640 praeerat;
815 581 1118 622 sermonem
1171 562 1398 628 habuit;
1448 573 1506 616 ut
1547 576 1727 616 arcem
1773 562 1872 617 sibi
1924 562 2064 616 facta
2166 557 2389 626 ltetitiae,
2424 560 2554 629 quid
2595 562 2840 622 dolorum
2886 569 3010 638 fuit,
3044 572 3169 625 dum
3213 584 3331 642 post
3368 555 3650 650 inauditas,
3675 596 3721 641 et

483 663 754 718 deditione
802 657 1168 724 contraderet,
1203 657 1270 710 ab
1303 655 1390 711 illo
1425 657 1625 725 exegit.
1674 656 1902 727 Satrapa
1959 657 2063 710 ita-
2173 655 2383 709 cunctis
2411 671 2440 709 a
2474 659 2670 715 saeculo
2700 661 3028 716 exercitibus
3059 664 3394 734 inexpertas,
3433 673 3580 738 quasi
3611 689 3720 743 par-

483 769 606 824 que,
651 760 810 823 pacto
859 750 1000 805 inter
1044 765 1137 804 eos
1191 747 1347 814 inito,
1397 749 1582 804 comiti
1630 750 1806 805 eidem
1850 758 2061 818 portam
2176 752 2324 800 tuum
2381 751 2668 819 torsiones,
2711 755 2776 807 ad
2832 770 2966 808 nova
2998 755 3222 810 visionis
3257 758 3390 812 adeo
3432 761 3722 824 desiderata:

482 847 624 900 illam
687 843 898 913 aperuit
929 884 943 908 ,
998 857 1095 908 per
1133 858 1296 912 quam
1345 852 1573 897 eatenus
1628 841 1930 897 Jerusalem
1983 841 2066 896 in-
2173 841 2388 908 gaudia,
2427 858 2491 898 ac
2522 845 2566 900 si
2595 847 2707 900 nati
2745 847 2860 914 ﬁlii,
2890 864 3008 904 sese
3043 851 3354 919 pervenisse
3379 857 3724 926 conspiciunt?

481 944 760 992 troeuntes
785 932 1082 1005 peregrini,
1115 943 1173 988 et
1203 935 1452 1000 introire,
1494 943 1550 988 et
1586 934 1901 1006 pensiones,
1929 949 2066 1003 quas
2171 929 2402 988 Matrem
2435 937 2632 1008 igitur,
2665 948 2720 994 et
2751 950 2929 995 tamen
2971 942 3107 997 fusis
3138 943 3424 1016 lacrymis,
3467 951 3606 1004 oumi
3641 955 3726 1012 sibi

481 1027 735 1082 musellas
767 1041 967 1080 vocare
999 1025 1276 1093 solebant,
1303 1026 1516 1080 solvere
1541 1025 1706 1080 nimis
1731 1025 1974 1080 indebite
2002 1040 2066 1081 ac
2172 1023 2505 1086 dulcioribus
2537 1048 2695 1102 pane,
2727 1035 3082 1104 conjubilant,
3123 1035 3416 1108 Jesumque
3454 1043 3726 1110 piissimum

481 1119 774 1174 crudeliter
801 1117 1157 1188 cogebantur.
2173 1133 2394 1175 suorqu
2445 1124 2779 1182 diutinorum
2830 1127 3077 1182 laborum
3129 1145 3191 1184 ac
3239 1132 3575 1188 cruciatuum
3617 1153 3728 1194 cau-

548 1210 814 1282 lngressis
869 1210 1030 1281 igitur
1064 1210 1519 1276 Provincialibus,
1559 1209 2066 1279 Sanct.—1Egidiani
2173 1224 2310 1276 sam,
2360 1229 2424 1269 ac
2463 1216 2507 1270 si
2557 1219 2707 1273 cruci
2750 1236 3071 1290 appensum,
3105 1237 3168 1276 ac
3212 1223 3255 1276 si
3306 1224 3484 1280 adhuc
3526 1231 3733 1297 sepulcri

482 1303 694 1359 scilicet
719 1304 936 1359 comitis
957 1304 1301 1368 exercitu,et
1332 1303 1545 1358 czeteris
1575 1306 1828 1360 omnibus
1854 1306 2065 1372 urbem,
2173 1303 2543 1374 integumento
2593 1311 2911 1379 detentum,
2965 1329 3062 1384 per
3107 1315 3317 1383 singula
3376 1322 3731 1379 memoriarum

487 1398 1006 1470 ﬁebatpaganorum
1050 1399 1342 1452 indiscreta
1375 1399 1686 1466 percussio;
1716 1416 1822 1454 non
1859 1401 2067 1455 teneri-
2174 1408 2445 1453 momenta
2472 1443 2486 1467 ,
2539 1403 2830 1459 uberrimis
2905 1406 3343 1475 complectuntur
3412 1409 3673 1472 affectibus
3717 1436 3728 1472 :

487 1489 640 1555 tudo,
693 1505 798 1544 non
845 1491 1072 1559 species,
1125 1507 1231 1544 non
1286 1491 1549 1561 gravitas,
1597 1509 1704 1548 non
1757 1493 1876 1548 ullae
1924 1495 2070 1550 vires
2175 1481 2335 1556 altri,
2409 1497 2726 1565 argenlique
2777 1501 3079 1570 ‘magniﬁca
3148 1507 3347 1562 tributa
3409 1507 3733 1578 penduntur;

486 1581 950 1638 subtrahebantur
994 1582 1163 1638 exitio
1199 1585 1451 1641 :eunctis
1479 1585 1811 1656 generaliter
1838 1586 2069 1642 inevita—
2177 1583 2270 1635 sed
2315 1586 2462 1640 omni
2518 1588 2786 1646 valentior
2841 1609 3066 1652 munere
3115 1599 3333 1656 devotio
3391 1599 3593 1656 interna
3630 1617 3734 1673 pro-

487 1671 790 1744 biliterque,
832 1672 994 1746 432
1027 1673 1345 1730 imminebat
1393 1678 1508 1731 dira
1572 1677 1856 1746 pernities.
1909 1679 1977 1732 At
2014 1679 2069 1734 hi
2107 1740 2146 1746 _
2178 1673 2369 1733 fertur.

486 1765 576 1838 qui
607 1767 674 1820 ad
709 1765 1017 1822 Salomonis
1052 1769 1310 1838 templum
1350 1786 1472 1826 sese
1498 1770 1864 1836 contulerant,
1901 1781 2071 1828 totum
2106 1740 2154 1800 Β
2254 1768 2372 1841 [Χ.]
2409 1771 2718 1843 Sarraceui,
2746 1780 2836 1848 qui
2857 1779 2926 1833 ad
2947 1797 3174 1849 superna
3196 1783 3377 1854 templi
3407 1785 3733 1854 confugerant,

488 1859 750 1915 adversus
790 1869 1008 1916 nostros
1056 1861 1394 1933 conﬂigendo
1419 1863 1714 1919 detinuere
1761 1865 1928 1931 diem,
1978 1868 2074 1921 sed
2181 1864 2533 1931 perimuntur.
2566 1899 2637 1910 —-
2663 1871 2905 1942 Denique
2947 1876 3246 1930 crastinum
3279 1893 3442 1932 mane
3467 1881 3732 1946 recanduit,

489 1953 690 2019 nostri,
751 1968 939 2009 eorum
1009 1955 1326 2010 semivivum
1386 1957 1802 2026 desperatorum
1857 1959 2076 2029 indigne
2184 1962 2237 2008 et
2275 1970 2401 2010 ecce
2446 1957 2666 2026 Franci,
2711 1979 2806 2020 eos
2851 1967 3028 2022 adhuc
3069 1969 3313 2024 residuos
3363 1985 3489 2024 esse
3530 1971 3732 2027 dolentes

490 2047 728 2103 ferentes
752 2049 1062 2114 audaciam,
1097 2051 1410 2120 CODSpil’ﬂla
1448 2051 1800 2106 animositate
1834 2067 1893 2106 se
1925 2051 2078 2122 inge-
2185 2046 2274 2116 qui
2315 2050 2500 2119 templi
2531 2067 2782 2122 Suprema
2809 2061 3262 2129 conscenderant,
3291 2061 3592 2132 quibusque
3617 2063 3736 2116 Tan-

495 2149 658 2206 ι-ιιηι,
695 2149 750 2194 ει
801 2140 986 2210 templi
1040 2140 1216 2206 adita,
1280 2142 1488 2197 exertis
1539 2142 1820 2198 socialiter
1868 2143 2078 2200 viribus
2186 2138 2381 2194 credus
2407 2142 2689 2199 etGaston
2721 2151 2964 2218 propria,
2999 2161 3058 2205 ut
3087 2166 3249 2221 supra
3291 2152 3737 2217 diximus,vexilla

491 2241 870 2302 penetrantes,
903 2241 1052 2286 tanta
1081 2233 1312 2288 miseros
1337 2234 1477 2288 intra
1509 2233 1619 2288 fani
1646 2233 1908 2288 ambitum
1935 2236 2082 2290 crede
2187 2243 2571 2300 perrexerant,
2616 2235 2730 2292 fani
2773 2239 3040 2298 acerrime
3079 2251 3218 2298 tecta
3264 2246 3568 2314 pervadunt
3597 2263 3608 2298 :
3637 2245 3738 2299 Sar-

491 2325 811 2394 dilacerant,
856 2335 909 2379 ut
946 2339 1168 2381 cruores
1209 2338 1614 2397 peremptorum
1665 2333 1782 2385 sine
1827 2343 2076 2394 numero,
2190 2336 2440 2390 racenos,
2475 2325 2711 2384 feminas
2745 2346 2868 2386 cum
2904 2333 3182 2398 masculis,
3217 2333 3548 2390 dilaceratos
3587 2335 3739 2389 interi-

490 2417 804 2474 calceorum
847 2434 986 2490 pene
1034 2436 1162 2476 oras
1209 2423 1562 2478 excederent.
1608 2423 1912 2478 Promiscui
1953 2437 2062 2492 ergt

2189 2424 2365 2468 munt.
2425 2415 2653 2483 Quidam
2705 2437 2771 2476 ex
2822 2423 2902 2478 eis
2955 2424 3130 2479 electa
3191 2424 3291 2480 sibi
3341 2426 3525 2494 potius
3575 2435 3737 2492 morte,

492 2512 683 2580 sexus,
748 2518 802 2565 et
851 2510 1214 2569 indiil‘ercntis
1259 2516 1475 2579 aetatis,
1533 2514 1916 2570 innumerabili
1986 2530 2064 2582 pet

2191 2520 2353 2574 quam
2400 2520 2590 2579 sponte
2649 2513 2868 2583 ipsimet
2920 2517 3357 2582 conscivissent,
3430 2531 3544 2572 sese
3591 2516 3740 2586 templi

495 2603 635 2657 idem
663 2603 922 2674 templum
955 2606 1309 2663 multitudine
1338 2609 1482 2676 fusa,
1517 2609 1781 2679 quosdam
1809 2609 2067 2678 rcliquert

2193 2593 2409 2668 fastigio
2446 2598 2644 2656 dedere
2690 2604 3015 2674 prtccipites.
3062 2605 3387 2662 Tancredus
3441 2614 3629 2673 tamen,
3663 2621 3741 2676 pro

495 2699 859 2766 superstites,
922 2703 1099 2777 spatio
1163 2702 1242 2757 eis
1296 2702 1426 2757 Vim;
1477 2703 1698 2758 ίηιρι-ίιη
1770 2717 1835 2756 ac
1894 2701 2084 2757 saluis
2193 2690 2330 2760 signi
2374 2695 2696 2763 praebitione
2733 2699 2838 2764 sui,
2871 2709 2923 2754 et
2953 2700 3246 2770 sponsione
3291 2717 3466 2772 quam
3497 2699 3743 2756 Gaslouet

495 2790 725 2858 indulto,
757 2793 932 2850 donec
962 2811 1226 2850 caesorum
1257 2796 1545 2860 cadavera,
1577 2811 1809 2866 quorum
1841 2796 2067 2859 dispers:

2195 2787 2310 2856 ipsc
2351 2785 2613 2856 fecerant,
2665 2791 2867 2846 caulem
2917 2793 3166 2848 eamdem
3215 2807 3367 2862 aegre
3405 2793 3541 2850 tulit.
3582 2792 3742 2848 Praci-

495 2880 705 2948 iacebat
739 2884 842 2938 hac
872 2885 1105 2956 illacque
1139 2885 1282 2942 fmda
1325 2887 1632 2958 congeries,
1664 2887 1764 2958 ipsi
1795 2888 2058 2942 amnlireu

2194 2877 2349 2948 piunt.
2393 2876 2576 2947 itaque
2615 2882 2790 2936 nostri
2842 2881 3165 2940 Sarracenis
3196 2883 3496 2955 aliquibus,
3539 2894 3593 2940 ut
3629 2899 3743 2940 mor-

500 2985 598 3029 tui"
634 2994 663 3032 a
722 2980 938 3051 templo.
991 2980 1200 3047 Quibus
1251 2980 1450 3033 ametis
1479 3021 1494 3046 ,
1539 2989 1593 3034 et
1643 2981 1741 3050 ipsi
1791 2980 1989 3048 quibus
2035 2988 2091 3036 et
2197 2984 2315 3030 tuos
2335 2967 2583 3040 efferant,
2619 2975 2747 3046 quia
2776 2991 2870 3031 eos
2901 2975 3183 3031 teterrimo
3212 2974 3418 3032 fmtore
3446 2975 3743 3047 gravabant:

499 3068 708 3139 priores
734 3112 750 3138 ,
795 3074 1136 3130 succubuere
1187 3072 1563 3127 mucronibus.
1621 3071 1692 3126 At
1750 3073 1840 3142 qui
1901 3072 2084 3143 templi
2118 3099 2160 3156 ε
2196 3080 2343 3128 tanta
2377 3073 2522 3128 enim
2568 3069 2897 3125 cadaverum
2939 3066 3246 3139 frequentia
3285 3069 3486 3124 civitas
3529 3067 3739 3137 oppleba-

499 3175 748 3231 suprema
801 3166 1260 3231 conscenderant,
1308 3165 1452 3235 vulgi
1517 3165 1811 3234 promiscui
1878 3167 2088 3221 inﬁnita
2199 3174 2304 3232 tur,
2339 3175 2396 3218 ut
2418 3164 2599 3227 eundi,
2632 3161 2730 3218 nisi
2759 3175 2922 3233 super
2947 3159 3248 3216 occisorum
3277 3176 3532 3232 corpora,
3557 3159 3743 3216 Franus

503 3253 832 3323 frequentia,
894 3256 1163 3312 Taucrcdi
1203 3265 1257 3311 et
1309 3255 1588 3322 Gastonis,
1641 3271 1739 3326 pro
1789 3257 1946 3327 signo
1985 3259 2090 3312 sibi
2196 3257 2426 3313 facultas
2464 3257 2608 3312 nulla
2639 3258 2862 3311 daretur
2888 3261 3116 3329 :pagani
3146 3271 3300 3328 ergo,
3334 3269 3555 3310 suorum
3585 3251 3742 3306 funera

501 3346 719 3404 interim
765 3350 918 3420 pacis
951 3350 1194 3414 indulta3,
1222 3348 1415 3404 vexilla
1459 3349 1786 3418 suscipiunt.
1816 3350 1865 3405 ls
1901 3360 2082 3406 autem
2195 3362 2547 3420 exportantes
2571 3351 2639 3406 ab
2669 3351 2822 3415 urbe,
2852 3366 2954 3421 pro
2977 3350 3187 3408 foribus
3223 3351 3370 3422 ejus,
3403 3349 3673 3406 exstructis
3695 3347 3748 3402 de

500 3442 739 3510 Gaston‘,
795 3446 880 3500 vir
931 3445 1158 3501 illustris
1215 3455 1377 3514 atque
1426 3445 1746 3514 ditissimus,
1799 3456 1981 3500 utrum
2022 3445 2093 3502 de
2195 3445 2524 3500 cadaverum
2551 3445 2805 3515 congerie
2849 3446 3126 3502 montibus
3157 3446 3458 3504 acervatim
3495 3460 3616 3516 pyra
3644 3440 3748 3497 sub-

501 3533 772 3592 Gasconia
819 3553 886 3590 an
935 3535 1198 3592 Basconia
1247 3534 1406 3599 foret,
1460 3550 1565 3590 non
1601 3535 2090 3604 integre'mcmini,
2197 3535 2373 3604 posita
2405 3535 2822 3589 comburebant.
2859 3534 3060 3590 Tantas
3091 3534 3380 3606 gentilium
3416 3549 3630 3603 usquam
3663 3547 3746 3586 ca:-

503 3629 628 3697 quia
685 3637 864 3685 tamen
915 3631 982 3685 de
1030 3629 1297 3684 alterutro
1344 3637 1491 3682 esset
1539 3631 1606 3682 ad
1655 3637 1864 3684 certum
1920 3629 2089 3684 tenui.
2198 3628 2294 3682 des
2319 3627 2587 3682 accidisse
2622 3642 2745 3682 raro
2775 3626 3025 3698 legimus,
3059 3643 3334 3696 nunquam
3382 3625 3750 3682 vidimuszDeo

504 3721 763 3777 Exercitu
816 3723 983 3794 igitur
1023 3723 1386 3786 discurrente,
1433 3723 1626 3778 civitas
1666 3724 1924 3778 universa
1962 3722 2095 3778 diri-
2197 3721 2277 3777 eis
2307 3721 2576 3778 referente
2605 3722 2799 3788 vicem,
2844 3723 2934 3793 qui
2975 3731 3072 3789 tot,
3103 3740 3199 3794 pro
3231 3738 3290 3778 se
3320 3721 3750 3792 peregrinantium

505 3812 682 3880 pitur;
752 3813 1102 3883 obtentisque
1149 3814 1368 3883 palatiis
1405 3823 1460 3869 et
1491 3815 1809 3894 quibusque
1838 3814 2091 3884 pedibus,
2198 3827 2390 3886 poenas
2449 3824 2504 3868 et
2553 3825 2792 3881 mortes,
2869 3830 3008 3884 quas
3066 3825 3216 3870 tanto
3270 3815 3491 3872 fuerant
3551 3825 3750 3882 tempore

507 3905 721 3976 argenti
753 3906 907 3962 dives
935 3915 992 3962 et
1023 3907 1166 3967 auri,
1200 3908 1608 3976 sericarumque
1648 3906 1877 3961 vestium
1909 3907 2091 3975 prmda
2198 3908 2398 3964 ibidem
2437 3909 2606 3978 passi,
2639 3908 2802 3979 digna
2830 3908 3184 3978 nequissimis
3222 3910 3586 3965 retributione
3624 3903 3752 3962 resti-

507 3995 804 4065 corripitur
873 4014 885 4049 :
947 4011 1211 4065 equorum
1273 3997 1656 4068 mulorumque
1721 3997 2093 4065 multiplicitas
2201 4001 2324 4054 tuit.
2360 3999 2474 4054 Non
2525 4000 2670 4054 enim
2717 4009 2797 4056 est
2840 4001 3129 4070 quisquam
3167 4001 3266 4056 sub
3307 4001 3423 4057 Deo
3460 3999 3750 4060 intellectUS,

508 4091 776 4158 aperitur,
817 4089 874 4143 in
917 4089 1167 4146 domibus
1190 4089 1506 4144 victualium
1539 4089 1784 4144 omnium
1817 4088 2094 4159 opulentia
2199 4093 2283 4146 cui
2316 4092 2641 4148 aestimabile
2673 4091 2963 4158 habeatur,
2996 4085 3195 4162 quanta
3221 4093 3334 4148 illic
3361 4093 3572 4148 cunctis
3597 4095 3752 4145 sancta

507 4183 797 4250 reperitur.
847 4183 897 4238 Is
927 4193 1104 4240 autem
1150 4186 1201 4250 in
1234 4183 1516 4239 Dominica
1551 4183 1752 4237 militia
1809 4181 2004 4237 modus
2039 4190 2096 4236 et
2199 4185 2316 4241 loca
2363 4186 2694 4255 petentibus,
2738 4203 2767 4240 a
2813 4187 3094 4256 gentilium
3151 4186 3441 4240 insolentia
3495 4187 3750 4240 tormenta,

507 4277 811 4347 cxmquatio
837 4277 978 4333 fuit:
1012 4298 1031 4331 ι
1061 4289 1119 4332 ιιι
1153 4279 1489 4349 quicunque,
1521 4278 1686 4332 etiam
1725 4277 2092 4346 pauperrimo,
2201 4276 2436 4341 labores,
2487 4285 2647 4347 atque
2687 4293 2852 4332 neces
2889 4277 3032 4331 illata
3067 4285 3318 4332 constent
3350 4295 3364 4330 :
3401 4295 3421 4327 ι
3455 4290 3570 4345 quae
3611 4267 3754 4338 magis

509 4384 629 4425 sese
656 4369 1141 4442 qumlibetOptima
1167 4371 1514 4436 obtuliSsent,
1546 4369 1664 4438 ejus
1685 4368 1874 4440 procul
1907 4368 2093 4434 dubio,
2202 4367 2369 4422 Deum
2427 4378 2574 4423 certa
2625 4377 2709 4422 est
2761 4366 2865 4422 ﬁde
2917 4367 3158 4423 doluisse
3215 4366 3570 4428 credendum,
3619 4371 3754 4432 quam

509 4467 714 4536 absque
751 4468 1162 4532 retractatione,
1197 4468 1413 4533 ﬁerent,
1448 4487 1465 4519 ι
1504 4465 1874 4535 cujuscunque
1904 4448 2095 4521 coudi-
2125 4457 2176 4516 D
2205 4475 2365 4514 manu
2384 4456 2610 4526 profana
2634 4458 2961 4528 captivatam
2985 4473 3202 4512 crucem
3224 4467 3392 4528 atque
3407 4455 3750 4546 sepulcrqu

511 4541 674 4613 tionis
702 4561 1000 4624 videretur,
1033 4560 1118 4612 cui
1151 4559 1216 4612 ad
1244 4574 1462 4613 manum
1501 4557 1678 4626 primo
1702 4557 2001 4611 venissent.
2034 4555 2100 4611 Et
2279 4548 2546 4619 Templum
2595 4549 2895 4604 Salomonis
2918 4551 3329 4620 haudquaquam.
3373 4559 3497 4603 tunc
3522 4540 3755 4614 temporit-

508 4661 658 4714 ecce,
693 4647 778 4702 his
807 4648 1045 4716 omissis,
1079 4651 1144 4703 ad
1169 4649 1299 4703 illud
1337 4648 1481 4716 quod
1507 4648 1673 4702 tantis
1701 4648 2094 4702 desideriorum
2203 4673 2276 4684 -—
2305 4643 2408 4697 Sed
2454 4653 2746 4713 antequam
2779 4645 2846 4698 ad
2887 4643 2990 4698 alia
3030 4643 3301 4699 calamum
3342 4643 3681 4700 divertamttst
3715 4629 3755 4686 id

509 4737 731 4792 testibus
771 4739 1074 4809 sitivcrant,
1109 4741 1284 4796 mistis
1310 4742 1513 4812 pariter
1537 4741 1734 4811 gaudio
1769 4749 1824 4794 et
1866 4754 2100 4796 moerere
2205 4735 2419 4790 videtur
2466 4735 2715 4805 primitus
2764 4735 3142 4797 intimandum,
3178 4736 3321 4804 quod
3360 4728 3659 4788 Salomonis
3707 4720 3755 4776 ii-

511 4843 862 4904 concurrunt.
1613 4877 1626 4886 .
2205 4828 2316 4896 lud,
2345 4829 2410 4881 de
2439 4844 2545 4896 quo
2575 4845 2737 4899 supra
2769 4829 2998 4900 egimus,
3035 4827 3314 4896 templum,
3345 4841 3454 4884 non
3485 4835 3605 4878 vere
3637 4817 3753 4872 idem

585 4923 727 4996 [HL]
773 4925 853 4978 Ad
888 4926 1184 4995 sepulcrum
1225 4925 1558 4979 Dominicum
1595 4914 1865 4982 advolant.
1895 4941 1957 4978 ac
1991 4940 2099 4993 prw
2206 4923 2347 4991 quod
2397 4921 2652 4976 Salomon
2683 4921 2898 4984 fecerit,
2939 4931 3022 4974 est
3054 4919 3344 4974 mliﬁcium
3390 4915 3531 4986 quod
3572 4910 3757 4967 constat

511 5021 705 5086 gaudio
732 5037 793 5074 ac
817 5013 1946 5092 devotioneillacrymantur.-Sepulcrum
1970 5033 2100 5090 ergo
2207 5013 2459 5079 Domino,
2506 5011 2736 5082 lapidem
2771 5026 2934 5082 super
2961 5010 3192 5079 lapidem
3231 5023 3338 5064 non
3386 5009 3754 5092 remanseram,

513 5111 856 5167 Dominicum
898 5115 1121 5182 adeunt,
1163 5123 1218 5168 et
1259 5091 1325 5167 de
1371 5114 1598 5183 quaesita
1629 5114 1914 5168 beatorum
1956 5112 2100 5167 loco-
2208 5104 2847 5182 pt'mdicente,.dirutum.
2877 5101 2981 5158 Sed
3006 5102 3123 5170 ejus
3149 5099 3394 5178 profecto
3416 5091 3754 5149 simulacrum.

513 5219 632 5258 rum
659 5206 932 5274 libertate,
967 5207 1040 5262 illi
1069 5222 1414 5278 summopere
1438 5209 1805 5279 gratulantur,
1832 5208 1922 5277 qui
1950 5216 2099 5262 tanta
2207 5213 2235 5253 θ
2288 5198 2470 5252 Πεδοίο
2517 5195 2733 5266 qum-"5v
2772 5197 2841 5255 οἱ)
2889 5193 3198 5249 “smmum
3243 5186 3540 5279 “Obimalis
3594 5183 3754 5279 domu}

513 5313 612 5370 per
641 5316 736 5356 eos
766 5315 1109 5370 exercuerat,
1162 5265 1384 5374 quanta,
1419 5265 1516 5358 rrec
1555 5303 1623 5358 ab
1670 5302 1800 5373 ipsis
1835 5318 1934 5372 per
1963 5317 2099 5371 quos
2209 5291 2464 5360 θηιίψίεθν
2511 5296 2918 5344 οοηδῑνιιοῑυιηοτ
2956 5285 3261 5341 [irai-idem
3303 5281 3459 5374 illa“?
3492 5278 3635 5331 ιοευε
3659 5265 3754 5341 Pu"

512 5406 634 5453 acta
673 5410 818 5468 sunt,
853 5415 1028 5471 neque
1073 5399 1141 5455 ab
1181 5372 1290 5456 ullo
1326 5401 1606 5456 hominum
1657 5407 1910 5470 poterant
1952 5397 2100 5452 :esti-
2207 5383 2535 5444 chritudiuis
2585 5381 2832 5445 infinitae.
2867 5395 2998 5436 auro
3041 5387 3399 5471 argentum.
3445 5372 3754 5471 incomlm‘l'

516 5491 676 5546 mari.
708 5467 1158 5549 Recordabantur
1189 5509 1377 5548 earum
1411 5508 1545 5562 quas
1575 5467 1784 5547 obhaec
1807 5490 2098 5559 ipsapassi
2207 5481 2302 5536 bili
2334 5479 2528 5551 pretio,
2560 5492 2660 5534 nec
2701 5475 2881 5530 minus
2909 5470 3212 5564 incredibiii
3250 5467 3532 5564 νπίειθῑῇξ

515 5583 736 5641 fuerant
789 5587 1150 5652 anxietatum,
1201 5553 1521 5656 hasque-ad
1565 5553 1926 5655 insperabiles
1953 5553 2100 5637 Idum
2207 5573 2364 5638 sitas,
2393 5570 2690 5641 parietibus
2708 5585 2771 5623 ac
2794 5553 3752 5656 VaiVislaminarummctalli

517 5683 958 5751 contemplantur
999 5682 1313 5750 pervenisse
1359 5681 1680 5750 trimnphos,
1723 5682 1960 5744 dumque
2003 5692 2104 5732 εαξ-
2209 5665 2465 5720 amXiO'le
2511 5661 2814 5734 Ρνοάυοιίδ·
2869 5654 3211 5754 Ῑῖδξιηυηάυε
3427 5651 3750 5754 “Yffi:

520 5737 958 5845 culisincognita
981 5737 1126 5830 facta
1155 5774 1499 5832 considerant
1521 5737 1618 5848 per
1646 5737 1702 5834 ss
1735 5737 1886 5844 ipsos
1939 5785 2087 5827 com-
2205 5760 2525 5839 Ρῐπδίθοιυω
2563 5757 2714 5816 mum
2741 5755 2834 5828 (ιιιὶ
2861 5751 2975 5809 arei
3011 5755 3266 5821 Praeerat.
3299 5743 3491 5812 cuique
3513 5749 3603 5792 sua
3623 5737 3751 5798 51811³
