4012 6346
241 320 372 378 797

1268 315 1495 376 GBS-TA
1538 315 1649 374 DEI
1684 301 1822 372 Pen
1849 315 2190 375 rmucos.
2220 349 2290 360 -
2329 318 2455 374 LIB.
2490 317 2597 374 vn.

3450 316 3553 376 798

243 431 664 499 commiserat;
694 442 855 490 noctu
890 434 957 490 de
983 433 1123 502 :arce
1161 435 1446 500 emissum,
1477 435 1733 505 sospitem
1777 443 1863 490 tu-
1892 435 1940 496 A
1965 449 1996 490 a
2023 436 2218 507 vagina
2251 437 2304 492 in
2334 437 2589 492 verticem
2612 435 2804 492 bellua:
2832 433 2980 491 illisit
3007 435 3250 505 protinus
3280 434 3547 506 gladium;

244 536 499 598 tumque
534 525 858 582 Ascalonem
903 541 1026 581 cum
1055 526 1310 584 omnibus
1353 528 1444 598 qui
1487 527 1722 584 comitia:
1751 543 1863 586 suae
1966 543 2085 599 quae
2127 528 2268 584 ossis
2313 527 2592 583 obnitente
2640 528 2872 595 duritie,
2916 530 3096 598 potius
3134 527 3342 582 irritata
3387 544 3549 598 quam

241 629 453 684 erant,
494 618 616 674 duci
657 615 809 673 fecit.

893 709 1125 768 CAPUT
1164 710 1230 766 V.

329 800 480 874 [XL]
512 800 731 874 Regiam
767 801 1077 872 dignitatem
1118 801 1660 876 Sanan-Egidianus
1689 821 1858 860 comes

237 895 483 963 respuit.
521 891 844 963 Godefridus
895 910 990 948 rea:
1046 893 1344 950 Jerusalem
1388 895 1620 968 eligitur.
1679 897 1857 968 Ipsius

229 985 521 1055 prwclara
543 985 805 1055 facinora.
832 1016 906 1027 —
931 986 1202 1044 Praeterea
1226 987 1382 1054 urbe,
1416 990 1696 1062 sacrisque
1723 989 1858 1046 locis

231 1077 503 1134 libertati
536 1078 782 1134 restituta
809 1119 826 1147 ,
852 1093 989 1136 mox
1025 1095 1124 1152 per
1162 1080 1470 1136 universam
1509 1078 1714 1136 Christi
1755 1082 1859 1136 mi-

226 1166 432 1223 litiam
457 1169 819 1242 eleetnosynae
850 1170 968 1226 ﬁeri
999 1173 1386 1243 orationesque
1406 1171 1688 1243 jubentur,
1717 1190 1852 1244 qua-

225 1267 418 1316 tenus
447 1275 636 1316 eorum
663 1262 863 1317 animis
897 1263 1154 1332 dignetur
1179 1263 1365 1318 unctio
1399 1278 1632 1333 superna
1663 1280 1854 1334 sugge-

225 1365 404 1418 rere,
453 1367 614 1422 quem
664 1353 763 1408 sub
819 1353 1080 1424 dignitate
1124 1354 1272 1422 regia
1324 1354 1392 1409 ad
1443 1353 1568 1425 jura
1621 1354 1854 1409 debeant

225 1445 492 1512 regenda
518 1452 722 1498 sanctae
754 1443 992 1500 civitatis
1016 1444 1238 1515 eligere.
1267 1444 1473 1504 Octavo
1515 1446 1697 1518 itaque
1729 1453 1854 1516 post

223 1535 372 1603 ejus
422 1537 786 1608 receptionem
821 1537 943 1604 die,
969 1553 1090 1593 cum
1122 1537 1631 1610 Sanct.-Egidiano
1665 1539 1849 1594 comiti

224 1635 348 1692 pro
381 1624 460 1678 sui
497 1624 899 1695 magnificentia
931 1624 985 1679 id
1011 1625 1252 1680 muneris
1285 1625 1639 1691 obtulissent,
1668 1636 1720 1681 et
1759 1627 1849 1682 ille

224 1713 468 1767 usitatae
514 1714 886 1784 amplitudinis
932 1729 1038 1768 non
1102 1715 1408 1782 immemor,
1459 1725 1568 1770 tam
1615 1731 1847 1772 oneroso

1963 619 2117 686 laesa,
2146 620 2201 673 iu
2229 620 2420 674 ducem
2454 635 2512 675 se
2553 620 2801 676 contulit.
2841 622 2910 674 At
2944 620 3084 674 illius
3116 628 3328 685 tamen,
3375 620 3550 690 primo

1963 707 2224 772 infelicis,
2257 725 2393 780 quos
2421 718 2544 765 trux
2584 710 2884 766 intruderat
2913 713 3102 768 dentes
3133 729 3162 767 a
3197 727 3356 768 crure
3388 713 3549 769 remi-

1962 800 2068 866 sit;
2099 801 2192 872 qui
2220 800 2366 857 celer
2393 802 2662 858 excedens
2681 843 2696 868 ,
2721 812 2776 858 et
2817 803 2884 859 de
2908 803 3282 860 vicissitudine
3311 806 3430 860 duci
3465 821 3548 862 re-

1961 891 2218 960 ferenda,
2266 893 2348 948 sui
2409 903 2595 965 utpote
2638 895 2916 962 curiosus,
2965 899 3078 969 jam
3133 900 3438 972 negligens,
3493 902 3545 958 in

1961 993 2140 1055 empto
2169 984 2374 1040 dimisit
2425 995 2716 1060 utrumque
2761 987 3037 1045 conflictu.
3087 989 3255 1062 Igitur
3292 992 3438 1060 fera,
3481 1008 3547 1050 eo

1959 1074 2072 1132 ictu
2099 1075 2324 1139 efferata

2099 1167 2293 1235 Insilit,
2327 1184 2392 1224 ac
2415 1184 2554 1224 unco
2579 1169 2806 1240 corripit
2841 1186 3018 1241 ungue
3040 1172 3257 1240 ducem;

1953 1261 1955 1263 ’
2027 1261 2243 1332 Dejicit,
2273 1278 2337 1317 ac
2367 1263 2468 1318 sub
2489 1279 2546 1318 se
2567 1263 2786 1318 cohibet
2817 1245 3129 1320 crudelibus
3151 1266 3324 1332 ulnis;

2092 1353 2160 1407 Et
2189 1354 2377 1409 rabido
2405 1355 2583 1424 rapuit
2614 1355 2890 1411 mordicus
2920 1372 3014 1412 ore
3044 1355 3255 1412 femur:

2023 1443 2189 1514 Cujus
2212 1447 2360 1518 regia
2381 1462 2536 1503 mens
2558 1463 2900 1520 nequaquam
2925 1447 3102 1505 subita
3129 1450 3341 1507 turbam

2315 1539 2578 1609 Perpessa
2610 1541 2766 1594 ruina
2786 1580 2803 1608 ,

2027 1631 2371 1687 Protractum
2404 1634 2642 1687 retinere
2666 1649 2825 1687 mantt
2860 1649 2964 1689 non
2995 1633 3202 1689 destitit
3222 1649 3426 1689 ensem.

2017 1720 2152 1776 Cum
2181 1737 2312 1794 ergo
2330 1721 2542 1792 jaceret
2573 1723 2772 1788 elisus,
2811 1733 2866 1778 et
2891 1739 3054 1793 quam
3080 1737 3278 1794 capere
3304 1733 3544 1794 coeperat

225 1805 471 1873 negotio
521 1819 579 1858 se
621 1805 974 1870 submittere,
1006 1804 1234 1861 consilio
1281 1807 1490 1873 altiori,
1539 1807 1844 1879 refugisset,
1883 1793 1926 1848 Β
1953 1827 2144 1868 coxam
2179 1793 2292 1868 feria
2326 1822 2637 1884 torqueret,
2678 1817 2784 1869 dux
2815 1814 2896 1869 sui
2935 1793 3258 1870 necessitate
3286 1793 3404 1870 non,
3437 1816 3540 1870 im-

225 1893 329 1946 vir
378 1894 572 1964 quippe
602 1894 782 1964 gravis
816 1909 933 1951 aevo
961 1903 1017 1950 et
1047 1895 1362 1951 mouoculus
1392 1904 1532 1961 erat,
1567 1897 1734 1952 armis
1769 1906 1846 1951 ta-

225 2000 378 2041 men
417 1985 743 2043 mirabiliter
770 1986 1146 2058 industriaque
1167 1988 1460 2044 claruerat.
1493 1989 1844 2045 Godefridum

227 2075 467 2132 demum
514 2078 704 2134 ducem
750 2079 1162 2151 aggrediuntur,
1189 2080 1320 2136 etei
1350 2081 1594 2136 omnium
1639 2083 1845 2152 pariter

229 2167 570 2225 instantium
614 2187 801 2242 prece,
841 2172 1068 2243 hujusce
1113 2172 1316 2229 laboris
1346 2175 1527 2243 potius
1549 2189 1712 2244 quam
1749 2176 1844 2229 bo-

231 2262 398 2316 noris
433 2261 598 2317 fascis
644 2263 958 2334 imponitur,
991 2263 1275 2331 habituro,
1321 2273 1512 2320 contra
1559 2265 1841 2336 gentilium

231 2355 650 2423 copiosissimas
680 2358 866 2426 vires,
906 2360 1194 2416 duellionis
1235 2361 1530 2416 irremissae
1573 2361 1838 2432 rigorem,

231 2459 294 2506 et
323 2460 643 2521 perpetuum
677 2468 798 2507 cum
851 2454 953 2508 sibi
1003 2452 1273 2522 adjacenti
1303 2454 1720 2510 Christianitate
1762 2454 1840 2508 fa-

233 2556 454 2597 vorem.
489 2541 538 2599 is
575 2551 785 2610 autem,
821 2559 944 2600 cum
980 2545 1240 2601 membris
1287 2545 1520 2602 exilibus
1565 2555 1736 2612 esset,
1787 2555 1842 2601 at

233 2635 472 2690 nimium
499 2637 848 2706 proceritatis
879 2639 1107 2706 idonete,
1133 2639 1349 2710 eloquio
1385 2639 1602 2710 quidem
1631 2639 1840 2710 lepidus

233 2727 555 2784 serenitatis
589 2730 924 2796 immodicae,
959 2747 1235 2786 armorum
1272 2732 1324 2786 in
1368 2732 1460 2786 illa
1497 2733 1840 2804 expeditione

235 2819 544 2886 Dominica,
575 2836 633 2876 se
659 2820 893 2891 praebuit
921 2823 1248 2878 strenuitate
1277 2822 1652 2894 spectabilem,
1676 2823 1748 2878 ita
1779 2833 1838 2879 ut

235 2910 554 2968 testimonio
585 2912 769 2967 veraci
799 2912 1082 2983 probabile
1115 2913 1167 2968 id
1209 2915 1274 2970 de
1330 2914 1447 2986 ipso
1478 2915 1724 2985 praeclari
1755 2915 1835 2970 fa-

233 2997 446 3054 cinoris
478 3001 794 3067 cantitetur,
823 3001 1062 3058 Turcum
1116 3019 1240 3058 eum
1284 3003 1642 3073 illoricatum,
1696 3022 1836 3078 equo

236 3104 420 3150 tamen
477 3105 734 3164 vectum,
792 3097 933 3168 apud
996 3096 1342 3154 Antiochiam
1394 3114 1558 3170 super
1612 3109 1834 3171 pontem

234 3186 566 3259 Pharpltaris
591 3190 810 3245 obvium
835 3191 1108 3256 habuisse,
1145 3192 1380 3261 buicquc
1405 3191 1495 3246 ilia
1525 3203 1630 3246 tam
1656 3194 1832 3248 valide

233 3280 416 3352 gladio
439 3283 735 3352 trajecisse,
771 3292 831 3338 ut
857 3285 1105 3354 corporis
1136 3293 1360 3340 truncus
1391 3286 1648 3341 decidens
1678 3297 1834 3342 terra)

232 3375 646 3443 procumberet,
678 3386 735 3431 et
773 3391 934 3432 crura
979 3378 1225 3434 sedentia
1253 3379 1628 3448 pertransiens
1665 3395 1836 3450 equus

232 3465 472 3522 efferret.
525 3468 717 3525 Solent
762 3469 907 3524 enim
951 3467 1271 3542 Lotharingi
1322 3487 1443 3527 cum
1499 3471 1834 3544 longitudine

232 3566 348 3614 tum
380 3562 498 3618 acie
518 3572 700 3633 spatas
735 3561 937 3619 habere
962 3563 1266 3619 mirabiles.
1321 3579 1324 3582 '

305 3651 477 3727 [XlL]
509 3655 678 3726 Cujus
719 3655 864 3711 aliud
903 3671 1011 3711 non
1058 3655 1334 3712 inferioris
1383 3656 1582 3712 factum
1619 3656 1830 3726 glorite,

230 3744 455 3816 dignum
486 3762 700 3816 quoque
722 3748 894 3814 relatu
927 3763 991 3803 ac
1017 3749 1332 3805 omnimoda
1360 3749 1681 3805 celebritate
1709 3749 1834 3804 sub-

227 3837 556 3892 necteudum
589 3840 916 3897 censuimus.
955 3841 1191 3897 Nicaeam
1223 3851 1513 3914 ceperant,
1545 3850 1600 3896 et
1625 3843 1694 3897 ad
1723 3841 1834 3896 Au-

227 3930 492 3986 tiochiam
539 3934 928 4003 obsidendam,
987 3936 1245 4007 quoniam
1297 3951 1461 4007 super
1510 3934 1690 3990 Nicaea
1747 3951 1833 3991 res

227 4024 534 4082 fortuniose
576 4038 958 4098 processerat,
1012 4030 1452 4096 contendebant,
1510 4043 1631 4084 cum
1689 4028 1832 4082 inter

226 4119 498 4185 cundum,
534 4120 854 4194 aliquoties,
886 4123 1013 4178 dum
1057 4140 1086 4178 a
1122 4124 1408 4194 procinctu
1441 4122 1600 4178 solito
1630 4137 1830 4192 oppor-

227 4210 436 4265 tunitas
467 4214 778 4270 securitatis
801 4215 1054 4281 adesset,
1097 4216 1508 4286 progredientes
1530 4229 1560 4269 e
1584 4212 1830 4269 viburuis

227 4303 500 4374 contiguis
539 4306 740 4362 bestias
785 4318 1120 4364 venarentur
1156 4327 1170 4362 :
1214 4308 1384 4364 saltus
1432 4323 1669 4379 namque
1715 4306 1830 4376 ejus

225 4395 498 4466 regionis,
533 4413 637 4452 non
669 4414 730 4454 ea
759 4414 867 4469 qua
894 4401 1064 4455 nostri
1089 4401 1340 4471 grossitie
1381 4410 1474 4455 aut
1497 4401 1828 4471 proceritate

1951 1921 2161 1960 memor
2208 1907 2260 1960 in
2308 1907 2426 1976 ipso
2463 1907 2700 1962 confinio
2755 1907 2984 1963 cervicis
3030 1914 3087 1962 et
3136 1908 3274 1962 armi
3303 1907 3542 1979 gladium

1948 1996 2139 2054 bestiae
2171 2000 2437 2070 applicat,
2471 2000 2752 2071 aciemque
2800 2001 3097 2065 mucronis,
3128 2001 3397 2057 universae
3427 2001 3542 2056 col-

1948 2088 2149 2145 latione
2176 2091 2350 2146 eidem
2382 2092 2600 2146 virtutis
2638 2093 2949 2148 inviscerat.
2977 2092 3110 2160 Quae
3135 2094 3540 2163 persentiscens

1948 2182 2154 2236 ferrum
2183 2183 2248 2239 ad
2288 2184 2695 2239 interaneorum
2735 2185 2841 2239 ima
2875 2183 3114 2256 prolabi,
3159 2187 3376 2241 tandem
3405 2201 3540 2255 quos

1947 2272 2002 2327 in
2031 2272 2254 2329 femoris
2281 2275 2444 2346 pulpa
2474 2277 2879 2331 constrinxerat
2912 2277 3101 2343 rictus,
3127 2278 3340 2332 extulit.
3379 2279 3542 2332 Dum-

1945 2377 2050 2433 que
2084 2380 2114 2419 a
2147 2364 2300 2421 ferali
2346 2381 2405 2422 se
2450 2381 2546 2422 ore
2574 2367 2810 2422 solutum
2844 2369 2950 2424 dux
3004 2370 3252 2440 inspicit,
3289 2370 3382 2424 sed
3423 2370 3540 2425 loco

1931 2471 2063 2511 eam
2095 2472 2202 2512 non
2231 2458 2440 2513 moveri
2473 2460 2725 2526 attendit,
2762 2459 2968 2528 junctis
3001 2475 3030 2530 a
3063 2474 3122 2517 sc
3161 2460 3388 2532 pedibus
3408 2475 3540 2532 pro-

1946 2547 2111 2615 pulit:
2139 2548 2233 2602 sed
2262 2549 2316 2602 in
2350 2548 2468 2619 ipso
2497 2549 2736 2618 repulsu,
2765 2564 2864 2621 per
2892 2551 3270 2620 prominentis,
3295 2564 3326 2604 a
3349 2548 3542 2605 bellua:

1944 2647 2201 2706 pectore,
2236 2637 2400 2708 gladii
2434 2639 2605 2693 aciem
2633 2680 2647 2704 ,
2687 2655 2842 2696 suras
2872 2639 2973 2696 sibi
3005 2640 3260 2696 tibiarum
3292 2639 3542 2696 laetaiiter

1941 2744 2080 2798 pene
2124 2728 2382 2784 concidit.
2432 2729 2563 2784 Ruit
2611 2731 2793 2802 itaque
2839 2732 3012 2788 multo
3061 2733 3323 2800 deterius,
3374 2747 3538 2803 quam

1942 2834 2064 2874 cum
2093 2829 2437 2889 premeretur
2463 2835 2493 2874 a
2525 2822 2696 2876 bestia
2718 2863 2732 2888 ,
2765 2831 2820 2877 et
2849 2830 2961 2877 toto
2984 2821 3099 2894 jam
3129 2837 3360 2894 corpore
3383 2823 3538 2878 inva-

1939 2911 2049 2969 lido
2079 2929 2142 2970 ac
2189 2914 2490 2985 exsangui,
2524 2914 2613 2968 vix
2671 2914 2961 2984 aliquando
3007 2916 3277 2984 reperitur
3325 2930 3356 2969 a
3402 2915 3536 2971 suis.

1941 3001 2307 3058 Solitudinum
2337 3019 2558 3058 suarum
2581 3003 2837 3074 ptenituit
2861 3012 2989 3060 tunc
3011 3019 3136 3060 sero
3166 3006 3382 3072 ducem,
3409 3006 3536 3060 dum

1937 3112 2037 3168 per
2089 3096 2167 3163 id,
2223 3097 2536 3167 appendicis
2582 3096 2689 3152 sibi
2738 3097 3034 3162 exercitus,
3085 3107 3141 3154 et
3179 3099 3340 3154 totius
3369 3112 3538 3169 sacrae

1940 3187 2146 3244 militiae
2174 3188 2499 3244 detrimenta
2525 3189 2865 3262 contingunt.
2882 3189 3067 3261 Usque
3093 3192 3159 3246 ad
3191 3192 3353 3248 ﬁnem
3379 3191 3538 3262 plane

1939 3280 2294 3336 Antiochenae
2353 3282 2655 3338 obsidionis
2703 3295 2848 3354 mgre
2896 3297 3121 3354 prorsus
3180 3284 3284 3338 nisi
3343 3282 3536 3340 lectica

1939 3372 2130 3427 devehi
2161 3373 2334 3442 potuit
2367 3391 2379 3426 :
2413 3383 2465 3427 et
2495 3374 2636 3439 ideo,
2666 3375 2791 3444 quia
2820 3388 2922 3429 nec
2958 3375 3060 3431 sibi
3101 3391 3202 3432 nec
3227 3374 3322 3430 ulli
3349 3375 3535 3447 provi-

1939 3467 2069 3522 dere
2107 3474 2353 3536 poterat,
2385 3457 2698 3537 quindecim
2727 3467 2896 3522 ferme
2942 3468 3224 3523 hominum
3254 3467 3494 3524 millibus
3517 3509 3533 3535 ,

1939 3557 2030 3628 qui
2061 3557 2164 3612 sibi
2197 3559 2566 3624 cuhaeserant,
2601 3567 2656 3615 et
2693 3560 2760 3615 ab
2783 3574 2848 3615 eo
2883 3574 2984 3630 pro
3015 3559 3335 3616 infirmitate
3356 3559 3535 3616 desci-

1937 3659 2153 3716 verant,
2177 3650 2330 3706 brevi
2362 3651 2558 3706 caruit.

2011 3739 2197 3814 [XIIL]
2236 3740 2600 3797 Christianum
2633 3741 2884 3798 Balduini
2913 3745 3046 3815 regis
3086 3743 3307 3814 factum.
3349 3771 3424 3784 —
3466 3741 3536 3798 At

1937 3837 2064 3907 quia
2110 3851 2301 3892 ursum
2347 3836 2515 3892 semel
2560 3836 2742 3892 adorsi
2781 3853 3001 3904 sumus,
3052 3838 3183 3907 quid
3241 3835 3537 3893 Balduinus

1936 3931 2102 3986 etiam
2119 3930 2234 4002 ejus
2251 3929 2440 3999 frater,
2465 3931 2557 4001 qui
2581 3946 2726 3986 nunc
2747 3947 2920 4003 usque
2939 3930 3296 4003 Jerosolymae
3319 3938 3532 4002 regnat,

1938 4027 2132 4098 egerit,
2163 4040 2546 4098 prmoccupare
2579 4026 2882 4092 voluimus,
2927 4028 3050 4098 quia
3089 4027 3270 4083 nullus
3310 4026 3360 4082 id
3395 4026 3530 4081 refe-

1936 4118 2091 4173 rendi
2134 4117 2360 4174 forsitan
2393 4132 2516 4176 sese
2567 4118 2702 4174 alias
2749 4119 2927 4189 aptior
2968 4118 3176 4189 aperiet
3215 4118 3388 4170 locus.
3429 4116 3536 4170 Pro

1935 4210 2214 4282 ereptione
2243 4210 2523 4280 cujusdam
2553 4211 2635 4267 sui
2665 4211 2882 4282 peditis,
2909 4208 3065 4278 cujus
3095 4208 3386 4263 admodum
3415 4222 3534 4260 sese

1929 4301 2147 4374 juvaret
2173 4303 2421 4369 audacia,
2453 4302 2836 4372 gravissimum
2865 4300 3188 4355 similiterin
3215 4297 3400 4366 praelio
3423 4297 3535 4350 vul-

1934 4413 2034 4451 nus
2047 4393 3008 4466 exceperat.Verebaturprovidentia
3025 4391 3191 4465 434
3205 4390 3533 4461 illius,quem

227 4488 498 4555 eminent;
532 4491 698 4546 semel
729 4491 929 4547 accidit
949 4501 1008 4547 ut
1035 4493 1292 4549 immanis
1318 4494 1608 4549 admodum
1635 4508 1828 4563 corpu-
1858 4514 1908 4574 ι)
1934 4489 2034 4544 sibi
2067 4488 2422 4554 adhibuerat,
2455 4487 2684 4551 medici,
2717 4486 2905 4542 inditis
2929 4483 3410 4555 cataplasmatibus
3437 4497 3534 4538 ex-

231 4577 412 4634 lentiae
469 4595 628 4634 ursus
683 4595 714 4634 e
759 4580 976 4638 frutetis
1026 4583 1230 4650 exiret,
1281 4599 1442 4654 quem
1491 4585 1829 4654 comperiens

230 4671 502 4726 exercitus
543 4671 972 4744 circumquaque
1015 4675 1359 4745 disquireret.
1416 4673 1589 4730 Ursus
1636 4689 1829 4746 nempe

227 4763 423 4829 isdem,
454 4780 711 4834 persensa
735 4767 1042 4837 frequentia
1070 4769 1536 4835 conclamantum,
1569 4785 1600 4826 e
1629 4769 1828 4840 quibus

231 4866 532 4916 emerserat
570 4861 737 4916 silvas
767 4862 1040 4932 extemplo
1072 4863 1308 4934 repetiit.
1340 4863 1524 4919 Multis
1553 4879 1683 4935 ergo
1727 4879 1828 4918 utt-

231 4947 512 5020 decunque
555 4951 896 5022 gyrantibus,
928 4969 1050 5008 cum
1095 4954 1171 5007 nil
1227 4964 1576 5023 occurreret,
1623 4955 1826 5010 misero

235 5039 440 5096 cuidam
472 5042 700 5114 contigit
736 5043 802 5111 ad
841 5042 1030 5098 bestiae
1071 5044 1240 5100 lustra
1282 5046 1614 5116 pertingere.
1653 5045 1824 5112 Quem

235 5131 324 5187 ubi
354 5132 627 5188 incautum
677 5149 840 5190 ursus
876 5137 1142 5203 adoritur,
1191 5138 1434 5192 brachiis
1465 5137 1688 5207 subigit,
1721 5137 1820 5192 ho-

237 5226 500 5296 minisque
540 5228 778 5299 jacentis
834 5231 1100 5300 corripuit
1145 5246 1266 5285 mox
1321 5231 1482 5285 dente
1529 5230 1724 5284 femur.
1759 5229 1825 5284 Et

237 5336 356 5376 ecce
384 5321 512 5386 dux,
544 5324 670 5377 dum
709 5339 738 5378 a
764 5325 876 5380 suis
898 5334 1159 5396 evagatus
1191 5326 1432 5390 oberrat,
1479 5325 1626 5381 solus
1657 5325 1824 5380 inter-

237 5416 418 5469 venit:
451 5430 612 5484 quem
664 5418 830 5473 miser
885 5418 1134 5484 intuitus,
1185 5428 1240 5474 et
1292 5433 1358 5472 ex
1407 5416 1822 5473 circumstantia

237 5505 429 5562 doloris
464 5523 528 5564 ac
561 5509 772 5566 timoris
801 5511 1180 5583 illacrymans,
1229 5511 1496 5582 ingenitas
1534 5511 1652 5564 viro
1689 5509 1822 5565 libe-

239 5600 475 5656 ralitates
495 5600 798 5672 obiectans,
823 5617 988 5675 super
1009 5603 1128 5674 opis
1153 5603 1353 5659 latione
1377 5602 1686 5678 compellat.
1712 5600 1822 5656 Nec

243 5691 355 5755 ille,
387 5692 472 5748 cui
505 5710 639 5764 pene
683 5697 861 5752 omnis
908 5697 1195 5752 constabat
1240 5712 1308 5752 ex
1347 5697 1546 5752 virtute
1594 5703 1816 5760 natura,

243 5792 518 5845 cunctatur
541 5787 831 5856 auxilium,
863 5789 958 5844 sed
988 5788 1179 5845 adnisu
1215 5804 1320 5861 quo
1358 5789 1527 5846 valuit
1567 5796 1819 5845 exactum

1935 4578 2104 4634 terius
2146 4577 2458 4633 cicatricem
2507 4577 2783 4632 obducere
2843 4594 2856 4630 :
2909 4585 3138 4632 noverat
3192 4575 3337 4631 enim
3390 4574 3530 4630 idem

1929 4669 2125 4724 vulnus
2171 4667 2726 4739 interioraeorporis
2783 4667 3103 4738 profundius
3159 4667 3531 4739 attigisse,ne

1933 4764 2060 4818 dum
2089 4762 2229 4818 cutis
2258 4759 2576 4832 superficies
2612 4768 2944 4832 aequaretur,
2989 4759 3314 4815 intrinsecus
3357 4755 3530 4814 saniei

1931 4857 2216 4930 congeries
2245 4855 2544 4912 foveretur.
2573 4855 2728 4924 Quod
2759 4855 2836 4911 ita
2864 4853 3001 4919 fieri,
3036 4855 3176 4909 miro
3197 4852 3379 4917 modo,
3411 4851 3528 4904 lau-

1931 4948 2094 5004 dabili
2124 4948 2468 5018 conjectura,
2512 4947 2960 5018 experientiaque
2990 4945 3290 5016 proposuit.
3323 4943 3528 5013 Regem

1927 5039 2161 5110 petierat
2209 5048 2267 5094 ut
2307 5039 2570 5109 aliquam,
2611 5055 2677 5094 ex
2709 5039 2793 5094 his
2818 5053 2958 5110 quos
2983 5035 3223 5092 custodia
3254 5032 3527 5088 detinebat

1930 5132 2277 5200 Sarracenis,
2317 5149 2635 5204 personam,
2682 5149 2750 5188 eo
2795 5141 2979 5198 statu,
3030 5129 3122 5184 tali
3159 5129 3211 5182 in
3248 5128 3366 5183 loco
3419 5142 3525 5196 quo

1928 5225 2043 5296 ipse
2063 5226 2334 5282 sauciatus
2367 5226 2560 5288 fuerat,
2583 5225 2854 5279 vulnerari
2878 5222 3199 5293 praeciperet
3227 5219 3519 5287 (Christia-

1928 5335 2056 5374 nam
2089 5320 2233 5373 enitn
2259 5319 2412 5373 nefas
2443 5325 2626 5388 petere
2654 5314 2795 5386 erat)
2823 5326 2878 5370 et
2915 5322 3038 5384 post
3075 5312 3368 5368 illationem
3408 5310 3526 5366 vul-

1928 5411 2076 5467 neris
2103 5411 2275 5466 occidi
2299 5409 2516 5478 juberet
2545 5427 2558 5462 :
2593 5417 2863 5478 quatenus
2905 5408 2958 5462 in
2993 5404 3263 5461 interfecti
3297 5419 3524 5476 corpore

1926 5503 2176 5559 licentius
2201 5502 2557 5573 disquireret.
2591 5500 2702 5555 imo
2729 5515 2796 5555 ex
2841 5499 2958 5569 ejus
2999 5499 3350 5568 despectione
3396 5512 3523 5567 per-

1925 5596 2185 5666 penderet
2211 5595 2446 5665 qualiter
2477 5610 2535 5649 se
2575 5594 2630 5648 in
2669 5593 2783 5648 suis
2812 5593 2970 5665 plaga
2998 5593 3144 5664 regia
3174 5590 3404 5646 interius
3429 5590 3522 5643 ba-

1922 5689 2096 5743 beret.
2157 5687 2380 5742 Horruit
2425 5688 2492 5742 ad
2542 5688 2660 5742 hare
2711 5686 2938 5741 nimium
2987 5687 3161 5758 pietas
3209 5680 3522 5756 principalis

1923 5781 2262 5839 Constantini
2292 5781 2495 5838 veteris
2519 5779 2764 5854 exempla
2804 5779 3115 5854 resculpeus
3150 5796 3164 5834 :
3203 5797 3220 5831 ι
3260 5775 3430 5850 Negat
3463 5787 3524 5834 se
