4012 6346
1342 159 1373 182 ο
3886 180 3887 183 η

622 244 730 304 799
1479 235 1544 293 V.
1569 232 1896 295 GUIBERTI
1928 229 2221 289 ABBATIS
2248 225 2307 287 S.
2348 224 2590 285 MARUE
2630 226 2718 284 DE
2734 222 3153 285 NOVIGENTO
3744 237 3807 295 δυο

696 362 710 374 ·
817 361 830 374 ο
946 360 960 379 ι
992 359 1217 379 mum
1288 356 1443 379 ματη-.
1477 354 1776 379 emam.
1805 352 2042 379 Μυκη...
2071 365 2199 379 ,μην
2246 353 2267 379 ι
2306 346 2645 379 “mmmam
2692 352 2952 379 ηιυιηιηηι
2986 352 3227 379 ιηιηηιιρ
3259 325 3523 379 luscinii”
3575 360 3592 379 .
3617 344 3693 379 ρης
3722 368 3804 379 μ-.

622 361 924 433 cuiuspiam
946 359 1252 425 hominum,
1283 356 1447 413 etiam
1473 354 1778 410 deterrimae
1803 352 2045 409 omnium
2071 365 2202 406 con-
2230 353 2279 414 Α
2306 346 2665 418 processerit,
2692 352 2955 416 quantum
2986 352 3227 413 quoque
3258 338 3409 398 laesio
3443 350 3545 398 tua.
3575 360 3593 396 ι
3617 344 3696 403 Cui
3722 368 3804 408 rex:
3886 338 3887 419 Ὺ

623 454 865 518 ditionis,
897 467 1115 508 causam
1144 449 1336 505 mortis
1361 448 1646 513 ullatenus,
1678 462 1779 518 pro
1819 444 2052 509 tantilla,
2080 457 2206 499 cum
2320 454 2339 488 ι
2374 437 2585 503 Beslia.
2615 438 2721 505 ait,
2752 452 2860 493 ιιοῐι
2903 437 2954 491 in
2979 449 3149 491 mora
3172 474 3188 499 θ
3220 444 3353 489 Cum
3391 449 3521 504 opus
3556 436 3806 505 ῖυθΐίινετίίε

624 528 787 600 etiam
819 544 888 598 sit
924 543 1113 608 dubia,
1146 541 1317 597 salute
1359 539 1621 595 futurum.
1659 556 1678 590 ›
1733 536 1870 592 Tum
1918 535 2159 591 medicus
2188 552 2202 588 :
2315 532 2516 587 factum
2546 541 2694 603 puta.
2726 551 2745 585 ι
2770 532 2936 588 Facto
2959 531 3140 601 igitur
3167 528 3240 582 ad
3266 528 3478 584 libitum
3499 531 3664 587 medici
3679 549 3727 589 ex
3744 538 3809 593 len
3886 570 3887 625 ί

629 654 649 688 ‹
685 635 741 689 Si
774 635 967 703 inquit,
1002 634 1317 704 reparanda:
1354 633 1447 687 tibi
1480 632 1657 703 gratia
1690 627 1965 699 sospitatis
2002 625 2205 681 nemini
2314 626 2584 695 periculo,
2629 627 2897 695 comperit
2941 624 3374 680 incommodum
3423 632 3483 676 ut
3520 625 3810 692 pralihavims

623 726 789 779 vitam
821 726 1060 781 adimere
1083 726 1341 791 definisti,
1369 724 1559 780 saltem
1589 738 1771 778 ursum
1808 718 2049 775 inutilem
2075 718 2206 777 satis
2316 719 2467 789 regi,
2512 719 2557 774 si
2600 718 2855 773 obductio
2897 717 3143 773 celerius
3180 714 3398 771 vulneri
3444 717 3811 784 proveniret,nisi
3886 720 3887 723 “

624 814 728 869 nisi
760 816 1065 885 spectaculo
1090 817 1320 871 bestiam
1351 814 1628 870 admoveri
1660 812 1853 867 manda
1884 825 1899 864 :
1930 810 2205 878 prioribus
2314 813 2465 880 prius
2515 813 2783 866 exhausta
2830 810 3154 882 purulentia
3201 824 3338 880 pars
3391 808 3685 864 intrinsecus
3712 815 3811 868 scissa

623 906 851 973 pedibus
896 908 948 961 in
997 907 1224 962 sublime
1268 907 1533 976 porrectis
1570 918 1840 970 erectam,
1874 903 2018 961 ferro
2062 902 2209 961 feriri
2312 906 2504 960 coiret.
2546 903 2672 960 Haec
2714 920 2876 975 super
2914 918 3112 973 regum
3160 902 3375 972 pietate
3408 900 3591 956 dixisse
3631 902 3811 959 suﬂiriat:

625 999 853 1069 impera,
882 1001 1038 1069 cujus
1064 1009 1359 1071 peremptae
1400 998 1739 1069 postmodum
1778 1012 1899 1052 cum
1926 996 2211 1066 pervidero
2313 1011 2543 1067 quorum
2575 996 2745 1067 gloria
2775 1011 2947 1065 teque,
2973 994 3187 1059 fateor,
3222 992 3551 1058 incessisset,
3580 993 3619 1047 si
3642 1010 3721 1049 non
3737 1012 3814 1062 poe-

625 1091 858 1159 viscera,
887 1092 1066 1147 metiri
1093 1106 1225 1148 sane
1247 1100 1519 1160 utcunque
1545 1098 1762 1161 potero,
1792 1086 2048 1160 quorsum
2072 1088 2215 1144 intro
2324 1088 2478 1144 tiﬁcii
2505 1089 2719 1156 electio,
2748 1089 2858 1146 imo
2883 1098 2939 1145 et
2958 1088 3148 1159 ipsum
3181 1085 3521 1158 pontiﬁcium
3545 1084 3807 1163 claudicasset

3649 1256 3811 1279 —

639 1258 3370 1283 Μ

1663 1423 2075 1539 LIBER
2158 1416 2874 1538 OCTAVUS.

1143 1775 1375 1856 CAPUT
1412 1775 1705 1833 PRIMUM.
2248 1755 2292 1813 Β
2460 1770 2666 1837 Estote,
2699 1785 2904 1841 quaeso,
2930 1772 3186 1829 Persidis
3212 1774 3513 1843 pernicies,

769 1869 1061 1940 ﬂuensque
1090 1869 1268 1937 Musa,
1296 1885 1394 1940 per
1422 1872 1623 1925 fruteta
1648 1869 1902 1940 veprium;

768 1963 996 2019 Incessit
1025 1973 1179 2019 arcto
1209 1963 1524 2033 scrupulosa
1558 1963 1774 2018 tramite

773 2052 951 2110 Calles
984 2056 1163 2110 euntis
1184 2065 1485 2124 occupante
1510 2054 1694 2110 nubilo
1725 2070 1742 2120 ;

767 2146 981 2203 Aurora
1005 2149 1112 2204 seri
1132 2149 1219 2203 vix
1250 2147 1434 2203 fovere
1459 2149 1673 2204 sideris.

768 2238 910 2297 Lnes
936 2242 1148 2297 cruoris
1171 2242 1436 2297 hactenus
1461 2240 1787 2309 cucurrerit,

769 2329 949 2402 Stragi
982 2331 1219 2401 famique
1251 2331 1325 2399 nil
1353 2347 1553 2386 vacans
1583 2330 1867 2387 resederit.

766 2419 1005 2475 Fortuna
1031 2423 1073 2476 si
1108 2438 1214 2492 qua
1236 2423 1399 2477 rebus
1432 2423 1701 2479 interdum
1730 2423 1843 2479 suis

768 2512 989 2579 Arrisit,
1028 2530 1161 2569 aura
1192 2515 1422 2570 cladium
1449 2530 1618 2586 rapax
1651 2516 1792 2571 tulit.

772 2600 873 2667 Qui
907 2603 1032 2655 dum
1059 2601 1276 2657 Nicmna
1306 2605 1567 2659 subruere
1594 2605 1791 2659 moenia
1815 2645 1831 2668 ,

771 2692 907 2760 Quis
930 2696 1063 2749 urbe
1091 2705 1247 2765 capta
1280 2696 1489 2752 fructus
1512 2707 1594 2753 est
1619 2697 1906 2753 Antiochi?

773 2785 824 2840 ls
854 2795 939 2841 est
962 2787 1208 2857 profecto
1232 2789 1321 2858 qui
1349 2789 1407 2843 fit
1438 2805 1505 2844 ex
1530 2790 1836 2860 suppliciis,

767 2877 1081 2950 Cuicunque
1108 2892 1294 2937 sancto
1325 2872 1498 2939 morte
1532 2886 1673 2939 victa
1702 2883 1947 2959 martyri.

774 2970 1014 3026 Dolenda
1043 2988 1277 3043 namque
1306 2974 1350 3029 si
1380 2990 1484 3045 qua
1514 2977 1739 3048 contigit
1762 2975 1892 3046 pati,

770 3059 1052 3133 Mistisque
1084 3063 1227 3119 ferre
1257 3066 1495 3120 caedibus
1522 3068 1809 3136 penurias,

768 3154 970 3211 Maeror
992 3155 1172 3211 futura
1200 3159 1474 3228 parturire
1503 3160 1717 3228 gaudia.

768 3247 887 3314 Quo
917 3257 1035 3303 utar
1055 3264 1185 3320 ergo
1219 3250 1438 3304 vocibus
1468 3250 1909 3321 Psalmographi?

766 3337 1007 3394 Lanatus
1033 3355 1151 3394 sum
1182 3355 1249 3395 ex
1272 3341 1355 3395 his
1378 3356 1498 3410 quae
1528 3342 1696 3395 relata
1725 3351 1850 3397 sunt
1874 3342 2035 3397 mihi:

767 3428 919 3485 Licet
942 3432 1126 3487 subire
1149 3442 1330 3502 presto
1347 3432 1460 3502 jam
1499 3434 1715 3489 domum
1744 3436 1861 3491 Dei.

767 3521 872 3577 Pes
897 3538 1027 3579 ecce
1051 3533 1236 3579 noster
1257 3526 1521 3581 atriorum
1550 3528 1769 3583 Solimae
1787 3568 1803 3595 ,

767 3613 1019 3671 Calcator
1044 3625 1244 3684 exstat,
1276 3633 1340 3674 ac
1374 3634 1543 3675 ovans
1563 3620 1894 3676 obambulat.

768 3705 964 3762 Franci
999 3708 1201 3764 laboris
1229 3712 1344 3765 hmc
1372 3712 1564 3767 habete
1594 3713 1855 3781 praemia:

770 3793 882 3850 Nec
912 3812 1008 3853 vos
1045 3798 1223 3853 dolete
1252 3801 1542 3871 pertulisse
1572 3803 1766 3857 tristia.

769 3887 966 3956 Optata
997 3891 1211 3946 tandem
1242 3908 1338 3948 vos
1363 3895 1596 3964 sepulcri
1630 3897 1799 3963 visio,

767 3981 1066 4057 Crucisque
1098 3997 1242 4043 tacta
1266 3988 1480 4043 ﬂetibus
1506 3989 1804 4060 redemptio

767 4075 949 4144 Juvat,
980 4080 1224 4153 fugitque
1244 4093 1434 4152 peetus
1456 4097 1617 4138 omne
1641 4083 1841 4153 passio.

773 4167 1047 4227 Urbs.ista
1074 4188 1217 4243 saepe
1243 4166 1425 4244 praeda
1449 4174 1589 4231 facta
1622 4176 1862 4246 regibus,

762 4267 1223 4328 Pessumdabatur
1247 4273 1522 4327 obruenda
1554 4270 1815 4328 funditus.

761 4356 897 4426 Hac,
926 4377 958 4416 o
985 4363 1139 4417 beata
1165 4364 1415 4434 captione
1440 4364 1661 4429 civitas,

763 4448 902 4507 Hinc
927 4469 1264 4524 promerens,
1293 4465 1353 4511 ut
1385 4457 1655 4527 imperare
1680 4456 1896 4524 debeas,

762 4542 842 4598 Ad
872 4554 1032 4615 teque
1053 4564 1217 4619 regna
1247 4549 1553 4605 Christiana
1587 4552 1902 4608 contrahas!

764 4634 978 4692 Videbit
1007 4641 1153 4696 orbis
1180 4642 1286 4697 huc
1308 4644 1495 4700 venire
1524 4646 1746 4716 glorias,

764 4723 993 4796 Tibique
1016 4733 1205 4787 matris
1241 4734 1498 4790 exhibere
1535 4738 1760 4805 gratias,

760 4814 876 4871 Non
906 4817 1073 4873 Ezras
1098 4822 1248 4888 olim,
1276 4825 1357 4879 vel
1391 4825 1731 4883 Macbabzeus
1761 4827 1957 4897 Juaas,

764 4907 894 4965 Post
918 4910 1136 4976 damna,
1164 4923 1314 4969 tanto
1344 4918 1653 4985 provehunt
1673 4934 1804 4990 opes
1826 4930 1946 4978 tuas
1979 4940 1991 4977 :

760 5001 876 5057 Non
908 5004 1204 5073 Adrianus,
1228 5008 1372 5064 unde
1398 5026 1591 5065 nomen
1622 5011 1774 5068 Helia
1799 5054 1815 5082 ,

758 5094 835 5150 Te
866 5096 1182 5167 suseitando
1214 5098 1330 5168 quit
1360 5100 1572 5156 dedisse
1601 5103 1746 5158 talia.

754 5186 859 5243 Pro
891 5199 940 5245 te
969 5190 1182 5261 tuisque
1212 5195 1446 5249 mundus
1470 5193 1569 5250 iste
1594 5197 1792 5254 militat
1818 5218 1831 5253 :

755 5279 881 5336 Haec
912 5299 1048 5353 pene
1080 5302 1212 5342 cura
1239 5288 1496 5345 saiculum
1520 5291 1796 5347 sollicitat.

755 5368 1038 5435 Quondam
1065 5376 1247 5434 Judaea
1270 5380 1396 5436 dum
1424 5381 1631 5454 vigeret
1650 5384 1880 5453 optime,

753 5458 1005 5520 Praebere
1033 5469 1216 5534 quibat
1247 5472 1377 5529 huic
1402 5473 1569 5532 decus
1591 5475 1852 5546 parabile.

755 5551 895 5619 Quid
927 5560 1301 5622 carminantur
1331 5568 1386 5623 in
1413 5568 1592 5627 duella
1621 5571 1859 5630 milites?

2465 1863 2583 1919 Non
2604 1870 2785 1917 vestra
2816 1878 2831 1916 :
2861 1864 3132 1934 quidquid
3170 1862 3347 1919 ollicit
3374 1863 3667 1929 Jerusalem,

2451 1957 2519 2012 Et
2540 1955 2830 2027 Babylonis
2854 1957 3109 2012 obserate
3143 1957 3477 2028 principem.

2458 2047 2531 2104 Ut
2560 2046 2644 2101 fas
2675 2047 2828 2103 adire
2859 2046 2931 2103 sit
2958 2034 3124 2104 bonis
3153 2049 3290 2105 Jesu
3325 2064 3562 2113 crucem,

2458 2139 2612 2194 Pium
2641 2139 2888 2210 sepulcro
2919 2142 3225 2212 subjugare
3254 2141 3533 2196 verticem.

2458 2231 2721 2287 Clamabo
2758 2241 2944 2288 nostra
2968 2234 3319 2304 comperisse
3353 2241 3603 2302 tempora,

2462 2321 2617 2389 Quod
2644 2338 2751 2378 non
2775 2324 2991 2379 docebit
3018 2323 3130 2378 ulla
3158 2322 3433 2379 fastorum
3463 2321 3611 2378 scola.

2385 2413 2574 2487 [ΚΗΛ]
2609 2413 2910 2484 Arnulphus
2938 2415 3161 2485 quidam
3203 2414 3604 2486 patriarcharum
3628 2408 3800 2478 Jerosolg-

2318 2510 2572 2565 mitanum
2589 2508 2748 2561 ambit
2768 2518 2925 2579 atque
2945 2509 3249 2563 obtinet.—
3265 2508 3338 2561 At
3359 2506 3596 2578 quoniam
3614 2504 3702 2557 dum
3716 2511 3799 2555 tem-

2317 2602 2522 2673 poralia
2551 2610 2929 2671 procurantur,
2959 2601 3110 2673 regia
3143 2599 3602 2656 administratione
3622 2592 3797 2650 tractam

2317 2704 2603 2766 putantur;
2635 2696 2892 2750 interiora
2917 2695 3116 2767 negligi
3148 2706 3263 2750 nOn
3291 2693 3506 2760 debent,
3530 2706 3627 2761 qua:
3642 2686 3798 2742 sacculo

2319 2789 2414 2842 tali
2448 2788 2621 2843 cilicio
2650 2789 2943 2859 pertinent.
2976 2789 3125 2860 Rege
3171 2797 3342 2860 prout
3371 2796 3578 2858 potuere
3601 2787 3742 2839 creato,
3760 2775 3797 2826 de

2318 2880 2643 2950 patriarchae
2679 2889 3073 2949 consequenter
3131 2879 3518 2936 substitutione
3556 2875 3796 2944 pertractant

2318 2970 2451 3026 Erat
2479 2971 2549 3026 ibi
2581 2978 2709 3026 tunc
2738 2972 2997 3043 temporis
3026 2973 3258 3041 quidam
3304 2972 3405 3026 sub
3435 2980 3631 3025 censura
3649 2955 3796 3016 clericali
3886 2986 3887 3043 ᾗ

2321 3078 2509 3132 agens,
2541 3064 2641 3119 sub
2669 3079 2777 3133 quo
2806 3073 2985 3118 autem
3028 3065 3206 3134 gradu
3255 3062 3469 3126 nescio,
3509 3057 3585 3128 qui
3610 3056 3794 3108 vocaret“r

2318 3138 2595 3212 Arnulfus.
2623 3155 2670 3211 ls
2693 3157 2744 3210 in
2777 3156 3070 3211 dialecticae
3099 3157 3414 3212 eruditione
3435 3166 3531 3207 non
3556 3148 3705 3207 hebes;
3723 3152 3793 3192 cum
3886 3202 3887 3215 ξ

2320 3248 2544 3302 minime
2572 3247 2870 3301 haberetur
2898 3248 2963 3302 ad
2993 3247 3370 3318 grammaticae
3397 3244 3670 3299 documenta
3692 3227 3791 3285 rudis

2320 3341 2465 3411 regis
2495 3339 2791 3411 Anglorum
2822 3339 2989 3395 filiam
3018 3340 3352 3396 monacham
3376 3378 3390 3404 ,
3420 3332 3565 3408 435
3588 3342 3677 3421 eaut
3695 3332 3791 3421 (litim

2318 3432 2709 3504 praemisimus,
2760 3434 2851 3488 ditt
2906 3434 3193 3504 disciplina
3256 3433 3555 3488 docuerat:
3604 3419 3670 3476 cui
3712 3414 3790 3467 liot-

2322 3527 2704 3582 tbmannorum
2738 3541 2950 3593 comes,
2992 3532 3272 3583 mediante
3298 3537 3497 3587 sorore,
3522 3509 3788 3603 Spoponderat,

2320 3621 2461 3690 quod
2501 3620 2666 3675 etiam
2705 3621 3067 3692 episcopalem
3114 3622 3382 3676 honorem
3422 3615 3513 3687 ipsi
3548 3607 3788 3666 deferret.Sl

2320 3714 2627 3783 quempiam
2659 3715 3034 3785 epiSCOporum
3069 3730 3301 3769 suorum
3339 3711 3509 3767 obisse
3542 3696 3785 3785 contingeret
3886 3712 3887 3785 γ

2318 3782 2540 3860 Interim
2580 3782 3058 3875 Hierosolvmitani
3087 3805 3305 3877 itineris
3329 3817 3446 3858 cum
3472 3796 3651 3853 suborta
3672 3782 3785 3876 luissd

2320 3898 2571 3963 occasio,
2626 3898 2914 3967 episcopus
2963 3896 3310 3965 Bajocensis,
3363 3892 3471 3948 Odo
3513 3883 3703 3977 nomine.
3739 3882 3787 3977 τίν

2320 4005 2636 4061 magnarum
2668 4006 2854 4060 opum,
2885 3991 2988 4046 hoc
3018 3991 3197 4060 ipsum
3242 3986 3451 4045 devovit
3487 3982 3589 4036 iter.
3616 3972 3687 4038 Ουί
3711 3972 3782 4061 ίῖ⁰¹¹ξ

2319 4055 2552 4138 senioris
2600 4055 2897 4154 Aug-lorum
2944 4055 3091 4153 regis
3140 4078 3413 4140 Guillelmi
3451 4074 3597 4129 frater
3627 4055 3782 4163 es}???

2318 4185 2517 4246 praeter
2539 4176 2803 4246 pontificii
2832 4175 3145 4246 dignitatem
3191 4175 3333 4247 apud
3357 4168 3541 4240 Anglos
3570 4154 3779 4215 comitatum

2320 4268 2525 4324 Cantiae
2565 4269 2865 4337 obtineret,
2913 4286 3009 4340 spe
3040 4263 3561 4340 incomparandorum
3598 4248 3782 4341 thesaur-

2322 4380 2467 4431 rum,
2496 4364 2548 4418 in
2581 4373 2788 4420 tantum
2816 4381 2904 4420 res
2935 4365 3087 4420 visus
3116 4373 3202 4418 est
3228 4362 3423 4416 audere
3449 4361 3605 4409 novas,
3622 4339 3776 4431 utetiam

2235 4465 2292 4528 1)
2321 4457 2386 4512 de
2432 4426 2585 4528 regni
2637 4466 2825 4513 contra
2878 4458 3102 4513 fratrem
3153 4453 3426 4528 proprium
3479 4426 3777 4528 ρτωειιψριίθθδ

2322 4525 2583 4606 tractaret
2610 4552 2744 4622 (54).
2771 4552 2942 4620 Quem
2975 4568 3069 4607 rex
3096 4525 3429 4621 praeveniens
3454 4525 3662 4594 cat-cera“

2319 4610 2836 4712 cipavitCttstodize,
2886 4610 3229 4711 detinuitque
3271 4639 3437 4693 virum
3482 4633 3623 4693 ιιεοίιυθ

2321 4735 2489 4804 ipsius
2529 4736 2734 4789 exitum
2782 4734 2927 4790 vitaz.
2985 4734 3104 4802 Quo
3183 4741 3371 4789 exacto
3415 4698 3768 4811 episcopus

2317 4828 2554 4885 libertati
2583 4845 2645 4884 ac
2671 4830 2862 4885 honori
2893 4829 3083 4895 rediit;
3123 4837 3179 4884 et
3209 4828 3285 4884 uti
3312 4797 3771 4909 prmniissumfsiajf

2316 4922 2476 4992 huius
2526 4924 2808 4979 intonante
2856 4914 3166 4995 praeconio,
3214 4922 3325 4993 ipse
3359 4928 3459 4973 sua?
3497 4888 3767 5005 86"“5,_m,':f

2314 5016 2641 5086 frequentia.
2668 5033 2791 5070 cum
2823 4994 3017 5086 opibus
3056 5014 3353 5083 innumeris
3386 5009 3458 5064 ire
3481 4994 3682 5073 permit.

2305 5110 2398 5181 jus
2430 5112 2740 5183 Arnulphus
2771 5112 2911 5167 idem
2940 5110 3218 5166 comitatui
3250 5119 3375 5176 sese
3419 5090 3610 5185 indiditf
3631 5076 3759 5185 “ecf

2315 5204 2443 5258 huic
2468 5206 2571 5273 ipsi
2602 5162 2854 5274 episcopo
2886 5204 3021 5258 citra
3043 5244 3057 5269 ,
3104 5203 3206 5258 nisi
3235 5198 3401 5260 fallor,
3422 5162 3760 5299 Romaniae

2321 5294 2444 5350 finis
2478 5295 2778 5365 obtigisset,
2804 5312 2870 5350 ex
2898 5294 2990 5349 illo
3020 5292 3256 5348 maximo
3295 5297 3444 5344 censu
3481 5280 3607 5346 quem

2319 5386 2639 5457 reliquerat,
2672 5386 2817 5442 hunc
2845 5386 3167 5459 legatarium
3196 5397 3328 5455 pene
3367 5380 3477 5431 ante
3509 5345 3756 5484 Ῠωηῗίεῒὲ

2314 5480 2601 5549 pellectilis
2643 5496 2755 5536 suae
2782 5480 3034 5552 pretiosae
3066 5477 3262 5535 effecit.
3292 5474 3413 5577 Copi
3451 5449 3752 5580 ξιιξῗοηῗξῗπ

2315 5544 2534 5630 litterali
2565 5544 2858 5646 plurimum
2886 5582 3090 5647 posset,
3124 5582 3180 5629 et
3208 5565 3405 5644 ingenio
3428 5544 3666 5623 eloquent“

680 5689 793 5769 (54)
820 5694 899 5753 ita
934 5697 1233 5770 scriptores
1272 5703 1483 5778 Anglici
1533 5706 1854 5770 Guillelmus
1909 5709 2218 5784 Malmesb.,
2255 5710 2540 5772 Matthaeus
2569 5711 2768 5783 West.,
2801 5712 3056 5787 Polydor.
3086 5710 3277 5786 Virgil.

3722 6046 3888 6268 Δ

3872 5794 3881 5949 <
