4012 6346
74 394 77 395 ν
110 328 249 386 801

1181 320 1407 377 GESTA
1431 320 1539 376 DEI
1571 320 1707 376 PER
1738 313 2189 382 FRANCOSCl-Z
2208 314 2513 387 LIB'Ivm‘.’

3300 314 3428 389 'soa

116 446 392 509 deesset;
418 444 744 514 uberiorque
762 441 871 513 jam
899 444 1053 515 copia
1081 442 1441 513 cognitionem
1466 442 1736 506 redderet,
1766 442 1815 502 Α
1845 446 2019 501 sancti
2050 444 2195 500 Petri
2223 447 2291 501 ad
2321 445 2545 502 Vincula
2581 446 2777 518 erupit,
2804 444 2897 501 sed
2922 460 3043 501 cum
3071 445 3120 502 ei
3149 446 3291 503 nulla
3324 448 3427 518 piae

114 543 398 606 cmperat
449 544 665 590 nostros
700 535 909 590 crebris
956 534 1199 589 animare
1236 534 1605 596 sermonibus,
1657 530 1736 585 fa-

116 642 407 697 mamque
430 642 582 682 suam
614 642 917 698 prapagare
955 628 1008 681 in
1040 628 1256 682 talibus.
1288 626 1471 697 lnopia
1502 639 1736 695 namque

114 716 536 781 litteratorum,
561 716 738 771 virum
769 716 971 789 fecerat
1005 716 1287 771 clariorem
1318 733 1333 771 ε
1363 724 1439 779 et,
1472 716 1597 770 dum
1633 729 1736 768 vox

118 808 328 879 magis
354 822 517 876 quam
541 807 654 860 vita
688 815 934 872 curatur,
964 807 1032 861 ad
1076 808 1177 862 hoc
1203 816 1262 861 ut
1293 805 1737 876 Hierosolymita-

118 915 255 956 nus
299 900 455 955 ﬁeret
499 900 811 970 patriarcha
855 907 1099 953 vocatur.
1151 898 1477 967 Aliquandiu
1524 897 1734 964 itaque,

120 990 268 1046 solo
290 990 541 1054 nomine,
583 990 893 1060 pontiﬁcale
941 998 1212 1045 ostentum
1258 988 1518 1059 praebuit;
1554 988 1737 1043 decla-

116 1083 480 1139 mationibus
506 1081 618 1136 suis
640 1090 817 1136 tamen
848 1081 1071 1137 novitati
1100 1081 1174 1134 illi
1197 1080 1415 1151 profuit.

214 1173 389 1247 [ΧΨ]
412 1173 686 1243 Arnulpho
714 1173 1041 1245 adversaturj
1059 1191 1215 1243 papa,
1248 1180 1422 1243 utpote
1452 1173 1736 1226 sacerdotis

116 1268 280 1339 ﬁlio.
312 1268 593 1323 Daibertus
648 1269 703 1323 in
758 1269 870 1339 ejus
907 1268 1077 1323 locum
1116 1270 1449 1340 subrogatur.
1480 1267 1583 1323 Sed
1615 1285 1737 1323 con-

114 1361 415 1431 juratione
466 1359 608 1429 facta
659 1358 713 1413 in
765 1376 966 1430 regem,
1027 1360 1323 1430 expellitur.
1381 1391 1451 1400 —
1498 1359 1735 1415 Tandem

120 1465 269 1528 post
313 1457 711 1527 aliquantulum
753 1456 1041 1526 temporis,
1085 1472 1206 1511 cum
1252 1455 1392 1509 facta
1439 1468 1610 1525 usque
1671 1454 1739 1509 ad

121 1547 502 1618 apostolicam
588 1549 770 1604 sedem
840 1546 1241 1619 percrebuisset
1308 1545 1532 1612 electio,
1598 1560 1739 1615 papa

122 1639 464 1705 Paschalis,
516 1648 639 1710 post
687 1639 894 1695 obitum
938 1640 1220 1695 Podicnsis
1274 1638 1541 1709 episcopi,
1593 1638 1738 1692 vices

123 1746 312 1802 super
356 1731 625 1787 Dominici
667 1733 942 1787 exercitus
979 1747 1131 1797 cura,
1165 1746 1291 1787 suas
1330 1730 1736 1801 archiepiscopo

1838 538 1963 593 vitae
1992 538 2301 608 adjumenta
2334 547 2702 609 suppeterent,
2732 539 2955 594 efﬂuxit.
2998 539 3199 595 Civitas
3246 549 3427 597 autem

1839 631 2026 686 eadem
2073 640 2231 700 capta
2262 639 2345 686 est
2393 647 2422 685 a
2447 632 2696 699 Francis,
2728 632 2917 701 quinto
2944 633 3155 688 decimo
3185 633 3427 704 provecti

1839 713 1965 770 Julii
2010 715 2126 782 die,
2176 730 2297 771 cum
2346 726 2500 772 sexta
2554 728 2700 774 esset
2747 718 2914 783 feria;
2962 719 3075 790 ipsa
3127 718 3271 789 fere,
3316 735 3425 793 qua

1840 808 2091 865 Christus
2121 808 2176 864 in
2206 823 2426 865 crucem
2463 811 2706 866 sublatus
2741 819 2843 878 est,
2877 812 3031 867 hora.

2468 902 2696 958 CAPUT
2734 902 2797 957 11.

1913 992 2100 1073 [XVL]
2150 992 2448 1064 Imperator
2482 991 2792 1062 Babylonia:
2833 994 3025 1048 bellum
3063 996 3171 1065 regi
3213 995 3427 1050 Jerusa-

1841 1085 2094 1156 lymitano
2123 1086 2413 1141 denuntiat.
2447 1083 2644 1139 ——Non
2674 1084 2842 1139 nmlto
2872 1095 2994 1155 post
3021 1095 3283 1156 tempore,
3319 1086 3427 1142 imo

1838 1177 2186 1247 paucissimis
2208 1184 2328 1245 post
2351 1176 2561 1238 diebus,
2585 1176 2782 1229 adsunt
2802 1174 3165 1244 Neapolitana:
3194 1175 3430 1230 civitatis

1840 1268 2024 1340 legati,
2049 1282 2166 1337 quae
2195 1265 2847 1335 Sichcmantiquitus,vel
2872 1263 3116 1319 Samaria
3134 1265 3432 1318 vocabatur

1841 1359 1962 1432 [at.,
2006 1374 2154 1429 qum,
2199 1357 2303 1413 nisi
2355 1357 2534 1422 fallor,
2591 1356 2791 1409 Emaﬁs
2838 1354 3136 1423 antiquitus
3196 1355 3428 1408 vocaba-

1841 1452 1975 1525 tur],
2025 1451 2309 1507 Tancredo
2345 1461 2400 1506 et
2440 1450 2733 1504 Eustachio
2767 1448 2986 1513 comiti,
3028 1447 3180 1502 ducis
3216 1446 3427 1515 pridem

1840 1545 2003 1615 regis,
2031 1545 2191 1599 modo
2228 1544 2405 1608 fratri,
2431 1542 2565 1597 viris
2592 1539 2980 1611 spectabilibus
3016 1554 3081 1593 ac
3119 1537 3431 1592 fortissimis

1840 1646 2224 1711 suggerentes,
2270 1645 2332 1691 ut
2374 1636 2609 1707 plurima
2656 1633 3043 1690 succenturiati
3092 1631 3315 1695 militia,
3358 1630 3426 1683 ad

1840 1730 2119 1802 praefatam
2152 1729 2637 1800 proﬁciscerentur
2662 1728 2873 1792 urbem,
2904 1741 3021 1779 cam
3050 1722 3239 1793 procul
3266 1720 3427 1775 dubio

124 1797 408 1880 Daiberto
437 1825 636 1880 Pisano
665 1826 961 1880 mandavit.
1009 1825 1110 1893 Qui
1155 1826 1267 1895 jam
1313 1834 1472 1895 capta
1515 1797 1733 1880 ierusa-
1764 1797 1811 1856 Β
1840 1797 1893 1878 in
1925 1823 2016 1894 jus
2043 1797 2320 1893 proprium
2358 1821 2656 1891 recepturi.
2684 1819 2991 1875 Procedunt
3019 1816 3116 1881 illi,
3142 1816 3429 1884 ductisque

123 1916 287 1985 lem,
330 1934 456 1989 rege
498 1928 777 1988 promoto,
828 1934 951 1973 cum
992 1919 1224 1989 plurima
1270 1918 1445 1974 classe
1485 1919 1730 1987 advenit;

126 2026 249 2067 nec
276 2011 449 2067 multo
472 2020 618 2082 post,
653 2012 973 2068 electionem
1001 2028 1122 2083 quae
1150 2013 1216 2068 de
1245 2012 1527 2082 Arnulpho
1558 2012 1735 2067 fuerat

126 2101 292 2156 facta
324 2101 644 2167 eventilans,
688 2103 985 2157 secundum
1023 2117 1292 2157 canonum
1322 2101 1446 2171 jura
1490 2101 1733 2158 refutan-

125 2192 271 2249 dam
311 2193 481 2248 duxit.
514 2194 769 2250 Discusso
814 2194 1070 2249 nimirum
1121 2196 1357 2251 hominis
1391 2209 1606 2266 genere,
1642 2210 1733 2249 sa-

126 2282 385 2339 cerdotis
414 2282 556 2339 ﬁlius
588 2286 874 2355 reperitur,
904 2286 996 2356 qui
1028 2301 1136 2341 non
1167 2286 1340 2341 solum
1374 2302 1404 2341 a
1437 2289 1608 2343 sacris
1648 2303 1735 2341 ar-

128 2376 256 2432 ceri
305 2377 615 2447 prazcipitur
643 2378 932 2449 gradibus,
983 2380 1078 2434 sed
1118 2381 1415 2436 secundum
1462 2382 1736 2438 Toletanaa

128 2468 341 2540 synodi
376 2468 479 2540 (Ix,
518 2484 641 2541 cap.
675 2471 743 2525 10
781 2481 835 2527 et
874 2472 962 2543 15)
999 2473 1158 2539 scita,
1203 2475 1319 2546 ejus
1365 2475 1626 2540 ecclesiae,
1665 2476 1734 2532 ad

129 2559 305 2629 cujus
332 2558 583 2629 injuriam
615 2571 830 2618 constat
858 2579 977 2619 esse
1000 2567 1339 2635 progenitus,
1365 2583 1555 2623 servus
1577 2566 1735 2636 jube-

131 2657 235 2705 tur
256 2650 376 2706 ﬁeri
402 2654 790 2723 sempiternus.
818 2655 931 2710 Hac
956 2657 1227 2723 exclusus,
1250 2674 1372 2713 cum
1402 2674 1463 2714 se
1489 2675 1733 2715 summo-

126 2756 271 2813 pere
316 2742 587 2814 ingereret
624 2753 681 2799 et
706 2745 1044 2813 defensaret,
1076 2750 1366 2816 sententia,
1391 2765 1513 2805 cum
1544 2765 1734 2820 proce-

129 2849 232 2890 res
279 2834 396 2905 ejus
441 2836 656 2906 pudori,
700 2839 826 2907 quia
880 2840 1128 2909 repulsus
1177 2841 1373 2907 fuerat,
1418 2844 1621 2899 mederi
1676 2846 1732 2899 in

134 2925 331 2997 aliquo
357 2926 677 2994 voluissent,
703 2930 1056 2985 sciscitantur
1079 2934 1147 2987 ab
1180 2933 1297 3003 ipso
1338 2949 1495 3005 quem
1525 2935 1730 3007 eligen-

130 3018 270 3072 dum
296 3019 538 3075 duceret.
568 3019 682 3086 ille,
716 3023 1082 3092 cozequalibus
1102 3025 1538 3097 junioribusque,
1564 3036 1622 3081 ut
1649 3036 1732 3082 est

129 3109 386 3178 pravitas
421 3119 653 3179 naturae,
682 3128 808 3168 mox
842 3114 1130 3169 invidens:
1170 3134 1189 3166 ‹
1226 3115 1378 3172 Hunc
1408 3118 1606 3187 ipsum,
1644 3120 1730 3173 in-

130 3200 289 3269 quit,
340 3200 627 3270 Pisanum,
670 3204 763 3273 qui
814 3204 1085 3277 legatione
1132 3207 1376 3278 fungitur
1420 3210 1668 3279 accipite.
1703 3231 1724 3264 ι

130 3290 316 3346 Dictis
355 3292 473 3363 ejus
514 3293 789 3365 principes
834 3310 1139 3363 assensere,
1185 3307 1507 3369 raptumque
1550 3301 1731 3355 archi-

131 3383 478 3454 episcopum,
515 3386 607 3441 vix
648 3385 764 3454 ejus
806 3389 1149 3443 eonniventia
1199 3391 1483 3461 requisita,
1518 3392 1569 3445 in
1613 3394 1729 3463 ipsa

131 3475 225 3530 cui
256 3475 484 3530 sedebat
513 3478 794 3543 cathedra,
826 3495 923 3550 per
951 3481 1161 3551 seipsos
1191 3482 1333 3537 idem
1365 3484 1636 3554 principes
1672 3487 1727 3541 in

131 3567 430 3623 ecclesiam
478 3582 727 3624 evexere.
766 3570 876 3627 Nec
920 3589 1095 3639 mora,
1136 3575 1279 3628 hunc
1306 3577 1580 3643 eumdem,
1610 3589 1731 3648 post

132 3658 287 3725 regis
327 3659 550 3729 gloriosi
595 3659 872 3717 Godefridi
918 3665 1250 3731 occubitum,
1298 3682 1419 3721 cum
1476 3679 1731 3738 regnaret

136 3747 437 3803 Balduinus
478 3751 646 3805 frater
673 3753 820 3830 ejus,
857 3753 949 3823 qui
978 3753 1197 3811 Edessa;
1239 3756 1566 3825 praafuerat,
1600 3776 1727 3830 pro-

132 3838 366 3896 ditionis
416 3822 768 3910 insimulant;
818 3844 1002 3915 sicque
1049 3857 1201 3904 certo
1250 3851 1566 3906 damnatum
1600 3822 1732 3909 'cri-

134 3931 304 3997 mine,
347 3947 470 3988 eum
513 3936 604 4005 qui
654 3935 1104 4005 metropolitanus
1146 3939 1262 3998 fore
1305 3945 1591 4000 destiterat
1630 3962 1728 4017 pa-

137 4025 441 4080 triarchatu
471 4028 708 4095 privant.

222 4118 470 4188 Cumque
494 4120 563 4174 de
588 4120 922 4179 instituendo
962 4126 1217 4195 pontiﬁce
1243 4127 1437 4183 iterata
1470 4138 1729 4187 tractaret

134 4210 362 4276 electio,
416 4211 705 4282 providens
748 4217 1063 4287 Arnulphus
1113 4227 1173 4273 ut
1227 4220 1348 4275 talis
1394 4220 1575 4289 ﬁeret,
1634 4224 1727 4295 qui

135 4301 447 4357 nullatenus
489 4319 519 4357 a
560 4319 657 4359 suo
705 4305 934 4377 imperio
979 4309 1311 4376 dissentiret,
1344 4313 1633 4382 quemdam
1662 4317 1727 4369 de

133 4395 249 4449 suis
296 4395 811 4465 contubernalibus,
859 4415 1018 4469 quem
1057 4402 1221 4457 sciret
1262 4404 1363 4457 sibi
1413 4419 1509 4474 per
1547 4406 1727 4460 omnia

131 4487 673 4556 obtemperaturum,
758 4502 943 4562 utpote
1028 4494 1205 4548 virum
1284 4497 1585 4566 simplicem
1671 4508 1725 4552 et

131 4578 515 4645 illitteratum,
578 4583 837 4637 vocabulo
925 4583 1323 4652 Ebremarum,
1411 4588 1557 4642 omni
1646 4588 1725 4644 fa-

129 4682 265 4722 vore
296 4669 586 4737 promovit.
620 4670 738 4737 Quo
767 4674 1109 4741 postmodum
1140 4690 1258 4731 sese
1286 4676 1535 4749 religiose
1562 4694 1722 4748 agen—

130 4768 207 4825 te,
250 4769 306 4813 et
336 4760 401 4814 ad
430 4760 543 4829 ejus
570 4763 636 4816 ad
662 4764 950 4835 integrum,
990 4775 1049 4821 ut
1074 4777 1349 4837 putamus,
1382 4786 1721 4841 nequaquam

129 4861 259 4906 vota
290 4863 531 4924 gerente,
568 4856 708 4923 apud
742 4856 1093 4926 apostolicam
1140 4861 1325 4915 sedem
1360 4877 1483 4917 eum
1523 4880 1721 4934 nuper-

133 4950 275 5001 rime
325 4958 756 5014 accusaverunt;
804 4952 897 5005 sed
944 4952 997 5006 iu
1050 4954 1163 5023 ipsa
1217 4969 1315 5021 sua
1379 4959 1723 5013 accusatione

132 5040 434 5095 foedissime
465 5041 798 5098 defecerunt.
838 5043 991 5100 Unde
1035 5055 1243 5100 tantum
1275 5062 1397 5102 cum
1430 5049 1540 5104 suis
1570 5065 1720 5104 com-

131 5134 385 5203 plicibus,
418 5135 509 5203 qui
537 5136 639 5189 sibi
676 5136 729 5190 in
771 5139 1080 5193 accusando
1110 5140 1283 5194 adnisi
1316 5141 1548 5209 fuerant,
1580 5145 1720 5212 apud

132 5239 319 5295 regem
360 5224 544 5278 odium
591 5227 842 5293 incurrit,
880 5237 937 5282 ut
967 5245 1088 5284 eum
1135 5248 1162 5284 a
1201 5233 1432 5301 sepulcri
1474 5236 1718 5290 custodia

132 5326 369 5383 arceret,
398 5319 527 5387 quin
556 5321 718 5374 etiam
751 5323 816 5376 ab
846 5323 959 5391 ipsa
989 5326 1122 5379 urbe
1152 5327 1488 5381 cxtruderet.
1523 5328 1722 5398 Regra-

136 5413 302 5466 tiatus
332 5422 509 5466 autem
557 5415 799 5483 pontifex
834 5418 1141 5487 apostolicae
1180 5420 1324 5474 sedis
1359 5422 1623 5491 apicibus,
1654 5422 1719 5476 ad

133 5502 429 5572 plurimum
474 5516 851 5560 exsecutorum
895 5523 1117 5562 suorum
1161 5510 1414 5573 dedecus,
1446 5508 1720 5581 Jerosoly-

132 5608 275 5646 mam
332 5594 491 5646 redit.
551 5594 677 5651 11ωο
724 5598 789 5653 de
842 5598 987 5653 illius
1042 5599 1344 5671 imaginarii
1397 5603 1719 5671 patriarchae

132 5682 402 5738 electione
432 5700 496 5739 ac
524 5686 824 5757 dejectione
854 5692 1057 5745 dixisse
1088 5692 1335 5748 sufﬁciat.
1370 5695 1499 5761 Quae
1527 5695 1719 5749 electio

133 5776 375 5835 omnium
406 5778 669 5837 bonorum
716 5784 979 5840 cassauda
1007 5785 1248 5855 judiciis,
1285 5788 1370 5845 dic
1406 5788 1717 5845 festivitatis

1840 1929 2019 1971 secum
2048 1913 2254 1980 multis,
2280 1926 2385 1967 non
2415 1912 2531 1966 sine
2562 1911 2802 1981 peditum
2834 1907 3248 1971 numerositate,
3278 1905 3429 1975 cqui-

1839 2007 2004 2073 tibus,
2040 2004 2280 2060 civitatis
2312 2004 2569 2073 appulerc
2600 2003 2881 2058 suburbio.
2913 2000 3121 2069 Quibus
3152 1997 3427 2068 oppidani,

1838 2104 2080 2153 reserato
2125 2094 2399 2164 praesidio,
2441 2101 2739 2164 spontanea
2787 2092 2922 2146 ﬁunt
2968 2089 3244 2145 deditione
3294 2088 3427 2142 sub-

1831 2190 1984 2263 jecti.
2020 2187 2233 2243 Adsunt
2274 2196 2537 2255 prazterca
2565 2197 2620 2240 et
2645 2186 2759 2249 alii,
2785 2185 2877 2255 qui
2923 2186 2990 2237 ad
3028 2198 3210 2252 regem
3260 2179 3430 2235 Gode-

1836 2281 2038 2336 fridum
2083 2279 2365 2348 perferunt
2424 2278 2810 2347 imperatorem
2862 2272 3253 2344 Babylonicum
3316 2286 3430 2325 ma-

1836 2386 1991 2443 gnas,
2024 2368 2165 2423 bello
2208 2376 2396 2422 contra
2436 2380 2494 2421 se
2543 2366 2803 2438 gerendo,
2834 2362 3001 2435 436
3042 2375 3305 2432 apparare
3340 2375 3430 2415 co-

1835 2465 1973 2536 pias.
2017 2463 2135 2518 Bex
2174 2461 2339 2527 illico,
2380 2465 2447 2515 ad
2487 2475 2549 2515 ea
2594 2474 2715 2529 quae
2757 2458 3150 2513 nuntiabantur
3190 2453 3429 2509 redditus

1837 2557 2034 2620 acrior,
2071 2553 2227 2609 fratri
2274 2552 2569 2608 Eustachio
2620 2560 2674 2606 et
2717 2550 2999 2605 Tancredo
3041 2549 3143 2605 sibi
3185 2547 3428 2602 nuntiata

1836 2653 2138 2715 denuntiat,
2189 2659 2246 2705 et
2288 2659 2349 2704 ut
2392 2648 2718 2720 quantocius
2764 2647 3158 2719 J‘erosolymam
3217 2643 3429 2715 regredi

1834 2749 2258 2814 prieproperent,
2300 2740 2468 2795 missa
2508 2740 2780 2811 legatione
2818 2738 3063 2809 prtecipit
3106 2751 3169 2792 ac
3210 2743 3426 2790 exorat.

1835 2836 2038 2891 Locum
2064 2844 2246 2890 autem
2274 2834 2471 2904 praelii,
2500 2833 2641 2903 apud
2674 2832 2998 2887 Ascalonem
3037 2829 3297 2886 indictum
3327 2843 3428 2899 pa-

1834 2930 1971 2986 riter
2022 2927 2285 2983 insinuat.
2338 2926 2456 2994 Quo
2512 2923 2855 2980 invictissimi
2916 2922 3059 2978 idem
3117 2929 3423 2992 comperto,

1835 3022 1979 3078 dicto
2021 3019 2252 3076 celerius
2289 3025 2547 3073 montana
2595 3015 2848 3072 subeunt.
2904 3012 3257 3078 Sarracenos,
3288 3013 3428 3066 inter

1835 3114 2070 3170 eundum
2124 3110 2267 3166 bella
2306 3117 2551 3163 moturos
2592 3107 2949 3171 aestimantes,
2995 3105 3221 3160 minime
3268 3118 3426 3174 repe-

1834 3205 2001 3267 riunt,
2035 3200 2450 3271 Caesareamque
2477 3197 2770 3253 Palestina:
2796 3195 3143 3266 perveniunt.
3286 3202 3295 3209 '

1902 3291 2185 3363 Progressi
2226 3290 2353 3345 inde
2397 3289 2463 3343 ad
2514 3289 2728 3353 urbem,
2759 3303 2923 3358 quam
2957 3300 3121 3354 supra
3167 3282 3423 3349 diximus,

1830 3385 2271 3449 Ramothenam,
2324 3380 2474 3436 beati
2528 3379 2749 3451 Georgii
2805 3378 3070 3434 memoria
3130 3375 3424 3459 celebrem,

1832 3479 1977 3534 circa
2028 3475 2301 3530 maritima
2349 3474 2730 3538 constitutam,
2775 3471 3002 3543 vestigia
3050 3478 3300 3534 vertunt,
3334 3465 3423 3521 ubi

1830 3568 2071 3626 Arabum
2118 3582 2224 3622 non
2266 3580 2472 3637 paucos
2504 3563 2807 3629 offendunt,
2849 3563 2941 3634 qui
2973 3561 3221 3633 praedicti
3254 3557 3424 3631 przelii

1829 3674 2203 3732 praecensores
2254 3657 2379 3731 [al.,
2428 3654 2822 3728 prmsensores]
2872 3654 3132 3709 existunt.
3183 3651 3240 3705 ln
3290 3663 3425 3720 quos

1829 3752 2035 3810 nostris
2065 3750 2308 3816 sociatis,
2329 3749 2417 3805 ubi
2443 3764 2537 3804 eos
2568 3748 3023 3811 animadvertere,
3057 3744 3267 3800 nisibus
3293 3759 3425 3797 una-

1832 3847 2058 3903 nimiter
2103 3845 2455 3907 invehuntur,
2502 3842 2688 3897 hostes
2733 3839 2999 3911 fugaciter
3047 3839 3242 3895 cedere
3277 3826 3425 3893 coin-

1829 3940 2127 4013 pellnntur,
2171 3936 2390 4008 plurimi
2442 3937 2553 3991 vivi
2604 3936 2913 4006 capiuntur,
2949 3947 2978 3986 a
3020 3933 3238 4002 quibus,
3279 3945 3424 4001 quaa-

1827 4047 2046 4103 cunque
2096 4030 2164 4082 de
2210 4028 2433 4084 instanti
2491 4027 2635 4085 bello
2686 4041 2846 4098 agere
2895 4032 3249 4095 proposuerat
3298 4036 3425 4095 pars

1827 4128 2073 4194 inimica,
2116 4130 2442 4182 discuntur:
2475 4124 2565 4179 ubi
2609 4122 2861 4177 videlicet
2898 4136 3084 4176 eorum
3125 4118 3236 4187 jam
3290 4132 3422 4171 con-

1826 4218 2066 4274 venisset
2090 4216 2389 4282 exercitus,
2420 4223 2617 4286 quotus
2650 4214 2889 4282 ipsorum
2920 4211 3213 4291 haberetur
3236 4222 3421 4262 nume-

1827 4327 1940 4377 rus,
1982 4310 2103 4380 quis
2146 4324 2340 4381 pugnae
2391 4308 2565 4364 eidem
2617 4305 3062 4378 przescriberetur
3105 4304 3275 4358 locus.
3326 4300 3425 4356 His

1828 4400 2145 4457 Tancredus
2189 4401 2389 4471 agnitis
2437 4400 2898 4468 Jerosolyniorum
2950 4396 3063 4465 regi
3106 4393 3421 4460 Godefrido,

1753 4510 1947 4590 una:
2011 4494 2201 4549 didicit
2272 4493 2474 4548 nuntiis
2538 4492 2763 4547 directis
2830 4489 3085 4543 insinuat.
3147 4487 3422 4557 Arnulpho

1829 4590 2014 4653 etiam,
2042 4587 2369 4657 patriarcha:
2404 4588 2622 4641 nomine
2657 4585 2937 4655 insignito,
2974 4582 3201 4650 aliisque
3235 4596 3421 4651 proce-

1828 4682 1981 4738 ribus
2000 4681 2220 4736 mandat
2249 4700 2261 4735 :
2303 4699 2321 4732 ‹
2352 4679 2578 4743 Bellum,
2614 4679 2806 4749 inquit,
2840 4677 3029 4745 ingens
3064 4690 3161 4730 vos
3201 4691 3422 4732 manere

1828 4773 2092 4829 noveritis
2132 4790 2145 4826 :
2193 4771 2335 4843 quod
2388 4772 2513 4841 quia
2565 4768 2675 4839 jam
2732 4767 3066 4839 dignoscitur
3115 4766 3420 4832 imminere,

1826 4864 2146 4921 Ascalonem
2214 4873 2499 4935 properate
2552 4863 2771 4926 venire,
2832 4861 2953 4915 freti
3020 4860 3225 4915 viribus
3285 4874 3419 4929 quas

1825 4959 2024 5030 poterit
2087 4958 2305 5015 solertia
2374 4966 2555 5012 vestra
2622 4957 2861 5025 potiores
2926 4954 3178 5009 conflare.
3227 4971 3246 5004 a
3302 4951 3418 5005 [lex

1826 5052 2007 5123 igitur,
2041 5068 2147 5123 quo
2197 5060 2320 5123 post
2364 5052 2456 5107 Dei
2507 5050 2663 5105 ﬁdem
2707 5065 2865 5104 nemo
2905 5049 3171 5119 sagacior,
3221 5060 3415 5115 magna

1826 5145 1892 5198 ad
1926 5144 1979 5199 id
2007 5143 2204 5214 negotii
2235 5144 2475 5197 omnium
2509 5143 2603 5196 Dei
2638 5142 2882 5196 militiam
2920 5139 3242 5193 auctori-tate
3269 5136 3407 5191 solli-

1827 5236 1989 5300 citat,
2029 5236 2491 5305 Ascalonemque,
2534 5235 2620 5289 ubi
2668 5244 2856 5287 contra
2903 5231 3138 5285 hostium
3188 5244 3415 5298 appara-

1828 5337 1937 5382 tum
1965 5328 2259 5397 proccdere
2285 5328 2536 5391 debeant,
2564 5328 2828 5397 designat.
2858 5324 2975 5393 Ipse
3002 5337 3132 5376 vero
3157 5321 3413 5392 partriar-

1824 5422 1926 5476 cha
1976 5430 2204 5485 vocato,
2252 5421 2673 5490 Flaudrcnsique
2720 5418 2917 5472 comite
2969 5414 3238 5481 Roberto,
3286 5429 3410 5471 cum

1823 5523 1967 5570 esset
1998 5514 2154 5568 tertia
2188 5515 2341 5577 feria,
2365 5515 2431 5567 ab
2463 5513 2593 5566 urbe
2623 5510 2874 5580 prodivit.

1894 5603 2106 5677 [XVIL]
2155 5603 2265 5657 Rea:
2293 5604 2359 5656 ad
2388 5602 2577 5656 bellum
2607 5619 2660 5655 se
2690 5602 2935 5671 accingit,
2964 5600 3314 5671 proceditque.
3340 5626 3413 5639 -—

1821 5700 1892 5753 At
1937 5696 2453 5766 Sanct—ngidianus
2497 5711 2699 5761 comes,
2742 5709 3034 5764 comesque
3085 5692 3412 5749 Nortbman-

1821 5789 2011 5859 uicus,
2062 5788 2357 5844 intulerunt
2397 5788 2507 5865 regi
2550 5803 2609 5845 se
2657 5788 2886 5863 necdum
2928 5787 3058 5859 velle
3095 5774 3406 5858 procedere,
