3980 6324
597 367 705 426 805

1413 346 1480 402 Ὗ.
1519 335 1846 402 GUlBERTI
1882 330 2177 391 ABBATIS

2302 324 2535 385 nam
2568 325 2661 382 nn
2693 322 3089 382 nonnemo
3702 340 3781 401 ευ,

600 486 773 542 donec
808 476 1009 535 scirent
1047 486 1117 526 an
1159 468 1304 523 idem
1341 461 1540 521 bellum
1582 471 1683 530 pro
1718 461 1870 510 certo
1908 450 2188 507 videretur
2213 452 2259 512 Α
2293 439 2793 542 rii,_lanceariique
2842 438 2969 542 quin
2984 437 3285 542 praecedere
3333 438 3549 499 debeant
3589 447 3780 521 militia,

600 577 803 634 instare
843 587 858 624 :
898 581 1017 623 sese
1062 574 1191 634 ergo
1240 553 1540 614 Jerusalem
1589 548 1807 604 interim
1863 552 2181 599 reversuros

2290 531 2636 595 ordinantur,
2659 545 2783 586 cum
2806 544 2906 588 rex
2929 528 3255 585 Godefridns
3283 545 3401 586 cum
3428 547 3518 589 sua
3543 534 3784 610 frequentia

600 620 905 738 perhibent,
941 620 1247 711 asserentes
1274 648 1437 705 etiam
1466 642 1593 716 quia
1624 655 1728 696 non
1762 638 1817 694 in
1856 650 2029 701 mora,
2057 646 2179 688 cum
2282 623 2427 738 ιζξπιὶ
2480 620 2719 725 εῑοηίὲῐτω
2766 622 3159 738 Ρνεξςοηὶῑυξξ.
3188 636 3477 738 θωΰξαρυῖ
3512 626 3786 709 Sanct-Algi.

599 725 734 829 opus
780 748 972 815 fuerit,
1020 745 1218 803 forent.
1267 740 1387 797 Rex
1439 736 1601 802 abiit,
1643 741 1699 829 et
1744 725 2183 829 dum_con_spicit

600 818 811 901 eminus
834 843 1043 904 hostes,
1069 835 1223 892 ocius
1250 833 1336 889 his
1363 828 1456 901 qui
1483 824 1834 896 Jerosolymae
1863 818 2186 877 desederant

598 940 716 996 haec
750 935 970 993 scienda
1020 926 1315 986 mandavit.
1358 922 1627 981 Continuo
1665 914 1953 989 quemdam
1990 912 2185 969 accivit

599 1028 933 1098 episcopum,
964 1035 1128 1094 quem
1159 1014 1451 1074 destinavit
1474 1012 1540 1067 ad
1567 1010 1779 1072 urbem,
1808 1002 2187 1061 universaliter

600 1096 729 1176 suos
754 1096 1030 1174 obtestans
1057 1120 1117 1169 ut
1141 1107 1398 1182 praesenti
1427 1099 1743 1160 necessitati
1776 1096 2027 1154 submota
2058 1108 2188 1167 pro-

601 1210 990 1270 crastinatione
1042 1208 1454 1263 concurrerent.
1511 1196 1717 1265 Quarta
1781 1192 1964 1261 itaque
2015 1187 2185 1254 feria,

601 1284 805 1378 quique
868 1300 1140 1375 principes
1204 1305 1424 1353 coacta
1456 1285 1786 1364 generaliter
1845 1281 2191 1355 expeditione

604 1375 916 1461 Dominica,
960 1399 1139 1448 castra
1184 1404 1215 1444 a
1263 1386 1486 1443 civitate
1530 1382 1937 1452 promoverant,
1978 1382 2034 1431 et
2075 1375 2191 1446 ipse

606 1488 913 1559 episcopus,
929 1483 1021 1554 qui
1042 1476 1347 1537 Jerusalem
1369 1471 1837 1531 commanentibus
1860 1470 2009 1542 regia
2024 1468 2191 1524 verba

605 1578 891 1642 detulerat,
922 1589 1049 1631 cum
1091 1569 1380 1642 repedaret
1425 1567 1494 1623 ad
1541 1579 1749 1637 regem,
1780 1560 2192 1621 occurrentibus

605 1668 924 1725 Sarracenis
967 1665 1268 1738 excipitur;
1309 1675 1411 1718 nec
1442 1666 1595 1732 patet
1630 1665 1814 1715 utrum
1853 1654 2190 1721 occubuerit,

603 1777 673 1818 an
702 1760 952 1832 captivus
977 1757 1242 1815 abductus
1270 1753 1361 1811 sit.

675 1849 867 1909 Petrus
902 1848 1140 1906 Eremita
1179 1844 1417 1919 publicas

604 1945 733 2002 urbe
764 1944 1229 2018 Jerosolymitana.
1254 1972 1327 1982 —
1349 1938 1423 1993 At
1441 1934 1638 1993 Petrus
1668 1932 1929 2005 Eremita,
1960 1934 2034 2007 pii
2059 1934 2193 1990 huc-

605 2053 780 2111 usque
842 2039 1021 2111 operis
1073 2045 1382 2105 exsecutor,
1436 2051 1562 2093 cum
1615 2030 1830 2091 clericis
1875 2027 2080 2086 Graecis
2130 2042 2195 2082 ac

605 2128 817 2186 Latinis
863 2130 919 2186 in
964 2130 1191 2186 civitate
1238 2128 1525 2194 remansit,
1556 2120 1857 2182 ordinando
1894 2119 2197 2192 processio-

605 2234 733 2291 nes,
772 2221 1026 2277 dictando
1063 2221 1308 2289 litanias,
1346 2218 1682 2276 instituendo
1720 2213 2027 2282 orationes,
2070 2212 2198 2269 sub-

605 2314 877 2371 monendo
900 2313 1297 2387 eleemosynas,
1329 2321 1389 2369 ut
1414 2314 1557 2368 Deus
1586 2311 1710 2377 hac,
1738 2305 1893 2379 quasi
1920 2321 2193 2378 suprema,

608 2406 858 2479 dignetur
887 2407 1070 2480 populi
1099 2407 1185 2463 sui
1216 2405 1495 2464 cumulare
1523 2402 1799 2459 victorias.
1827 2400 1998 2457 Porro
2025 2398 2198 2456 eccle-

608 2499 817 2556 siastici
858 2500 951 2571 qui
998 2500 1192 2556 adesse
1237 2507 1494 2571 poterant
1537 2495 1661 2564 viri,
1697 2494 1890 2562 sacris,
1927 2507 1991 2549 ac
2038 2492 2085 2549 si
2131 2490 2199 2549 ad

610 2607 766 2648 sacra
822 2591 1111 2664 mysteria,
1176 2592 1344 2647 induti
1401 2590 1672 2658 vestibus,
1726 2587 2081 2661 procedentes
2132 2584 2201 2641 ad

610 2681 873 2752 templum
924 2697 1096 2755 usque
1148 2682 1522 2749 Dominicum,
1577 2679 1772 2735 missas
1819 2677 2203 2745 orationesque

613 2773 740 2828 totis
780 2771 1064 2853 aﬂectibus
1100 2775 1308 2846 agendo
1347 2787 1527 2828 mares
1565 2785 1629 2825 ac
1664 2770 1897 2826 feminas
1935 2768 2203 2824 conduce-

610 2868 765 2935 bant,
796 2882 896 2939 pro
928 2866 1024 2923 Dei
1056 2866 1303 2923 exsulum
1332 2868 1611 2938 ereptione
1646 2872 1947 2939 poscentes.
1993 2860 2065 2915 At
2104 2875 2203 2915 no-

610 2959 759 3015 mine
812 2957 1143 3028 patriarcha,
1175 2959 1223 3013 si
1278 2958 1372 3029 qui
1419 2958 1585 3014 etiam
1632 2956 1917 3029 pontifices
1955 2952 2203 3021 adfuere,

609 3064 732 3119 cum
779 3049 1083 3119 quibusque
1112 3047 1591 3119 conglomerantur
1616 3047 1953 3120 principibus
1990 3045 2057 3100 ad
2104 3042 2207 3097 ﬂu-

610 3143 935 3213 men.quod
988 3142 1069 3199 cis
1116 3143 1440 3199 Ascalonem
1493 3158 1615 3200 esse
1671 3141 2029 3215 dignoscitur.
2091 3138 2205 3196 lllic

609 3234 801 3291 fraude
846 3234 1130 3305 gentilium
1186 3234 1353 3289 multa
1408 3244 1534 3292 sunt
1591 3235 1905 3291 animalium
1957 3234 2204 3305 exposita

591 3326 799 3393 millia,
844 3326 1032 3394 boum,
1062 3326 1399 3383 camelorum
1434 3328 1727 3399 oviumque
1760 3327 2034 3392 examina,
2083 3340 2211 3397 quat

611 3431 733 3473 cum
782 3419 1027 3474 seniores
1070 3418 1411 3487 didicissent,
1444 3420 1513 3475 ad
1557 3416 1858 3475 illiciendos
1898 3416 2203 3490 praedarum

610 3510 784 3579 copiis
816 3518 1036 3567 nostros
1072 3512 1295 3579 emissa,
1331 3510 1605 3568 celebrato
1644 3525 1743 3583 per
1783 3519 1963 3566 castra
1994 3524 2204 3581 praeco-

610 3599 724 3664 nio,
759 3602 1019 3655 mandant
1064 3614 1133 3655 ne
1175 3601 1231 3656 in
1278 3600 1577 3673 cuiuspiam
1627 3600 1861 3657 tentorio
1908 3598 2207 3671 quidquam

613 3690 806 3761 praedae
846 3690 1089 3761 ejusdem
1134 3693 1464 3763 reperiatur,
1494 3693 1599 3751 nisi
1629 3703 1892 3764 quantum
1929 3693 2087 3748 dictae
2122 3689 2208 3746 in—

614 3782 783 3836 stanti
812 3781 1182 3837 necessarium
1214 3783 1331 3840 fore
1360 3786 1701 3857 probaretur.
1734 3786 1943 3840 Interea
1979 3782 2207 3840 trecenti

615 3870 825 3929 Arabes
850 3885 1165 3932 nostrorum
1207 3892 1325 3932 sese
1359 3876 1739 3946 conspectibus
1774 3876 2043 3948 ingerunt,
2071 3891 2208 3947 quos

618 3962 763 4020 illico
796 3968 973 4021 nostri
1018 3977 1170 4023 tanta
1219 3967 1482 4024 facilitate
1528 3979 1847 4040 presserunt
1878 3978 1936 4027 ut
1964 3971 2099 4027 duos
2139 3984 2209 4026 ex

619 4058 698 4113 eis
746 4057 1014 4130 fugaciter
1065 4062 1202 4117 actis
1249 4062 1616 4132 corriperent,
1657 4072 1884 4119 caeteros
1928 4077 2095 4134 usque
2138 4062 2208 4121 ad

621 4158 798 4206 castra
828 4169 925 4207 sua
954 4156 1330 4227 persequendo
1357 4156 1647 4210 minarent.

688 4244 927 4320 [ΠΜ]
977 4249 1112 4304 Sero
1163 4250 1345 4320 itaque
1396 4248 1541 4303 illius
1588 4250 1871 4318 ingruente
1909 4248 2037 4318 diei,
2079 4247 2207 4304 fecit

618 4352 719 4407 per
749 4338 1063 4395 universum
1100 4340 1399 4396 exercitum
1432 4338 1832 4411 pcrfunctorius
1860 4339 1950 4395 ille
1980 4338 2208 4411 patriar-

621 4430 721 4484 cha
747 4432 985 4497 cantari,
1016 4436 1075 4485 ut
1101 4431 1377 4487 diescente
1400 4431 1643 4486 crastino
1667 4446 1855 4484 omnes
1892 4431 2209 4502 expediren-

2285 714 2478 770 dianus
2520 712 2674 783 juxta
2719 712 2994 767 maritima
3039 711 3279 780 sistitur;
3320 711 3635 776 Flandrensis
3668 735 3787 797 atque

2286 804 2746 861 Northmannicus
2814 802 3165 874 adequitabat
3232 804 3486 871 dexterae;
3542 808 3786 875 Tancrcdus

2287 905 2343 953 et
2371 897 2551 954 caeteri
2580 904 2936 965 utrarumque
2961 893 3198 965 partium
3227 895 3385 951 medii
3413 896 3711 959 incedebant.

2361 984 2620 1040 Proelium
2666 984 3027 1039 committitur.
3081 981 3242 1039 Fusis
3291 986 3527 1057 cratisque
3569 994 3787 1060 gentilitas

2289 1077 2452 1132 nostri
2496 1090 2703 1130 evasere
2742 1074 2984 1131 victores.
3007 1100 3079 1116 ——~
3117 1073 3301 1131 Nostri
3330 1074 3487 1147 igitur
3522 1081 3787 1149 pedetentim

2290 1169 2346 1224 in
2372 1168 2627 1226 hostilem
2656 1180 2892 1224 cuneum
2952 1167 3287 1239 promoveri,
3317 1168 3534 1240 gentiles
3575 1174 3632 1228 ad
3655 1178 3787 1245 prelia

2291 1273 2414 1316 sese
2469 1267 2752 1330 parantes,
2790 1272 3133 1331 nequaquam
3192 1259 3311 1315 loco
3365 1263 3577 1321 moveri.
3622 1263 3789 1326 Videres

2291 1352 2454 1426 ‘37
2484 1367 2554 1407 ex
2581 1351 2824 1407 humeris
2868 1365 2998 1407 vasa
3041 1350 3354 1422 pendentia,
3399 1351 3518 1407 dum
3540 1364 3601 1409 ex
3618 1357 3789 1414 modicis

2292 1444 2499 1515 gelidas
2539 1441 2869 1498 cohibebant
2898 1440 3115 1497 utribus
3141 1440 3316 1496 undas
3341 1454 3357 1494 :
3406 1454 3439 1497 e
3465 1442 3640 1512 quibus
3660 1459 3706 1500 se
3724 1460 3791 1517 po-

2295 1542 2504 1590 taturos
2527 1533 2835 1599 crederent,
2865 1546 2992 1589 eum
3016 1539 3232 1587 nostros
3260 1533 3579 1600 prosecuturi
3599 1533 3645 1588 in
3660 1533 3790 1607 fugin

2296 1631 2568 1696 cogerent.
2600 1620 2707 1678 Sed
2735 1622 2876 1679 Deus
2934 1622 3093 1693 longe
3135 1621 3294 1677 aliter
3329 1621 3633 1692 providerat,
3674 1639 3790 1693 quam

2296 1731 2430 1789 gens
2468 1714 2687 1770 inimica
2714 1714 2989 1770 volvebat.
3016 1713 3228 1768 Interea
3285 1709 3615 1767 Northmanui
3647 1728 3697 1768 ac
3718 1714 3793 1772 ito-

1458 1841 1862 1915 supplicationes
1898 1824 2109 1895 ordinat
2136 1839 2193 1895 in

2302 1811 2483 1867 bertus
2510 1821 2696 1863 comes
2751 1805 2876 1879 [at.,
2919 1803 3331 1861 Northmannise
3363 1802 3609 1860 Robertus
3629 1807 3792 1881 coma],

2296 1907 2583 1973 prospecto
2641 1897 2856 1954 eminus
2906 1895 3169 1967 principis
3220 1894 3490 1951 exercitus
3547 1895 3654 1961 telo,
3691 1898 3793 1968 quod

2295 2003 2544 2065 opertum
2581 1991 2756 2048 multo
2785 1989 3077 2045 videbatur
3100 1987 3313 2060 fulgere
3345 1992 3575 2057 argento,
3602 1994 3645 2042 et
3664 1988 3707 2043 iu
3733 1991 3793 2045 sui

2298 2084 2613 2141 summitate
2634 2081 2794 2139 tereti
2816 2080 3118 2138 ornabatur
3142 2079 3265 2134 auri
3292 2077 3490 2146 pondo,
3514 2091 3676 2148 equum
3695 2094 3790 2135 con-

2298 2177 2466 2233 tinuis
2486 2176 2718 2232 celerem
2743 2171 3049 2230 calcaribus
3079 2182 3303 2242 urgens,
3329 2170 3624 2242 principem,
3644 2171 3712 2226 cui
3728 2186 3794 2243 pro

2300 2273 2454 2343 signo
2482 2283 2647 2340 quam
2697 2266 2932 2323 diximus
2985 2264 3160 2321 astitit
3210 2264 3392 2327 hasta,
3440 2261 3609 2334 rapido
3642 2262 3796 2334 impetit

2301 2362 2504 2430 impetu
2528 2377 2544 2428 ;
2577 2367 2633 2416 et
2655 2357 2831 2414 atroci
2855 2356 3080 2413 vulnere
3104 2355 3336 2411 sauciat.
3358 2353 3661 2411 Altrinsecus
3679 2354 3795 2410 Flau-

2301 2453 2581 2509 drensium
2609 2465 2794 2508 comes
2814 2450 2937 2505 loro
2977 2448 3234 2514 remisso,
3281 2446 3501 2502 densum
3524 2461 3578 2503 se
3618 2444 3725 2501 imit
3756 2446 3794 2500 in

2302 2546 2536 2601 hostem.
2569 2542 2885 2600 Tancredus
2928 2540 3165 2611 denique
3188 2553 3457 2595 concursu
3484 2538 3796 2611 ruitadteato-

2308 2635 2391 2690 ria
2419 2648 2643 2705 magno.
2667 2631 2902 2701 Agmina
2932 2642 3059 2685 eum
3106 2627 3349 2701 propriis
3374 2625 3585 2684 ducibus
3609 2625 3798 2682 bacchas-

2308 2735 2398 2780 tur
2416 2724 2618 2794 ubique
2650 2741 2665 2778 :
2702 2721 2843 2777 fiunt
2880 2729 3113 2776 cruenta
3158 2718 3403 2775 caedibus
3449 2731 3641 2788 aequora
3682 2715 3797 2787 plani-

2306 2816 2517 2885 tiesque
2552 2812 2702 2879 loci;
2751 2810 3001 2883 protinus
3043 2809 3161 2865 haec
3205 2823 3305 2865 sua
3332 2806 3586 2878 pernicies
3626 2805 3800 2861 hostibus

2304 2905 2646 2961 intoleranda
2676 2902 2820 2968 fuit;
2857 2900 2937 2958 sic
2964 2900 3327 2970 desperantes
3352 2913 3474 2954 mox
3495 2896 3798 2967 inicrefugam.

2305 2998 2373 3057 Et
2426 2997 2567 3053 sicut
2603 3004 2724 3051 erat
2757 2993 3042 3066 gentilium
3096 2989 3467 3048 numerositas
3512 2987 3722 3052 enormis,
3750 2986 3801 3041 ita

2306 3097 2705 3161 consequenter
2725 3096 2782 3145 et
2810 3086 2958 3142 facta
2986 3094 3073 3142 est
3106 3085 3413 3141 enormitas
3458 3082 3620 3139 caedis.
3642 3080 3687 3135 Si
3704 3077 3805 3134 enim

2230 3182 2282 3248 C'
2308 3200 2518 3255 magna:
2557 3183 2775 3241 fuerant
2795 3182 3062 3239 elationes
3110 3179 3310 3245 maris,
3358 3190 3475 3234 sese
3516 3185 3667 3230 tamen
3692 3169 3805 3226 multo

2306 3274 2697 3333 mirabilion
2747 3272 2990 3329 ostendit
3035 3268 3306 3325 Dominus
3352 3267 3407 3323 in
3458 3264 3589 3322 altis.
3617 3261 3737 3320 Unde
3768 3266 3805 3314 ut

2306 3366 2530 3424 evidens
2551 3364 2709 3420 fieret
2752 3361 2937 3434 praelia
2998 3367 3147 3415 tanta
3192 3358 3393 3425 Deum,
3421 3371 3524 3412 non
3548 3350 3736 3409 hominis
3754 3347 3806 3403 fe-

2308 3454 2452 3513 cisse
2475 3468 2725 3520 manum,
2756 3450 3068 3523 patentibus
3087 3448 3269 3505 oculis'
3289 3461 3462 3504 caecos
3485 3443 3688 3514 fugitare
3707 3438 3807 3494 vide-

2309 3562 2420 3613 res,
2443 3554 2500 3601 et
2526 3546 2652 3601 dum
2703 3544 2972 3600 vitaturos
3025 3554 3269 3597 armase
3315 3539 3593 3600 testimant,
3638 3545 3806 3590 sescu-

2309 3637 2473 3694 matis
2495 3635 2781 3708 objiciunt.
2806 3633 2874 3689 Et
2896 3633 3024 3689 dum
3055 3647 3165 3689 non
3207 3638 3365 3703 patet
3392 3627 3568 3698 eﬁ‘ugii
3590 3626 3713 3681 locus
3731 3620 3807 3686 ulli,

2314 3730 2484 3785 ardua
2518 3742 2623 3783 non
2674 3733 2848 3781 tutum
2884 3722 3162 3794 plerisque
3187 3721 3426 3792 parabat
3456 3716 3643 3789 asylum
3681 3713 3807 3774 arbor.

2310 3836 2414 3878 nec
2435 3828 2654 3876 nostras
2680 3826 2911 3890 potuere
2931 3815 3105 3872 latere
3132 3814 3369 3887 sagittas
3395 3830 3413 3881 ;
3448 3809 3715 3884 praecipites
3730 3818 3808 3859 mt-

2311 3928 2447 3986 gnas
2468 3911 2563 3968 icti
2589 3913 2771 3967 fecere
2795 3909 3003 3976 ruinas,
3052 3917 3147 3963 aut
3196 3906 3406 3963 mortui
3444 3914 3532 3961 aut
3560 3903 3675 3957 ﬁunt
3702 3895 3809 3954 seni-

2310 4018 2476 4061 neces
2490 4002 2686 4076 jaculis
2714 4009 2811 4057 aut
2833 4001 3057 4058 ensibus
3076 4014 3268 4056 omnes
3292 4013 3431 4071 quos
3454 3996 3576 4068 fuga
3597 4007 3686 4049 non
3700 3988 3808 4049 texit.

2309 4097 2559 4154 exercuit
2615 4094 2823 4168 gladios
2872 4096 3210 4160 nostrorum,
3238 4091 3391 4149 velut
3450 4091 3583 4147 inter
3609 4080 3808 4157 pecuaria.

2309 4191 2505 4247 caedes.
2537 4188 2608 4245 At
2636 4184 3059 4257 Sanct.—1Egidii
3102 4200 3309 4251 comes,
3341 4184 3495 4256 juxta
3520 4175 3720 4247 contigui
3740 4186 3812 4227 nia-

2311 4281 2385 4335 ris
2414 4295 2631 4345 arenas,
2676 4280 2768 4334 ubi
2797 4280 2851 4335 in
2900 4277 3083 4332 hostes
3112 4277 3399 4346 proprium
3444 4271 3716 4329 absolverat
3751 4275 3811 4327 ag-

2310 4388 2454 4437 men,
2486 4380 2636 4427 tanta
2664 4386 2759 4428 eos
2797 4370 3140 4427 vehementia
3186 4369 3241 4423 in
3296 4382 3505 4424 rnorem
3552 4353 3806 4429 teme

2309 4463 2667 4537 θςετθάίιυτ.
2719 4473 2779 4518 ιιι
2832 4466 3074 4536 ipsorum
3120 4476 3228 4516 non
3278 4473 3449 4531 parva
3507 4467 3695 4518 manus,
3729 4447 3811 4503 dum

623 4529 711 4576 tur
751 4524 817 4578 ad
857 4525 1101 4626 praelium
1135 4542 1149 4580 :
1180 4526 1234 4580 id
1280 4522 1526 4597 apposito
1568 4522 1911 4577 anathemate
1959 4522 2205 4579 inhibens
2234 4544 2285 4604 ι)
2310 4522 2443 4613 [afri
2471 4522 2696 4612 exilia,“
2732 4522 3022 4626 paeana,
3049 4522 3298 4607 υιιτοηθᾷ
3324 4548 3514 4622 pelago
3540 4545 3811 4614 mergeretur.

627 4631 646 4664 ι
684 4630 752 4669 ne
795 4616 917 4687 quis
956 4618 1097 4672 inter
1133 4618 1499 4674 dimicandum
1544 4617 1729 4689 spoliis
1769 4614 2087 4687 diripiendis
2123 4616 2205 4671 in~

623 4706 858 4777 sisteret,
890 4728 909 4761 ι
954 4711 1049 4765 sed
1100 4711 1225 4766 belli
1280 4712 1347 4767 ad
1396 4711 1559 4767 ﬁnem
1613 4708 1896 4782 colligendi
1965 4710 2204 4766 studium

623 4800 853 4872 quisque
900 4803 1163 4859 differret.
1215 4801 1496 4861 Cardendis
1538 4813 1720 4861 autem
1776 4802 2021 4859 hostibus
2070 4804 2207 4859 adeo

623 4902 778 4964 rogat
818 4894 1094 4962 insistere,
1126 4904 1181 4950 ut
1215 4897 1319 4953 hac
1360 4897 1483 4952 illac
1518 4914 1859 4969 nequaquam
1896 4906 2107 4966 curent,
2139 4896 2208 4952 ob

622 4984 747 5039 vilia
780 4987 1147 5042 emolumenta
1192 4988 1485 5055 divertere,
1516 5004 1585 5043 ne
1624 4989 1855 5059 alicujus
1901 5004 2066 5043 causa
2113 5003 2211 5044 cu-

622 5078 864 5147 piditatis
932 5082 1219 5137 incurrant
1287 5091 1480 5153 emptae
1553 5081 1877 5138 detrimenta
1946 5082 2204 5137 victoriae.

622 5170 787 5225 Sexta
829 5171 1081 5227 illuxerat
1129 5171 1286 5241 feria,
1318 5181 1374 5227 et
1418 5187 1548 5227 ecce
1592 5172 1957 5242 progredienti
2003 5171 2208 5227 militia:

546 5294 559 5305 ς
622 5274 822 5319 nostra:
849 5266 1221 5339 pulcherrima
1250 5265 1407 5321 vallis
1438 5265 1679 5321 occurrit
1708 5279 1722 5320 :
1756 5265 1956 5336 ibique,
1990 5265 2043 5320 in
2093 5267 2207 5335 ipsa

623 5356 862 5426 contigui
898 5360 1136 5429 aequoris
1186 5357 1437 5431 planitie,
1477 5356 1717 5413 acicrum
1766 5372 1986 5413 suarum
2028 5356 2209 5413 fecere

624 5447 958 5505 discrimina.
1013 5451 1133 5506 Dux
1179 5450 1293 5520 jam
1357 5460 1594 5507 mutatus
1651 5452 1704 5508 in
1768 5465 1976 5523 regem,
2024 5466 2208 5507 comes

623 5540 1004 5612 Flandrensis,
1078 5545 1377 5618 itidemque
1440 5544 1935 5610 Northmannicus,
2011 5543 2206 5599 Sanct-

623 5632 973 5706 Egydiensis
1028 5652 1242 5704 comes,
1306 5638 1643 5695 Boloniensis
1694 5636 2050 5702 Eustachius,
2102 5650 2208 5690 una

624 5725 941 5782 Tancredus
965 5737 1019 5782 et
1040 5727 1271 5797 Gaston,
1296 5731 1464 5801 aliqui
1494 5730 1817 5801 singulares,
1840 5743 1996 5799 pares
2019 5726 2205 5796 aliqui,

626 5818 940 5887 compositis
978 5820 1284 5889 agminibus
1314 5822 1667 5891 praefuerunt.
1696 5822 1940 5877 Peditum
1978 5820 2204 5891 sagitta-

2928 4660 3175 4744 caru'r'
3193 4682 3281 4740 tu.

2383 4798 2575 4874 [XIX-1
2619 4798 2797 4866 Quare
2825 4798 2958 4854 -Deo
3008 4796 3320 4854 ascribenda
3354 4791 3671 4851 oictoria.-—

2311 4869 2417 4948 cita
2446 4869 2633 4963 itaque
2661 4893 2770 4947 Deo
2810 4898 3035 4946 auctore
3086 4888 3344 4954 victoria,
3381 4876 3670 4955 Babyloniae
3704 4869 3808 4943 ρτίιι·

2310 5000 2438 5057 ceps
2459 4984 2688 5052 militiae,
2721 4998 2884 5055 quem
2936 4982 3114 5054 patria
3143 4981 3324 5052 lingua
3355 4972 3721 5035 Admiravisum
3753 4976 3815 5014 V0-

2310 5078 2498 5143 citant,
2530 5076 2812 5143 confusus,
2842 5085 2898 5131 et
2930 5074 3286 5131 infortunium
3323 5071 3470 5144 quod
3491 5067 3588 5126 sibi
3611 5058 3816 5119 acciderat

2312 5169 2444 5225 satis
2469 5168 2732 5224 admirari
2775 5184 2882 5224 non
2929 5166 3257 5241 praevalens,
3303 5164 3477 5221 multa
3521 5150 3815 5227 conqueritur-

2308 5259 2705 5316 Considerabat
2766 5259 3020 5314 nimirum
3083 5256 3325 5313 inﬁnitas
3401 5267 3537 5324 quas
3594 5242 3817 5301 adduxerat

2310 5352 2514 5423 copias,
2538 5352 2878 5407 laetissimam
2904 5351 3250 5422 iuventutem
3282 5364 3297 5413 ;
3324 5342 3634 5402 fortitudine
3656 5351 3710 5392 ac
3733 5343 3818 5423 spc-

2311 5444 2394 5499 cie
2418 5458 2569 5497 arma
2623 5441 2844 5507 nobilia,
2897 5441 3328 5498 commilitonum
3374 5450 3528 5508 opes,
3575 5440 3643 5497 el.
3688 5433 3734 5481 ιη
3765 5418 3818 5519 εἶθ

2312 5532 2563 5599 dixerim,
2592 5542 2785 5588 cuncta
2812 5533 3085 5603 equestria
3118 5547 3133 5597 ;
3190 5539 3246 5586 et
3270 5529 3413 5600 quod
3468 5522 3652 5581 animis
3695 5524 3817 5571 mw'

2317 5645 2461 5686 mam
2488 5643 2831 5700 quorumque
2860 5626 3115 5682 inertium
3140 5638 3331 5697 parere
3359 5619 3689 5678 securitatem
3707 5603 3817 5701 sulci.

2310 5738 2410 5795 pro
2435 5699 2640 5775 foribus
2682 5719 2833 5775 urbis
2862 5733 2991 5781 suae,
3052 5717 3119 5772 ad
3164 5730 3323 5787 quam
3376 5721 3524 5768 certa
3577 5699 3824 5795 refugia,lll

2313 5791 2537 5887 prepria
2568 5812 2897 5883 pugnavisse
2920 5810 3218 5882 provincia.
3248 5807 3317 5863 At
3359 5804 3593 5860 Francos
3639 5791 3824 5878 intuebaf
