3980 6324
181 338 297 405 ,805
780 388 796 402 ,
1183 331 1408 392 GESTA
1436 333 1547 390 DEI
1583 329 1720 389 PER
1745 327 2087 388 FRANCOS.
2115 360 2186 373 —
2214 329 2345 388 LIB.
2377 328 2516 388 Vill.
3371 333 3480 394 806

197 463 284 510 tur
323 452 503 508 modis
559 452 807 508 omnibus
867 447 1125 505 inferiore
1169 447 1383 513 militia,
1433 447 1773 519 proﬂigatam
1811 453 1859 510 Α
2504 441 2738 504 CAPUT
2777 443 2866 502 lV.

197 545 407 599 diutina
439 543 584 599 fame
607 542 910 613 juventam,
941 540 1267 611 rubiginosis
1295 539 1540 603 ensibus,
1576 538 1782 593 lanceis
1957 538 2150 612 [XXL]
2236 538 2454 593 Diversa
2504 542 2877 611 prophetarum
2935 543 3174 602 oracula.
3239 581 3313 595 -
3359 551 3471 611 sed

196 637 577 708 nigrantibus,
618 635 813 692 exilem
865 634 1138 690 destitutis
1183 632 1412 686 militum
1459 631 1662 686 viribus
1697 647 1783 685 ar-
1887 632 2143 701 quoniam
2172 631 2227 684 in
2256 631 2417 698 hujus
2447 633 2738 689 voluminis
2757 636 3000 703 exordio,
3019 641 3264 709 quaedam
3286 657 3472 698 exem-

198 737 470 784 maturam
509 746 523 795 ;
557 729 771 784 cunctis
800 728 891 798 qui
921 741 1033 798 pra:
1081 728 1292 784 caeteris
1325 727 1645 782 videbantur
1695 727 1783 780 in-
1886 721 1970 794 pla
2000 721 2327 792 praebuimus
2354 721 2781 793 Scripturarum,
2815 741 2934 796 qum
2964 728 3091 784 huic
3122 739 3274 787 tanto
3319 733 3466 803 quod

197 822 397 893 signes,
431 821 544 876 acri
588 829 830 892 egestate
882 819 1240 890 torpentibus,
1276 821 1430 888 equis
1475 817 1784 874 omnimodo
1888 815 2248 885 explicuimus
2312 814 2528 885 negotio
2577 818 2870 873 convenire
2913 821 3245 890 putavimus,
3300 833 3476 879 atten-

197 914 453 984 squalore
511 915 932 969 fatiscentibus:
984 924 1060 975 et,
1094 921 1154 966 ut
1201 912 1353 968 brevi
1387 911 1629 966 clausula
1680 910 1786 965 sol-
1889 907 2119 964 dendum
2168 922 2313 962 nunc
2358 908 2521 962 etiam
2547 924 2614 962 an
2664 909 3172 984 llierosolymitanae
3199 915 3468 971 obsidioni

196 1019 342 1069 vam,
372 1003 749 1076 pauperrimos
793 1003 1055 1066 omnium,
1089 1002 1333 1058 exsulem
1382 1001 1596 1072 globum
1629 1002 1786 1055 innu-
1891 997 2095 1072 aliquid
2130 1015 2426 1056 consonum
2478 1002 2619 1070 apud
2659 1001 2982 1059 Zachariam
3041 1011 3361 1079 prephetam
3388 1025 3477 1066 re-

198 1097 492 1152 merabiles
563 1111 852 1166 superasse
913 1097 1215 1151 mirabatur
1268 1095 1555 1167 indigenas
1587 1135 1602 1159 ,
1654 1094 1784 1163 quin
1888 1095 2068 1166 perire
2095 1095 2383 1164 possimus.
2419 1111 2437 1144 ι
2464 1093 2626 1160 Dicit,
2661 1094 2861 1164 inquit,
2888 1095 3149 1153 Dominus
3175 1101 3476 1158 extendens

195 1189 402 1258 potius,
463 1202 561 1258 per
587 1187 986 1256 abjectissimos
1014 1185 1295 1242 hominum
1335 1187 1502 1241 totius
1547 1182 1786 1239 Orientis
1891 1183 2110 1251 caalum,
2145 1193 2202 1240 et
2230 1184 2467 1239 fundans
2499 1193 2701 1240 terram
2730 1200 2745 1251 ;
2781 1184 2987 1256 ﬁngens
3020 1188 3269 1256 Spiritum
3301 1191 3478 1246 homi-

197 1281 427 1353 gloriam
455 1281 776 1337 concidisse.
819 1277 966 1335 Juvit
1004 1296 1218 1350 quoque
1263 1289 1572 1334 nostrorum
1614 1278 1789 1332 victo-
1889 1278 1976 1334 nis
2020 1280 2074 1333 in
2129 1294 2194 1334 eo
2248 1277 2435 1351 (Zach.
2484 1295 2584 1346 xu,
2625 1281 2700 1348 l).
2737 1297 2755 1330 ι
2817 1278 3072 1334 Extendit
3117 1282 3334 1348 caelum,
3384 1286 3478 1354 qui

196 1373 337 1427 riam
366 1373 683 1445 plurimum,
712 1373 854 1444 quod
883 1373 1222 1428 conclamata
1251 1371 1305 1425 in
1337 1370 1518 1425 bestili
1543 1371 1787 1426 exercitu
1891 1369 2082 1426 dilatat
2109 1371 2432 1437 Ecclesiam,
2457 1381 2518 1426 ut
2539 1371 2699 1436 sicut,
2719 1369 2877 1441 juxta
2915 1371 3134 1440 Isaiam,
3163 1373 3232 1427 ab
3259 1372 3482 1430 Oriente

195 1465 322 1536 fuga
354 1483 368 1533 ;
425 1466 805 1521 Admiravisus
847 1463 937 1520 ille
982 1465 1072 1535 qui
1111 1473 1344 1536 praeerat
1390 1463 1661 1528 Ascaloni,
1697 1463 1787 1519 ubi
1891 1463 2114 1518 adduxit
2146 1479 2328 1519 semen
2354 1464 2470 1535 ejus
2508 1479 2604 1534 per
2651 1464 2944 1534 apostolos,
2983 1467 3061 1520 sic
3094 1465 3162 1520 ab
3187 1465 3482 1522 Occidente

194 1559 482 1628 conspexit
511 1558 898 1631 Babylonicum
957 1566 1170 1612 vertere
1200 1569 1347 1630 terga
1381 1565 1592 1621 ducem,
1643 1554 1788 1627 [αεὶ-ι
1893 1573 2010 1613 eam
2067 1557 2263 1612 debeat
2315 1571 2649 1628 congregare
2695 1571 2792 1626 per
2839 1557 2976 1612 istos
3031 1555 3168 1626 (Isa.
3204 1573 3359 1624 mu,
3392 1557 3474 1630 5).

196 1650 341 1705 tivos
394 1666 584 1705 omnes
649 1666 679 1703 a
747 1650 983 1720 propriae
1042 1649 1192 1706 urbis
1257 1651 1508 1721 ingressu
1566 1649 1788 1705 mandat
1890 1649 2107 1706 Fundat
2173 1660 2405 1716 terram,
2465 1667 2591 1706 cum
2668 1651 2935 1729 permittit
3001 1651 3280 1723 gentilium
3341 1667 3481 1722 prae-

195 1741 400 1796 arceri.
440 1741 780 1796 Mirabantur
831 1740 990 1812 plane
1034 1740 1199 1795 etiam
1249 1741 1411 1797 iidem
1467 1741 1588 1813 plus
1622 1741 1788 1796 nimio
1818 1809 1856 1814 Δ
1893 1743 2209 1797 cordialiter
2268 1742 2528 1797 obdurari
2571 1742 2908 1813 perﬁdiam.
2985 1743 3166 1813 Fingit
3230 1744 3481 1814 spiritum

197 1833 409 1898 hostes,
450 1834 592 1902 quod
618 1833 843 1888 minime
877 1832 1074 1887 Franci
1125 1848 1225 1904 pro
1273 1833 1544 1888 mtenibus
1571 1831 1790 1887 Jeroso-
1817 1809 1866 1870 Β
1894 1835 2130 1892 hominis
2176 1836 2231 1890 in
2275 1851 2360 1900 eo,
2406 1850 2528 1889 cum
2570 1833 2830 1904 cujusque
2861 1834 3034 1890 ﬁdelis
3077 1836 3318 1890 animum
3363 1834 3482 1891 for-

195 1923 382 1992 lymae,
416 1923 572 1992 quasi
610 1923 852 1992 contigui
884 1938 1048 1977 causa
1091 1923 1327 1992 praesidii
1365 1938 1609 1994 pugnare
1651 1923 1792 1978 dele-
1894 1938 2028 1996 mat,
2059 1929 2290 1984 rationis
2328 1929 2510 1983 inditae
2539 1929 2698 1983 dono.
2733 1947 2751 1980 ι
2785 1927 2926 1982 Ecce
2973 1943 3073 1998 ego
3095 1943 3292 1998 ponam
3319 1927 3482 1984 Jeru-

195 2025 415 2086 gerant,
435 2017 527 2070 sed
554 2016 657 2072 sibi
686 2015 902 2072 obviam
933 2015 1162 2071 duorum
1195 2017 1387 2071 itinere
1418 2017 1630 2072 dierum
1655 2033 1791 2087 pene
1898 2021 2068 2076 salem
2109 2020 2527 2090 superliminare
2558 2018 2814 2091 crapulae,
2869 2020 3122 2075 omnibus
3173 2020 3389 2090 populis
3427 2021 3484 2076 in

193 2117 604 2178 processerant.
1899 2111 2133 2168 circuitu
2187 2109 2372 2182 (Zach.
2421 2127 2515 2173 xu,
2565 2111 2644 2182 2).
2677 2130 2696 2163 ι
2742 2109 3189 2181 Superliminare,
3236 2113 3485 2183 praecuti-

271 2200 446 2274 [ΚΧ]
490 2203 556 2256 At
611 2202 837 2258 Francis
887 2217 985 2274 pro
1033 2211 1178 2258 tanta
1233 2201 1364 2270 Deo,
1409 2212 1468 2258 ut
1503 2220 1603 2274 par
1647 2215 1790 2273 erat,
1895 2211 1988 2256 net
2024 2202 2164 2256 ostio
2199 2217 2212 2253 :
2247 2216 2346 2270 per
2385 2201 2583 2254 ostium
2614 2202 2871 2256 introitur
2900 2200 2953 2253 in
2983 2199 3236 2268 domum;
3263 2202 3486 2272 crapula

193 2292 432 2347 nimium
489 2294 900 2365 gratulabundis
945 2294 1209 2362 victoria,
1263 2293 1534 2350 Robertus
1588 2295 1789 2352 Norlh-
1895 2293 2062 2348 oilicit
2118 2294 2422 2349 stomacho.
2479 2293 2535 2348 Si
2588 2294 2810 2361 ostium,
2865 2294 3026 2350 ﬁdem
3086 2295 3299 2350 Domini
3356 2295 3483 2351 Jesu

194 2385 440 2439 manniaz
462 2401 668 2455 cernes,
689 2386 774 2440 vir
801 2401 1081 2455 nunquam
1118 2401 1232 2441 sua:
1261 2386 1528 2442 mirabilis
1573 2387 1789 2442 muniﬁ-
1897 2387 2149 2452 dicimus,
2205 2401 2303 2456 per
2353 2402 2514 2456 quam
2547 2387 2614 2443 ad
2659 2385 2875 2442 Patrem
2912 2390 3184 2456 venimus,
3215 2387 3487 2459 Jerosoly-

193 2475 422 2540 centies,
449 2475 615 2531 etiam
646 2476 698 2531 in
728 2475 874 2532 illius
899 2476 1079 2530 exsilii
1114 2477 1548 2546 paupertatibus,
1575 2492 1790 2546 expers,
1898 2481 2156 2534 mitanam
2179 2478 2488 2544 ecclesiam,
2542 2479 2667 2548 quia
2700 2479 2766 2546 de
2802 2480 2916 2550 ipsa
2943 2489 2998 2534 et
3049 2481 3135 2535 lex
3161 2489 3216 2534 et
3262 2481 3487 2536 verbum

197 2565 423 2620 hastam
456 2566 624 2632 illam,
670 2581 831 2636 quam
875 2577 1104 2634 argento
1161 2567 1474 2622 dixeramus
1520 2577 1792 2635 ornatam,
1897 2570 2111 2624 Domini
2141 2569 2358 2635 exierit,
2390 2584 2496 2623 non
2531 2571 2804 2624 immerito
2830 2571 3269 2640 superliminarc,
3315 2571 3383 2627 ob
3423 2585 3489 2626 ea

191 2675 321 2729 quae
384 2659 719 2732 Babylonico
761 2660 1012 2731 principi,
1072 2658 1237 2715 veluti
1282 2660 1520 2730 signum,
1570 2661 1794 2730 praeﬁxa
1843 2643 1854 2651 ’
1898 2663 2096 2731 quibus
2127 2661 2663 2730 praebuitexordium
2690 2665 3040 2730 documenta,
3086 2680 3340 2719 vocemus
3376 2683 3388 2718 :
3419 2661 3488 2718 ad

192 2753 557 2816 constiterat,
612 2769 642 2807 a
682 2753 918 2823 quodam
966 2752 1058 2822 qui
1110 2761 1368 2821 rapuerat
1401 2767 1544 2816 eam,
1603 2753 1793 2823 viginti
1899 2752 2070 2820 ipsam
2100 2752 2242 2806 enim
2273 2752 2507 2806 recurrit
2557 2763 2677 2823 post
2707 2769 2877 2808 annos
2907 2755 3320 2822 quatuordecim
3349 2753 3490 2807 Pau-

190 2843 412 2912 argenti
437 2843 688 2899 marchas
708 2843 840 2898 emit
863 2842 1144 2912 ipsamque
1162 2841 1214 2896 in
1235 2849 1396 2896 tantae
1425 2842 1793 2897 testimonium
1899 2844 2001 2911 lus,
2026 2855 2082 2899 ut
2125 2845 2470 2916 Evangelium
2499 2860 2619 2898 eum
2646 2845 2807 2900 Petro
2853 2855 2908 2900 et
2963 2846 3085 2899 aliis
3121 2843 3390 2912 conferat,
3419 2860 3489 2899 ne

191 2937 446 2993 victoriae
475 2938 541 2992 ad
568 2937 873 3008 sepulcrum
924 2935 1139 2991 Domini
1189 2936 1534 2990 statuendam
1595 2936 1795 2990 Arnnl-
1899 2935 2040 2990 forte
2068 2937 2120 2990 in
2154 2951 2379 2992 vacuum
2408 2936 2739 2990 cucurrisset
2793 2944 2888 2989 aut
2928 2945 3116 2990 currat
3143 2934 3285 3006 (Gal.
3317 2951 3382 3002 ιι,
3406 2935 3485 3005 Ξ).

188 3031 312 3101 pho
359 3072 373 3098 ,
426 3031 752 3113 patriarchae
780 3029 1314 3093 vocato,-attribuit.
1347 3028 1417 3081 At
1468 3044 1652 3082 ensem
1702 3029 1794 3098 qui
1854 3011 1872 3028 ’
1901 3027 2006 3084 Sed
2067 3029 2168 3083 hoc
2217 3027 2654 3098 superliminare,
2711 3027 2922 3096 populis
2970 3027 3220 3081 omnibus
3278 3026 3332 3081 iu
3382 3027 3490 3081 cir-

191 3122 450 3192 ejusdem
513 3121 777 3193 principis
849 3120 1176 3185 exstiterat,
1236 3117 1419 3173 ferunt
1473 3134 1504 3172 a
1563 3121 1794 3188 quodam
1829 3180 1866 3193 Α
1901 3122 2046 3176 cuitu
2075 3131 2158 3176 est
2187 3121 2448 3190 crapula:
2501 3120 2628 3191 quia
2673 3129 2886 3174 constat
2937 3135 3126 3176 omnes
3156 3135 3277 3176 eam
3313 3121 3491 3178 natio-

196 3180 555 3289 septuaginta
614 3180 906 3286 By-zanteis
958 3222 1220 3284 emptum.
1259 3209 1554 3278 Praeterea,
1615 3212 1792 3282 portui
1823 3180 1866 3242 Ε
1900 3229 1998 3269 nes
2043 3223 2265 3283 propter
2296 3228 2382 3278 ea,
2437 3227 2558 3282 quae
2615 3211 2687 3266 ibi
2742 3211 3076 3276 resederunt,
3119 3219 3318 3267 nostrae
3369 3225 3490 3266 cre-

191 3309 528 3366 Ascalonico
549 3316 836 3380 prosecuta
877 3308 1176 3362 exercitum
1221 3305 1456 3359 maxima
1493 3304 1681 3360 claSsis
1702 3319 1794 3374 ap-
1898 3305 2148 3360 dulitatis
2201 3303 2433 3375 vestigia
2483 3303 2731 3359 fastidire
2759 3310 2815 3358 et
2847 3303 3125 3358 exsecrari
3180 3303 3234 3358 in
3281 3317 3492 3358 morem

190 3402 420 3474 pulerat
449 3417 464 3455 :
496 3417 560 3456 ea
589 3400 841 3456 videlicet
875 3399 1002 3454 illuc
1037 3397 1324 3453 occasione
1354 3398 1685 3453 conveniens
1735 3407 1795 3452 ut
1895 3409 2132 3449 nauseae.

190 3496 435 3553 Francis
454 3495 664 3560 evictis,
695 3504 749 3550 et
771 3493 872 3550 sub
900 3491 1235 3564 captivitatis
1291 3490 1469 3545 vincla
1508 3489 1791 3558 conjectis,
1968 3485 2073 3540 Sed
2098 3493 2152 3540 et
2179 3501 2199 3536 ι
2233 3485 2368 3540 Juda
2414 3485 2519 3538 erit
2544 3484 2597 3538 in
2629 3484 2911 3540 obsidione
2947 3494 3138 3540 contra
3182 3482 3489 3542 Jerusalem

190 3606 224 3644 a
265 3588 573 3646 victoribus
611 3603 706 3644 eos
732 3594 996 3649 emerent,
1033 3600 1098 3638 ac
1138 3598 1234 3654 per
1264 3582 1526 3637 ulteriora
1556 3581 1795 3638 Orientis
1900 3575 2085 3649 (ΖαεΙι-
2114 3593 2210 3640 xu.
2248 3578 2325 3648 2).
2359 3597 2377 3630 ι
2418 3576 2534 3631 Non
2567 3576 2762 3643 solum,
2793 3577 2990 3647 inquit,
3024 3578 3235 3632 horrori
3288 3577 3494 3633 exteris

195 3697 376 3755 regna
424 3680 787 3737 venundaudo
821 3677 1218 3734 distraherent.
1259 3674 1325 3729 lli
1380 3675 1562 3745 itaque
1595 3675 1684 3729 ubi
1713 3675 1795 3729 vi-
1899 3681 2002 3737 est,
2034 3671 2127 3726 sed
2162 3680 2217 3726 et
2260 3670 2447 3738 Judas,
2483 3671 2656 3726 lidelis
2689 3671 2897 3726 scilicet
2925 3671 3175 3742 populus,
3207 3686 3334 3726 vere
3362 3685 3493 3726 con-

195 3774 406 3829 derunt
457 3772 598 3828 ﬁnde
653 3771 922 3843 fugientes
953 3767 1257 3839 Egyptios,
1289 3777 1497 3822 remota
1541 3767 1797 3822 continuo
1903 3764 2063 3820 ﬁtens
2119 3780 2238 3819 eam
2287 3781 2406 3835 quae
2451 3765 2695 3819 calcatur
2747 3780 2777 3817 a
2825 3765 3074 3835 gentibus
3128 3782 3140 3818 :
3193 3763 3495 3818 Jerusalem

194 3866 484 3922 delatione
513 3864 805 3931 veliﬁcant,
852 3872 907 3919 et
957 3863 1024 3918 ad
1062 3861 1234 3931 ipsius
1284 3860 1384 3916 sali
1441 3860 1704 3915 interiora
1737 3874 1797 3915 se
1898 3857 2230 3913 obsessurus
2253 3865 2384 3911 est:
2429 3876 2446 3907 ι
2477 3854 2528 3909 ln
2563 3857 2648 3911 die
2685 3855 2773 3909 illa
2805 3871 3004 3925 ponam
3063 3853 3362 3910 Jerusalem
3412 3854 3494 3907 la-

193 3968 548 4029 promovent.
1899 3951 2079 4021 pidem
2131 3951 2316 4006 oneris
2371 3951 2581 4006 cunctis
2630 3949 2840 4019 populis
2887 3948 3073 4020 (Zach.
3112 3965 3212 4014 xu,
3253 3950 3326 4020 3).
3363 3966 3381 3998 ι
3434 3943 3495 4001 Si

271 4052 525 4120 Denique
580 4049 777 4104 Franci
839 4047 985 4104 facto
1033 4064 1098 4105 ex
1156 4044 1476 4102 Sarracenis
1523 4042 1794 4108 horribili,
1901 4054 2112 4115 partem
2139 4059 2236 4114 pro
2265 4052 2376 4098 toto
2396 4043 2691 4097 secundum
2733 4041 3026 4111 Scripturae
3056 4057 3212 4096 usum
3242 4040 3366 4096 licet
3391 4054 3493 4108 po-

195 4145 479 4215 praecipue
532 4159 598 4198 ex
624 4142 975 4213 Ethiopibus
1004 4142 1308 4208 carniﬁcio,
1341 4140 1407 4194 ad
1438 4154 1630 4194 eorum
1683 4147 1796 4192 ten-
1903 4140 1980 4205 ni,
2007 4139 2143 4208 lapis
2175 4138 2357 4193 oneris
2379 4136 2590 4192 cunctis
2611 4134 2912 4190 Jerusalem
2948 4135 3030 4199 ﬁt,
3054 4135 3182 4204 quia
3225 4131 3496 4187 universis

198 4237 350 4290 toria
371 4235 485 4305 jam
510 4235 752 4289 solitaria
781 4245 1146 4300 revertuntur,
1181 4251 1245 4290 ac
1291 4231 1650 4289 inaestimabili
1677 4246 1798 4300 διιο-
1903 4228 2201 4284 Christiani
2232 4227 2469 4282 nominis
2490 4227 2744 4298 gentibus
2769 4225 2994 4280 maximi
3030 4225 3234 4278 laboris
3257 4223 3490 4293 pondus,

196 4327 413 4383 liorum
472 4327 628 4396 copia
689 4327 1027 4382 reﬁciuntur.
1090 4328 1316 4399 Argenti
1370 4327 1522 4380 dives
1578 4335 1631 4379 ct
1682 4323 1797 4377 auri
1905 4322 1958 4376 iu
1996 4322 2077 4375 sui
2125 4319 2470 4383 liberatione,
2510 4332 2684 4387 nuper
2712 4317 2906 4370 indixit
2942 4334 2953 4368 :
2989 4334 3006 4367 ι
3043 4315 3243 4370 Omnes
3293 4314 3384 4383 qui
3416 4313 3494 4367 le-

194 4421 409 4476 exinde
438 4418 586 4474 Gaza
625 4419 966 4490 producitur,
1024 4420 1259 4490 Assyriae
1302 4416 1596 4472 nobilitatis
1647 4429 1797 4483 opes,
1905 4412 2274 4475 vabuntcam,
2302 4409 3047 4470 concisionelacerabuntur,
3082 4415 3136 4460 et
3172 4406 3497 4476 colligentur

193 4531 264 4572 ac
295 4512 560 4585 quaelibet
583 4513 826 4584 pretiosa
854 4510 1130 4582 suppellex
1171 4511 1400 4564 habetur
1425 4526 1438 4562 :
1487 4506 1799 4564 omnimoda
1831 4549 1883 4609 Β
1909 4505 2170 4560 adversus
2198 4519 2316 4557 eam
2346 4501 2526 4556 omnia
2554 4514 2715 4570 regna
2739 4507 2895 4552 terrae
2923 4496 3134 4567 (llud).
3162 4513 3181 4548 ι
3215 4496 3315 4597 Qui
3346 4504 3494 4609 sunt,

195 4608 531 4665 animalium
597 4623 838 4678 genera,
884 4605 1159 4659 variorum
1216 4617 1493 4657 armorum
1549 4599 1799 4654 utensilia
1831 4585 1999 4666 "qui
2049 4592 2345 4648 Jerusalem
2400 4591 2599 4656 levant,
2656 4587 2756 4641 nisi
2817 4587 2907 4656 qui
2944 4595 3226 4654 postquam
3275 4585 3495 4654 impleta

195 4713 585 4775 congeruntur
605 4676 628 4756 -ε
654 4703 702 4757 si
742 4718 847 4772 qua
881 4700 1037 4755 fuere
1061 4699 1250 4754 usibus
1275 4707 1420 4768 apta,
1465 4703 1796 4760 servarunt;
1908 4686 2110 4742 fuerint
2149 4693 2390 4754 tempora
2414 4681 2854 4743 nationum,eam
2895 4693 2924 4732 a
2955 4693 3049 4732 sua
3083 4676 3502 4765 conculcatione.

193 4768 348 4870 quae
365 4806 576 4861 extera,
616 4795 739 4866 igne
758 4768 1111 4848 cremarunt.
1147 4790 1550 4862 Regrediuntur
1593 4789 1802 4842 incom-
1907 4779 2233 4838 sublevant?
2267 4796 2286 4829 ι
2321 4775 2642 4837 Jerusalem,
2674 4772 2849 4841 inquit
2881 4769 3162 4837 Dominus,
3201 4768 3498 4870 calcabitur

191 4865 571 4963 prehensibili
628 4865 1028 4958 triumphantes
1084 4884 1254 4955 jubilo
1291 4925 1305 4951 ,
1362 4882 1800 4954 Jerosolymam,
1908 4893 1940 4932 a
1983 4874 2258 4948 gentibus,
2316 4873 2490 4926 donec
2543 4867 2873 4965 imple-antur
2925 4875 3169 4935 tempora
3216 4865 3494 4965 nationum

191 4985 444 5040 inﬁnitis
471 4984 770 5056 gratiarum
811 4982 1288 5052 lacrymarumque
1324 4980 1558 5035 millibus
1613 4995 1763 5034 cumu

1918 4970 2064 5044 (Luc.
2084 4983 2200 5033 χχι,
2222 4965 2337 5037 24).
2367 4983 2384 5016 ι
2420 4962 2484 5018 lli
2517 4961 2826 5016 concisione
2857 4959 3190 5024 lacerantur,
3215 4956 3340 5024 quia
3365 4955 3490 5017 dici,

189 5077 393 5133 lantes
419 5052 712 5133 Dominicae
739 5077 1010 5147 passionis
1040 5091 1104 5130 ac
1146 5074 1436 5145 sepulturae
1459 5074 1800 5130 memoriam.
1911 5065 2020 5120 imo
2038 5062 2264 5135 cogitari
2290 5059 2598 5115 nullatenus
2620 5064 2822 5128 potest,
2857 5061 3056 5125 quanta
3081 5052 3248 5147 famis
3271 5052 3497 5147 sitisque

193 5169 396 5226 Tanta
449 5177 632 5224 autem
688 5141 936 5232 Francis,
983 5184 1050 5222 ex
1089 5141 1247 5227 huius
1293 5165 1522 5220 fortuna
1567 5165 1806 5220 caelestis
1911 5159 2153 5221 miseria,
2198 5155 2416 5226 quantis
2474 5153 2720 5208 laborum
2772 5149 3165 5241 vulnerumque
3219 5141 3495 5241 doloribus

193 5261 510 5320 eventibus
533 5261 721 5316 arrisit
744 5260 987 5324 ubertas,
1013 5271 1071 5313 ut
1121 5259 1219 5324 hii,
1243 5259 1333 5328 qui
1365 5274 1587 5328 prorsus
1620 5258 1807 5326 inopes
1913 5267 2011 5307 eos
2041 5250 2095 5304 in
2120 5245 2420 5303 obsidendo
2460 5242 2696 5298 cruciari
2751 5237 3077 5332 constiterit.
3107 5233 3193 5332 Eb
3237 5241 3295 5286 ιιι
3342 5233 3498 5301 Ῑυκῑίι

187 5354 383 5430 438
403 5363 460 5409 et
491 5353 674 5408 viatici
699 5353 870 5426 ipsius
892 5360 1136 5422 egentes,
1185 5351 1286 5404 hoc
1329 5350 1502 5418 ipsum
1549 5350 1677 5405 olim
1705 5350 1808 5403 iter
1912 5343 2247 5402 Ezechielem
2278 5340 2472 5411 loquar
2503 5355 2515 5391 :
2554 5355 2572 5387 ι
2609 5330 2783 5430 Omne
2832 5341 2992 5430 caput
3016 5325 3497 5430 ldeealvatunlt‘cst,

191 5413 496 5513 iniciunt,
548 5462 672 5501 cum
719 5413 894 5500 inulta
926 5413 1063 5498 vauri
1111 5413 1434 5512 argentique
1486 5441 1758 5510 epulentia
1789 5481 1804 5508 ,
1912 5448 1968 5491 et
1995 5435 2171 5490 omnis
2221 5433 2481 5487 humerus
2521 5426 2791 5522 depilatus
2843 5419 3062 5522 (Ezeclt.
3125 5433 3278 5522 xxix,
3307 5413 3393 5486 l8)
3428 5430 3489 5480 ς»

191 5560 268 5600 ac
298 5543 591 5614 spectabili
618 5557 882 5613 equorum
925 5539 1301 5608 mulorumque
1346 5537 1630 5593 evectione
1667 5535 1806 5590 redi-
1914 5533 1998 5586 sin
2027 5530 2181 5592 alias,
2240 5525 2324 5582 vel
2358 5522 2565 5580 crebris
2604 5519 2996 5614 machinarum
3028 5510 3369 5614 impulsibus,
3399 5522 3495 5564 seu

191 5605 384 5691 rent-a
667 5605 684 5613 ’
1214 5605 1230 5608 ﬁ
1908 5619 2281 5678 convehendis
2307 5616 2583 5672 oneribus.
2612 5612 2739 5677 Sed,
2769 5611 2941 5665 levata
2968 5605 3289 5672 Jerusalem,
3322 5621 3340 5653 ι
3378 5616 3495 5656 om-

275 5727 411 5784 Lux
427 5744 489 5781 ea
516 5725 728 5780 Sextilis
748 5742 864 5796 qua:
885 5726 1126 5794 proxima
1155 5725 1401 5795 prwvenit
1438 5723 1590 5789 Idus,
1916 5719 2007 5771 nia
2062 5730 2226 5784 regna
2260 5723 2420 5767 terra:
2452 5711 2712 5764 adversus
2760 5721 2881 5761 eam
2929 5703 3254 5796 colligenttlrl‘
3304 5694 3493 5796 (wa’h

280 5819 534 5877 Obtinuit
565 5818 684 5873 belli
711 5791 814 5873 tale
840 5791 1009 5874 videre
1031 5791 1208 5870 decus.

1923 5825 2018 5877 ιιι,
2047 5810 2146 5880 5);
2190 5827 2206 5856 ›
2248 5805 2391 5875 quod
2420 5819 2525 5859 non
2570 5812 2626 5857 ut
2653 5799 2909 5870 allegoria
2959 5791 3495 5863 subiutelligemlum,
