  <div class='ocr_page' id='page_1' title='image "/cluster/home/n/w/nwhite01/storage/ocr_20150623/156/hvd.32044010683712/409.png"; bbox 0 0 4012 6346; ppageno 0'>
   <div class='ocr_carea' id='block_1_1' title="bbox 632 317 736 376">
    <p class='ocr_par' dir='ltr' id='par_1_1' title="bbox 632 317 736 376">
     <span class='ocr_line' id='line_1_1' title="bbox 632 317 736 376; baseline -0.048 1"><span class='ocrx_word' id='word_1_1' title='bbox 632 317 736 376; x_wconf 84' lang='lat'><strong>807</strong></span> 
     </span>
    </p>
   </div>
   <div class='ocr_carea' id='block_1_2' title="bbox 1449 275 3776 363">
    <p class='ocr_par' dir='ltr' id='par_1_2' title="bbox 1449 275 3776 363">
     <span class='ocr_line' id='line_1_2' title="bbox 1449 275 3776 363; baseline -0.004 -6"><span class='ocrx_word' id='word_1_2' title='bbox 1449 301 1512 357; x_wconf 86' lang='lat' dir='ltr'><strong>V.</strong></span> <span class='ocrx_word' id='word_1_3' title='bbox 1541 293 1868 357; x_wconf 80' lang='lat' dir='ltr'><strong>GUIBERTI</strong></span> <span class='ocrx_word' id='word_1_4' title='bbox 1905 289 2198 348; x_wconf 84' lang='lat' dir='ltr'><strong>ABBATIS</strong></span> <span class='ocrx_word' id='word_1_5' title='bbox 2222 291 2282 348; x_wconf 89' lang='lat' dir='ltr'><strong>S.</strong></span> <span class='ocrx_word' id='word_1_6' title='bbox 2323 289 2563 347; x_wconf 65' lang='grc' dir='ltr'><strong>ΜΑΒΙΛΕ</strong></span> <span class='ocrx_word' id='word_1_7' title='bbox 2585 288 2673 345; x_wconf 85' lang='lat' dir='ltr'><strong>DE</strong></span> <span class='ocrx_word' id='word_1_8' title='bbox 2696 284 3095 360; x_wconf 26' lang='lat' dir='ltr'><strong>NOVIGENTOI</strong></span> <span class='ocrx_word' id='word_1_9' title='bbox 3527 275 3534 277; x_wconf 12' lang='lat' dir='ltr'><strong>i</strong></span> <span class='ocrx_word' id='word_1_10' title='bbox 3712 303 3776 363; x_wconf 69' lang='lat' dir='ltr'><strong>sos</strong></span> 
     </span>
    </p>
   </div>
   <div class='ocr_carea' id='block_1_3' title="bbox 634 401 3780 487">
    <p class='ocr_par' dir='ltr' id='par_1_3' title="bbox 634 401 3780 487">
     <span class='ocr_line' id='line_1_3' title="bbox 634 401 3780 487; baseline -0.007 -1"><span class='ocrx_word' id='word_1_11' title='bbox 634 431 729 487; x_wconf 91' lang='lat' dir='ltr'><strong>sed</strong></span> <span class='ocrx_word' id='word_1_12' title='bbox 761 435 819 483; x_wconf 84' lang='lat' dir='ltr'><strong>tit</strong></span> <span class='ocrx_word' id='word_1_13' title='bbox 863 422 1088 482; x_wconf 80' lang='lat' dir='ltr'><strong>historia</strong></span> <span class='ocrx_word' id='word_1_14' title='bbox 1131 418 1343 477; x_wconf 88' lang='lat' dir='ltr'><strong>noviter</strong></span> <span class='ocrx_word' id='word_1_15' title='bbox 1377 414 1568 478; x_wconf 87' lang='lat' dir='ltr'><strong>relata,</strong></span> <span class='ocrx_word' id='word_1_16' title='bbox 1629 409 1880 483; x_wconf 85' lang='lat' dir='ltr'><strong>supernis</strong></span> <span class='ocrx_word' id='word_1_17' title='bbox 1910 406 2080 463; x_wconf 90' lang='lat' dir='ltr'><strong>oculis</strong></span> <span class='ocrx_word' id='word_1_18' title='bbox 2131 406 2214 460; x_wconf 83' lang='lat' dir='ltr'><strong>in-</strong></span> <span class='ocrx_word' id='word_1_19' title='bbox 2245 413 2290 472; x_wconf 76' lang='grc' dir='ltr'>Α</span> <span class='ocrx_word' id='word_1_20' title='bbox 2319 401 2453 460; x_wconf 83' lang='lat' dir='ltr'><strong>etut</strong></span> <span class='ocrx_word' id='word_1_21' title='bbox 2482 418 2587 458; x_wconf 92' lang='lat' dir='ltr'><strong>non</strong></span> <span class='ocrx_word' id='word_1_22' title='bbox 2637 402 2878 472; x_wconf 90' lang='lat' dir='ltr'><strong>quolibet</strong></span> <span class='ocrx_word' id='word_1_23' title='bbox 2910 411 3133 457; x_wconf 91' lang='lat' dir='ltr'><strong>auctore</strong></span> <span class='ocrx_word' id='word_1_24' title='bbox 3175 403 3285 459; x_wconf 86' lang='lat' dir='ltr'><strong>Deo</strong></span> <span class='ocrx_word' id='word_1_25' title='bbox 3335 405 3430 462; x_wconf 88' lang='lat' dir='ltr'><strong>niti</strong></span> <span class='ocrx_word' id='word_1_26' title='bbox 3457 415 3690 478; x_wconf 88' lang='lat' dir='ltr'><strong>putentur;</strong></span> <span class='ocrx_word' id='word_1_27' title='bbox 3722 421 3780 475; x_wconf 57' lang='lat' dir='ltr'><strong>sed</strong></span> 
     </span>
    </p>
   </div>
   <div class='ocr_carea' id='block_1_4' title="bbox 639 499 2217 588">
    <p class='ocr_par' dir='ltr' id='par_1_4' title="bbox 639 499 2217 588">
     <span class='ocr_line' id='line_1_4' title="bbox 639 499 2217 588; baseline -0.019 -7"><span class='ocrx_word' id='word_1_28' title='bbox 639 522 898 581; x_wconf 89' lang='lat' dir='ltr'><strong>tuendum</strong></span> <span class='ocrx_word' id='word_1_29' title='bbox 949 513 1284 588; x_wconf 86' lang='lat' dir='ltr'><strong>prepouitur.</strong></span> <span class='ocrx_word' id='word_1_30' title='bbox 1317 509 1469 577; x_wconf 85' lang='lat' dir='ltr'><strong>Quod</strong></span> <span class='ocrx_word' id='word_1_31' title='bbox 1523 506 1666 562; x_wconf 92' lang='lat' dir='ltr'><strong>enim</strong></span> <span class='ocrx_word' id='word_1_32' title='bbox 1711 502 1816 556; x_wconf 85' lang='lat' dir='ltr'><strong>fuit</strong></span> <span class='ocrx_word' id='word_1_33' title='bbox 1869 499 2106 556; x_wconf 89' lang='lat' dir='ltr'><strong>Orientis</strong></span> <span class='ocrx_word' id='word_1_34' title='bbox 2131 511 2217 552; x_wconf 89' lang='lat' dir='ltr'><strong>re-</strong></span> 
     </span>
    </p>
   </div>
   <div class='ocr_carea' id='block_1_5' title="bbox 637 589 2220 689">
    <p class='ocr_par' dir='ltr' id='par_1_5' title="bbox 637 589 2220 689">
     <span class='ocr_line' id='line_1_5' title="bbox 637 589 2220 689; baseline -0.018 -17"><span class='ocrx_word' id='word_1_35' title='bbox 637 631 824 689; x_wconf 82' lang='lat' dir='ltr'><strong>gnum,</strong></span> <span class='ocrx_word' id='word_1_36' title='bbox 878 613 942 666; x_wconf 89' lang='lat' dir='ltr'><strong>de</strong></span> <span class='ocrx_word' id='word_1_37' title='bbox 969 607 1122 676; x_wconf 84' lang='lat' dir='ltr'><strong>cujus</strong></span> <span class='ocrx_word' id='word_1_38' title='bbox 1165 603 1477 662; x_wconf 89' lang='lat' dir='ltr'><strong>hominibus</strong></span> <span class='ocrx_word' id='word_1_39' title='bbox 1507 601 1575 654; x_wconf 89' lang='lat' dir='ltr'><strong>ad</strong></span> <span class='ocrx_word' id='word_1_40' title='bbox 1622 597 1763 652; x_wconf 89' lang='lat' dir='ltr'><strong>idem</strong></span> <span class='ocrx_word' id='word_1_41' title='bbox 1813 608 1921 648; x_wconf 92' lang='lat' dir='ltr'><strong>non</strong></span> <span class='ocrx_word' id='word_1_42' title='bbox 1964 589 2220 646; x_wconf 81' lang='lat' dir='ltr'><strong>venerint</strong></span> 
     </span>
    </p>
   </div>
   <div class='ocr_carea' id='block_1_6' title="bbox 637 677 2218 768">
    <p class='ocr_par' dir='ltr' id='par_1_6' title="bbox 637 677 2218 768">
     <span class='ocr_line' id='line_1_6' title="bbox 637 677 2218 768; baseline -0.021 -4"><span class='ocrx_word' id='word_1_43' title='bbox 637 677 832 764; x_wconf 71' lang='lat' dir='ltr'><strong>bellum</strong></span> <span class='ocrx_word' id='word_1_44' title='bbox 863 699 1008 768; x_wconf 84' lang='lat' dir='ltr'><strong>?Qui</strong></span> <span class='ocrx_word' id='word_1_45' title='bbox 1042 696 1185 752; x_wconf 87' lang='lat' dir='ltr'><strong>enim</strong></span> <span class='ocrx_word' id='word_1_46' title='bbox 1217 693 1591 750; x_wconf 88' lang='lat' dir='ltr'><strong>machinarum</strong></span> <span class='ocrx_word' id='word_1_47' title='bbox 1623 684 1805 741; x_wconf 84' lang='lat' dir='ltr'><strong>omnia</strong></span> <span class='ocrx_word' id='word_1_48' title='bbox 1833 677 2218 752; x_wconf 87' lang='lat' dir='ltr'><strong>genera,quod</strong></span> 
     </span>
    </p>
   </div>
   <div class='ocr_carea' id='block_1_7' title="bbox 637 774 2219 868">
    <p class='ocr_par' dir='ltr' id='par_1_7' title="bbox 637 774 2219 868">
     <span class='ocr_line' id='line_1_7' title="bbox 637 774 2219 868; baseline -0.018 -14"><span class='ocrx_word' id='word_1_49' title='bbox 637 812 799 868; x_wconf 86' lang='lat' dir='ltr'><strong>supra</strong></span> <span class='ocrx_word' id='word_1_50' title='bbox 828 793 1138 854; x_wconf 89' lang='lat' dir='ltr'><strong>omiseram,</strong></span> <span class='ocrx_word' id='word_1_51' title='bbox 1189 785 1499 844; x_wconf 84' lang='lat' dir='ltr'><strong>obsidendae</strong></span> <span class='ocrx_word' id='word_1_52' title='bbox 1529 781 1648 836; x_wconf 86' lang='lat' dir='ltr'><strong>urbi</strong></span> <span class='ocrx_word' id='word_1_53' title='bbox 1679 774 1990 833; x_wconf 89' lang='lat' dir='ltr'><strong>necessaria</strong></span> <span class='ocrx_word' id='word_1_54' title='bbox 2037 786 2219 828; x_wconf 88' lang='lat' dir='ltr'><strong>secum</strong></span> 
     </span>
    </p>
   </div>
   <div class='ocr_carea' id='block_1_8' title="bbox 551 868 2218 958">
    <p class='ocr_par' dir='ltr' id='par_1_8' title="bbox 551 868 2218 958">
     <span class='ocr_line' id='line_1_8' title="bbox 551 868 2218 958; baseline -0.018 -12"><span class='ocrx_word' id='word_1_55' title='bbox 551 952 560 958; x_wconf 27' lang='grc' dir='ltr'><strong>ε</strong></span> <span class='ocrx_word' id='word_1_56' title='bbox 637 885 984 944; x_wconf 71' lang='lat' dir='ltr'><strong>detulerant:</strong></span> <span class='ocrx_word' id='word_1_57' title='bbox 1029 880 1122 952; x_wconf 92' lang='lat' dir='ltr'><strong>qui</strong></span> <span class='ocrx_word' id='word_1_58' title='bbox 1162 878 1327 932; x_wconf 91' lang='lat' dir='ltr'><strong>etiam</strong></span> <span class='ocrx_word' id='word_1_59' title='bbox 1377 881 1573 945; x_wconf 65' lang='lat' dir='ltr'><strong>praeter</strong></span> <span class='ocrx_word' id='word_1_60' title='bbox 1599 868 1820 926; x_wconf 91' lang='lat' dir='ltr'><strong>bellicos</strong></span> <span class='ocrx_word' id='word_1_61' title='bbox 1847 873 2017 930; x_wconf 82' lang='lat' dir='ltr'><strong>viros,</strong></span> <span class='ocrx_word' id='word_1_62' title='bbox 2046 877 2218 931; x_wconf 87' lang='lat' dir='ltr'><strong>uego-</strong></span> 
     </span>
    </p>
   </div>
   <div class='ocr_carea' id='block_1_9' title="bbox 640 957 2220 1039">
    <p class='ocr_par' dir='ltr' id='par_1_9' title="bbox 640 957 2220 1039">
     <span class='ocr_line' id='line_1_9' title="bbox 640 957 2220 1039; baseline -0.019 -3"><span class='ocrx_word' id='word_1_63' title='bbox 640 980 859 1036; x_wconf 90' lang='lat' dir='ltr'><strong>tiatores</strong></span> <span class='ocrx_word' id='word_1_64' title='bbox 918 974 986 1030; x_wconf 91' lang='lat' dir='ltr'><strong>ad</strong></span> <span class='ocrx_word' id='word_1_65' title='bbox 1032 969 1427 1039; x_wconf 87' lang='lat' dir='ltr'><strong>coemptionem</strong></span> <span class='ocrx_word' id='word_1_66' title='bbox 1473 963 1809 1018; x_wconf 88' lang='lat' dir='ltr'><strong>Francorum</strong></span> <span class='ocrx_word' id='word_1_67' title='bbox 1860 957 2220 1021; x_wconf 78' lang='lat' dir='ltr'><strong>adduxerant,</strong></span> 
     </span>
    </p>
   </div>
   <div class='ocr_carea' id='block_1_10' title="bbox 641 1045 2224 1142">
    <p class='ocr_par' dir='ltr' id='par_1_10' title="bbox 641 1045 2224 1142">
     <span class='ocr_line' id='line_1_10' title="bbox 641 1045 2224 1142; baseline -0.018 -16"><span class='ocrx_word' id='word_1_68' title='bbox 641 1067 890 1142; x_wconf 81' lang='lat' dir='ltr'><strong>profecto</strong></span> <span class='ocrx_word' id='word_1_69' title='bbox 941 1080 1008 1120; x_wconf 80' lang='lat' dir='ltr'><strong>ex</strong></span> <span class='ocrx_word' id='word_1_70' title='bbox 1049 1061 1332 1118; x_wconf 90' lang='lat' dir='ltr'><strong>nimietate</strong></span> <span class='ocrx_word' id='word_1_71' title='bbox 1361 1051 1724 1112; x_wconf 87' lang='lat' dir='ltr'><strong>multitudinis</strong></span> <span class='ocrx_word' id='word_1_72' title='bbox 1770 1045 2054 1103; x_wconf 81' lang='lat' dir='ltr'><strong>victoriam</strong></span> <span class='ocrx_word' id='word_1_73' title='bbox 2086 1058 2224 1115; x_wconf 65' lang='lat' dir='ltr'><strong>prat-</strong></span> 
     </span>
    </p>
   </div>
   <div class='ocr_carea' id='block_1_11' title="bbox 641 1137 2224 1222">
    <p class='ocr_par' dir='ltr' id='par_1_11' title="bbox 641 1137 2224 1222">
     <span class='ocr_line' id='line_1_11' title="bbox 641 1137 2224 1222; baseline -0.021 -2"><span class='ocrx_word' id='word_1_74' title='bbox 641 1137 934 1220; x_wconf 69' lang='lat' dir='ltr'><strong>sumebant</strong></span> <span class='ocrx_word' id='word_1_75' title='bbox 984 1196 1000 1222; x_wconf 93' lang='lat'><strong>,</strong></span> <span class='ocrx_word' id='word_1_76' title='bbox 1077 1152 1312 1208; x_wconf 78' lang='lat' dir='ltr'><strong>fortasse</strong></span> <span class='ocrx_word' id='word_1_77' title='bbox 1390 1145 1582 1216; x_wconf 85' lang='lat' dir='ltr'><strong>majori</strong></span> <span class='ocrx_word' id='word_1_78' title='bbox 1645 1154 1870 1214; x_wconf 87' lang='lat' dir='ltr'><strong>prorsus</strong></span> <span class='ocrx_word' id='word_1_79' title='bbox 1942 1137 2224 1206; x_wconf 87' lang='lat' dir='ltr'><strong>majestate</strong></span> 
     </span>
    </p>
   </div>
   <div class='ocr_carea' id='block_1_12' title="bbox 639 1227 2226 1316">
    <p class='ocr_par' dir='ltr' id='par_1_12' title="bbox 639 1227 2226 1316">
     <span class='ocr_line' id='line_1_12' title="bbox 639 1227 2226 1316; baseline -0.018 -8"><span class='ocrx_word' id='word_1_80' title='bbox 639 1249 879 1315; x_wconf 88' lang='lat' dir='ltr'><strong>numeri,</strong></span> <span class='ocrx_word' id='word_1_81' title='bbox 931 1258 1097 1316; x_wconf 87' lang='lat' dir='ltr'><strong>quam</strong></span> <span class='ocrx_word' id='word_1_82' title='bbox 1151 1241 1427 1297; x_wconf 88' lang='lat' dir='ltr'><strong>Curbaran</strong></span> <span class='ocrx_word' id='word_1_83' title='bbox 1483 1236 1632 1292; x_wconf 91' lang='lat' dir='ltr'><strong>illum</strong></span> <span class='ocrx_word' id='word_1_84' title='bbox 1711 1229 1968 1288; x_wconf 85' lang='lat' dir='ltr'><strong>habuisse</strong></span> <span class='ocrx_word' id='word_1_85' title='bbox 2023 1227 2226 1282; x_wconf 88' lang='lat' dir='ltr'><strong>didice-</strong></span> 
     </span>
    </p>
   </div>
   <div class='ocr_carea' id='block_1_13' title="bbox 643 1350 745 1398">
    <p class='ocr_par' dir='ltr' id='par_1_13' title="bbox 643 1350 745 1398">
     <span class='ocr_line' id='line_1_13' title="bbox 643 1350 745 1398; baseline -0.029 0"><span class='ocrx_word' id='word_1_86' title='bbox 643 1350 745 1398; x_wconf 71' lang='grc' dir='ltr'><strong>ΙἪΙ.</strong></span> 
     </span>
    </p>
   </div>
   <div class='ocr_carea' id='block_1_14' title="bbox 720 1414 2225 1492">
    <p class='ocr_par' dir='ltr' id='par_1_14' title="bbox 720 1414 2225 1492">
     <span class='ocr_line' id='line_1_14' title="bbox 720 1414 2225 1492; baseline -0.015 -10"><span class='ocrx_word' id='word_1_87' title='bbox 720 1451 737 1482; x_wconf 75' lang='grc' dir='ltr'>ι</span> <span class='ocrx_word' id='word_1_88' title='bbox 769 1430 825 1484; x_wconf 94' lang='lat' dir='ltr'><strong>ln</strong></span> <span class='ocrx_word' id='word_1_89' title='bbox 867 1427 957 1482; x_wconf 88' lang='lat' dir='ltr'><strong>illa</strong></span> <span class='ocrx_word' id='word_1_90' title='bbox 984 1425 1089 1488; x_wconf 90' lang='lat' dir='ltr'><strong>die,</strong></span> <span class='ocrx_word' id='word_1_91' title='bbox 1145 1421 1275 1492; x_wconf 83' lang='lat' dir='ltr'><strong>dicit</strong></span> <span class='ocrx_word' id='word_1_92' title='bbox 1329 1418 1608 1481; x_wconf 85' lang='lat' dir='ltr'><strong>Dominus,</strong></span> <span class='ocrx_word' id='word_1_93' title='bbox 1667 1414 1964 1486; x_wconf 84' lang='lat' dir='ltr'><strong>percutiam</strong></span> <span class='ocrx_word' id='word_1_94' title='bbox 2011 1421 2225 1464; x_wconf 89' lang='lat' dir='ltr'><strong>omnem</strong></span> 
     </span>
    </p>
   </div>
   <div class='ocr_carea' id='block_1_15' title="bbox 646 1499 2228 1592">
    <p class='ocr_par' dir='ltr' id='par_1_15' title="bbox 646 1499 2228 1592">
     <span class='ocr_line' id='line_1_15' title="bbox 646 1499 2228 1592; baseline -0.015 -15"><span class='ocrx_word' id='word_1_95' title='bbox 646 1537 844 1592; x_wconf 88' lang='lat' dir='ltr'><strong>equum</strong></span> <span class='ocrx_word' id='word_1_96' title='bbox 871 1519 924 1573; x_wconf 93' lang='lat' dir='ltr'><strong>in</strong></span> <span class='ocrx_word' id='word_1_97' title='bbox 955 1526 1196 1586; x_wconf 85' lang='lat' dir='ltr'><strong>stupore,</strong></span> <span class='ocrx_word' id='word_1_98' title='bbox 1246 1520 1302 1568; x_wconf 93' lang='lat' dir='ltr'><strong>et</strong></span> <span class='ocrx_word' id='word_1_99' title='bbox 1333 1523 1683 1565; x_wconf 90' lang='lat' dir='ltr'><strong>ascensorem</strong></span> <span class='ocrx_word' id='word_1_100' title='bbox 1727 1506 1844 1575; x_wconf 86' lang='lat' dir='ltr'><strong>ejus</strong></span> <span class='ocrx_word' id='word_1_101' title='bbox 1885 1506 1939 1559; x_wconf 92' lang='lat' dir='ltr'><strong>in</strong></span> <span class='ocrx_word' id='word_1_102' title='bbox 1990 1499 2228 1558; x_wconf 85' lang='lat' dir='ltr'><strong>amentia</strong></span> 
     </span>
    </p>
   </div>
   <div class='ocr_carea' id='block_1_16' title="bbox 646 1589 2230 1687">
    <p class='ocr_par' dir='ltr' id='par_1_16' title="bbox 646 1589 2230 1687">
     <span class='ocr_line' id='line_1_16' title="bbox 646 1589 2230 1687; baseline -0.013 -20"><span class='ocrx_word' id='word_1_103' title='bbox 646 1589 830 1687; x_wconf 56' lang='lat' dir='ltr'><strong>(iacit.</strong></span> <span class='ocrx_word' id='word_1_104' title='bbox 860 1625 962 1673; x_wconf 85' lang='lat' dir='ltr'><strong>xu,</strong></span> <span class='ocrx_word' id='word_1_105' title='bbox 992 1607 1070 1679; x_wconf 74' lang='grc'><strong>4).</strong></span> <span class='ocrx_word' id='word_1_106' title='bbox 1107 1627 1125 1659; x_wconf 76' lang='grc' dir='ltr'><strong><em>ι</em></strong></span> <span class='ocrx_word' id='word_1_107' title='bbox 1155 1603 1210 1660; x_wconf 90' lang='lat' dir='ltr'><strong>Si</strong></span> <span class='ocrx_word' id='word_1_108' title='bbox 1253 1617 1427 1674; x_wconf 88' lang='lat' dir='ltr'><strong>equus</strong></span> <span class='ocrx_word' id='word_1_109' title='bbox 1456 1601 1693 1672; x_wconf 83' lang='lat' dir='ltr'><strong>dignitas</strong></span> <span class='ocrx_word' id='word_1_110' title='bbox 1726 1595 2042 1666; x_wconf 82' lang='lat' dir='ltr'><strong>temp‘oralis</strong></span> <span class='ocrx_word' id='word_1_111' title='bbox 2087 1589 2230 1648; x_wconf 90' lang='lat' dir='ltr'><strong>acci-</strong></span> 
     </span>
    </p>
   </div>
   <div class='ocr_carea' id='block_1_17' title="bbox 643 1690 2232 1777">
    <p class='ocr_par' dir='ltr' id='par_1_17' title="bbox 643 1690 2232 1777">
     <span class='ocr_line' id='line_1_17' title="bbox 643 1690 2232 1777; baseline -0.014 -15"><span class='ocrx_word' id='word_1_112' title='bbox 643 1708 789 1777; x_wconf 87' lang='lat' dir='ltr'><strong>pitur</strong></span> <span class='ocrx_word' id='word_1_113' title='bbox 813 1745 827 1769; x_wconf 94' lang='lat'><strong>,</strong></span> <span class='ocrx_word' id='word_1_114' title='bbox 865 1715 1122 1758; x_wconf 86' lang='lat' dir='ltr'><strong>ascensor</strong></span> <span class='ocrx_word' id='word_1_115' title='bbox 1155 1698 1280 1768; x_wconf 86' lang='lat' dir='ltr'><strong>equi</strong></span> <span class='ocrx_word' id='word_1_116' title='bbox 1319 1697 1410 1767; x_wconf 88' lang='lat' dir='ltr'><strong>qui</strong></span> <span class='ocrx_word' id='word_1_117' title='bbox 1439 1694 1702 1765; x_wconf 83' lang='lat' dir='ltr'><strong>dignitate</strong></span> <span class='ocrx_word' id='word_1_118' title='bbox 1753 1690 2072 1760; x_wconf 67' lang='lat' dir='ltr'><strong>prmemiuet</strong></span> <span class='ocrx_word' id='word_1_119' title='bbox 2103 1699 2232 1756; x_wconf 84' lang='lat' dir='ltr'><strong>pro-</strong></span> 
     </span>
    </p>
   </div>
   <div class='ocr_carea' id='block_1_18' title="bbox 2322 493 3541 566">
    <p class='ocr_par' dir='ltr' id='par_1_18' title="bbox 2322 493 3541 566">
     <span class='ocr_line' id='line_1_18' title="bbox 2322 493 3541 566; baseline 0.001 -13"><span class='ocrx_word' id='word_1_120' title='bbox 2322 499 2432 553; x_wconf 91' lang='lat' dir='ltr'><strong>Deo</strong></span> <span class='ocrx_word' id='word_1_121' title='bbox 2459 497 2540 551; x_wconf 91' lang='lat' dir='ltr'><strong>sui</strong></span> <span class='ocrx_word' id='word_1_122' title='bbox 2569 497 2832 566; x_wconf 88' lang='lat' dir='ltr'><strong>ipsorum,</strong></span> <span class='ocrx_word' id='word_1_123' title='bbox 2869 493 3080 549; x_wconf 89' lang='lat' dir='ltr'><strong>scilicet</strong></span> <span class='ocrx_word' id='word_1_124' title='bbox 3105 493 3541 553; x_wconf 87' lang='lat' dir='ltr'><strong>Christianorum.</strong></span> 
     </span>
    </p>
   </div>
   <div class='ocr_carea' id='block_1_19' title="bbox 2396 588 3782 659">
    <p class='ocr_par' dir='ltr' id='par_1_19' title="bbox 2396 588 3782 659">
     <span class='ocr_line' id='line_1_19' title="bbox 2396 588 3782 659; baseline 0.008 -16"><span class='ocrx_word' id='word_1_125' title='bbox 2396 611 2414 643; x_wconf 72' lang='grc' dir='ltr'><strong><em>ι</em></strong></span> <span class='ocrx_word' id='word_1_126' title='bbox 2459 589 2518 644; x_wconf 85' lang='grc' dir='ltr'><strong>1η</strong></span> <span class='ocrx_word' id='word_1_127' title='bbox 2546 589 2634 644; x_wconf 89' lang='lat' dir='ltr'><strong>die</strong></span> <span class='ocrx_word' id='word_1_128' title='bbox 2675 588 2764 642; x_wconf 92' lang='lat' dir='ltr'><strong>illa</strong></span> <span class='ocrx_word' id='word_1_129' title='bbox 2787 628 2802 653; x_wconf 92' lang='lat'><strong>,</strong></span> <span class='ocrx_word' id='word_1_130' title='bbox 2831 603 3026 659; x_wconf 92' lang='lat' dir='ltr'><strong>ponam</strong></span> <span class='ocrx_word' id='word_1_131' title='bbox 3055 592 3224 644; x_wconf 85' lang='lat' dir='ltr'><strong>duces</strong></span> <span class='ocrx_word' id='word_1_132' title='bbox 3269 588 3400 644; x_wconf 90' lang='lat' dir='ltr'><strong>Juda</strong></span> <span class='ocrx_word' id='word_1_133' title='bbox 3440 591 3563 646; x_wconf 83' lang='lat' dir='ltr'><strong>sicut</strong></span> <span class='ocrx_word' id='word_1_134' title='bbox 3596 598 3782 656; x_wconf 81' lang='lat' dir='ltr'><strong>caminum</strong></span> 
     </span>
    </p>
   </div>
   <div class='ocr_carea' id='block_1_20' title="bbox 2321 680 3787 756">
    <p class='ocr_par' dir='ltr' id='par_1_20' title="bbox 2321 680 3787 756">
     <span class='ocr_line' id='line_1_20' title="bbox 2321 680 3787 756; baseline 0.004 -18"><span class='ocrx_word' id='word_1_135' title='bbox 2321 682 2464 756; x_wconf 89' lang='lat' dir='ltr'><strong>ignis</strong></span> <span class='ocrx_word' id='word_1_136' title='bbox 2513 682 2568 736; x_wconf 92' lang='lat' dir='ltr'><strong>in</strong></span> <span class='ocrx_word' id='word_1_137' title='bbox 2623 680 2804 748; x_wconf 80' lang='lat' dir='ltr'><strong>lignis,</strong></span> <span class='ocrx_word' id='word_1_138' title='bbox 2839 688 2895 735; x_wconf 90' lang='lat' dir='ltr'><strong>et</strong></span> <span class='ocrx_word' id='word_1_139' title='bbox 2944 680 3084 737; x_wconf 87' lang='lat' dir='ltr'><strong>sicut</strong></span> <span class='ocrx_word' id='word_1_140' title='bbox 3127 680 3302 736; x_wconf 87' lang='lat' dir='ltr'><strong>facem</strong></span> <span class='ocrx_word' id='word_1_141' title='bbox 3342 681 3472 752; x_wconf 92' lang='lat' dir='ltr'><strong>ignis</strong></span> <span class='ocrx_word' id='word_1_142' title='bbox 3528 683 3574 736; x_wconf 92' lang='lat' dir='ltr'><strong>in</strong></span> <span class='ocrx_word' id='word_1_143' title='bbox 3619 685 3787 744; x_wconf 66' lang='lat' dir='ltr'><strong>fenum</strong></span> 
     </span>
    </p>
   </div>
   <div class='ocr_carea' id='block_1_21' title="bbox 2336 774 3788 838">
    <p class='ocr_par' dir='ltr' id='par_1_21' title="bbox 2336 774 3788 838">
     <span class='ocr_line' id='line_1_21' title="bbox 2336 774 3788 838; baseline 0.001 -5"><span class='ocrx_word' id='word_1_144' title='bbox 2336 774 2672 833; x_wconf 90' lang='lat' dir='ltr'><strong>devorabunt</strong></span> <span class='ocrx_word' id='word_1_145' title='bbox 2725 776 2793 830; x_wconf 91' lang='lat' dir='ltr'><strong>ad</strong></span> <span class='ocrx_word' id='word_1_146' title='bbox 2848 776 3128 830; x_wconf 80' lang='lat' dir='ltr'><strong>dexteram</strong></span> <span class='ocrx_word' id='word_1_147' title='bbox 3171 781 3230 829; x_wconf 88' lang='lat' dir='ltr'><strong>et</strong></span> <span class='ocrx_word' id='word_1_148' title='bbox 3285 775 3350 828; x_wconf 93' lang='lat' dir='ltr'><strong>ad</strong></span> <span class='ocrx_word' id='word_1_149' title='bbox 3402 775 3638 830; x_wconf 77' lang='lat' dir='ltr'><strong>sinistram</strong></span> <span class='ocrx_word' id='word_1_150' title='bbox 3667 793 3788 838; x_wconf 77' lang='lat' dir='ltr'><strong>omnes</strong></span> 
     </span>
    </p>
   </div>
   <div class='ocr_carea' id='block_1_22' title="bbox 2331 863 3788 937">
    <p class='ocr_par' dir='ltr' id='par_1_22' title="bbox 2331 863 3788 937">
     <span class='ocr_line' id='line_1_22' title="bbox 2331 863 3788 937; baseline 0.001 -14"><span class='ocrx_word' id='word_1_151' title='bbox 2331 865 2558 937; x_wconf 89' lang='lat' dir='ltr'><strong>populos</strong></span> <span class='ocrx_word' id='word_1_152' title='bbox 2607 864 2660 918; x_wconf 92' lang='lat' dir='ltr'><strong>in</strong></span> <span class='ocrx_word' id='word_1_153' title='bbox 2723 865 2955 921; x_wconf 86' lang='lat' dir='ltr'><strong>circuitu</strong></span> <span class='ocrx_word' id='word_1_154' title='bbox 3019 863 3210 936; x_wconf 82' lang='lat' dir='ltr'><strong>(Zach.</strong></span> <span class='ocrx_word' id='word_1_155' title='bbox 3271 879 3369 930; x_wconf 83' lang='lat' dir='ltr'><strong>xtl,</strong></span> <span class='ocrx_word' id='word_1_156' title='bbox 3397 863 3466 933; x_wconf 83' lang='grc'><strong>6).</strong></span> <span class='ocrx_word' id='word_1_157' title='bbox 3497 864 3788 933; x_wconf 73' lang='grc' dir='ltr'><strong>»1η1ηο,ἰι-</strong></span> 
     </span>
    </p>
   </div>
   <div class='ocr_carea' id='block_1_23' title="bbox 2324 955 3787 1029">
    <p class='ocr_par' dir='ltr' id='par_1_23' title="bbox 2324 955 3787 1029">
     <span class='ocr_line' id='line_1_23' title="bbox 2324 955 3787 1029; baseline 0.002 -17"><span class='ocrx_word' id='word_1_158' title='bbox 2324 973 2524 1029; x_wconf 91' lang='lat' dir='ltr'><strong>quam,</strong></span> <span class='ocrx_word' id='word_1_159' title='bbox 2577 957 2668 1014; x_wconf 83' lang='lat' dir='ltr'><strong>vel</strong></span> <span class='ocrx_word' id='word_1_160' title='bbox 2722 956 2882 1022; x_wconf 88' lang='lat' dir='ltr'><strong>fidei,</strong></span> <span class='ocrx_word' id='word_1_161' title='bbox 2962 969 3057 1010; x_wconf 91' lang='lat' dir='ltr'><strong>seu</strong></span> <span class='ocrx_word' id='word_1_162' title='bbox 3116 955 3314 1009; x_wconf 79' lang='lat' dir='ltr'><strong>divina:</strong></span> <span class='ocrx_word' id='word_1_163' title='bbox 3367 957 3684 1026; x_wconf 83' lang='lat' dir='ltr'><strong>prosperitatis</strong></span> <span class='ocrx_word' id='word_1_164' title='bbox 3719 960 3787 1024; x_wconf 79' lang='lat' dir='ltr'><strong>die,</strong></span> 
     </span>
    </p>
   </div>
   <div class='ocr_carea' id='block_1_24' title="bbox 2331 1047 3790 1118">
    <p class='ocr_par' dir='ltr' id='par_1_24' title="bbox 2331 1047 3790 1118">
     <span class='ocr_line' id='line_1_24' title="bbox 2331 1047 3790 1118; baseline 0 -13"><span class='ocrx_word' id='word_1_165' title='bbox 2331 1049 2496 1106; x_wconf 90' lang='lat' dir='ltr'><strong>duces</strong></span> <span class='ocrx_word' id='word_1_166' title='bbox 2545 1049 2641 1114; x_wconf 92' lang='lat' dir='ltr'><strong>illi,</strong></span> <span class='ocrx_word' id='word_1_167' title='bbox 2699 1049 2789 1118; x_wconf 87' lang='lat' dir='ltr'><strong>qui</strong></span> <span class='ocrx_word' id='word_1_168' title='bbox 2833 1047 2919 1105; x_wconf 90' lang='lat' dir='ltr'><strong>vel</strong></span> <span class='ocrx_word' id='word_1_169' title='bbox 2947 1047 3144 1104; x_wconf 70' lang='lat' dir='ltr'><strong>&#39;armis</strong></span> <span class='ocrx_word' id='word_1_170' title='bbox 3201 1047 3452 1111; x_wconf 82' lang='lat' dir='ltr'><strong>exterius,</strong></span> <span class='ocrx_word' id='word_1_171' title='bbox 3505 1049 3577 1102; x_wconf 90' lang='lat' dir='ltr'><strong>vel</strong></span> <span class='ocrx_word' id='word_1_172' title='bbox 3613 1051 3790 1118; x_wconf 75' lang='lat' dir='ltr'><strong>spirituali</strong></span> 
     </span>
    </p>
   </div>
   <div class='ocr_carea' id='block_1_25' title="bbox 2329 1137 3789 1210">
    <p class='ocr_par' dir='ltr' id='par_1_25' title="bbox 2329 1137 3789 1210">
     <span class='ocr_line' id='line_1_25' title="bbox 2329 1137 3789 1210; baseline -0.002 -12"><span class='ocrx_word' id='word_1_173' title='bbox 2329 1141 2577 1198; x_wconf 88' lang='lat' dir='ltr'><strong>doctrina</strong></span> <span class='ocrx_word' id='word_1_174' title='bbox 2629 1139 2858 1196; x_wconf 90' lang='lat' dir='ltr'><strong>interius</strong></span> <span class='ocrx_word' id='word_1_175' title='bbox 2909 1138 3288 1194; x_wconf 89' lang='lat' dir='ltr'><strong>Christianum</strong></span> <span class='ocrx_word' id='word_1_176' title='bbox 3331 1137 3565 1209; x_wconf 86' lang='lat' dir='ltr'><strong>populum</strong></span> <span class='ocrx_word' id='word_1_177' title='bbox 3613 1141 3789 1210; x_wconf 80' lang='lat' dir='ltr'><strong>guberna-</strong></span> 
     </span>
    </p>
   </div>
   <div class='ocr_carea' id='block_1_26' title="bbox 2327 1231 3791 1302">
    <p class='ocr_par' dir='ltr' id='par_1_26' title="bbox 2327 1231 3791 1302">
     <span class='ocr_line' id='line_1_26' title="bbox 2327 1231 3791 1302; baseline -0.003 -12"><span class='ocrx_word' id='word_1_178' title='bbox 2327 1234 2484 1300; x_wconf 89' lang='lat' dir='ltr'><strong>bunt,</strong></span> <span class='ocrx_word' id='word_1_179' title='bbox 2513 1240 2674 1289; x_wconf 90' lang='lat' dir='ltr'><strong>erunt</strong></span> <span class='ocrx_word' id='word_1_180' title='bbox 2721 1231 2969 1288; x_wconf 86' lang='lat' dir='ltr'><strong>caminus</strong></span> <span class='ocrx_word' id='word_1_181' title='bbox 3006 1247 3022 1284; x_wconf 90' lang='lat'><strong>:</strong></span> <span class='ocrx_word' id='word_1_182' title='bbox 3075 1245 3338 1302; x_wconf 90' lang='lat' dir='ltr'><strong>superno,</strong></span> <span class='ocrx_word' id='word_1_183' title='bbox 3371 1231 3594 1286; x_wconf 72' lang='lat' dir='ltr'><strong>videlicet</strong></span> <span class='ocrx_word' id='word_1_184' title='bbox 3627 1233 3791 1287; x_wconf 81' lang='lat' dir='ltr'><strong>intrinse—</strong></span> 
     </span>
    </p>
   </div>
   <div class='ocr_carea' id='block_1_27' title="bbox 2330 1323 3792 1396">
    <p class='ocr_par' dir='ltr' id='par_1_27' title="bbox 2330 1323 3792 1396">
     <span class='ocr_line' id='line_1_27' title="bbox 2330 1323 3792 1396; baseline -0.001 -14"><span class='ocrx_word' id='word_1_185' title='bbox 2330 1341 2449 1387; x_wconf 90' lang='lat' dir='ltr'><strong>cus,</strong></span> <span class='ocrx_word' id='word_1_186' title='bbox 2507 1338 2693 1380; x_wconf 88' lang='lat' dir='ltr'><strong>amore</strong></span> <span class='ocrx_word' id='word_1_187' title='bbox 2740 1323 3046 1390; x_wconf 86' lang='lat' dir='ltr'><strong>ferventes,</strong></span> <span class='ocrx_word' id='word_1_188' title='bbox 3107 1325 3204 1392; x_wconf 91' lang='lat' dir='ltr'><strong>qui</strong></span> <span class='ocrx_word' id='word_1_189' title='bbox 3261 1331 3584 1393; x_wconf 88' lang='lat' dir='ltr'><strong>peccatorum</strong></span> <span class='ocrx_word' id='word_1_190' title='bbox 3629 1323 3729 1396; x_wconf 82' lang='lat' dir='ltr'><strong>ligna</strong></span> <span class='ocrx_word' id='word_1_191' title='bbox 3762 1327 3792 1381; x_wconf 88' lang='lat' dir='ltr'><strong>iu</strong></span> 
     </span>
    </p>
   </div>
   <div class='ocr_carea' id='block_1_28' title="bbox 2333 1416 3793 1489">
    <p class='ocr_par' dir='ltr' id='par_1_28' title="bbox 2333 1416 3793 1489">
     <span class='ocr_line' id='line_1_28' title="bbox 2333 1416 3793 1489; baseline -0.001 -17"><span class='ocrx_word' id='word_1_192' title='bbox 2333 1416 2636 1489; x_wconf 78' lang='lat' dir='ltr'><strong>gentilitate</strong></span> <span class='ocrx_word' id='word_1_193' title='bbox 2675 1424 3004 1472; x_wconf 89' lang='lat' dir='ltr'><strong>consumant</strong></span> <span class='ocrx_word' id='word_1_194' title='bbox 3052 1432 3066 1468; x_wconf 93' lang='lat'><strong>:</strong></span> <span class='ocrx_word' id='word_1_195' title='bbox 3123 1428 3182 1470; x_wconf 87' lang='lat' dir='ltr'><strong>et</strong></span> <span class='ocrx_word' id='word_1_196' title='bbox 3229 1425 3481 1484; x_wconf 90' lang='lat' dir='ltr'><strong>quantum</strong></span> <span class='ocrx_word' id='word_1_197' title='bbox 3519 1416 3575 1468; x_wconf 90' lang='lat' dir='ltr'><strong>ad</strong></span> <span class='ocrx_word' id='word_1_198' title='bbox 3619 1417 3793 1470; x_wconf 71' lang='lat' dir='ltr'><strong>exteriora</strong></span> 
     </span>
    </p>
   </div>
   <div class='ocr_carea' id='block_1_29' title="bbox 2333 1504 3793 1578">
    <p class='ocr_par' dir='ltr' id='par_1_29' title="bbox 2333 1504 3793 1578">
     <span class='ocr_line' id='line_1_29' title="bbox 2333 1504 3793 1578; baseline -0.004 -14"><span class='ocrx_word' id='word_1_199' title='bbox 2333 1509 2594 1578; x_wconf 89' lang='lat' dir='ltr'><strong>reprobos</strong></span> <span class='ocrx_word' id='word_1_200' title='bbox 2647 1521 2916 1576; x_wconf 90' lang='lat' dir='ltr'><strong>quosque,</strong></span> <span class='ocrx_word' id='word_1_201' title='bbox 2960 1519 3024 1560; x_wconf 91' lang='lat' dir='ltr'><strong>ac</strong></span> <span class='ocrx_word' id='word_1_202' title='bbox 3067 1505 3115 1560; x_wconf 91' lang='lat' dir='ltr'><strong>si</strong></span> <span class='ocrx_word' id='word_1_203' title='bbox 3145 1504 3355 1569; x_wconf 84' lang='lat' dir='ltr'><strong>fenum,</strong></span> <span class='ocrx_word' id='word_1_204' title='bbox 3387 1504 3515 1560; x_wconf 88' lang='lat' dir='ltr'><strong>bella</strong></span> <span class='ocrx_word' id='word_1_205' title='bbox 3551 1507 3793 1559; x_wconf 81' lang='lat' dir='ltr'><strong>succendant.</strong></span> 
     </span>
    </p>
   </div>
   <div class='ocr_carea' id='block_1_30' title="bbox 2332 1596 3793 1665">
    <p class='ocr_par' dir='ltr' id='par_1_30' title="bbox 2332 1596 3793 1665">
     <span class='ocr_line' id='line_1_30' title="bbox 2332 1596 3793 1665; baseline -0.003 -11"><span class='ocrx_word' id='word_1_206' title='bbox 2332 1599 2527 1654; x_wconf 89' lang='lat' dir='ltr'><strong>Procul</strong></span> <span class='ocrx_word' id='word_1_207' title='bbox 2575 1598 2737 1653; x_wconf 90' lang='lat' dir='ltr'><strong>dubio</strong></span> <span class='ocrx_word' id='word_1_208' title='bbox 2787 1597 2932 1652; x_wconf 89' lang='lat' dir='ltr'><strong>enim</strong></span> <span class='ocrx_word' id='word_1_209' title='bbox 2961 1596 3168 1652; x_wconf 89' lang='lat' dir='ltr'><strong>scimus</strong></span> <span class='ocrx_word' id='word_1_210' title='bbox 3204 1597 3375 1650; x_wconf 91' lang='lat' dir='ltr'><strong>Deum</strong></span> <span class='ocrx_word' id='word_1_211' title='bbox 3429 1597 3521 1651; x_wconf 89' lang='lat' dir='ltr'><strong>ista</strong></span> <span class='ocrx_word' id='word_1_212' title='bbox 3560 1611 3793 1665; x_wconf 75' lang='lat' dir='ltr'><strong>nequaquam</strong></span> 
     </span>
    </p>
   </div>
   <div class='ocr_carea' id='block_1_31' title="bbox 2332 1686 3793 1760">
    <p class='ocr_par' dir='ltr' id='par_1_31' title="bbox 2332 1686 3793 1760">
     <span class='ocr_line' id='line_1_31' title="bbox 2332 1686 3793 1760; baseline -0.002 -16"><span class='ocrx_word' id='word_1_213' title='bbox 2332 1704 2431 1760; x_wconf 93' lang='lat' dir='ltr'><strong>pro</strong></span> <span class='ocrx_word' id='word_1_214' title='bbox 2478 1689 2638 1744; x_wconf 90' lang='lat' dir='ltr'><strong>unius</strong></span> <span class='ocrx_word' id='word_1_215' title='bbox 2677 1688 2916 1743; x_wconf 84' lang='lat' dir='ltr'><strong>civitatis</strong></span> <span class='ocrx_word' id='word_1_216' title='bbox 2948 1687 3284 1742; x_wconf 90' lang='lat' dir='ltr'><strong>liberatione</strong></span> <span class='ocrx_word' id='word_1_217' title='bbox 3309 1687 3547 1756; x_wconf 84' lang='lat' dir='ltr'><strong>coepisse,</strong></span> <span class='ocrx_word' id='word_1_218' title='bbox 3576 1686 3650 1741; x_wconf 88' lang='lat' dir='ltr'><strong>sed</strong></span> <span class='ocrx_word' id='word_1_219' title='bbox 3680 1697 3793 1741; x_wconf 78' lang='lat' dir='ltr'><strong>contra</strong></span> 
     </span>
    </p>
   </div>
   <div class='ocr_carea' id='block_1_32' title="bbox 645 1769 3795 1859">
    <p class='ocr_par' dir='ltr' id='par_1_32' title="bbox 645 1769 3795 1859">
     <span class='ocr_line' id='line_1_32' title="bbox 645 1769 3795 1859; baseline -0.008 -5"><span class='ocrx_word' id='word_1_220' title='bbox 645 1769 733 1855; x_wconf 73' lang='lat' dir='ltr'><strong>cui</strong></span> <span class='ocrx_word' id='word_1_221' title='bbox 777 1796 940 1850; x_wconf 89' lang='lat' dir='ltr'><strong>dubio</strong></span> <span class='ocrx_word' id='word_1_222' title='bbox 965 1791 1305 1859; x_wconf 80' lang='lat' dir='ltr'><strong>intelligitur.</strong></span> <span class='ocrx_word' id='word_1_223' title='bbox 1353 1785 1597 1857; x_wconf 86' lang='lat' dir='ltr'><strong>Dignitas</strong></span> <span class='ocrx_word' id='word_1_224' title='bbox 1641 1783 1818 1838; x_wconf 89' lang='lat' dir='ltr'><strong>omnis</strong></span> <span class='ocrx_word' id='word_1_225' title='bbox 1845 1789 2025 1852; x_wconf 90' lang='lat' dir='ltr'><strong>stupet</strong></span> <span class='ocrx_word' id='word_1_226' title='bbox 2055 1796 2068 1832; x_wconf 89' lang='lat'>:</span> <span class='ocrx_word' id='word_1_227' title='bbox 2101 1777 2229 1848; x_wconf 91' lang='lat' dir='ltr'><strong>quia</strong></span> <span class='ocrx_word' id='word_1_228' title='bbox 2263 1769 2307 1828; x_wconf 85' lang='grc' dir='ltr'><strong>Β</strong></span> <span class='ocrx_word' id='word_1_229' title='bbox 2337 1780 2551 1834; x_wconf 90' lang='lat' dir='ltr'><strong>venturi</strong></span> <span class='ocrx_word' id='word_1_230' title='bbox 2582 1778 2790 1833; x_wconf 89' lang='lat' dir='ltr'><strong>rabiem</strong></span> <span class='ocrx_word' id='word_1_231' title='bbox 2819 1777 3170 1842; x_wconf 83' lang='lat' dir='ltr'><strong>Antichristi,</strong></span> <span class='ocrx_word' id='word_1_232' title='bbox 3200 1778 3319 1832; x_wconf 65' lang='lat' dir='ltr'><strong>haec</strong></span> <span class='ocrx_word' id='word_1_233' title='bbox 3347 1776 3560 1840; x_wconf 88' lang='lat' dir='ltr'><strong>semina,</strong></span> <span class='ocrx_word' id='word_1_234' title='bbox 3586 1775 3702 1847; x_wconf 81' lang='lat' dir='ltr'><strong>longe</strong></span> <span class='ocrx_word' id='word_1_235' title='bbox 3719 1777 3795 1830; x_wconf 78' lang='lat' dir='ltr'><strong>late-</strong></span> 
     </span>
    </p>
   </div>
   <div class='ocr_carea' id='block_1_33' title="bbox 645 1865 2232 1955">
    <p class='ocr_par' dir='ltr' id='par_1_33' title="bbox 645 1865 2232 1955">
     <span class='ocr_line' id='line_1_33' title="bbox 645 1865 2232 1955; baseline -0.011 -17"><span class='ocrx_word' id='word_1_236' title='bbox 645 1881 906 1955; x_wconf 87' lang='lat' dir='ltr'><strong>quidquid</strong></span> <span class='ocrx_word' id='word_1_237' title='bbox 935 1892 1165 1948; x_wconf 89' lang='lat' dir='ltr'><strong>usquam</strong></span> <span class='ocrx_word' id='word_1_238' title='bbox 1217 1873 1449 1944; x_wconf 89' lang='lat' dir='ltr'><strong>imperii,</strong></span> <span class='ocrx_word' id='word_1_239' title='bbox 1499 1871 1758 1942; x_wconf 85' lang='lat' dir='ltr'><strong>quidquid</strong></span> <span class='ocrx_word' id='word_1_240' title='bbox 1795 1869 1947 1940; x_wconf 90' lang='lat' dir='ltr'><strong>regni</strong></span> <span class='ocrx_word' id='word_1_241' title='bbox 1979 1875 2084 1931; x_wconf 86' lang='lat' dir='ltr'><strong>est,</strong></span> <span class='ocrx_word' id='word_1_242' title='bbox 2137 1865 2232 1920; x_wconf 88' lang='lat' dir='ltr'><strong>ad-</strong></span> 
     </span>
    </p>
   </div>
   <div class='ocr_carea' id='block_1_34' title="bbox 647 1959 2230 2028">
    <p class='ocr_par' dir='ltr' id='par_1_34' title="bbox 647 1959 2230 2028">
     <span class='ocr_line' id='line_1_34' title="bbox 647 1959 2230 2028; baseline -0.013 0"><span class='ocrx_word' id='word_1_243' title='bbox 647 1987 838 2028; x_wconf 90' lang='lat' dir='ltr'><strong>versus</strong></span> <span class='ocrx_word' id='word_1_244' title='bbox 867 1971 1010 2024; x_wconf 90' lang='lat' dir='ltr'><strong>hanc</strong></span> <span class='ocrx_word' id='word_1_245' title='bbox 1063 1980 1214 2021; x_wconf 74' lang='lat' dir='ltr'><strong>nova:</strong></span> <span class='ocrx_word' id='word_1_246' title='bbox 1263 1963 1468 2018; x_wconf 69' lang='lat' dir='ltr'><strong>militiae</strong></span> <span class='ocrx_word' id='word_1_247' title='bbox 1497 1961 1593 2016; x_wconf 91' lang='lat' dir='ltr'><strong>Dei</strong></span> <span class='ocrx_word' id='word_1_248' title='bbox 1636 1975 1853 2014; x_wconf 82' lang='lat' dir='ltr'><strong>martum</strong></span> <span class='ocrx_word' id='word_1_249' title='bbox 1897 1959 2230 2022; x_wconf 88' lang='lat' dir='ltr'><strong>hebetatum,</strong></span> 
     </span>
    </p>
   </div>
   <div class='ocr_carea' id='block_1_35' title="bbox 652 2047 2230 2128">
    <p class='ocr_par' dir='ltr' id='par_1_35' title="bbox 652 2047 2230 2128">
     <span class='ocr_line' id='line_1_35' title="bbox 652 2047 2230 2128; baseline -0.014 -7"><span class='ocrx_word' id='word_1_250' title='bbox 652 2064 730 2121; x_wconf 89' lang='lat' dir='ltr'><strong>nil</strong></span> <span class='ocrx_word' id='word_1_251' title='bbox 777 2063 959 2118; x_wconf 88' lang='lat' dir='ltr'><strong>audet.</strong></span> <span class='ocrx_word' id='word_1_252' title='bbox 992 2059 1254 2128; x_wconf 89' lang='lat' dir='ltr'><strong>Princeps</strong></span> <span class='ocrx_word' id='word_1_253' title='bbox 1305 2055 1484 2111; x_wconf 88' lang='lat' dir='ltr'><strong>omnis</strong></span> <span class='ocrx_word' id='word_1_254' title='bbox 1536 2054 1590 2108; x_wconf 90' lang='lat' dir='ltr'><strong>in</strong></span> <span class='ocrx_word' id='word_1_255' title='bbox 1644 2051 1936 2107; x_wconf 85' lang='lat' dir='ltr'><strong>amentiam</strong></span> <span class='ocrx_word' id='word_1_256' title='bbox 1981 2047 2230 2113; x_wconf 89' lang='lat' dir='ltr'><strong>vertitur,</strong></span> 
     </span>
    </p>
   </div>
   <div class='ocr_carea' id='block_1_36' title="bbox 649 2141 2230 2227">
    <p class='ocr_par' dir='ltr' id='par_1_36' title="bbox 649 2141 2230 2227">
     <span class='ocr_line' id='line_1_36' title="bbox 649 2141 2230 2227; baseline -0.013 -17"><span class='ocrx_word' id='word_1_257' title='bbox 649 2154 779 2227; x_wconf 89' lang='lat' dir='ltr'><strong>quia</strong></span> <span class='ocrx_word' id='word_1_258' title='bbox 806 2166 1000 2223; x_wconf 81' lang='lat' dir='ltr'><strong>expers</strong></span> <span class='ocrx_word' id='word_1_259' title='bbox 1049 2157 1134 2204; x_wconf 91' lang='lat' dir='ltr'><strong>est</strong></span> <span class='ocrx_word' id='word_1_260' title='bbox 1163 2145 1394 2210; x_wconf 87' lang='lat' dir='ltr'><strong>consilii,</strong></span> <span class='ocrx_word' id='word_1_261' title='bbox 1427 2158 1528 2198; x_wconf 92' lang='lat' dir='ltr'><strong>nec</strong></span> <span class='ocrx_word' id='word_1_262' title='bbox 1571 2141 1737 2197; x_wconf 84' lang='lat' dir='ltr'><strong>habet</strong></span> <span class='ocrx_word' id='word_1_263' title='bbox 1779 2157 1887 2210; x_wconf 91' lang='lat' dir='ltr'><strong>quo</strong></span> <span class='ocrx_word' id='word_1_264' title='bbox 1933 2157 1992 2193; x_wconf 86' lang='lat' dir='ltr'><strong>se</strong></span> <span class='ocrx_word' id='word_1_265' title='bbox 2033 2144 2230 2202; x_wconf 88' lang='lat' dir='ltr'><strong>vertat,</strong></span> 
     </span>
    </p>
   </div>
   <div class='ocr_carea' id='block_1_37' title="bbox 648 2231 2236 2318">
    <p class='ocr_par' dir='ltr' id='par_1_37' title="bbox 648 2231 2236 2318">
     <span class='ocr_line' id='line_1_37' title="bbox 648 2231 2236 2318; baseline -0.013 -14"><span class='ocrx_word' id='word_1_266' title='bbox 648 2256 835 2318; x_wconf 87' lang='lat' dir='ltr'><strong>utpote</strong></span> <span class='ocrx_word' id='word_1_267' title='bbox 865 2246 1019 2314; x_wconf 91' lang='lat' dir='ltr'><strong>inops</strong></span> <span class='ocrx_word' id='word_1_268' title='bbox 1039 2241 1258 2308; x_wconf 90' lang='lat' dir='ltr'><strong>virium,</strong></span> <span class='ocrx_word' id='word_1_269' title='bbox 1288 2237 1535 2310; x_wconf 87' lang='lat' dir='ltr'><strong>quisquis</strong></span> <span class='ocrx_word' id='word_1_270' title='bbox 1573 2235 1732 2307; x_wconf 87' lang='lat' dir='ltr'><strong>hujus</strong></span> <span class='ocrx_word' id='word_1_271' title='bbox 1779 2231 2043 2288; x_wconf 91' lang='lat' dir='ltr'><strong>Dominici</strong></span> <span class='ocrx_word' id='word_1_272' title='bbox 2079 2245 2236 2286; x_wconf 84' lang='lat' dir='ltr'><strong>exer-</strong></span> 
     </span>
    </p>
   </div>
   <div class='ocr_carea' id='block_1_38' title="bbox 651 2322 2234 2400">
    <p class='ocr_par' dir='ltr' id='par_1_38' title="bbox 651 2322 2234 2400">
     <span class='ocr_line' id='line_1_38' title="bbox 651 2322 2234 2400; baseline -0.013 -5"><span class='ocrx_word' id='word_1_273' title='bbox 651 2339 792 2395; x_wconf 88' lang='lat' dir='ltr'><strong>citus</strong></span> <span class='ocrx_word' id='word_1_274' title='bbox 835 2334 1206 2391; x_wconf 81' lang='lat' dir='ltr'><strong>fortitudinem</strong></span> <span class='ocrx_word' id='word_1_275' title='bbox 1268 2329 1566 2400; x_wconf 80' lang='lat' dir='ltr'><strong>experitur.</strong></span> <span class='ocrx_word' id='word_1_276' title='bbox 1627 2344 1646 2378; x_wconf 87' lang='grc'><strong>‹</strong></span> <span class='ocrx_word' id='word_1_277' title='bbox 1691 2325 1759 2380; x_wconf 88' lang='grc' dir='ltr'><strong>Ει</strong></span> <span class='ocrx_word' id='word_1_278' title='bbox 1803 2339 1966 2394; x_wconf 90' lang='lat' dir='ltr'><strong>super</strong></span> <span class='ocrx_word' id='word_1_279' title='bbox 2016 2322 2234 2377; x_wconf 80' lang='lat' dir='ltr'><strong>domum</strong></span> 
     </span>
    </p>
   </div>
   <div class='ocr_carea' id='block_1_39' title="bbox 651 2424 2238 2497">
    <p class='ocr_par' dir='ltr' id='par_1_39' title="bbox 651 2424 2238 2497">
     <span class='ocr_line' id='line_1_39' title="bbox 651 2424 2238 2497; baseline -0.013 -12"><span class='ocrx_word' id='word_1_280' title='bbox 651 2428 788 2485; x_wconf 87' lang='lat' dir='ltr'><strong>Juda</strong></span> <span class='ocrx_word' id='word_1_281' title='bbox 818 2427 1056 2497; x_wconf 87' lang='lat' dir='ltr'><strong>aperiam</strong></span> <span class='ocrx_word' id='word_1_282' title='bbox 1084 2424 1271 2480; x_wconf 89' lang='lat' dir='ltr'><strong>oculos</strong></span> <span class='ocrx_word' id='word_1_283' title='bbox 1293 2435 1468 2483; x_wconf 87' lang='lat' dir='ltr'><strong>meos,</strong></span> <span class='ocrx_word' id='word_1_284' title='bbox 1495 2427 1552 2474; x_wconf 90' lang='lat' dir='ltr'><strong>et</strong></span> <span class='ocrx_word' id='word_1_285' title='bbox 1598 2432 1814 2472; x_wconf 90' lang='lat' dir='ltr'><strong>omnem</strong></span> <span class='ocrx_word' id='word_1_286' title='bbox 1845 2430 2040 2484; x_wconf 89' lang='lat' dir='ltr'><strong>equum</strong></span> <span class='ocrx_word' id='word_1_287' title='bbox 2069 2427 2238 2483; x_wconf 89' lang='lat' dir='ltr'><strong>popu—</strong></span> 
     </span>
    </p>
   </div>
   <div class='ocr_carea' id='block_1_40' title="bbox 651 2501 2235 2589">
    <p class='ocr_par' dir='ltr' id='par_1_40' title="bbox 651 2501 2235 2589">
     <span class='ocr_line' id='line_1_40' title="bbox 651 2501 2235 2589; baseline -0.015 -13"><span class='ocrx_word' id='word_1_288' title='bbox 651 2520 826 2576; x_wconf 91' lang='lat' dir='ltr'><strong>lorum</strong></span> <span class='ocrx_word' id='word_1_289' title='bbox 887 2517 1186 2589; x_wconf 90' lang='lat' dir='ltr'><strong>percutiam</strong></span> <span class='ocrx_word' id='word_1_290' title='bbox 1239 2514 1293 2567; x_wconf 92' lang='lat' dir='ltr'><strong>in</strong></span> <span class='ocrx_word' id='word_1_291' title='bbox 1347 2511 1592 2566; x_wconf 83' lang='lat' dir='ltr'><strong>caecitate</strong></span> <span class='ocrx_word' id='word_1_292' title='bbox 1647 2506 1858 2578; x_wconf 83' lang='lat' dir='ltr'><strong>(Ibid.).</strong></span> <span class='ocrx_word' id='word_1_293' title='bbox 1898 2523 1916 2556; x_wconf 69' lang='grc' dir='ltr'><strong><em>ι</em></strong></span> <span class='ocrx_word' id='word_1_294' title='bbox 1974 2502 2029 2558; x_wconf 91' lang='lat' dir='ltr'><strong>Si</strong></span> <span class='ocrx_word' id='word_1_295' title='bbox 2073 2501 2235 2563; x_wconf 90' lang='lat' dir='ltr'><strong>Juda,</strong></span> 
     </span>
    </p>
   </div>
   <div class='ocr_carea' id='block_1_41' title="bbox 653 2589 2238 2674">
    <p class='ocr_par' dir='ltr' id='par_1_41' title="bbox 653 2589 2238 2674">
     <span class='ocr_line' id='line_1_41' title="bbox 653 2589 2238 2674; baseline -0.013 -9"><span class='ocrx_word' id='word_1_296' title='bbox 653 2609 936 2672; x_wconf 84' lang='lat' dir='ltr'><strong>confitens,</strong></span> <span class='ocrx_word' id='word_1_297' title='bbox 989 2620 1082 2661; x_wconf 90' lang='lat' dir='ltr'><strong>eos</strong></span> <span class='ocrx_word' id='word_1_298' title='bbox 1136 2603 1476 2674; x_wconf 86' lang='lat' dir='ltr'><strong>potissimum</strong></span> <span class='ocrx_word' id='word_1_299' title='bbox 1528 2597 1869 2654; x_wconf 87' lang='lat' dir='ltr'><strong>coufessores</strong></span> <span class='ocrx_word' id='word_1_300' title='bbox 1919 2593 2115 2658; x_wconf 91' lang='lat' dir='ltr'><strong>dicam,</strong></span> <span class='ocrx_word' id='word_1_301' title='bbox 2145 2589 2238 2661; x_wconf 76' lang='lat' dir='ltr'><strong>qui</strong></span> 
     </span>
    </p>
   </div>
   <div class='ocr_carea' id='block_1_42' title="bbox 657 2684 2238 2770">
    <p class='ocr_par' dir='ltr' id='par_1_42' title="bbox 657 2684 2238 2770">
     <span class='ocr_line' id='line_1_42' title="bbox 657 2684 2238 2770; baseline -0.013 -14"><span class='ocrx_word' id='word_1_302' title='bbox 657 2715 930 2770; x_wconf 86' lang='lat' dir='ltr'><strong>nunquam</strong></span> <span class='ocrx_word' id='word_1_303' title='bbox 956 2714 984 2752; x_wconf 87' lang='lat' dir='ltr'><strong>a</strong></span> <span class='ocrx_word' id='word_1_304' title='bbox 1017 2712 1126 2752; x_wconf 65' lang='lat' dir='ltr'><strong>sua:</strong></span> <span class='ocrx_word' id='word_1_305' title='bbox 1149 2692 1489 2750; x_wconf 87' lang='lat' dir='ltr'><strong>credulitatis</strong></span> <span class='ocrx_word' id='word_1_306' title='bbox 1517 2690 1670 2746; x_wconf 91' lang='lat' dir='ltr'><strong>initio</strong></span> <span class='ocrx_word' id='word_1_307' title='bbox 1697 2687 2034 2743; x_wconf 78' lang='lat' dir='ltr'><strong>exorbitasse</strong></span> <span class='ocrx_word' id='word_1_308' title='bbox 2055 2684 2238 2754; x_wconf 83' lang='lat' dir='ltr'><strong>legun-</strong></span> 
     </span>
    </p>
   </div>
   <div class='ocr_carea' id='block_1_43' title="bbox 657 2774 2240 2853">
    <p class='ocr_par' dir='ltr' id='par_1_43' title="bbox 657 2774 2240 2853">
     <span class='ocr_line' id='line_1_43' title="bbox 657 2774 2240 2853; baseline -0.011 -9"><span class='ocrx_word' id='word_1_309' title='bbox 657 2798 746 2844; x_wconf 92' lang='lat' dir='ltr'><strong>tur</strong></span> <span class='ocrx_word' id='word_1_310' title='bbox 792 2804 823 2843; x_wconf 93' lang='lat' dir='ltr'><strong>a</strong></span> <span class='ocrx_word' id='word_1_311' title='bbox 875 2787 1000 2853; x_wconf 89' lang='lat' dir='ltr'><strong>fide,</strong></span> <span class='ocrx_word' id='word_1_312' title='bbox 1057 2786 1300 2840; x_wconf 89' lang='lat' dir='ltr'><strong>Francos</strong></span> <span class='ocrx_word' id='word_1_313' title='bbox 1351 2781 1556 2851; x_wconf 90' lang='lat' dir='ltr'><strong>utique,</strong></span> <span class='ocrx_word' id='word_1_314' title='bbox 1607 2776 1804 2848; x_wconf 85' lang='lat' dir='ltr'><strong>quibus</strong></span> <span class='ocrx_word' id='word_1_315' title='bbox 1855 2774 2033 2830; x_wconf 88' lang='lat' dir='ltr'><strong>omnis</strong></span> <span class='ocrx_word' id='word_1_316' title='bbox 2084 2782 2240 2826; x_wconf 85' lang='lat' dir='ltr'><strong>tenor</strong></span> 
     </span>
    </p>
   </div>
   <div class='ocr_carea' id='block_1_44' title="bbox 655 2861 2242 2947">
    <p class='ocr_par' dir='ltr' id='par_1_44' title="bbox 655 2861 2242 2947">
     <span class='ocr_line' id='line_1_44' title="bbox 655 2861 2242 2947; baseline -0.012 -12"><span class='ocrx_word' id='word_1_317' title='bbox 655 2871 815 2947; x_wconf 84' lang='lat' dir='ltr'><strong>hujus</strong></span> <span class='ocrx_word' id='word_1_318' title='bbox 867 2877 1077 2932; x_wconf 90' lang='lat' dir='ltr'><strong>inuisus</strong></span> <span class='ocrx_word' id='word_1_319' title='bbox 1129 2883 1212 2930; x_wconf 91' lang='lat' dir='ltr'><strong>est</strong></span> <span class='ocrx_word' id='word_1_320' title='bbox 1259 2872 1380 2927; x_wconf 70' lang='lat' dir='ltr'><strong>vite.</strong></span> <span class='ocrx_word' id='word_1_321' title='bbox 1449 2870 1625 2940; x_wconf 89' lang='lat' dir='ltr'><strong>Super</strong></span> <span class='ocrx_word' id='word_1_322' title='bbox 1689 2867 1789 2922; x_wconf 91' lang='lat' dir='ltr'><strong>hos</strong></span> <span class='ocrx_word' id='word_1_323' title='bbox 1853 2865 1994 2918; x_wconf 89' lang='lat' dir='ltr'><strong>Deus</strong></span> <span class='ocrx_word' id='word_1_324' title='bbox 2059 2861 2242 2916; x_wconf 92' lang='lat' dir='ltr'><strong>oculos</strong></span> 
     </span>
    </p>
   </div>
   <div class='ocr_carea' id='block_1_45' title="bbox 657 2954 2282 3042">
    <p class='ocr_par' dir='ltr' id='par_1_45' title="bbox 657 2954 2282 3042">
     <span class='ocr_line' id='line_1_45' title="bbox 657 2954 2282 3042; baseline -0.011 -18"><span class='ocrx_word' id='word_1_325' title='bbox 657 2970 850 3042; x_wconf 90' lang='lat' dir='ltr'><strong>aperit,</strong></span> <span class='ocrx_word' id='word_1_326' title='bbox 879 2984 1001 3024; x_wconf 90' lang='lat' dir='ltr'><strong>cum</strong></span> <span class='ocrx_word' id='word_1_327' title='bbox 1033 2967 1164 3036; x_wconf 88' lang='lat' dir='ltr'><strong>ipsis</strong></span> <span class='ocrx_word' id='word_1_328' title='bbox 1189 2962 1470 3020; x_wconf 73' lang='lat' dir='ltr'><strong>eﬂ‘eetibus</strong></span> <span class='ocrx_word' id='word_1_329' title='bbox 1495 2960 1724 3033; x_wconf 84' lang='lat' dir='ltr'><strong>gratiam</strong></span> <span class='ocrx_word' id='word_1_330' title='bbox 1772 2957 1852 3012; x_wconf 93' lang='lat' dir='ltr'><strong>eis</strong></span> <span class='ocrx_word' id='word_1_331' title='bbox 1878 2955 2112 3025; x_wconf 70' lang='lat' dir='ltr'><strong>propria:</strong></span> <span class='ocrx_word' id='word_1_332' title='bbox 2148 2954 2244 3008; x_wconf 88' lang='lat' dir='ltr'><strong>he-</strong></span> <span class='ocrx_word' id='word_1_333' title='bbox 2263 3003 2282 3019; x_wconf 82' lang='grc'><em>,</em></span> 
     </span>
    </p>
   </div>
   <div class='ocr_carea' id='block_1_46' title="bbox 656 3044 2243 3132">
    <p class='ocr_par' dir='ltr' id='par_1_46' title="bbox 656 3044 2243 3132">
     <span class='ocr_line' id='line_1_46' title="bbox 656 3044 2243 3132; baseline -0.011 -16"><span class='ocrx_word' id='word_1_334' title='bbox 656 3060 951 3132; x_wconf 72' lang='lat' dir='ltr'><strong>uiguitatis-</strong></span> <span class='ocrx_word' id='word_1_335' title='bbox 981 3056 1255 3123; x_wconf 89' lang='lat' dir='ltr'><strong>ostendit;</strong></span> <span class='ocrx_word' id='word_1_336' title='bbox 1302 3069 1496 3124; x_wconf 91' lang='lat' dir='ltr'><strong>equum</strong></span> <span class='ocrx_word' id='word_1_337' title='bbox 1538 3049 1856 3122; x_wconf 91' lang='lat' dir='ltr'><strong>populorum</strong></span> <span class='ocrx_word' id='word_1_338' title='bbox 1905 3047 1959 3100; x_wconf 92' lang='lat' dir='ltr'><strong>iu</strong></span> <span class='ocrx_word' id='word_1_339' title='bbox 2000 3044 2243 3100; x_wconf 86' lang='lat' dir='ltr'><strong>caecitate</strong></span> 
     </span>
    </p>
   </div>
   <div class='ocr_carea' id='block_1_47' title="bbox 661 3121 2312 3222">
    <p class='ocr_par' dir='ltr' id='par_1_47' title="bbox 661 3121 2312 3222">
     <span class='ocr_line' id='line_1_47' title="bbox 661 3121 2312 3222; baseline -0.012 -16"><span class='ocrx_word' id='word_1_340' title='bbox 661 3121 939 3222; x_wconf 54' lang='lat' dir='ltr'><strong>pevt&#39;cutit,</strong></span> <span class='ocrx_word' id='word_1_341' title='bbox 991 3148 1117 3203; x_wconf 88' lang='lat' dir='ltr'><strong>dum</strong></span> <span class='ocrx_word' id='word_1_342' title='bbox 1163 3121 1468 3216; x_wconf 84' lang='lat' dir='ltr'><strong>superbiam</strong></span> <span class='ocrx_word' id='word_1_343' title='bbox 1521 3121 1820 3214; x_wconf 79' lang='lat' dir='ltr'><strong>gentilium,</strong></span> <span class='ocrx_word' id='word_1_344' title='bbox 1878 3121 2312 3204; x_wconf 82' lang='lat' dir='ltr'><strong>consequettteC</strong></span> 
     </span>
    </p>
   </div>
   <div class='ocr_carea' id='block_1_48' title="bbox 659 3228 2239 3312">
    <p class='ocr_par' dir='ltr' id='par_1_48' title="bbox 659 3228 2239 3312">
     <span class='ocr_line' id='line_1_48' title="bbox 659 3228 2239 3312; baseline -0.013 -13"><span class='ocrx_word' id='word_1_345' title='bbox 659 3257 754 3299; x_wconf 90' lang='lat' dir='ltr'><strong>eos</strong></span> <span class='ocrx_word' id='word_1_346' title='bbox 783 3241 1018 3312; x_wconf 88' lang='lat' dir='ltr'><strong>reprobo</strong></span> <span class='ocrx_word' id='word_1_347' title='bbox 1069 3253 1251 3304; x_wconf 86' lang='lat' dir='ltr'><strong>sensu,</strong></span> <span class='ocrx_word' id='word_1_348' title='bbox 1307 3236 1479 3308; x_wconf 90' lang='lat' dir='ltr'><strong>punit.</strong></span> <span class='ocrx_word' id='word_1_349' title='bbox 1521 3235 1577 3289; x_wconf 93' lang='lat' dir='ltr'><strong>In</strong></span> <span class='ocrx_word' id='word_1_350' title='bbox 1610 3245 1765 3288; x_wconf 88' lang='lat' dir='ltr'><strong>sacra</strong></span> <span class='ocrx_word' id='word_1_351' title='bbox 1813 3229 1972 3301; x_wconf 90' lang='lat' dir='ltr'><strong>plane</strong></span> <span class='ocrx_word' id='word_1_352' title='bbox 2023 3228 2239 3299; x_wconf 87' lang='lat' dir='ltr'><strong>pagina,</strong></span> 
     </span>
    </p>
   </div>
   <div class='ocr_carea' id='block_1_49' title="bbox 659 3315 2243 3403">
    <p class='ocr_par' dir='ltr' id='par_1_49' title="bbox 659 3315 2243 3403">
     <span class='ocr_line' id='line_1_49' title="bbox 659 3315 2243 3403; baseline -0.013 -14"><span class='ocrx_word' id='word_1_353' title='bbox 659 3347 832 3403; x_wconf 85' lang='lat' dir='ltr'><strong>equus</strong></span> <span class='ocrx_word' id='word_1_354' title='bbox 897 3344 1039 3401; x_wconf 59' lang='lat' dir='ltr'><strong>sape</strong></span> <span class='ocrx_word' id='word_1_355' title='bbox 1100 3344 1200 3401; x_wconf 90' lang='lat' dir='ltr'><strong>pro</strong></span> <span class='ocrx_word' id='word_1_356' title='bbox 1276 3325 1527 3397; x_wconf 85' lang='lat' dir='ltr'><strong>superbia</strong></span> <span class='ocrx_word' id='word_1_357' title='bbox 1598 3322 1832 3392; x_wconf 89' lang='lat' dir='ltr'><strong>ponitur.</strong></span> <span class='ocrx_word' id='word_1_358' title='bbox 1895 3317 2035 3386; x_wconf 85' lang='lat' dir='ltr'><strong>Quid</strong></span> <span class='ocrx_word' id='word_1_359' title='bbox 2099 3315 2243 3370; x_wconf 84' lang='lat' dir='ltr'><strong>enim</strong></span> 
     </span>
    </p>
   </div>
   <div class='ocr_carea' id='block_1_50' title="bbox 663 3408 2247 3498">
    <p class='ocr_par' dir='ltr' id='par_1_50' title="bbox 663 3408 2247 3498">
     <span class='ocr_line' id='line_1_50' title="bbox 663 3408 2247 3498; baseline -0.011 -16"><span class='ocrx_word' id='word_1_360' title='bbox 663 3426 838 3498; x_wconf 88' lang='lat' dir='ltr'><strong>magis</strong></span> <span class='ocrx_word' id='word_1_361' title='bbox 869 3439 1095 3490; x_wconf 66' lang='lat' dir='ltr'><strong>caecum,</strong></span> <span class='ocrx_word' id='word_1_362' title='bbox 1146 3438 1308 3493; x_wconf 89' lang='lat' dir='ltr'><strong>quam</strong></span> <span class='ocrx_word' id='word_1_363' title='bbox 1359 3421 1478 3476; x_wconf 90' lang='lat' dir='ltr'><strong>sine</strong></span> <span class='ocrx_word' id='word_1_364' title='bbox 1529 3417 1623 3473; x_wconf 90' lang='lat' dir='ltr'><strong>Dei</strong></span> <span class='ocrx_word' id='word_1_365' title='bbox 1675 3423 1947 3487; x_wconf 87' lang='lat' dir='ltr'><strong>respectu,</strong></span> <span class='ocrx_word' id='word_1_366' title='bbox 1990 3409 2085 3466; x_wconf 92' lang='lat' dir='ltr'><strong>Dei</strong></span> <span class='ocrx_word' id='word_1_367' title='bbox 2121 3408 2247 3464; x_wconf 79' lang='lat' dir='ltr'><strong>[iiiis</strong></span> 
     </span>
    </p>
   </div>
   <div class='ocr_carea' id='block_1_51' title="bbox 661 3503 2245 3583">
    <p class='ocr_par' dir='ltr' id='par_1_51' title="bbox 661 3503 2245 3583">
     <span class='ocr_line' id='line_1_51' title="bbox 661 3503 2245 3583; baseline -0.011 -8"><span class='ocrx_word' id='word_1_368' title='bbox 661 3518 863 3575; x_wconf 85' lang='lat' dir='ltr'><strong>inferre</strong></span> <span class='ocrx_word' id='word_1_369' title='bbox 914 3517 1157 3574; x_wconf 76' lang='lat' dir='ltr'><strong>bellum?</strong></span> <span class='ocrx_word' id='word_1_370' title='bbox 1186 3516 1326 3583; x_wconf 75' lang='lat' dir='ltr'><strong>Quid</strong></span> <span class='ocrx_word' id='word_1_371' title='bbox 1356 3523 1464 3568; x_wconf 90' lang='lat' dir='ltr'><strong>tam</strong></span> <span class='ocrx_word' id='word_1_372' title='bbox 1504 3511 1814 3583; x_wconf 88' lang='lat' dir='ltr'><strong>reprobum,</strong></span> <span class='ocrx_word' id='word_1_373' title='bbox 1861 3521 2024 3578; x_wconf 91' lang='lat' dir='ltr'><strong>quam</strong></span> <span class='ocrx_word' id='word_1_374' title='bbox 2075 3503 2245 3560; x_wconf 68' lang='lat' dir='ltr'><strong>Deum</strong></span> 
     </span>
    </p>
   </div>
   <div class='ocr_carea' id='block_1_52' title="bbox 661 3594 2248 3682">
    <p class='ocr_par' dir='ltr' id='par_1_52' title="bbox 661 3594 2248 3682">
     <span class='ocr_line' id='line_1_52' title="bbox 661 3594 2248 3682; baseline -0.012 -15"><span class='ocrx_word' id='word_1_375' title='bbox 661 3625 770 3667; x_wconf 90' lang='lat' dir='ltr'><strong>non</strong></span> <span class='ocrx_word' id='word_1_376' title='bbox 795 3623 1108 3682; x_wconf 86' lang='lat' dir='ltr'><strong>agnoscere,</strong></span> <span class='ocrx_word' id='word_1_377' title='bbox 1137 3616 1195 3662; x_wconf 90' lang='lat' dir='ltr'><strong>et</strong></span> <span class='ocrx_word' id='word_1_378' title='bbox 1235 3622 1302 3662; x_wconf 85' lang='lat' dir='ltr'><strong>ex</strong></span> <span class='ocrx_word' id='word_1_379' title='bbox 1345 3605 1460 3676; x_wconf 90' lang='lat' dir='ltr'><strong>ipsa</strong></span> <span class='ocrx_word' id='word_1_380' title='bbox 1504 3601 1814 3674; x_wconf 89' lang='lat' dir='ltr'><strong>ignorantia</strong></span> <span class='ocrx_word' id='word_1_381' title='bbox 1859 3594 2158 3668; x_wconf 89' lang='lat' dir='ltr'><strong>superbire,</strong></span> <span class='ocrx_word' id='word_1_382' title='bbox 2191 3601 2248 3650; x_wconf 86' lang='lat' dir='ltr'><strong>et</strong></span> 
     </span>
    </p>
   </div>
   <div class='ocr_carea' id='block_1_53' title="bbox 661 3693 2245 3765">
    <p class='ocr_par' dir='ltr' id='par_1_53' title="bbox 661 3693 2245 3765">
     <span class='ocr_line' id='line_1_53' title="bbox 661 3693 2245 3765; baseline -0.009 -8"><span class='ocrx_word' id='word_1_383' title='bbox 661 3712 850 3757; x_wconf 89' lang='lat' dir='ltr'><strong>contra</strong></span> <span class='ocrx_word' id='word_1_384' title='bbox 885 3700 1070 3755; x_wconf 86' lang='lat' dir='ltr'><strong>fideles</strong></span> <span class='ocrx_word' id='word_1_385' title='bbox 1093 3697 1232 3753; x_wconf 87' lang='lat' dir='ltr'><strong>bella</strong></span> <span class='ocrx_word' id='word_1_386' title='bbox 1265 3696 1520 3752; x_wconf 90' lang='lat' dir='ltr'><strong>movere?</strong></span> <span class='ocrx_word' id='word_1_387' title='bbox 1542 3695 1648 3751; x_wconf 86' lang='lat' dir='ltr'><strong>Sed</strong></span> <span class='ocrx_word' id='word_1_388' title='bbox 1677 3709 1807 3765; x_wconf 91' lang='lat' dir='ltr'><strong>quo,</strong></span> <span class='ocrx_word' id='word_1_389' title='bbox 1829 3708 1927 3762; x_wconf 90' lang='lat' dir='ltr'><strong>per</strong></span> <span class='ocrx_word' id='word_1_390' title='bbox 1957 3693 2245 3749; x_wconf 76' lang='lat' dir='ltr'><strong>verborum</strong></span> 
     </span>
    </p>
   </div>
   <div class='ocr_carea' id='block_1_54' title="bbox 662 3783 2248 3864">
    <p class='ocr_par' dir='ltr' id='par_1_54' title="bbox 662 3783 2248 3864">
     <span class='ocr_line' id='line_1_54' title="bbox 662 3783 2248 3864; baseline -0.004 -18"><span class='ocrx_word' id='word_1_391' title='bbox 662 3791 890 3848; x_wconf 81' lang='lat' dir='ltr'><strong>lacinias</strong></span> <span class='ocrx_word' id='word_1_392' title='bbox 917 3791 1187 3864; x_wconf 74' lang='lat' dir='ltr'><strong>allegoria:</strong></span> <span class='ocrx_word' id='word_1_393' title='bbox 1232 3788 1459 3842; x_wconf 88' lang='lat' dir='ltr'><strong>libertas</strong></span> <span class='ocrx_word' id='word_1_394' title='bbox 1488 3787 1748 3853; x_wconf 85' lang='lat' dir='ltr'><strong>excurrit,</strong></span> <span class='ocrx_word' id='word_1_395' title='bbox 1782 3801 1902 3841; x_wconf 92' lang='lat' dir='ltr'><strong>cum</strong></span> <span class='ocrx_word' id='word_1_396' title='bbox 1948 3783 2248 3840; x_wconf 89' lang='lat' dir='ltr'><strong>historialis</strong></span> 
     </span>
    </p>
   </div>
   <div class='ocr_carea' id='block_1_55' title="bbox 662 3878 2249 3952">
    <p class='ocr_par' dir='ltr' id='par_1_55' title="bbox 662 3878 2249 3952">
     <span class='ocr_line' id='line_1_55' title="bbox 662 3878 2249 3952; baseline -0.003 -12"><span class='ocrx_word' id='word_1_397' title='bbox 662 3900 762 3940; x_wconf 88' lang='lat' dir='ltr'><strong>nos</strong></span> <span class='ocrx_word' id='word_1_398' title='bbox 789 3884 1018 3950; x_wconf 87' lang='lat' dir='ltr'><strong>veritas,</strong></span> <span class='ocrx_word' id='word_1_399' title='bbox 1042 3898 1106 3936; x_wconf 89' lang='lat' dir='ltr'><strong>ne</strong></span> <span class='ocrx_word' id='word_1_400' title='bbox 1129 3896 1227 3951; x_wconf 91' lang='lat' dir='ltr'><strong>per</strong></span> <span class='ocrx_word' id='word_1_401' title='bbox 1262 3880 1546 3952; x_wconf 81' lang='lat' dir='ltr'><strong>Opiniones</strong></span> <span class='ocrx_word' id='word_1_402' title='bbox 1587 3878 1790 3950; x_wconf 85' lang='lat' dir='ltr'><strong>passim</strong></span> <span class='ocrx_word' id='word_1_403' title='bbox 1823 3879 2038 3948; x_wconf 85' lang='lat' dir='ltr'><strong>evagari</strong></span> <span class='ocrx_word' id='word_1_404' title='bbox 2066 3880 2249 3936; x_wconf 84' lang='lat' dir='ltr'><strong>videa-</strong></span> 
     </span>
    </p>
   </div>
   <div class='ocr_carea' id='block_1_56' title="bbox 664 3967 2250 4044">
    <p class='ocr_par' dir='ltr' id='par_1_56' title="bbox 664 3967 2250 4044">
     <span class='ocr_line' id='line_1_56' title="bbox 664 3967 2250 4044; baseline -0.003 -14"><span class='ocrx_word' id='word_1_405' title='bbox 664 3990 812 4042; x_wconf 88' lang='lat' dir='ltr'><strong>mur,</strong></span> <span class='ocrx_word' id='word_1_406' title='bbox 843 3973 1106 4044; x_wconf 85' lang='lat' dir='ltr'><strong>astringat</strong></span> <span class='ocrx_word' id='word_1_407' title='bbox 1129 3971 1151 4025; x_wconf 90' lang='lat'><strong>?</strong></span> <span class='ocrx_word' id='word_1_408' title='bbox 1173 3969 1362 4026; x_wconf 86' lang='lat' dir='ltr'><strong>Nonne</strong></span> <span class='ocrx_word' id='word_1_409' title='bbox 1390 3969 1638 4040; x_wconf 89' lang='lat' dir='ltr'><strong>superius</strong></span> <span class='ocrx_word' id='word_1_410' title='bbox 1661 3967 1847 4022; x_wconf 88' lang='lat' dir='ltr'><strong>hostes</strong></span> <span class='ocrx_word' id='word_1_411' title='bbox 1889 3967 2123 4024; x_wconf 85' lang='lat' dir='ltr'><strong>diximus</strong></span> <span class='ocrx_word' id='word_1_412' title='bbox 2145 3984 2250 4025; x_wconf 66' lang='lat' dir='ltr'><strong>cae-</strong></span> 
     </span>
    </p>
   </div>
   <div class='ocr_carea' id='block_1_57' title="bbox 669 4057 2250 4133">
    <p class='ocr_par' dir='ltr' id='par_1_57' title="bbox 669 4057 2250 4133">
     <span class='ocr_line' id='line_1_57' title="bbox 669 4057 2250 4133; baseline -0.004 -11"><span class='ocrx_word' id='word_1_413' title='bbox 669 4065 834 4122; x_wconf 88' lang='lat' dir='ltr'><strong>citate</strong></span> <span class='ocrx_word' id='word_1_414' title='bbox 862 4076 1173 4133; x_wconf 88' lang='lat' dir='ltr'><strong>percussos,</strong></span> <span class='ocrx_word' id='word_1_415' title='bbox 1221 4069 1274 4115; x_wconf 92' lang='lat' dir='ltr'><strong>et</strong></span> <span class='ocrx_word' id='word_1_416' title='bbox 1326 4060 1518 4131; x_wconf 87' lang='lat' dir='ltr'><strong>gladiis</strong></span> <span class='ocrx_word' id='word_1_417' title='bbox 1568 4057 1978 4115; x_wconf 81' lang='lat' dir='ltr'><strong>imminentibus</strong></span> <span class='ocrx_word' id='word_1_418' title='bbox 2029 4067 2250 4128; x_wconf 90' lang='lat' dir='ltr'><strong>stupore</strong></span> 
     </span>
    </p>
   </div>
   <div class='ocr_carea' id='block_1_58' title="bbox 665 4155 2250 4226">
    <p class='ocr_par' dir='ltr' id='par_1_58' title="bbox 665 4155 2250 4226">
     <span class='ocr_line' id='line_1_58' title="bbox 665 4155 2250 4226; baseline -0.003 -11"><span class='ocrx_word' id='word_1_419' title='bbox 665 4156 952 4215; x_wconf 79' lang='lat' dir='ltr'><strong>suli&#39;usos?</strong></span> <span class='ocrx_word' id='word_1_420' title='bbox 991 4156 1060 4211; x_wconf 87' lang='lat' dir='ltr'><strong>Et</strong></span> <span class='ocrx_word' id='word_1_421' title='bbox 1106 4156 1278 4210; x_wconf 91' lang='lat' dir='ltr'><strong>miror</strong></span> <span class='ocrx_word' id='word_1_422' title='bbox 1315 4155 1551 4225; x_wconf 89' lang='lat' dir='ltr'><strong>qualiter</strong></span> <span class='ocrx_word' id='word_1_423' title='bbox 1589 4169 1762 4226; x_wconf 91' lang='lat' dir='ltr'><strong>equus</strong></span> <span class='ocrx_word' id='word_1_424' title='bbox 1809 4157 1998 4211; x_wconf 91' lang='lat' dir='ltr'><strong>videns</strong></span> <span class='ocrx_word' id='word_1_425' title='bbox 2039 4172 2098 4212; x_wconf 91' lang='lat' dir='ltr'><strong>se</strong></span> <span class='ocrx_word' id='word_1_426' title='bbox 2124 4169 2250 4226; x_wconf 88' lang='lat' dir='ltr'><strong>ege-</strong></span> 
     </span>
    </p>
   </div>
   <div class='ocr_carea' id='block_1_59' title="bbox 660 4247 2252 4318">
    <p class='ocr_par' dir='ltr' id='par_1_59' title="bbox 660 4247 2252 4318">
     <span class='ocr_line' id='line_1_59' title="bbox 660 4247 2252 4318; baseline -0.001 -12"><span class='ocrx_word' id='word_1_427' title='bbox 660 4250 756 4318; x_wconf 88' lang='lat' dir='ltr'><strong>rit,</strong></span> <span class='ocrx_word' id='word_1_428' title='bbox 790 4264 912 4306; x_wconf 88' lang='lat' dir='ltr'><strong>cum</strong></span> <span class='ocrx_word' id='word_1_429' title='bbox 953 4256 1130 4304; x_wconf 88' lang='lat' dir='ltr'><strong>rector</strong></span> <span class='ocrx_word' id='word_1_430' title='bbox 1182 4248 1310 4318; x_wconf 88' lang='lat' dir='ltr'><strong>equi</strong></span> <span class='ocrx_word' id='word_1_431' title='bbox 1361 4247 1665 4302; x_wconf 87' lang='lat' dir='ltr'><strong>evidentem</strong></span> <span class='ocrx_word' id='word_1_432' title='bbox 1717 4250 2009 4304; x_wconf 88' lang='lat' dir='ltr'><strong>amentiam</strong></span> <span class='ocrx_word' id='word_1_433' title='bbox 2069 4249 2252 4304; x_wconf 84' lang='lat' dir='ltr'><strong>incur—</strong></span> 
     </span>
    </p>
   </div>
   <div class='ocr_carea' id='block_1_60' title="bbox 662 4343 816 4399">
    <p class='ocr_par' dir='ltr' id='par_1_60' title="bbox 662 4343 816 4399">
     <span class='ocr_line' id='line_1_60' title="bbox 662 4343 816 4399; baseline -0.006 -1"><span class='ocrx_word' id='word_1_434' title='bbox 662 4343 816 4399; x_wconf 92' lang='lat' dir='ltr'><strong>rerit.</strong></span> 
     </span>
    </p>
   </div>
   <div class='ocr_carea' id='block_1_61' title="bbox 2335 1865 3794 1942">
    <p class='ocr_par' dir='ltr' id='par_1_61' title="bbox 2335 1865 3794 1942">
     <span class='ocr_line' id='line_1_61' title="bbox 2335 1865 3794 1942; baseline -0.005 -16"><span class='ocrx_word' id='word_1_435' title='bbox 2335 1885 2441 1942; x_wconf 90' lang='lat' dir='ltr'><strong>que</strong></span> <span class='ocrx_word' id='word_1_436' title='bbox 2505 1869 2910 1924; x_wconf 87' lang='lat' dir='ltr'><strong>fructificatura</strong></span> <span class='ocrx_word' id='word_1_437' title='bbox 2939 1866 3164 1936; x_wconf 89' lang='lat' dir='ltr'><strong>jecisse.</strong></span> <span class='ocrx_word' id='word_1_438' title='bbox 3211 1865 3414 1923; x_wconf 92' lang='lat' dir='ltr'><strong>Omnes</strong></span> <span class='ocrx_word' id='word_1_439' title='bbox 3459 1867 3616 1935; x_wconf 90' lang='lat' dir='ltr'><strong>itaque</strong></span> <span class='ocrx_word' id='word_1_440' title='bbox 3659 1866 3794 1936; x_wconf 81' lang='lat' dir='ltr'><strong>populos</strong></span> 
     </span>
    </p>
   </div>
   <div class='ocr_carea' id='block_1_62' title="bbox 2343 1956 3791 2018">
    <p class='ocr_par' dir='ltr' id='par_1_62' title="bbox 2343 1956 3791 2018">
     <span class='ocr_line' id='line_1_62' title="bbox 2343 1956 3791 2018; baseline -0.006 -2"><span class='ocrx_word' id='word_1_441' title='bbox 2343 1963 2411 2016; x_wconf 91' lang='lat' dir='ltr'><strong>ad</strong></span> <span class='ocrx_word' id='word_1_442' title='bbox 2467 1962 2715 2017; x_wconf 80' lang='lat' dir='ltr'><strong>dextram</strong></span> <span class='ocrx_word' id='word_1_443' title='bbox 2773 1969 2829 2016; x_wconf 76' lang='lat' dir='ltr'><strong>et</strong></span> <span class='ocrx_word' id='word_1_444' title='bbox 2881 1959 3164 2015; x_wconf 87' lang='lat' dir='ltr'><strong>sinistram</strong></span> <span class='ocrx_word' id='word_1_445' title='bbox 3224 1960 3280 2014; x_wconf 91' lang='lat' dir='ltr'><strong>in</strong></span> <span class='ocrx_word' id='word_1_446' title='bbox 3353 1956 3563 2014; x_wconf 87' lang='lat' dir='ltr'><strong>circuitu</strong></span> <span class='ocrx_word' id='word_1_447' title='bbox 3614 1958 3791 2018; x_wconf 76' lang='lat' dir='ltr'><strong>devorant,</strong></span> 
     </span>
    </p>
   </div>
   <div class='ocr_carea' id='block_1_63' title="bbox 2335 2049 3791 2121">
    <p class='ocr_par' dir='ltr' id='par_1_63' title="bbox 2335 2049 3791 2121">
     <span class='ocr_line' id='line_1_63' title="bbox 2335 2049 3791 2121; baseline -0.007 -12"><span class='ocrx_word' id='word_1_448' title='bbox 2335 2053 2462 2109; x_wconf 90' lang='lat' dir='ltr'><strong>dum</strong></span> <span class='ocrx_word' id='word_1_449' title='bbox 2487 2054 2613 2108; x_wconf 92' lang='lat' dir='ltr'><strong>hinc</strong></span> <span class='ocrx_word' id='word_1_450' title='bbox 2643 2054 2874 2118; x_wconf 89' lang='lat' dir='ltr'><strong>electos,</strong></span> <span class='ocrx_word' id='word_1_451' title='bbox 2927 2067 3065 2121; x_wconf 92' lang='lat' dir='ltr'><strong>quos</strong></span> <span class='ocrx_word' id='word_1_452' title='bbox 3104 2051 3335 2106; x_wconf 77' lang='lat' dir='ltr'><strong>dextera</strong></span> <span class='ocrx_word' id='word_1_453' title='bbox 3357 2049 3540 2115; x_wconf 86' lang='lat' dir='ltr'><strong>innuit,</strong></span> <span class='ocrx_word' id='word_1_454' title='bbox 3566 2049 3621 2102; x_wconf 91' lang='lat' dir='ltr'><strong>ad</strong></span> <span class='ocrx_word' id='word_1_455' title='bbox 3635 2049 3791 2116; x_wconf 80' lang='lat' dir='ltr'><strong>pietatem</strong></span> 
     </span>
    </p>
   </div>
   <div class='ocr_carea' id='block_1_64' title="bbox 2336 2137 3794 2214">
    <p class='ocr_par' dir='ltr' id='par_1_64' title="bbox 2336 2137 3794 2214">
     <span class='ocr_line' id='line_1_64' title="bbox 2336 2137 3794 2214; baseline -0.01 -13"><span class='ocrx_word' id='word_1_456' title='bbox 2336 2145 2766 2201; x_wconf 87' lang='lat' dir='ltr'><strong>Christianitatis</strong></span> <span class='ocrx_word' id='word_1_457' title='bbox 2797 2143 3184 2214; x_wconf 88' lang='lat' dir='ltr'><strong>incorporaut;</strong></span> <span class='ocrx_word' id='word_1_458' title='bbox 3232 2141 3379 2196; x_wconf 91' lang='lat' dir='ltr'><strong>illinc</strong></span> <span class='ocrx_word' id='word_1_459' title='bbox 3428 2137 3794 2209; x_wconf 83' lang='lat' dir='ltr'><strong>reprobos,quisi-</strong></span> 
     </span>
    </p>
   </div>
   <div class='ocr_carea' id='block_1_65' title="bbox 2337 2227 3795 2308">
    <p class='ocr_par' dir='ltr' id='par_1_65' title="bbox 2337 2227 3795 2308">
     <span class='ocr_line' id='line_1_65' title="bbox 2337 2227 3795 2308; baseline -0.01 -14"><span class='ocrx_word' id='word_1_460' title='bbox 2337 2240 2664 2294; x_wconf 91' lang='lat' dir='ltr'><strong>nistrorsum</strong></span> <span class='ocrx_word' id='word_1_461' title='bbox 2685 2237 2956 2308; x_wconf 87' lang='lat' dir='ltr'><strong>pertinere</strong></span> <span class='ocrx_word' id='word_1_462' title='bbox 2987 2241 3317 2300; x_wconf 89' lang='lat' dir='ltr'><strong>noscuntur,</strong></span> <span class='ocrx_word' id='word_1_463' title='bbox 3342 2233 3498 2302; x_wconf 86' lang='lat' dir='ltr'><strong>digna</strong></span> <span class='ocrx_word' id='word_1_464' title='bbox 3523 2229 3653 2286; x_wconf 74' lang='lat' dir='ltr'><strong>czedis</strong></span> <span class='ocrx_word' id='word_1_465' title='bbox 3674 2227 3795 2281; x_wconf 79' lang='lat' dir='ltr'><strong>ultione</strong></span> 
     </span>
    </p>
   </div>
   <div class='ocr_carea' id='block_1_66' title="bbox 2337 2327 2646 2385">
    <p class='ocr_par' dir='ltr' id='par_1_66' title="bbox 2337 2327 2646 2385">
     <span class='ocr_line' id='line_1_66' title="bbox 2337 2327 2646 2385; baseline -0.01 -1"><span class='ocrx_word' id='word_1_466' title='bbox 2337 2327 2646 2385; x_wconf 84' lang='lat' dir='ltr'><strong>devastaut.</strong></span> 
     </span>
    </p>
   </div>
   <div class='ocr_carea' id='block_1_67' title="bbox 2415 2409 3794 2473">
    <p class='ocr_par' dir='ltr' id='par_1_67' title="bbox 2415 2409 3794 2473">
     <span class='ocr_line' id='line_1_67' title="bbox 2415 2409 3794 2473; baseline -0.007 -4"><span class='ocrx_word' id='word_1_467' title='bbox 2415 2436 2435 2469; x_wconf 73' lang='grc' dir='ltr'>ι</span> <span class='ocrx_word' id='word_1_468' title='bbox 2481 2419 2548 2473; x_wconf 83' lang='lat' dir='ltr'><strong>Et</strong></span> <span class='ocrx_word' id='word_1_469' title='bbox 2576 2417 2910 2473; x_wconf 88' lang='lat' dir='ltr'><strong>habitabitur</strong></span> <span class='ocrx_word' id='word_1_470' title='bbox 2933 2415 3246 2471; x_wconf 79' lang='lat' dir='ltr'><strong>Jerusalem</strong></span> <span class='ocrx_word' id='word_1_471' title='bbox 3281 2428 3469 2469; x_wconf 89' lang='lat' dir='ltr'><strong>rursus</strong></span> <span class='ocrx_word' id='word_1_472' title='bbox 3493 2413 3543 2468; x_wconf 90' lang='lat' dir='ltr'><strong>in</strong></span> <span class='ocrx_word' id='word_1_473' title='bbox 3575 2410 3670 2465; x_wconf 86' lang='lat' dir='ltr'><strong>loco</strong></span> <span class='ocrx_word' id='word_1_474' title='bbox 3691 2422 3751 2463; x_wconf 86' lang='lat' dir='ltr'><strong>suo</strong></span> <span class='ocrx_word' id='word_1_475' title='bbox 3765 2409 3794 2459; x_wconf 80' lang='lat' dir='ltr'><strong>in</strong></span> 
     </span>
    </p>
   </div>
   <div class='ocr_carea' id='block_1_68' title="bbox 2345 2499 3795 2579">
    <p class='ocr_par' dir='ltr' id='par_1_68' title="bbox 2345 2499 3795 2579">
     <span class='ocr_line' id='line_1_68' title="bbox 2345 2499 3795 2579; baseline -0.008 -17"><span class='ocrx_word' id='word_1_476' title='bbox 2345 2506 2648 2563; x_wconf 84' lang='lat' dir='ltr'><strong>Jerusalem</strong></span> <span class='ocrx_word' id='word_1_477' title='bbox 2702 2505 2926 2579; x_wconf 83' lang='lat' dir='ltr'><strong>(Ibid.).</strong></span> <span class='ocrx_word' id='word_1_478' title='bbox 2967 2523 2987 2558; x_wconf 76' lang='grc' dir='ltr'><strong><em>ι</em></strong></span> <span class='ocrx_word' id='word_1_479' title='bbox 3041 2504 3099 2559; x_wconf 93' lang='lat' dir='ltr'><strong>Si</strong></span> <span class='ocrx_word' id='word_1_480' title='bbox 3156 2505 3456 2563; x_wconf 86' lang='lat' dir='ltr'><strong>Jerusalem</strong></span> <span class='ocrx_word' id='word_1_481' title='bbox 3510 2499 3696 2556; x_wconf 84' lang='lat' dir='ltr'><strong>Ecclesia</strong></span> <span class='ocrx_word' id='word_1_482' title='bbox 3737 2507 3795 2564; x_wconf 78' lang='lat' dir='ltr'><strong>est,</strong></span> 
     </span>
    </p>
   </div>
   <div class='ocr_carea' id='block_1_69' title="bbox 2341 2589 3796 2673">
    <p class='ocr_par' dir='ltr' id='par_1_69' title="bbox 2341 2589 3796 2673">
     <span class='ocr_line' id='line_1_69' title="bbox 2341 2589 3796 2673; baseline -0.008 -18"><span class='ocrx_word' id='word_1_483' title='bbox 2341 2601 2493 2659; x_wconf 92' lang='lat' dir='ltr'><strong>locus</strong></span> <span class='ocrx_word' id='word_1_484' title='bbox 2523 2602 2640 2673; x_wconf 89' lang='lat' dir='ltr'><strong>ejus</strong></span> <span class='ocrx_word' id='word_1_485' title='bbox 2667 2600 2872 2656; x_wconf 90' lang='lat' dir='ltr'><strong>Christi</strong></span> <span class='ocrx_word' id='word_1_486' title='bbox 2904 2598 3040 2655; x_wconf 82' lang='lat' dir='ltr'><strong>ﬁdes</strong></span> <span class='ocrx_word' id='word_1_487' title='bbox 3087 2607 3178 2656; x_wconf 87' lang='lat' dir='ltr'><strong>est</strong></span> <span class='ocrx_word' id='word_1_488' title='bbox 3211 2618 3225 2655; x_wconf 91' lang='lat'>:</span> <span class='ocrx_word' id='word_1_489' title='bbox 3254 2598 3546 2654; x_wconf 85' lang='lat' dir='ltr'><strong>Jerusalem</strong></span> <span class='ocrx_word' id='word_1_490' title='bbox 3573 2608 3673 2664; x_wconf 69' lang='lat' dir='ltr'><strong>ergo</strong></span> <span class='ocrx_word' id='word_1_491' title='bbox 3699 2589 3796 2646; x_wconf 80' lang='lat' dir='ltr'><strong>iule-</strong></span> 
     </span>
    </p>
   </div>
   <div class='ocr_carea' id='block_1_70' title="bbox 2341 2681 3796 2758">
    <p class='ocr_par' dir='ltr' id='par_1_70' title="bbox 2341 2681 3796 2758">
     <span class='ocr_line' id='line_1_70' title="bbox 2341 2681 3796 2758; baseline -0.012 -8"><span class='ocrx_word' id='word_1_492' title='bbox 2341 2694 2578 2750; x_wconf 88' lang='lat' dir='ltr'><strong>rusalem</strong></span> <span class='ocrx_word' id='word_1_493' title='bbox 2615 2693 2922 2758; x_wconf 91' lang='lat' dir='ltr'><strong>habitatur,</strong></span> <span class='ocrx_word' id='word_1_494' title='bbox 2973 2707 3099 2746; x_wconf 84' lang='lat' dir='ltr'><strong>cum</strong></span> <span class='ocrx_word' id='word_1_495' title='bbox 3134 2692 3332 2748; x_wconf 87' lang='lat' dir='ltr'><strong>civitas</strong></span> <span class='ocrx_word' id='word_1_496' title='bbox 3373 2691 3462 2746; x_wconf 89' lang='lat' dir='ltr'><strong>illa</strong></span> <span class='ocrx_word' id='word_1_497' title='bbox 3504 2686 3734 2748; x_wconf 85' lang='lat' dir='ltr'><strong>terrestris,</strong></span> <span class='ocrx_word' id='word_1_498' title='bbox 3761 2681 3796 2733; x_wconf 78' lang='lat' dir='ltr'><strong>id</strong></span> 
     </span>
    </p>
   </div>
   <div class='ocr_carea' id='block_1_71' title="bbox 2341 2781 3798 2857">
    <p class='ocr_par' dir='ltr' id='par_1_71' title="bbox 2341 2781 3798 2857">
     <span class='ocr_line' id='line_1_71' title="bbox 2341 2781 3798 2857; baseline -0.01 -15"><span class='ocrx_word' id='word_1_499' title='bbox 2341 2787 2467 2853; x_wconf 91' lang='lat' dir='ltr'><strong>hoc,</strong></span> <span class='ocrx_word' id='word_1_500' title='bbox 2503 2796 2563 2844; x_wconf 94' lang='lat' dir='ltr'><strong>ut</strong></span> <span class='ocrx_word' id='word_1_501' title='bbox 2602 2800 2851 2857; x_wconf 85' lang='lat' dir='ltr'><strong>supernae</strong></span> <span class='ocrx_word' id='word_1_502' title='bbox 2884 2785 3034 2855; x_wconf 84' lang='lat' dir='ltr'><strong>pacis</strong></span> <span class='ocrx_word' id='word_1_503' title='bbox 3079 2785 3282 2840; x_wconf 88' lang='lat' dir='ltr'><strong>visioui</strong></span> <span class='ocrx_word' id='word_1_504' title='bbox 3331 2785 3525 2847; x_wconf 90' lang='lat' dir='ltr'><strong>inhiet,</strong></span> <span class='ocrx_word' id='word_1_505' title='bbox 3553 2781 3798 2836; x_wconf 80' lang='lat' dir='ltr'><strong>instauratur;</strong></span> 
     </span>
    </p>
   </div>
   <div class='ocr_carea' id='block_1_72' title="bbox 2343 2872 3798 2948">
    <p class='ocr_par' dir='ltr' id='par_1_72' title="bbox 2343 2872 3798 2948">
     <span class='ocr_line' id='line_1_72' title="bbox 2343 2872 3798 2948; baseline -0.008 -17"><span class='ocrx_word' id='word_1_506' title='bbox 2343 2879 2632 2948; x_wconf 88' lang='lat' dir='ltr'><strong>locumque</strong></span> <span class='ocrx_word' id='word_1_507' title='bbox 2660 2879 2846 2942; x_wconf 86' lang='lat' dir='ltr'><strong>habet,</strong></span> <span class='ocrx_word' id='word_1_508' title='bbox 2879 2877 3006 2945; x_wconf 90' lang='lat' dir='ltr'><strong>quia</strong></span> <span class='ocrx_word' id='word_1_509' title='bbox 3033 2876 3261 2933; x_wconf 90' lang='lat' dir='ltr'><strong>Christo</strong></span> <span class='ocrx_word' id='word_1_510' title='bbox 3308 2872 3798 2932; x_wconf 79' lang='lat' dir='ltr'><strong>immutabiliterliaiet.</strong></span> 
     </span>
    </p>
   </div>
   <div class='ocr_carea' id='block_1_73' title="bbox 2422 2956 3800 3027">
    <p class='ocr_par' dir='ltr' id='par_1_73' title="bbox 2422 2956 3800 3027">
     <span class='ocr_line' id='line_1_73' title="bbox 2422 2956 3800 3027; baseline -0.011 -5"><span class='ocrx_word' id='word_1_511' title='bbox 2422 2989 2440 3022; x_wconf 73' lang='grc' dir='ltr'>ι</span> <span class='ocrx_word' id='word_1_512' title='bbox 2488 2970 2556 3024; x_wconf 90' lang='grc' dir='ltr'><strong>Ει</strong></span> <span class='ocrx_word' id='word_1_513' title='bbox 2581 2968 2815 3025; x_wconf 88' lang='lat' dir='ltr'><strong>salvabit</strong></span> <span class='ocrx_word' id='word_1_514' title='bbox 2842 2966 3103 3024; x_wconf 90' lang='lat' dir='ltr'><strong>Dominus</strong></span> <span class='ocrx_word' id='word_1_515' title='bbox 3136 2967 3489 3024; x_wconf 89' lang='lat' dir='ltr'><strong>tabernacula</strong></span> <span class='ocrx_word' id='word_1_516' title='bbox 3521 2965 3650 3027; x_wconf 86' lang='lat' dir='ltr'><strong>Juda,</strong></span> <span class='ocrx_word' id='word_1_517' title='bbox 3667 2961 3755 3015; x_wconf 84' lang='lat' dir='ltr'><strong>sicut</strong></span> <span class='ocrx_word' id='word_1_518' title='bbox 3772 2956 3800 3007; x_wconf 89' lang='lat' dir='ltr'><strong>iu</strong></span> 
     </span>
    </p>
   </div>
   <div class='ocr_carea' id='block_1_74' title="bbox 2342 3050 3801 3134">
    <p class='ocr_par' dir='ltr' id='par_1_74' title="bbox 2342 3050 3801 3134">
     <span class='ocr_line' id='line_1_74' title="bbox 2342 3050 3801 3134; baseline -0.01 -18"><span class='ocrx_word' id='word_1_519' title='bbox 2342 3051 2632 3134; x_wconf 82' lang='lat' dir='ltr'><strong>principio,</strong></span> <span class='ocrx_word' id='word_1_520' title='bbox 2692 3071 2752 3116; x_wconf 90' lang='lat' dir='ltr'><strong>ut</strong></span> <span class='ocrx_word' id='word_1_521' title='bbox 2813 3074 2925 3114; x_wconf 92' lang='lat' dir='ltr'><strong>non</strong></span> <span class='ocrx_word' id='word_1_522' title='bbox 2979 3057 3275 3131; x_wconf 79' lang='lat' dir='ltr'><strong>magnifice</strong></span> <span class='ocrx_word' id='word_1_523' title='bbox 3319 3061 3562 3134; x_wconf 88' lang='lat' dir='ltr'><strong>glorietur</strong></span> <span class='ocrx_word' id='word_1_524' title='bbox 3591 3050 3801 3111; x_wconf 73' lang='lat' dir='ltr'><strong>demusda-</strong></span> 
     </span>
    </p>
   </div>
   <div class='ocr_carea' id='block_1_75' title="bbox 2344 3142 3801 3224">
    <p class='ocr_par' dir='ltr' id='par_1_75' title="bbox 2344 3142 3801 3224">
     <span class='ocr_line' id='line_1_75' title="bbox 2344 3142 3801 3224; baseline -0.01 -16"><span class='ocrx_word' id='word_1_525' title='bbox 2344 3157 2464 3220; x_wconf 90' lang='lat' dir='ltr'><strong>vid;</strong></span> <span class='ocrx_word' id='word_1_526' title='bbox 2506 3164 2558 3209; x_wconf 86' lang='lat' dir='ltr'><strong>et</strong></span> <span class='ocrx_word' id='word_1_527' title='bbox 2582 3155 2752 3224; x_wconf 88' lang='lat' dir='ltr'><strong>gloria</strong></span> <span class='ocrx_word' id='word_1_528' title='bbox 2791 3155 3150 3214; x_wconf 88' lang='lat' dir='ltr'><strong>habitantium</strong></span> <span class='ocrx_word' id='word_1_529' title='bbox 3187 3154 3482 3212; x_wconf 88' lang='lat' dir='ltr'><strong>Jerusalem</strong></span> <span class='ocrx_word' id='word_1_530' title='bbox 3509 3160 3660 3208; x_wconf 79' lang='lat' dir='ltr'><strong>contra</strong></span> <span class='ocrx_word' id='word_1_531' title='bbox 3685 3142 3801 3200; x_wconf 73' lang='lat' dir='ltr'><strong>ludam</strong></span> 
     </span>
    </p>
   </div>
   <div class='ocr_carea' id='block_1_76' title="bbox 2347 3232 3801 3318">
    <p class='ocr_par' dir='ltr' id='par_1_76' title="bbox 2347 3232 3801 3318">
     <span class='ocr_line' id='line_1_76' title="bbox 2347 3232 3801 3318; baseline -0.008 -10"><span class='ocrx_word' id='word_1_532' title='bbox 2347 3246 2534 3318; x_wconf 80' lang='grc' dir='ltr'><strong>(ΖαεΙι.</strong></span> <span class='ocrx_word' id='word_1_533' title='bbox 2557 3263 2658 3312; x_wconf 76' lang='lat' dir='ltr'><strong>XII,</strong></span> <span class='ocrx_word' id='word_1_534' title='bbox 2682 3247 2760 3318; x_wconf 89' lang='lat'><strong>7).</strong></span> <span class='ocrx_word' id='word_1_535' title='bbox 2781 3267 2798 3300; x_wconf 73' lang='grc' dir='ltr'><strong>ι</strong></span> <span class='ocrx_word' id='word_1_536' title='bbox 2823 3248 3199 3306; x_wconf 87' lang='lat' dir='ltr'><strong>Taberuaeula</strong></span> <span class='ocrx_word' id='word_1_537' title='bbox 3221 3249 3376 3312; x_wconf 91' lang='lat' dir='ltr'><strong>Juda,</strong></span> <span class='ocrx_word' id='word_1_538' title='bbox 3403 3248 3533 3303; x_wconf 90' lang='lat' dir='ltr'><strong>sicut</strong></span> <span class='ocrx_word' id='word_1_539' title='bbox 3552 3244 3597 3299; x_wconf 90' lang='lat' dir='ltr'><strong>in</strong></span> <span class='ocrx_word' id='word_1_540' title='bbox 3618 3232 3801 3311; x_wconf 68' lang='lat' dir='ltr'><strong>principio.</strong></span> 
     </span>
    </p>
   </div>
   <div class='ocr_carea' id='block_1_77' title="bbox 2347 3321 3799 3416">
    <p class='ocr_par' dir='ltr' id='par_1_77' title="bbox 2347 3321 3799 3416">
     <span class='ocr_line' id='line_1_77' title="bbox 2347 3321 3799 3416; baseline -0.01 -17"><span class='ocrx_word' id='word_1_541' title='bbox 2347 3341 2609 3399; x_wconf 88' lang='lat' dir='ltr'><strong>Dominus</strong></span> <span class='ocrx_word' id='word_1_542' title='bbox 2633 3348 2827 3409; x_wconf 83' lang='lat' dir='ltr'><strong>salvat,</strong></span> <span class='ocrx_word' id='word_1_543' title='bbox 2865 3361 2992 3402; x_wconf 92' lang='lat' dir='ltr'><strong>cum</strong></span> <span class='ocrx_word' id='word_1_544' title='bbox 3025 3346 3158 3416; x_wconf 90' lang='lat' dir='ltr'><strong>ipse,</strong></span> <span class='ocrx_word' id='word_1_545' title='bbox 3191 3345 3284 3416; x_wconf 89' lang='lat' dir='ltr'><strong>qui</strong></span> <span class='ocrx_word' id='word_1_546' title='bbox 3315 3358 3441 3400; x_wconf 87' lang='lat' dir='ltr'><strong>cum</strong></span> <span class='ocrx_word' id='word_1_547' title='bbox 3459 3321 3799 3412; x_wconf 69' lang='lat' dir='ltr'><strong>patrihusnoSlriS</strong></span> 
     </span>
    </p>
   </div>
   <div class='ocr_carea' id='block_1_78' title="bbox 2347 3420 3802 3507">
    <p class='ocr_par' dir='ltr' id='par_1_78' title="bbox 2347 3420 3802 3507">
     <span class='ocr_line' id='line_1_78' title="bbox 2347 3420 3802 3507; baseline -0.01 -20"><span class='ocrx_word' id='word_1_548' title='bbox 2347 3434 2614 3490; x_wconf 90' lang='lat' dir='ltr'><strong>mirabilia</strong></span> <span class='ocrx_word' id='word_1_549' title='bbox 2663 3437 2877 3507; x_wconf 84' lang='lat' dir='ltr'><strong>fecerit,</strong></span> <span class='ocrx_word' id='word_1_550' title='bbox 2926 3437 3131 3493; x_wconf 90' lang='lat' dir='ltr'><strong>nostris</strong></span> <span class='ocrx_word' id='word_1_551' title='bbox 3201 3436 3365 3491; x_wconf 89' lang='lat' dir='ltr'><strong>etiam</strong></span> <span class='ocrx_word' id='word_1_552' title='bbox 3419 3430 3694 3504; x_wconf 81' lang='lat' dir='ltr'><strong>gloriﬁcatur</strong></span> <span class='ocrx_word' id='word_1_553' title='bbox 3727 3420 3802 3474; x_wconf 80' lang='lat' dir='ltr'><strong>adeo</strong></span> 
     </span>
    </p>
   </div>
   <div class='ocr_carea' id='block_1_79' title="bbox 2349 3512 3801 3598">
    <p class='ocr_par' dir='ltr' id='par_1_79' title="bbox 2349 3512 3801 3598">
     <span class='ocr_line' id='line_1_79' title="bbox 2349 3512 3801 3598; baseline -0.028 7"><span class='ocrx_word' id='word_1_554' title='bbox 2349 3529 2702 3598; x_wconf 52' lang='lat' dir='ltr'><strong>temporibus.</strong></span> <span class='ocrx_word' id='word_1_555' title='bbox 2728 3541 2784 3587; x_wconf 91' lang='lat' dir='ltr'><strong>ut</strong></span> <span class='ocrx_word' id='word_1_556' title='bbox 2806 3533 2905 3588; x_wconf 89' lang='lat' dir='ltr'><strong>sub</strong></span> <span class='ocrx_word' id='word_1_557' title='bbox 2926 3529 3188 3587; x_wconf 65' lang='lat' dir='ltr'><strong>aerumnis</strong></span> <span class='ocrx_word' id='word_1_558' title='bbox 3215 3539 3272 3585; x_wconf 88' lang='lat' dir='ltr'><strong>et</strong></span> <span class='ocrx_word' id='word_1_559' title='bbox 3306 3521 3662 3583; x_wconf 88' lang='lat' dir='ltr'><strong>calamitatibus</strong></span> <span class='ocrx_word' id='word_1_560' title='bbox 3681 3512 3801 3580; x_wconf 81' lang='lat' dir='ltr'><strong>majora</strong></span> 
     </span>
    </p>
   </div>
   <div class='ocr_carea' id='block_1_80' title="bbox 2348 3599 3801 3690">
    <p class='ocr_par' dir='ltr' id='par_1_80' title="bbox 2348 3599 3801 3690">
     <span class='ocr_line' id='line_1_80' title="bbox 2348 3599 3801 3690; baseline -0.006 -16"><span class='ocrx_word' id='word_1_561' title='bbox 2348 3621 2572 3676; x_wconf 91' lang='lat' dir='ltr'><strong>omnino</strong></span> <span class='ocrx_word' id='word_1_562' title='bbox 2600 3623 2846 3678; x_wconf 91' lang='lat' dir='ltr'><strong>moderni</strong></span> <span class='ocrx_word' id='word_1_563' title='bbox 2879 3622 2970 3678; x_wconf 90' lang='lat' dir='ltr'><strong>isti</strong></span> <span class='ocrx_word' id='word_1_564' title='bbox 3018 3622 3313 3677; x_wconf 90' lang='lat' dir='ltr'><strong>videantur</strong></span> <span class='ocrx_word' id='word_1_565' title='bbox 3351 3619 3535 3690; x_wconf 90' lang='lat' dir='ltr'><strong>egisse,</strong></span> <span class='ocrx_word' id='word_1_566' title='bbox 3557 3626 3680 3684; x_wconf 82' lang='lat' dir='ltr'><strong>quam</strong></span> <span class='ocrx_word' id='word_1_567' title='bbox 3705 3599 3801 3659; x_wconf 53' lang='grc' dir='ltr'><strong>Μαί</strong></span> 
     </span>
    </p>
   </div>
   <div class='ocr_carea' id='block_1_81' title="bbox 2349 3703 3803 3783">
    <p class='ocr_par' dir='ltr' id='par_1_81' title="bbox 2349 3703 3803 3783">
     <span class='ocr_line' id='line_1_81' title="bbox 2349 3703 3803 3783; baseline -0.012 -16"><span class='ocrx_word' id='word_1_568' title='bbox 2349 3713 2653 3783; x_wconf 88' lang='lat' dir='ltr'><strong>antiquitus</strong></span> <span class='ocrx_word' id='word_1_569' title='bbox 2679 3730 2803 3768; x_wconf 92' lang='lat' dir='ltr'><strong>cum</strong></span> <span class='ocrx_word' id='word_1_570' title='bbox 2853 3713 3116 3769; x_wconf 84' lang='lat' dir='ltr'><strong>uxoribus</strong></span> <span class='ocrx_word' id='word_1_571' title='bbox 3146 3728 3214 3768; x_wconf 91' lang='lat' dir='ltr'><strong>ac</strong></span> <span class='ocrx_word' id='word_1_572' title='bbox 3257 3711 3402 3776; x_wconf 86' lang='lat' dir='ltr'><strong>ﬁliis,</strong></span> <span class='ocrx_word' id='word_1_573' title='bbox 3446 3719 3498 3764; x_wconf 87' lang='lat' dir='ltr'><strong>et</strong></span> <span class='ocrx_word' id='word_1_574' title='bbox 3523 3703 3715 3762; x_wconf 83' lang='lat' dir='ltr'><strong>continua</strong></span> <span class='ocrx_word' id='word_1_575' title='bbox 3734 3707 3803 3745; x_wconf 76' lang='lat' dir='ltr'><strong>ren-</strong></span> 
     </span>
    </p>
   </div>
   <div class='ocr_carea' id='block_1_82' title="bbox 2351 3801 3803 3880">
    <p class='ocr_par' dir='ltr' id='par_1_82' title="bbox 2351 3801 3803 3880">
     <span class='ocr_line' id='line_1_82' title="bbox 2351 3801 3803 3880; baseline -0.002 -17"><span class='ocrx_word' id='word_1_576' title='bbox 2351 3809 2518 3864; x_wconf 89' lang='lat' dir='ltr'><strong>trium</strong></span> <span class='ocrx_word' id='word_1_577' title='bbox 2558 3810 2920 3880; x_wconf 86' lang='lat' dir='ltr'><strong>plenitudine,</strong></span> <span class='ocrx_word' id='word_1_578' title='bbox 2962 3811 3062 3866; x_wconf 90' lang='lat' dir='ltr'><strong>sub</strong></span> <span class='ocrx_word' id='word_1_579' title='bbox 3111 3810 3318 3866; x_wconf 90' lang='lat' dir='ltr'><strong>ducatu</strong></span> <span class='ocrx_word' id='word_1_580' title='bbox 3358 3801 3683 3879; x_wconf 88' lang='lat' dir='ltr'><strong>apparentium</strong></span> <span class='ocrx_word' id='word_1_581' title='bbox 3709 3802 3803 3860; x_wconf 61' lang='grc' dir='ltr'><strong>πεδ’</strong></span> 
     </span>
    </p>
   </div>
   <div class='ocr_carea' id='block_1_83' title="bbox 2354 3882 3803 3973">
    <p class='ocr_par' dir='ltr' id='par_1_83' title="bbox 2354 3882 3803 3973">
     <span class='ocr_line' id='line_1_83' title="bbox 2354 3882 3803 3973; baseline -0.014 -16"><span class='ocrx_word' id='word_1_582' title='bbox 2354 3902 2530 3957; x_wconf 89' lang='lat' dir='ltr'><strong>lorum</strong></span> <span class='ocrx_word' id='word_1_583' title='bbox 2555 3943 2570 3968; x_wconf 92' lang='lat'><strong>,</strong></span> <span class='ocrx_word' id='word_1_584' title='bbox 2615 3901 3102 3973; x_wconf 85' lang='lat' dir='ltr'><strong>frequentibusque</strong></span> <span class='ocrx_word' id='word_1_585' title='bbox 3151 3899 3430 3956; x_wconf 88' lang='lat' dir='ltr'><strong>miraculis</strong></span> <span class='ocrx_word' id='word_1_586' title='bbox 3473 3882 3803 3952; x_wconf 63' lang='lat' dir='ltr'><strong>aestiinanturim-</strong></span> 
     </span>
    </p>
   </div>
   <div class='ocr_carea' id='block_1_84' title="bbox 2351 3981 3804 4065">
    <p class='ocr_par' dir='ltr' id='par_1_84' title="bbox 2351 3981 3804 4065">
     <span class='ocr_line' id='line_1_84' title="bbox 2351 3981 3804 4065; baseline -0.013 -17"><span class='ocrx_word' id='word_1_587' title='bbox 2351 3993 2553 4065; x_wconf 90' lang='lat' dir='ltr'><strong>plesse.</strong></span> <span class='ocrx_word' id='word_1_588' title='bbox 2587 3993 2718 4062; x_wconf 87' lang='lat' dir='ltr'><strong>Hos,</strong></span> <span class='ocrx_word' id='word_1_589' title='bbox 2760 3995 3006 4063; x_wconf 88' lang='lat' dir='ltr'><strong>inquam,</strong></span> <span class='ocrx_word' id='word_1_590' title='bbox 3036 3994 3292 4049; x_wconf 90' lang='lat' dir='ltr'><strong>veracius</strong></span> <span class='ocrx_word' id='word_1_591' title='bbox 3317 3991 3518 4046; x_wconf 88' lang='lat' dir='ltr'><strong>salvat:</strong></span> <span class='ocrx_word' id='word_1_592' title='bbox 3546 3982 3646 4054; x_wconf 89' lang='lat' dir='ltr'><strong>quia</strong></span> <span class='ocrx_word' id='word_1_593' title='bbox 3681 3981 3804 4029; x_wconf 62' lang='lat' dir='ltr'><strong>eost?-</strong></span> 
     </span>
    </p>
   </div>
   <div class='ocr_carea' id='block_1_85' title="bbox 2352 4069 3804 4158">
    <p class='ocr_par' dir='ltr' id='par_1_85' title="bbox 2352 4069 3804 4158">
     <span class='ocr_line' id='line_1_85' title="bbox 2352 4069 3804 4158; baseline -0.013 -18"><span class='ocrx_word' id='word_1_594' title='bbox 2352 4101 2481 4141; x_wconf 89' lang='lat' dir='ltr'><strong>vera</strong></span> <span class='ocrx_word' id='word_1_595' title='bbox 2512 4088 2588 4142; x_wconf 90' lang='lat' dir='ltr'><strong>uti</strong></span> <span class='ocrx_word' id='word_1_596' title='bbox 2620 4087 2760 4142; x_wconf 81' lang='lat' dir='ltr'><strong>ﬁlios</strong></span> <span class='ocrx_word' id='word_1_597' title='bbox 2787 4087 2984 4158; x_wconf 86' lang='lat' dir='ltr'><strong>recipit</strong></span> <span class='ocrx_word' id='word_1_598' title='bbox 3033 4101 3170 4157; x_wconf 91' lang='lat' dir='ltr'><strong>quos</strong></span> <span class='ocrx_word' id='word_1_599' title='bbox 3217 4082 3559 4157; x_wconf 90' lang='lat' dir='ltr'><strong>corporaliter</strong></span> <span class='ocrx_word' id='word_1_600' title='bbox 3597 4069 3722 4130; x_wconf 87' lang='lat' dir='ltr'><strong>occidi</strong></span> <span class='ocrx_word' id='word_1_601' title='bbox 3738 4075 3804 4157; x_wconf 57' lang='lat' dir='ltr'><strong>pet-</strong></span> 
     </span>
    </p>
   </div>
   <div class='ocr_carea' id='block_1_86' title="bbox 2356 4163 3805 4248">
    <p class='ocr_par' dir='ltr' id='par_1_86' title="bbox 2356 4163 3805 4248">
     <span class='ocr_line' id='line_1_86' title="bbox 2356 4163 3805 4248; baseline -0.006 -18"><span class='ocrx_word' id='word_1_602' title='bbox 2356 4177 2546 4242; x_wconf 88' lang='lat' dir='ltr'><strong>mittit,</strong></span> <span class='ocrx_word' id='word_1_603' title='bbox 2617 4178 3096 4248; x_wconf 86' lang='lat' dir='ltr'><strong>temporalitcrque</strong></span> <span class='ocrx_word' id='word_1_604' title='bbox 3151 4175 3408 4248; x_wconf 82' lang='lat' dir='ltr'><strong>ﬂagellat.</strong></span> <span class='ocrx_word' id='word_1_605' title='bbox 3457 4170 3522 4225; x_wconf 86' lang='lat' dir='ltr'><strong>Ut</strong></span> <span class='ocrx_word' id='word_1_606' title='bbox 3565 4179 3650 4222; x_wconf 85' lang='lat' dir='ltr'><strong>non</strong></span> <span class='ocrx_word' id='word_1_607' title='bbox 3683 4163 3805 4222; x_wconf 67' lang='lat'><strong>1038&quot;&quot;</strong></span> 
     </span>
    </p>
   </div>
   <div class='ocr_carea' id='block_1_87' title="bbox 2352 4253 3803 4338">
    <p class='ocr_par' dir='ltr' id='par_1_87' title="bbox 2352 4253 3803 4338">
     <span class='ocr_line' id='line_1_87' title="bbox 2352 4253 3803 4338; baseline -0.01 -16"><span class='ocrx_word' id='word_1_608' title='bbox 2352 4266 2474 4332; x_wconf 75' lang='lat' dir='ltr'><strong>tice,</strong></span> <span class='ocrx_word' id='word_1_609' title='bbox 2547 4268 2741 4338; x_wconf 88' lang='lat' dir='ltr'><strong>inquit,</strong></span> <span class='ocrx_word' id='word_1_610' title='bbox 2805 4269 2997 4324; x_wconf 90' lang='lat' dir='ltr'><strong>domus</strong></span> <span class='ocrx_word' id='word_1_611' title='bbox 3048 4268 3219 4323; x_wconf 81' lang='lat' dir='ltr'><strong>David</strong></span> <span class='ocrx_word' id='word_1_612' title='bbox 3276 4265 3550 4338; x_wconf 87' lang='lat' dir='ltr'><strong>glorietur;</strong></span> <span class='ocrx_word' id='word_1_613' title='bbox 3587 4255 3628 4310; x_wconf 90' lang='lat' dir='ltr'><strong>id</strong></span> <span class='ocrx_word' id='word_1_614' title='bbox 3673 4253 3803 4310; x_wconf 63' lang='grc' dir='ltr'><strong>θεῑνῖθ·</strong></span> 
     </span>
    </p>
   </div>
   <div class='ocr_carea' id='block_1_88' title="bbox 2353 4343 3802 4430">
    <p class='ocr_par' dir='ltr' id='par_1_88' title="bbox 2353 4343 3802 4430">
     <span class='ocr_line' id='line_1_88' title="bbox 2353 4343 3802 4430; baseline -0.021 -10"><span class='ocrx_word' id='word_1_615' title='bbox 2353 4366 2498 4416; x_wconf 73' lang='lat' dir='ltr'><strong>teres</strong></span> <span class='ocrx_word' id='word_1_616' title='bbox 2545 4359 2637 4430; x_wconf 91' lang='lat' dir='ltr'><strong>qui</strong></span> <span class='ocrx_word' id='word_1_617' title='bbox 2688 4358 2954 4414; x_wconf 87' lang='lat' dir='ltr'><strong>bellorum</strong></span> <span class='ocrx_word' id='word_1_618' title='bbox 2998 4359 3242 4415; x_wconf 92' lang='lat' dir='ltr'><strong>victoriis</strong></span> <span class='ocrx_word' id='word_1_619' title='bbox 3294 4349 3719 4428; x_wconf 58' lang='lat' dir='ltr'><strong>praeminuerunt,</strong></span> <span class='ocrx_word' id='word_1_620' title='bbox 3754 4343 3802 4385; x_wconf 68' lang='lat' dir='ltr'><strong>SB-</strong></span> 
     </span>
    </p>
   </div>
   <div class='ocr_carea' id='block_1_89' title="bbox 730 4440 3802 4538">
    <p class='ocr_par' dir='ltr' id='par_1_89' title="bbox 730 4440 3802 4538">
     <span class='ocr_line' id='line_1_89' title="bbox 730 4440 3802 4538; baseline -0.007 -30"><span class='ocrx_word' id='word_1_621' title='bbox 730 4453 896 4528; x_wconf 66' lang='grc'><strong>439</strong></span> <span class='ocrx_word' id='word_1_622' title='bbox 923 4473 942 4506; x_wconf 75' lang='grc' dir='ltr'>ι</span> <span class='ocrx_word' id='word_1_623' title='bbox 969 4452 1249 4510; x_wconf 74' lang='lat' dir='ltr'><strong>ELdieent</strong></span> <span class='ocrx_word' id='word_1_624' title='bbox 1271 4452 1436 4508; x_wconf 90' lang='lat' dir='ltr'><strong>duces</strong></span> <span class='ocrx_word' id='word_1_625' title='bbox 1459 4451 1596 4508; x_wconf 90' lang='lat' dir='ltr'><strong>Juda</strong></span> <span class='ocrx_word' id='word_1_626' title='bbox 1621 4451 1674 4506; x_wconf 89' lang='lat' dir='ltr'><strong>in</strong></span> <span class='ocrx_word' id='word_1_627' title='bbox 1690 4452 1852 4508; x_wconf 85' lang='lat' dir='ltr'><strong>corde</strong></span> <span class='ocrx_word' id='word_1_628' title='bbox 1871 4467 1999 4508; x_wconf 86' lang='lat' dir='ltr'><strong>suo:</strong></span> <span class='ocrx_word' id='word_1_629' title='bbox 2020 4451 2250 4508; x_wconf 86' lang='lat' dir='ltr'><strong>Confor—</strong></span> <span class='ocrx_word' id='word_1_630' title='bbox 2276 4478 2327 4538; x_wconf 74' lang='grc' dir='ltr'><strong>ι)</strong></span> <span class='ocrx_word' id='word_1_631' title='bbox 2351 4452 2570 4525; x_wconf 89' lang='lat' dir='ltr'><strong>perbirc</strong></span> <span class='ocrx_word' id='word_1_632' title='bbox 2599 4453 2886 4520; x_wconf 87' lang='lat' dir='ltr'><strong>desistant,</strong></span> <span class='ocrx_word' id='word_1_633' title='bbox 2915 4470 3037 4510; x_wconf 91' lang='lat' dir='ltr'><strong>cum</strong></span> <span class='ocrx_word' id='word_1_634' title='bbox 3069 4469 3240 4510; x_wconf 87' lang='lat' dir='ltr'><strong>novos</strong></span> <span class='ocrx_word' id='word_1_635' title='bbox 3279 4463 3510 4524; x_wconf 88' lang='lat' dir='ltr'><strong>quosque</strong></span> <span class='ocrx_word' id='word_1_636' title='bbox 3533 4441 3695 4517; x_wconf 85' lang='lat' dir='ltr'><strong>potiora</strong></span> <span class='ocrx_word' id='word_1_637' title='bbox 3715 4440 3802 4538; x_wconf 54' lang='lat' dir='ltr'><strong>etfr-</strong></span> 
     </span>
    </p>
   </div>
   <div class='ocr_carea' id='block_1_90' title="bbox 664 4544 2250 4603">
    <p class='ocr_par' dir='ltr' id='par_1_90' title="bbox 664 4544 2250 4603">
     <span class='ocr_line' id='line_1_90' title="bbox 664 4544 2250 4603; baseline -0.003 -1"><span class='ocrx_word' id='word_1_638' title='bbox 664 4557 844 4603; x_wconf 91' lang='lat' dir='ltr'><strong>tentur</strong></span> <span class='ocrx_word' id='word_1_639' title='bbox 866 4546 1000 4602; x_wconf 88' lang='lat' dir='ltr'><strong>mihi</strong></span> <span class='ocrx_word' id='word_1_640' title='bbox 1029 4546 1369 4601; x_wconf 89' lang='lat' dir='ltr'><strong>habitatores</strong></span> <span class='ocrx_word' id='word_1_641' title='bbox 1406 4544 1705 4600; x_wconf 83' lang='lat' dir='ltr'><strong>Jerusalem</strong></span> <span class='ocrx_word' id='word_1_642' title='bbox 1738 4545 1789 4599; x_wconf 92' lang='lat' dir='ltr'><strong>in</strong></span> <span class='ocrx_word' id='word_1_643' title='bbox 1829 4544 2058 4600; x_wconf 91' lang='lat' dir='ltr'><strong>Domino</strong></span> <span class='ocrx_word' id='word_1_644' title='bbox 2093 4559 2250 4600; x_wconf 80' lang='lat' dir='ltr'><strong>exer-</strong></span> 
     </span>
    </p>
   </div>
   <div class='ocr_carea' id='block_1_91' title="bbox 663 4636 2249 4709">
    <p class='ocr_par' dir='ltr' id='par_1_91' title="bbox 663 4636 2249 4709">
     <span class='ocr_line' id='line_1_91' title="bbox 663 4636 2249 4709; baseline -0.004 -13"><span class='ocrx_word' id='word_1_645' title='bbox 663 4641 888 4706; x_wconf 87' lang='lat' dir='ltr'><strong>cituum,</strong></span> <span class='ocrx_word' id='word_1_646' title='bbox 928 4639 1040 4695; x_wconf 91' lang='lat' dir='ltr'><strong>Deo</strong></span> <span class='ocrx_word' id='word_1_647' title='bbox 1069 4654 1256 4695; x_wconf 91' lang='lat' dir='ltr'><strong>eorum</strong></span> <span class='ocrx_word' id='word_1_648' title='bbox 1299 4636 1486 4709; x_wconf 83' lang='lat' dir='ltr'><strong>(Zach.</strong></span> <span class='ocrx_word' id='word_1_649' title='bbox 1534 4653 1633 4704; x_wconf 84' lang='lat' dir='ltr'><strong>xu,</strong></span> <span class='ocrx_word' id='word_1_650' title='bbox 1685 4639 1763 4709; x_wconf 80' lang='lat'><strong>5).</strong></span> <span class='ocrx_word' id='word_1_651' title='bbox 1794 4659 1812 4692; x_wconf 77' lang='grc' dir='ltr'><strong><em>ι</em></strong></span> <span class='ocrx_word' id='word_1_652' title='bbox 1847 4639 1994 4705; x_wconf 83' lang='lat' dir='ltr'><strong>Quos</strong></span> <span class='ocrx_word' id='word_1_653' title='bbox 2021 4637 2249 4693; x_wconf 76' lang='lat' dir='ltr'><strong>dixerim</strong></span> 
     </span>
    </p>
   </div>
   <div class='ocr_carea' id='block_1_92' title="bbox 665 4727 2251 4802">
    <p class='ocr_par' dir='ltr' id='par_1_92' title="bbox 665 4727 2251 4802">
     <span class='ocr_line' id='line_1_92' title="bbox 665 4727 2251 4802; baseline -0.003 -15"><span class='ocrx_word' id='word_1_654' title='bbox 665 4731 802 4788; x_wconf 87' lang='lat' dir='ltr'><strong>Juda</strong></span> <span class='ocrx_word' id='word_1_655' title='bbox 852 4733 1036 4796; x_wconf 88' lang='lat' dir='ltr'><strong>duces,</strong></span> <span class='ocrx_word' id='word_1_656' title='bbox 1092 4733 1196 4787; x_wconf 87' lang='lat' dir='ltr'><strong>nisi</strong></span> <span class='ocrx_word' id='word_1_657' title='bbox 1237 4731 1424 4786; x_wconf 81' lang='lat' dir='ltr'><strong>fideles</strong></span> <span class='ocrx_word' id='word_1_658' title='bbox 1458 4731 1602 4788; x_wconf 90' lang='lat' dir='ltr'><strong>illius</strong></span> <span class='ocrx_word' id='word_1_659' title='bbox 1648 4732 1919 4788; x_wconf 84' lang='lat' dir='ltr'><strong>exercitus</strong></span> <span class='ocrx_word' id='word_1_660' title='bbox 1941 4727 2251 4802; x_wconf 82' lang='lat' dir='ltr'><strong>principes?</strong></span> 
     </span>
    </p>
   </div>
   <div class='ocr_carea' id='block_1_93' title="bbox 665 4821 2252 4893">
    <p class='ocr_par' dir='ltr' id='par_1_93' title="bbox 665 4821 2252 4893">
     <span class='ocr_line' id='line_1_93' title="bbox 665 4821 2252 4893; baseline -0.002 -14"><span class='ocrx_word' id='word_1_661' title='bbox 665 4822 768 4892; x_wconf 86' lang='lat' dir='ltr'><strong>Qui</strong></span> <span class='ocrx_word' id='word_1_662' title='bbox 827 4821 1118 4878; x_wconf 89' lang='lat' dir='ltr'><strong>confortati</strong></span> <span class='ocrx_word' id='word_1_663' title='bbox 1165 4821 1268 4876; x_wconf 86' lang='lat' dir='ltr'><strong>sibi</strong></span> <span class='ocrx_word' id='word_1_664' title='bbox 1310 4822 1610 4879; x_wconf 88' lang='lat' dir='ltr'><strong>Jerusalem</strong></span> <span class='ocrx_word' id='word_1_665' title='bbox 1663 4824 1999 4880; x_wconf 86' lang='lat' dir='ltr'><strong>habitatores</strong></span> <span class='ocrx_word' id='word_1_666' title='bbox 2051 4824 2252 4893; x_wconf 91' lang='lat' dir='ltr'><strong>impre-</strong></span> 
     </span>
    </p>
   </div>
   <div class='ocr_carea' id='block_1_94' title="bbox 664 4913 2253 4984">
    <p class='ocr_par' dir='ltr' id='par_1_94' title="bbox 664 4913 2253 4984">
     <span class='ocr_line' id='line_1_94' title="bbox 664 4913 2253 4984; baseline -0.002 -10"><span class='ocrx_word' id='word_1_667' title='bbox 664 4925 897 4984; x_wconf 91' lang='lat' dir='ltr'><strong>cantur,</strong></span> <span class='ocrx_word' id='word_1_668' title='bbox 951 4924 1077 4972; x_wconf 88' lang='lat' dir='ltr'><strong>dum</strong></span> <span class='ocrx_word' id='word_1_669' title='bbox 1139 4916 1268 4971; x_wconf 92' lang='lat' dir='ltr'><strong>totis</strong></span> <span class='ocrx_word' id='word_1_670' title='bbox 1320 4913 1626 4981; x_wconf 67' lang='lat' dir='ltr'><strong>affectibus,</strong></span> <span class='ocrx_word' id='word_1_671' title='bbox 1677 4915 2000 4971; x_wconf 68' lang='lat' dir='ltr'><strong>Christiana:</strong></span> <span class='ocrx_word' id='word_1_672' title='bbox 2047 4915 2253 4970; x_wconf 68' lang='lat' dir='ltr'><strong>militiae</strong></span> 
     </span>
    </p>
   </div>
   <div class='ocr_carea' id='block_1_95' title="bbox 664 5006 2254 5078">
    <p class='ocr_par' dir='ltr' id='par_1_95' title="bbox 664 5006 2254 5078">
     <span class='ocr_line' id='line_1_95' title="bbox 664 5006 2254 5078; baseline -0.005 -10"><span class='ocrx_word' id='word_1_673' title='bbox 664 5019 912 5068; x_wconf 88' lang='lat' dir='ltr'><strong>sanctam</strong></span> <span class='ocrx_word' id='word_1_674' title='bbox 958 5007 1110 5064; x_wconf 89' lang='lat' dir='ltr'><strong>illam</strong></span> <span class='ocrx_word' id='word_1_675' title='bbox 1141 5007 1418 5062; x_wconf 91' lang='lat' dir='ltr'><strong>civitatem</strong></span> <span class='ocrx_word' id='word_1_676' title='bbox 1455 5006 1780 5062; x_wconf 86' lang='lat' dir='ltr'><strong>fortitudine</strong></span> <span class='ocrx_word' id='word_1_677' title='bbox 1813 5006 2128 5078; x_wconf 87' lang='lat' dir='ltr'><strong>desiderant</strong></span> <span class='ocrx_word' id='word_1_678' title='bbox 2169 5006 2254 5060; x_wconf 94' lang='lat' dir='ltr'><strong>in-</strong></span> 
     </span>
    </p>
   </div>
   <div class='ocr_carea' id='block_1_96' title="bbox 665 5096 2253 5172">
    <p class='ocr_par' dir='ltr' id='par_1_96' title="bbox 665 5096 2253 5172">
     <span class='ocr_line' id='line_1_96' title="bbox 665 5096 2253 5172; baseline -0.005 -12"><span class='ocrx_word' id='word_1_679' title='bbox 665 5102 937 5170; x_wconf 88' lang='lat' dir='ltr'><strong>staurari;</strong></span> <span class='ocrx_word' id='word_1_680' title='bbox 971 5116 1076 5172; x_wconf 90' lang='lat' dir='ltr'><strong>qtta</strong></span> <span class='ocrx_word' id='word_1_681' title='bbox 1102 5109 1158 5155; x_wconf 92' lang='lat' dir='ltr'><strong>et</strong></span> <span class='ocrx_word' id='word_1_682' title='bbox 1184 5096 1576 5154; x_wconf 90' lang='lat' dir='ltr'><strong>Christianitas</strong></span> <span class='ocrx_word' id='word_1_683' title='bbox 1603 5107 1953 5168; x_wconf 89' lang='lat' dir='ltr'><strong>propagetur,</strong></span> <span class='ocrx_word' id='word_1_684' title='bbox 1990 5097 2253 5153; x_wconf 89' lang='lat' dir='ltr'><strong>memoria</strong></span> 
     </span>
    </p>
   </div>
   <div class='ocr_carea' id='block_1_97' title="bbox 666 5192 2255 5264">
    <p class='ocr_par' dir='ltr' id='par_1_97' title="bbox 666 5192 2255 5264">
     <span class='ocr_line' id='line_1_97' title="bbox 666 5192 2255 5264; baseline -0.004 -11"><span class='ocrx_word' id='word_1_685' title='bbox 666 5197 946 5253; x_wconf 90' lang='lat' dir='ltr'><strong>Dominica</strong></span> <span class='ocrx_word' id='word_1_686' title='bbox 982 5195 1304 5260; x_wconf 89' lang='lat' dir='ltr'><strong>honoretur,</strong></span> <span class='ocrx_word' id='word_1_687' title='bbox 1343 5192 1621 5264; x_wconf 89' lang='lat' dir='ltr'><strong>gentilitas</strong></span> <span class='ocrx_word' id='word_1_688' title='bbox 1677 5192 2106 5262; x_wconf 90' lang='lat' dir='ltr'><strong>circumquaque</strong></span> <span class='ocrx_word' id='word_1_689' title='bbox 2130 5205 2255 5260; x_wconf 90' lang='lat' dir='ltr'><strong>pre-</strong></span> 
     </span>
    </p>
   </div>
   <div class='ocr_carea' id='block_1_98' title="bbox 669 5281 2253 5342">
    <p class='ocr_par' dir='ltr' id='par_1_98' title="bbox 669 5281 2253 5342">
     <span class='ocr_line' id='line_1_98' title="bbox 669 5281 2253 5342; baseline -0.003 0"><span class='ocrx_word' id='word_1_690' title='bbox 669 5297 866 5342; x_wconf 88' lang='lat' dir='ltr'><strong>matur.</strong></span> <span class='ocrx_word' id='word_1_691' title='bbox 931 5286 1039 5342; x_wconf 89' lang='lat' dir='ltr'><strong>Sed</strong></span> <span class='ocrx_word' id='word_1_692' title='bbox 1099 5287 1214 5342; x_wconf 73' lang='lat' dir='ltr'><strong>bzec</strong></span> <span class='ocrx_word' id='word_1_693' title='bbox 1259 5283 1574 5340; x_wconf 91' lang='lat' dir='ltr'><strong>eorumdem</strong></span> <span class='ocrx_word' id='word_1_694' title='bbox 1619 5281 1879 5339; x_wconf 88' lang='lat' dir='ltr'><strong>fortitudo</strong></span> <span class='ocrx_word' id='word_1_695' title='bbox 1915 5283 1967 5337; x_wconf 93' lang='lat' dir='ltr'><strong>in</strong></span> <span class='ocrx_word' id='word_1_696' title='bbox 2025 5283 2253 5338; x_wconf 89' lang='lat' dir='ltr'><strong>Domino</strong></span> 
     </span>
    </p>
   </div>
   <div class='ocr_carea' id='block_1_99' title="bbox 670 5374 2256 5451">
    <p class='ocr_par' dir='ltr' id='par_1_99' title="bbox 670 5374 2256 5451">
     <span class='ocr_line' id='line_1_99' title="bbox 670 5374 2256 5451; baseline -0.003 -17"><span class='ocrx_word' id='word_1_697' title='bbox 670 5381 1001 5437; x_wconf 77' lang='lat' dir='ltr'><strong>exercituum</strong></span> <span class='ocrx_word' id='word_1_698' title='bbox 1041 5379 1221 5435; x_wconf 82' lang='lat' dir='ltr'><strong>futura</strong></span> <span class='ocrx_word' id='word_1_699' title='bbox 1284 5379 1512 5451; x_wconf 81' lang='lat' dir='ltr'><strong>dicitur,</strong></span> <span class='ocrx_word' id='word_1_700' title='bbox 1568 5378 1712 5450; x_wconf 91' lang='lat' dir='ltr'><strong>quod</strong></span> <span class='ocrx_word' id='word_1_701' title='bbox 1765 5377 2032 5446; x_wconf 90' lang='lat' dir='ltr'><strong>hodieque</strong></span> <span class='ocrx_word' id='word_1_702' title='bbox 2078 5374 2256 5430; x_wconf 89' lang='lat' dir='ltr'><strong>cerui-</strong></span> 
     </span>
    </p>
   </div>
   <div class='ocr_carea' id='block_1_100' title="bbox 674 5467 2252 5537">
    <p class='ocr_par' dir='ltr' id='par_1_100' title="bbox 674 5467 2252 5537">
     <span class='ocr_line' id='line_1_100' title="bbox 674 5467 2252 5537; baseline -0.001 -14"><span class='ocrx_word' id='word_1_703' title='bbox 674 5479 780 5533; x_wconf 89' lang='lat' dir='ltr'><strong>tur,</strong></span> <span class='ocrx_word' id='word_1_704' title='bbox 835 5473 961 5527; x_wconf 90' lang='lat' dir='ltr'><strong>dum</strong></span> <span class='ocrx_word' id='word_1_705' title='bbox 1028 5488 1224 5528; x_wconf 89' lang='lat' dir='ltr'><strong>manus</strong></span> <span class='ocrx_word' id='word_1_706' title='bbox 1275 5472 1559 5527; x_wconf 89' lang='lat' dir='ltr'><strong>hominum</strong></span> <span class='ocrx_word' id='word_1_707' title='bbox 1607 5467 2001 5527; x_wconf 87' lang='lat' dir='ltr'><strong>incredibiliter</strong></span> <span class='ocrx_word' id='word_1_708' title='bbox 2064 5483 2252 5537; x_wconf 85' lang='lat' dir='ltr'><strong>parva,</strong></span> 
     </span>
    </p>
   </div>
   <div class='ocr_carea' id='block_1_101' title="bbox 673 5560 2252 5635">
    <p class='ocr_par' dir='ltr' id='par_1_101' title="bbox 673 5560 2252 5635">
     <span class='ocr_line' id='line_1_101' title="bbox 673 5560 2252 5635; baseline -0.003 -19"><span class='ocrx_word' id='word_1_709' title='bbox 673 5561 961 5617; x_wconf 88' lang='lat' dir='ltr'><strong>adversum</strong></span> <span class='ocrx_word' id='word_1_710' title='bbox 1008 5567 1258 5620; x_wconf 87' lang='lat' dir='ltr'><strong>universa</strong></span> <span class='ocrx_word' id='word_1_711' title='bbox 1312 5564 1640 5635; x_wconf 88' lang='lat' dir='ltr'><strong>paganitatis</strong></span> <span class='ocrx_word' id='word_1_712' title='bbox 1672 5579 1836 5634; x_wconf 84' lang='lat' dir='ltr'><strong>regna</strong></span> <span class='ocrx_word' id='word_1_713' title='bbox 1885 5560 2252 5632; x_wconf 81' lang='lat' dir='ltr'><strong>congreditur,</strong></span> 
     </span>
    </p>
   </div>
   <div class='ocr_carea' id='block_1_102' title="bbox 673 5651 2255 5726">
    <p class='ocr_par' dir='ltr' id='par_1_102' title="bbox 673 5651 2255 5726">
     <span class='ocr_line' id='line_1_102' title="bbox 673 5651 2255 5726; baseline -0.002 -18"><span class='ocrx_word' id='word_1_714' title='bbox 673 5653 816 5724; x_wconf 91' lang='lat' dir='ltr'><strong>quod</strong></span> <span class='ocrx_word' id='word_1_715' title='bbox 847 5661 1014 5708; x_wconf 90' lang='lat' dir='ltr'><strong>totum</strong></span> <span class='ocrx_word' id='word_1_716' title='bbox 1041 5671 1108 5710; x_wconf 78' lang='lat' dir='ltr'><strong>ex</strong></span> <span class='ocrx_word' id='word_1_717' title='bbox 1143 5656 1258 5723; x_wconf 89' lang='lat' dir='ltr'><strong>eius</strong></span> <span class='ocrx_word' id='word_1_718' title='bbox 1283 5657 1374 5726; x_wconf 89' lang='lat' dir='ltr'><strong>qui</strong></span> <span class='ocrx_word' id='word_1_719' title='bbox 1417 5655 1540 5712; x_wconf 74' lang='lat' dir='ltr'><strong>cteli</strong></span> <span class='ocrx_word' id='word_1_720' title='bbox 1570 5655 1862 5710; x_wconf 84' lang='lat' dir='ltr'><strong>virtutibus</strong></span> <span class='ocrx_word' id='word_1_721' title='bbox 1891 5662 2110 5724; x_wconf 75' lang='lat' dir='ltr'><strong>praeest,</strong></span> <span class='ocrx_word' id='word_1_722' title='bbox 2141 5651 2255 5706; x_wconf 89' lang='lat' dir='ltr'><strong>sola</strong></span> 
     </span>
    </p>
   </div>
   <div class='ocr_carea' id='block_1_103' title="bbox 675 5746 2254 5820">
    <p class='ocr_par' dir='ltr' id='par_1_103' title="bbox 675 5746 2254 5820">
     <span class='ocr_line' id='line_1_103' title="bbox 675 5746 2254 5820; baseline -0.001 -19"><span class='ocrx_word' id='word_1_723' title='bbox 675 5746 876 5806; x_wconf 82' lang='lat' dir='ltr'><strong>virtute</strong></span> <span class='ocrx_word' id='word_1_724' title='bbox 911 5760 1046 5820; x_wconf 68' lang='lat' dir='ltr'><strong>praes</strong></span> <span class='ocrx_word' id='word_1_725' title='bbox 1067 5747 1275 5801; x_wconf 80' lang='lat' dir='ltr'><strong>imitor.</strong></span> <span class='ocrx_word' id='word_1_726' title='bbox 1327 5748 1428 5805; x_wconf 90' lang='lat' dir='ltr'><strong>Ubi</strong></span> <span class='ocrx_word' id='word_1_727' title='bbox 1461 5750 1597 5804; x_wconf 86' lang='lat' dir='ltr'><strong>bene</strong></span> <span class='ocrx_word' id='word_1_728' title='bbox 1627 5748 1861 5815; x_wconf 89' lang='lat' dir='ltr'><strong>additur,</strong></span> <span class='ocrx_word' id='word_1_729' title='bbox 1906 5747 2016 5801; x_wconf 87' lang='lat' dir='ltr'><strong>Deo</strong></span> <span class='ocrx_word' id='word_1_730' title='bbox 2039 5760 2254 5808; x_wconf 90' lang='lat' dir='ltr'><strong>eorum,</strong></span> 
     </span>
    </p>
   </div>
   <div class='ocr_carea' id='block_1_104' title="bbox 2353 4516 3804 4617">
    <p class='ocr_par' dir='ltr' id='par_1_104' title="bbox 2353 4516 3804 4617">
     <span class='ocr_line' id='line_1_104' title="bbox 2353 4516 3804 4617; baseline -0.015 -17"><span class='ocrx_word' id='word_1_731' title='bbox 2353 4516 2531 4601; x_wconf 74' lang='lat' dir='ltr'><strong>cuisse</strong></span> <span class='ocrx_word' id='word_1_732' title='bbox 2562 4516 2914 4615; x_wconf 84' lang='lat' dir='ltr'><strong>perpendant.</strong></span> <span class='ocrx_word' id='word_1_733' title='bbox 2967 4545 3152 4602; x_wconf 89' lang='lat' dir='ltr'><strong>Gloria</strong></span> <span class='ocrx_word' id='word_1_734' title='bbox 3201 4516 3804 4617; x_wconf 41' lang='lat' dir='ltr'><strong>quoque—habitantium?</strong></span> 
     </span>
    </p>
   </div>
   <div class='ocr_carea' id='block_1_105' title="bbox 2351 4624 3802 4705">
    <p class='ocr_par' dir='ltr' id='par_1_105' title="bbox 2351 4624 3802 4705">
     <span class='ocr_line' id='line_1_105' title="bbox 2351 4624 3802 4705; baseline -0.012 -5"><span class='ocrx_word' id='word_1_735' title='bbox 2351 4638 2616 4705; x_wconf 77' lang='lat' dir='ltr'><strong>rusalem,</strong></span> <span class='ocrx_word' id='word_1_736' title='bbox 2658 4649 2848 4694; x_wconf 89' lang='lat' dir='ltr'><strong>contra</strong></span> <span class='ocrx_word' id='word_1_737' title='bbox 2897 4640 3090 4696; x_wconf 87' lang='lat' dir='ltr'><strong>Judam</strong></span> <span class='ocrx_word' id='word_1_738' title='bbox 3142 4640 3384 4695; x_wconf 87' lang='lat' dir='ltr'><strong>elevatur</strong></span> <span class='ocrx_word' id='word_1_739' title='bbox 3414 4655 3428 4690; x_wconf 90' lang='lat'><strong>:</strong></span> <span class='ocrx_word' id='word_1_740' title='bbox 3458 4635 3570 4690; x_wconf 89' lang='lat' dir='ltr'><strong>dum</strong></span> <span class='ocrx_word' id='word_1_741' title='bbox 3608 4624 3802 4680; x_wconf 45' lang='lat' dir='ltr'><strong>insulse”</strong></span> 
     </span>
    </p>
   </div>
   <div class='ocr_carea' id='block_1_106' title="bbox 2351 4711 3802 4804">
    <p class='ocr_par' dir='ltr' id='par_1_106' title="bbox 2351 4711 3802 4804">
     <span class='ocr_line' id='line_1_106' title="bbox 2351 4711 3802 4804; baseline -0.012 -16"><span class='ocrx_word' id='word_1_742' title='bbox 2351 4745 2472 4788; x_wconf 86' lang='lat' dir='ltr'><strong>rum</strong></span> <span class='ocrx_word' id='word_1_743' title='bbox 2509 4732 2599 4803; x_wconf 90' lang='lat' dir='ltr'><strong>qui</strong></span> <span class='ocrx_word' id='word_1_744' title='bbox 2632 4732 2830 4788; x_wconf 90' lang='lat' dir='ltr'><strong>ibidem</strong></span> <span class='ocrx_word' id='word_1_745' title='bbox 2882 4747 3198 4804; x_wconf 87' lang='lat' dir='ltr'><strong>regnavere,</strong></span> <span class='ocrx_word' id='word_1_746' title='bbox 3243 4741 3298 4788; x_wconf 89' lang='lat' dir='ltr'><strong>et</strong></span> <span class='ocrx_word' id='word_1_747' title='bbox 3342 4730 3511 4799; x_wconf 87' lang='lat' dir='ltr'><strong>aliqua</strong></span> <span class='ocrx_word' id='word_1_748' title='bbox 3551 4721 3666 4778; x_wconf 87' lang='lat' dir='ltr'><strong>clara</strong></span> <span class='ocrx_word' id='word_1_749' title='bbox 3686 4711 3802 4804; x_wconf 45' lang='lat' dir='ltr'><strong>fecit”,</strong></span> 
     </span>
    </p>
   </div>
   <div class='ocr_carea' id='block_1_107' title="bbox 2352 4801 3801 4894">
    <p class='ocr_par' dir='ltr' id='par_1_107' title="bbox 2352 4801 3801 4894">
     <span class='ocr_line' id='line_1_107' title="bbox 2352 4801 3801 4894; baseline -0.002 -16"><span class='ocrx_word' id='word_1_750' title='bbox 2352 4801 2628 4879; x_wconf 80' lang='lat' dir='ltr'><strong>modernis</strong></span> <span class='ocrx_word' id='word_1_751' title='bbox 2673 4801 2983 4894; x_wconf 74' lang='lat' dir='ltr'><strong>opponitur.</strong></span> <span class='ocrx_word' id='word_1_752' title='bbox 3043 4823 3148 4879; x_wconf 90' lang='lat' dir='ltr'><strong>Per</strong></span> <span class='ocrx_word' id='word_1_753' title='bbox 3203 4821 3372 4879; x_wconf 87' lang='lat' dir='ltr'><strong>David</strong></span> <span class='ocrx_word' id='word_1_754' title='bbox 3416 4827 3640 4886; x_wconf 71' lang='lat' dir='ltr'><strong>namque.</strong></span> <span class='ocrx_word' id='word_1_755' title='bbox 3671 4801 3801 4894; x_wconf 53' lang='lat' dir='ltr'><strong>qui!”</strong></span> 
     </span>
    </p>
   </div>
   <div class='ocr_carea' id='block_1_108' title="bbox 2354 4887 3803 4985">
    <p class='ocr_par' dir='ltr' id='par_1_108' title="bbox 2354 4887 3803 4985">
     <span class='ocr_line' id='line_1_108' title="bbox 2354 4887 3803 4985; baseline -0.013 -16"><span class='ocrx_word' id='word_1_756' title='bbox 2354 4914 2621 4970; x_wconf 89' lang='lat' dir='ltr'><strong>tissimum</strong></span> <span class='ocrx_word' id='word_1_757' title='bbox 2668 4887 2860 4985; x_wconf 80' lang='lat' dir='ltr'><strong>potuit,</strong></span> <span class='ocrx_word' id='word_1_758' title='bbox 2913 4914 3174 4985; x_wconf 88' lang='lat' dir='ltr'><strong>quidquid</strong></span> <span class='ocrx_word' id='word_1_759' title='bbox 3218 4915 3274 4969; x_wconf 91' lang='lat' dir='ltr'><strong>in</strong></span> <span class='ocrx_word' id='word_1_760' title='bbox 3331 4907 3562 4982; x_wconf 87' lang='lat' dir='ltr'><strong>superbia</strong></span> <span class='ocrx_word' id='word_1_761' title='bbox 3597 4895 3727 4985; x_wconf 54' lang='lat' dir='ltr'><strong>magis</strong></span> <span class='ocrx_word' id='word_1_762' title='bbox 3752 4887 3803 4938; x_wconf 57' lang='grc' dir='ltr'><strong>δν</strong></span> 
     </span>
    </p>
   </div>
   <div class='ocr_carea' id='block_1_109' title="bbox 2352 4982 3800 5078">
    <p class='ocr_par' dir='ltr' id='par_1_109' title="bbox 2352 4982 3800 5078">
     <span class='ocr_line' id='line_1_109' title="bbox 2352 4982 3800 5078; baseline -0.019 -16"><span class='ocrx_word' id='word_1_763' title='bbox 2352 5007 2486 5062; x_wconf 86' lang='lat' dir='ltr'><strong>bent</strong></span> <span class='ocrx_word' id='word_1_764' title='bbox 2507 4982 2684 5062; x_wconf 81' lang='lat' dir='ltr'><strong>causae</strong></span> <span class='ocrx_word' id='word_1_765' title='bbox 2707 4982 2982 5078; x_wconf 80' lang='lat' dir='ltr'><strong>exprimit.</strong></span> <span class='ocrx_word' id='word_1_766' title='bbox 3018 4982 3097 5062; x_wconf 78' lang='lat' dir='ltr'><strong>Ac</strong></span> <span class='ocrx_word' id='word_1_767' title='bbox 3125 5007 3172 5063; x_wconf 91' lang='lat' dir='ltr'><strong>si</strong></span> <span class='ocrx_word' id='word_1_768' title='bbox 3209 5006 3413 5062; x_wconf 89' lang='lat' dir='ltr'><strong>diceret</strong></span> <span class='ocrx_word' id='word_1_769' title='bbox 3441 5018 3456 5055; x_wconf 88' lang='lat'><strong>:</strong></span> <span class='ocrx_word' id='word_1_770' title='bbox 3488 4995 3584 5053; x_wconf 84' lang='lat' dir='ltr'><strong>Etsi</strong></span> <span class='ocrx_word' id='word_1_771' title='bbox 3607 4982 3800 5078; x_wconf 83' lang='lat' dir='ltr'><strong>David</strong></span> 
     </span>
    </p>
   </div>
   <div class='ocr_carea' id='block_1_110' title="bbox 2353 5077 3802 5169">
    <p class='ocr_par' dir='ltr' id='par_1_110' title="bbox 2353 5077 3802 5169">
     <span class='ocr_line' id='line_1_110' title="bbox 2353 5077 3802 5169; baseline -0.021 -17"><span class='ocrx_word' id='word_1_772' title='bbox 2353 5097 2673 5153; x_wconf 91' lang='lat' dir='ltr'><strong>leberrimus</strong></span> <span class='ocrx_word' id='word_1_773' title='bbox 2703 5077 2871 5153; x_wconf 87' lang='lat' dir='ltr'><strong>armis</strong></span> <span class='ocrx_word' id='word_1_774' title='bbox 2893 5097 3186 5164; x_wconf 80' lang='lat' dir='ltr'><strong>exstiterit,</strong></span> <span class='ocrx_word' id='word_1_775' title='bbox 3216 5105 3273 5152; x_wconf 89' lang='lat' dir='ltr'><strong>et</strong></span> <span class='ocrx_word' id='word_1_776' title='bbox 3300 5097 3365 5153; x_wconf 90' lang='lat' dir='ltr'><strong>de</strong></span> <span class='ocrx_word' id='word_1_777' title='bbox 3406 5077 3802 5169; x_wconf 34' lang='lat' dir='ltr'><strong>succedentibus&#39;rer</strong></span> 
     </span>
    </p>
   </div>
   <div class='ocr_carea' id='block_1_111' title="bbox 2353 5165 3800 5263">
    <p class='ocr_par' dir='ltr' id='par_1_111' title="bbox 2353 5165 3800 5263">
     <span class='ocr_line' id='line_1_111' title="bbox 2353 5165 3800 5263; baseline -0.008 -18"><span class='ocrx_word' id='word_1_778' title='bbox 2353 5193 2508 5262; x_wconf 85' lang='lat' dir='ltr'><strong>gibus</strong></span> <span class='ocrx_word' id='word_1_779' title='bbox 2532 5191 2729 5262; x_wconf 86' lang='lat' dir='ltr'><strong>aliquis</strong></span> <span class='ocrx_word' id='word_1_780' title='bbox 2759 5191 2964 5261; x_wconf 86' lang='lat' dir='ltr'><strong>aliquid</strong></span> <span class='ocrx_word' id='word_1_781' title='bbox 2985 5191 3170 5263; x_wconf 67' lang='lat' dir='ltr'><strong>gloria:</strong></span> <span class='ocrx_word' id='word_1_782' title='bbox 3189 5187 3474 5262; x_wconf 75' lang='lat' dir='ltr'><strong>quaesierit,</strong></span> <span class='ocrx_word' id='word_1_783' title='bbox 3495 5177 3607 5236; x_wconf 89' lang='lat' dir='ltr'><strong>nihil</strong></span> <span class='ocrx_word' id='word_1_784' title='bbox 3631 5165 3800 5263; x_wconf 57' lang='grc' dir='ltr'><strong>περςςίιιξξ</strong></span> 
     </span>
    </p>
   </div>
   <div class='ocr_carea' id='block_1_112' title="bbox 2355 5255 3800 5356">
    <p class='ocr_par' dir='ltr' id='par_1_112' title="bbox 2355 5255 3800 5356">
     <span class='ocr_line' id='line_1_112' title="bbox 2355 5255 3800 5356; baseline -0.006 -16"><span class='ocrx_word' id='word_1_785' title='bbox 2355 5301 2454 5356; x_wconf 90' lang='lat' dir='ltr'><strong>per</strong></span> <span class='ocrx_word' id='word_1_786' title='bbox 2505 5287 2648 5356; x_wconf 90' lang='lat' dir='ltr'><strong>quod</strong></span> <span class='ocrx_word' id='word_1_787' title='bbox 2703 5285 2790 5340; x_wconf 91' lang='lat' dir='ltr'><strong>his</strong></span> <span class='ocrx_word' id='word_1_788' title='bbox 2840 5285 3045 5341; x_wconf 90' lang='lat' dir='ltr'><strong>nostris</strong></span> <span class='ocrx_word' id='word_1_789' title='bbox 3092 5255 3360 5355; x_wconf 70' lang='lat' dir='ltr'><strong>exaequari</strong></span> <span class='ocrx_word' id='word_1_790' title='bbox 3404 5275 3602 5351; x_wconf 84' lang='lat' dir='ltr'><strong>possint.</strong></span> <span class='ocrx_word' id='word_1_791' title='bbox 3638 5255 3800 5356; x_wconf 31' lang='lat' dir='ltr'><strong>&quot;alii&quot;?</strong></span> 
     </span>
    </p>
   </div>
   <div class='ocr_carea' id='block_1_113' title="bbox 2353 5347 3797 5444">
    <p class='ocr_par' dir='ltr' id='par_1_113' title="bbox 2353 5347 3797 5444">
     <span class='ocr_line' id='line_1_113' title="bbox 2353 5347 3797 5444; baseline -0.003 -11"><span class='ocrx_word' id='word_1_792' title='bbox 2353 5347 2540 5433; x_wconf 76' lang='lat' dir='ltr'><strong>autem</strong></span> <span class='ocrx_word' id='word_1_793' title='bbox 2568 5377 2828 5433; x_wconf 91' lang='lat' dir='ltr'><strong>dominari</strong></span> <span class='ocrx_word' id='word_1_794' title='bbox 2858 5378 3125 5433; x_wconf 89' lang='lat' dir='ltr'><strong>dicimus:</strong></span> <span class='ocrx_word' id='word_1_795' title='bbox 3148 5347 3286 5433; x_wconf 79' lang='lat' dir='ltr'><strong>unde</strong></span> <span class='ocrx_word' id='word_1_796' title='bbox 3309 5384 3361 5431; x_wconf 90' lang='lat' dir='ltr'><strong>et</strong></span> <span class='ocrx_word' id='word_1_797' title='bbox 3387 5347 3596 5428; x_wconf 77' lang='lat' dir='ltr'><strong>averbo.</strong></span> <span class='ocrx_word' id='word_1_798' title='bbox 3620 5349 3721 5444; x_wconf 64' lang='lat' dir='ltr'><strong>‘l&quot;‘_&quot;_&#39;</strong></span> 
     </span>
    </p>
   </div>
   <div class='ocr_carea' id='block_1_114' title="bbox 2357 5440 3797 5540">
    <p class='ocr_par' dir='ltr' id='par_1_114' title="bbox 2357 5440 3797 5540">
     <span class='ocr_line' id='line_1_114' title="bbox 2357 5440 3797 5540; baseline -0.027 -16"><span class='ocrx_word' id='word_1_799' title='bbox 2357 5471 2520 5524; x_wconf 81' lang='lat' dir='ltr'><strong>habeo</strong></span> <span class='ocrx_word' id='word_1_800' title='bbox 2540 5514 2554 5536; x_wconf 94' lang='lat'><strong>,</strong></span> <span class='ocrx_word' id='word_1_801' title='bbox 2584 5471 2762 5539; x_wconf 80' lang='lat' dir='ltr'><strong>habes,</strong></span> <span class='ocrx_word' id='word_1_802' title='bbox 2790 5469 3185 5540; x_wconf 83' lang='lat' dir='ltr'><strong>frequentative</strong></span> <span class='ocrx_word' id='word_1_803' title='bbox 3208 5471 3404 5524; x_wconf 90' lang='lat' dir='ltr'><strong>dictum</strong></span> <span class='ocrx_word' id='word_1_804' title='bbox 3427 5457 3651 5534; x_wconf 86' lang='lat' dir='ltr'><strong>ponimus.</strong></span> <span class='ocrx_word' id='word_1_805' title='bbox 3675 5440 3797 5540; x_wconf 61' lang='lat' dir='ltr'><strong>Dicitltl</strong></span> 
     </span>
    </p>
   </div>
   <div class='ocr_carea' id='block_1_115' title="bbox 2357 5527 3797 5635">
    <p class='ocr_par' dir='ltr' id='par_1_115' title="bbox 2357 5527 3797 5635">
     <span class='ocr_line' id='line_1_115' title="bbox 2357 5527 3797 5635; baseline -0.015 -17"><span class='ocrx_word' id='word_1_806' title='bbox 2357 5579 2486 5620; x_wconf 84' lang='lat' dir='ltr'><strong>vero</strong></span> <span class='ocrx_word' id='word_1_807' title='bbox 2506 5605 2520 5629; x_wconf 90' lang='lat'><strong>,</strong></span> <span class='ocrx_word' id='word_1_808' title='bbox 2551 5574 2605 5618; x_wconf 91' lang='lat' dir='ltr'><strong>et</strong></span> <span class='ocrx_word' id='word_1_809' title='bbox 2629 5565 2795 5619; x_wconf 89' lang='lat' dir='ltr'><strong>David</strong></span> <span class='ocrx_word' id='word_1_810' title='bbox 2833 5563 3122 5632; x_wconf 77' lang='lat' dir='ltr'><strong>magnifice</strong></span> <span class='ocrx_word' id='word_1_811' title='bbox 3153 5560 3366 5635; x_wconf 85' lang='lat' dir='ltr'><strong>gloriari</strong></span> <span class='ocrx_word' id='word_1_812' title='bbox 3394 5562 3558 5614; x_wconf 90' lang='lat' dir='ltr'><strong>contra</strong></span> <span class='ocrx_word' id='word_1_813' title='bbox 3579 5541 3738 5635; x_wconf 58' lang='lat' dir='ltr'><strong>Iudam.</strong></span> 
     </span>
    </p>
   </div>
   <div class='ocr_carea' id='block_1_116' title="bbox 2357 5617 3798 5727">
    <p class='ocr_par' dir='ltr' id='par_1_116' title="bbox 2357 5617 3798 5727">
     <span class='ocr_line' id='line_1_116' title="bbox 2357 5617 3798 5727; baseline 0.008 -19"><span class='ocrx_word' id='word_1_814' title='bbox 2357 5655 2527 5727; x_wconf 86' lang='lat' dir='ltr'><strong>gloria</strong></span> <span class='ocrx_word' id='word_1_815' title='bbox 2555 5657 2912 5710; x_wconf 90' lang='lat' dir='ltr'><strong>habitantium</strong></span> <span class='ocrx_word' id='word_1_816' title='bbox 2939 5617 3403 5723; x_wconf 53' lang='lat' dir='ltr'><strong>JerusaIEmzquia</strong></span> <span class='ocrx_word' id='word_1_817' title='bbox 3433 5643 3522 5716; x_wconf 56' lang='lat' dir='ltr'><strong>iliSi</strong></span> <span class='ocrx_word' id='word_1_818' title='bbox 3544 5617 3798 5727; x_wconf 23' lang='lat' dir='ltr'><strong>malim?“</strong></span> 
     </span>
    </p>
   </div>
   <div class='ocr_carea' id='block_1_117' title="bbox 2360 5720 3883 5818">
    <p class='ocr_par' dir='ltr' id='par_1_117' title="bbox 2360 5720 3883 5818">
     <span class='ocr_line' id='line_1_117' title="bbox 2360 5720 3883 5818; baseline -0.029 -12"><span class='ocrx_word' id='word_1_819' title='bbox 2360 5748 2729 5818; x_wconf 85' lang='lat' dir='ltr'><strong>superbiendi,</strong></span> <span class='ocrx_word' id='word_1_820' title='bbox 2773 5756 3084 5805; x_wconf 90' lang='lat' dir='ltr'><strong>nostrorum</strong></span> <span class='ocrx_word' id='word_1_821' title='bbox 3115 5747 3258 5804; x_wconf 87' lang='lat' dir='ltr'><strong>facta</strong></span> <span class='ocrx_word' id='word_1_822' title='bbox 3301 5720 3557 5802; x_wconf 85' lang='lat' dir='ltr'><strong>humiliare</strong></span> <span class='ocrx_word' id='word_1_823' title='bbox 3586 5720 3796 5784; x_wconf 65' lang='lat' dir='ltr'><strong>volentium</strong></span> <span class='ocrx_word' id='word_1_824' title='bbox 3882 5791 3883 5796; x_wconf 11' lang='grc' dir='ltr'><strong>η</strong></span> 
     </span>
    </p>
   </div>
  </div>
