4012 6346
152 406 269 463 809

1144 398 1368 457 GESTA
1397 393 1507 455 DEI
1538 396 1672 454 PER
1694 391 2037 453 FRANCOS.
2068 424 2137 436 --
2179 394 2309 452 LIB.
2346 393 2483 451 VIII.

3333 399 3443 461 810

236 535 256 568 ι
281 516 353 571 .ln
383 515 470 571 die
506 515 631 583 illa,
658 524 908 585 proteget
940 516 1199 570 Dommus
1224 513 1558 570 habitatores
1585 513 1744 569 Jeru-
1770 514 1818 572 A
1852 510 1909 565 in
1936 510 2458 581 opportunitatibus,
2483 509 2537 564 in
2567 508 2919 569 tribulatione
2940 521 3440 602 ,θυεμ-[ἔωθ-

146 608 331 665 salem
386 607 571 681 (Zaclt.
600 625 711 676 xu,
741 611 819 682 8).
859 630 877 663 ι
927 610 996 665 Ει
1038 608 1286 680 nunquid
1314 623 1424 665 non
1476 610 1746 680 hodieque

147 700 417 774 protegit,
445 717 602 773 quos,
632 716 864 758 cuneum
892 703 1057 759 nimis
1085 702 1308 771 exilem,
1339 703 1397 759 in
1439 703 1743 759 meditullio

147 794 479 867 gentilitatis
535 795 759 852 infinita:
806 794 1096 852 defendit?
1139 796 1457 855 Audacibus
1503 796 1747 867 quotidie

148 896 351 957 gentes
384 888 671 959 contiguas
700 888 870 943 armis
899 889 1118 944 irritant
1155 906 1170 943 :
1218 899 1274 944 et
1324 888 1457 959 ipsis
1489 889 1623 944 satis
1663 898 1749 944 est

148 982 412 1053 gentibus
447 982 496 1038 si
527 997 586 1038 se
635 983 704 1039 ah
760 996 948 1037 eorum
993 982 1306 1040 incursione
1350 982 1742 1054 praemuniant,

149 1077 357 1134 nedum
386 1077 637 1135 obsidere
665 1086 1017 1149 praesumant.

238 1213 257 1246 ι
301 1193 370 1249 Ει
405 1194 538 1260 erit,
577 1193 669 1264 qui
694 1191 980 1249 oﬂ‘enderit
1006 1207 1073 1248 ex
1120 1193 1202 1249 eis
1238 1193 1291 1249 in
1324 1191 1412 1248 die
1440 1191 1554 1259 illa,
1590 1192 1747 1262 quasi

148 1286 363 1352 David;
428 1295 486 1341 et
538 1288 729 1343 domus
763 1286 955 1354 David,
998 1286 1155 1357 quasi
1188 1286 1305 1352 Dei,
1336 1286 1478 1342 sicut
1524 1286 1748 1357 angelus

150 1376 402 1443 Domini,
437 1377 493 1431 in
542 1386 835 1446 conspectu
874 1376 991 1447 ejus
1019 1376 1209 1448 (Ibid).
1258 1395 1278 1429 ι
1332 1377 1435 1433 Vix
1474 1377 1748 1433 invenitur

146 1465 329 1523 David
394 1469 670 1539 quidpiam
704 1471 941 1540 graviter
992 1469 1302 1540 deliquisse,
1344 1470 1497 1543 cujus
1529 1484 1746 1541 pcenam

143 1565 557 1627 consequenter
605 1573 715 1615 non
768 1559 981 1631 legatur
1037 1560 1095 1615 in
1140 1561 1396 1631 praesenti
1454 1562 1745 1632 recepisse.

144 1648 478 1719 Quicunque
525 1650 689 1722 igitur
740 1667 808 1708 ex
865 1653 1068 1710 nostris
1111 1652 1429 1722 offenderit,
1496 1655 1543 1711 si
1593 1656 1749 1725 quasi

146 1740 353 1806 David,
387 1742 513 1798 dum
544 1758 654 1800 non
681 1758 869 1800 eorum
896 1754 992 1800 aut
1024 1745 1271 1801 luxurias
1300 1744 1415 1800 sive
1442 1745 1745 1817 superbias,

144 1832 305 1888 inter
332 1835 589 1903 eundum,
619 1835 761 1891 sicut
793 1836 1046 1908 superius
1083 1836 1365 1891 continent
1403 1845 1574 1908 gesta,
1606 1837 1749 1894 Deus
1780 1874 1825 1930 Β

146 1922 278 1993 ipse
297 1924 563 1995 impunita
583 1926 829 1997 reliquit;
878 1928 972 1983 sed
1008 1942 1159 1994 mox,
1180 1927 1324 1982 inter
1354 1927 1589 1985 ineuntis
1616 1944 1749 2000 pec-

147 2015 270 2071 cati
327 2030 639 2087 successus,
674 2034 796 2090 quze
845 2034 1119 2087 meruere,
1166 2018 1398 2075 celerius
1443 2027 1537 2075 aut
1562 2018 1747 2088 famis,

143 2114 255 2161 aut
307 2108 668 2178 quarumlibet
721 2108 1099 2165 difﬁcultatum
1147 2118 1419 2166 tormenta
1474 2112 1745 2182 rependit.

148 2194 318 2253 Unde
377 2208 432 2254 et
482 2199 672 2256 domus
723 2201 895 2257 David
956 2201 1110 2272 quasi
1151 2201 1248 2256 Dei
1302 2199 1568 2269 edicitur,
1621 2205 1753 2273 quia

144 2304 257 2360 per
294 2288 488 2345 divinae
538 2292 899 2363 correptionis
954 2293 1272 2371 instantiam
1326 2294 1395 2349 ad
1451 2294 1752 2366 spiritualis

148 2380 351 2451 gratiae
373 2391 695 2453 conceptum
727 2384 953 2440 reditur.
1014 2384 1222 2453 Quibus
1272 2385 1417 2441 enim
1461 2386 1626 2456 Deus,
1672 2390 1751 2444 uti

151 2477 436 2545 quondam
464 2477 665 2548 David,
716 2490 946 2551 paterne
998 2482 1340 2554 disciplinam
1390 2486 1616 2556 irrogat,
1650 2485 1752 2542 hos

149 2564 346 2622 statim
380 2582 413 2621 a
457 2583 569 2624 suae
617 2570 989 2641 inspirationis
1042 2573 1329 2644 complexu
1360 2588 1468 2629 non
1511 2574 1746 2631 abdicat.

146 2656 245 2714 Fit
285 2674 501 2732 quoque
554 2661 609 2718 in
666 2661 766 2718 Dei
814 2675 1107 2735 conspectu
1147 2674 1208 2720 ut
1269 2670 1494 2738 angelus
1534 2683 1552 2723 :
1623 2669 1755 2740 quia

150 2748 288 2806 dum
321 2766 420 2822 per
459 2753 801 2810 imminentia
846 2754 1057 2828 ﬂagella
1092 2759 1256 2816 homo
1301 2759 1567 2832 conspicit
1620 2775 1679 2817 se
1718 2776 1755 2817 a

153 2839 295 2906 suis,
321 2839 434 2897 Deo
467 2852 711 2913 auctore,
736 2845 904 2900 eximi
936 2844 1244 2913 affectibus,
1276 2848 1450 2905 Deum
1494 2849 1645 2906 illico
1671 2850 1754 2905 di-

150 2930 323 3001 ligere
351 2932 585 2990 intendit
615 2935 898 2993 ardentius
960 2956 974 2992 :
1019 2939 1147 2994 dum
1199 2940 1344 2996 enim
1398 2956 1457 2997 se
1497 2944 1756 3014 castigari

153 3025 432 3094 cognoscit
475 3032 536 3081 ut
576 3025 778 3095 filium,
816 3037 964 3085 amat
999 3038 1062 3086 ut
1122 3030 1364 3101 angelus.
1415 3032 1511 3088 Dei
1574 3041 1755 3090 autem

162 3123 511 3184 conspectus,
537 3116 659 3187 pius
678 3126 766 3172 est
786 3117 1020 3175 hominis
1046 3119 1323 3175 interioris
1348 3119 1601 3199 allectus,

237 3262 259 3296 ι
291 3244 359 3300 Ει
404 3250 512 3303 erit
541 3248 598 3302 in
628 3249 717 3305 die
765 3249 885 3317 illa;
937 3265 1176 3321 quaeram
1224 3260 1509 3309 conterere
1562 3269 1755 3312 omnes

86 3362 101 3375 ι
153 3333 323 3407 440
373 3346 561 3409 gentes
597 3353 716 3409 quae
754 3341 979 3397 veniunt
1011 3351 1201 3398 contra
1226 3342 1526 3402 Jerusalem
1564 3346 1753 3419 (Zach.

156 3443 259 3494 xu,
290 3427 367 3499 9).
399 3448 420 3482 ι
453 3430 530 3484 Ea
552 3430 790 3488 solemus
818 3448 1085 3503 quaerere,
1130 3451 1250 3506 qua:
1279 3454 1378 3495 nos
1425 3447 1635 3495 certum
1672 3450 1757 3497 est

156 3521 262 3577 sub
304 3521 478 3579 oculis
513 3539 622 3579 non
646 3525 869 3583 habere.
918 3527 1058 3595 Quid
1087 3546 1218 3588 vero
1245 3532 1340 3588 Dei
1368 3542 1452 3590 est
1485 3549 1751 3604 quaerere,

156 3614 263 3670 nisi
298 3616 399 3670 sub
441 3625 661 3672 aeternae
690 3619 1014 3689 provisionis
1036 3625 1324 3681 vocatione
1352 3625 1601 3682 facienda
1628 3641 1756 3697 pro-

155 3708 397 3778 ponere?
447 3707 653 3776 Quaerit
704 3727 836 3783 ergo
886 3712 1028 3769 Deus
1053 3724 1336 3773 conterere
1390 3732 1580 3774 omnes
1626 3733 1757 3789 gen-

161 3808 247 3856 tes
296 3816 419 3873 quae
455 3812 647 3859 contra
687 3802 985 3861 Jerusalem
1029 3806 1277 3874 veniunt,
1311 3815 1368 3864 et
1407 3807 1512 3865 hoc
1571 3808 1628 3863 in
1670 3809 1757 3867 die

159 3890 256 3945 illa
310 3909 324 3945 :
390 3893 517 3963 quia
581 3894 765 3950 subtili
807 3910 905 3952 suo
938 3895 1146 3966 judicio
1186 3899 1435 3969 providet
1484 3915 1549 3956 ac
1608 3902 1758 3958 ordi-

158 3992 254 4038 nat
287 3985 432 4053 quod
455 4000 550 4042 eos
582 3987 674 4057 qui
702 3986 827 4042 fidei
856 3991 1131 4046 contraria
1159 4001 1326 4065 agunt
1362 4001 1459 4048 aut
1491 4005 1753 4066 perpetua

159 4078 511 4135 damnatione
526 4089 791 4148 conterat,
815 4090 909 4138 aut
936 4094 1202 4153 quantum
1224 4094 1435 4156 spectat
1454 4088 1522 4143 ad
1548 4089 1756 4145 exami-

154 4171 440 4227 nationem
472 4189 583 4229 suae
610 4174 854 4245 ipsorum
889 4176 1225 4248 fragilitatis,
1259 4181 1570 4237 imminuat.
1604 4181 1757 4239 Unde

152 4270 263 4328 est,
294 4280 315 4314 ε
343 4261 650 4335 Tanquam,
671 4266 914 4339 i'inquit,
934 4272 937 4273 '
956 4286 975 4319 ι
1004 4284 1101 4324 vas
1126 4271 1273 4340 figuli
1300 4273 1612 4343 confringes
1637 4288 1752 4341 eos,

152 4368 302 4425 quos
347 4357 555 4413 rexeris
602 4359 656 4414 in
714 4360 865 4431 virga
892 4359 1069 4416 ferrea
1110 4359 1285 4433 (Psal.
1333 4379 1395 4430 ll,
1429 4364 1507 4436 9).
1543 4383 1564 4417 ι
1600 4363 1757 4432 Quod

152 4452 348 4499 tamen
376 4444 504 4502 facit
528 4447 671 4504 Deus
709 4448 1071 4507 illustratione
1094 4452 1331 4518 interna,
1364 4468 1485 4523 quae
1513 4462 1597 4511 est
1623 4469 1754 4525 pro-

149 4534 309 4590 fecto
338 4535 480 4602 dies;
524 4538 619 4593 sed
643 4537 756 4606 illa,
786 4554 906 4611 quae
925 4541 1158 4611 exprimi
1178 4541 1430 4599 videlicet
1453 4559 1562 4600 non
1585 4544 1756 4616 possit

150 4626 581 4685 ratiocinatione
612 4628 743 4685 ulla.

238 4778 261 4813 ι
308 4761 375 4818 Et
409 4761 684 4820 eﬁ‘undam
713 4778 879 4836 super
904 4766 1122 4822 domum
1151 4767 1345 4835 David,
1382 4778 1439 4826 et
1467 4786 1631 4842 super
1659 4771 1757 4829 ha-

148 4851 429 4909 bitatores
473 4853 810 4925 Jerusalem,
865 4857 1117 4929 spiritum
1181 4860 1370 4931 gratia:
1427 4870 1484 4917 et
1532 4877 1758 4933 precum

150 4941 322 5016 (Luc.
368 4958 471 5011 xu,
517 4944 628 5017 10).
685 4948 833 5018 Ipsos
881 4948 1217 5005 habitatores
1257 4951 1559 5009 Jerusalem
1608 4954 1760 5013 dixe-

152 5035 270 5089 rim
318 5035 538 5089 domum
588 5035 791 5103 David;
848 5053 984 5109 quos
1046 5039 1385 5111 omnipotens
1440 5041 1623 5113 Deus,
1678 5052 1759 5101 et—

156 5127 211 5183 si
253 5126 631 5198 frequentibus
678 5129 921 5186 victoriis
969 5132 1191 5188 donavit
1220 5142 1275 5190 et
1302 5135 1489 5200 donat,
1544 5139 1763 5194 creber-

157 5220 325 5275 rimis
352 5229 531 5278 tamen
547 5221 859 5280 infortuniis
879 5224 1120 5282 edomuit
1139 5236 1195 5283 et
1218 5228 1491 5285 redomuit
1516 5249 1530 5285 :
1558 5241 1615 5288 et
1632 5232 1759 5289 dum

159 5331 265 5372 eos
292 5331 394 5373 nec
419 5317 830 5374 continuatione
860 5319 1126 5374 malorum
1159 5322 1449 5392 desperare
1472 5322 1759 5394 permittit,

158 5425 274 5466 nec
299 5411 617 5466 assiduitate
646 5412 913 5467 bonorum
962 5413 1243 5483 superbire
1293 5415 1445 5481 sinit,
1500 5416 1759 5486 Spiritum

161 5504 360 5575 gratiae
393 5516 448 5561 et
483 5520 703 5578 precum
754 5523 918 5579 super
952 5509 1125 5580 ipsos,
1158 5510 1278 5579 pius
1320 5510 1626 5566 necessario
1649 5512 1763 5583 jam

165 5598 511 5666 dispensator
582 5596 839 5666 effundit;
895 5609 955 5656 ut
1004 5602 1132 5657 dum
1206 5602 1353 5657 nulla
1408 5602 1761 5674 prosperitas,

166 5702 296 5759 qua:
324 5689 485 5745 etiam
527 5689 801 5761 perfectos
826 5707 1072 5763 quosque
1100 5692 1337 5757 resolvit,
1373 5692 1491 5749 sine
1517 5692 1762 5764 subjecta

168 5797 301 5838 mox
335 5784 664 5840 adversitate
708 5784 812 5840 sibi
851 5786 1097 5843 arridere
1126 5786 1361 5855 videtur,
1403 5804 1620 5860 semper
1647 5790 1765 5846 ani-

166 5888 299 5935 mus
334 5875 768 5946 inquietudinum
798 5877 1038 5943 timidus,
1075 5880 1141 5934 ad
1173 5895 1295 5937 eum
1318 5881 1409 5950 qui
1440 5880 1655 5953 adjutor
1680 5891 1763 5939 est

611 5971 886 6032 PATROL.
931 5966 1120 6031 CLVI

1781 3232 1828 3296 C

3096 587 3397 607 ,uwml

1850 610 1959 657 tur.

1917 693 2061 749 Ecce
2097 692 2213 761 jam
2241 695 2479 763 seposito
2516 696 2663 752 omni
2698 696 2983 768 mysterio,
3019 698 3315 755 materialis
3344 699 3440 758 illa

1849 790 2170 857 Jerusalem,
2192 796 2393 862 quanta
2423 800 2678 862 putamus
2715 792 3011 864 aliquoties
3038 795 3139 850 sub
3165 793 3440 853 dubietate

1850 892 1906 940 et
1943 884 2137 939 timore
2165 896 2225 938 se
2277 883 2507 949 habeat,
2546 884 2697 950 dum,
2732 884 2889 955 juxta
2918 885 3253 942 Ezechielem
3294 888 3435 960 (cap.

1848 991 1907 1044 v,
1937 975 2013 1047 5),
2045 975 2101 1030 in
2140 974 2320 1031 medio
2350 976 2596 1046 gentium
2636 989 2695 1030 se
2746 977 2978 1032 attendit
3014 980 3266 1049 positam,
3296 989 3353 1037 et
3379 981 3440 1038 in

1851 1065 2082 1122 circuitu
2121 1079 2219 1120 suo
2249 1072 2461 1135 gentes,
2512 1062 3017 1132 circumjacentium
3050 1071 3329 1128 nationum
3356 1074 3441 1129 in-

1850 1158 2139 1223 ﬁnitatem,
2170 1172 2284 1213 suae
2304 1158 2456 1212 urbis
2478 1157 2829 1215 considerans
2850 1161 3199 1229 paucitatem.
3220 1164 3287 1218 Et
3309 1165 3441 1222 dum

1850 1250 2145 1307 barbarum
2163 1249 2407 1321 gentium
2426 1249 2767 1321 irruptiones
2780 1250 3150 1308 indesinenter
3164 1263 3439 1319 metuunt.

1851 1342 1957 1398 nisi
2006 1341 2395 1399 miserabiliter
2442 1343 2735 1415 desipiunt,
2768 1361 3045 1417 nunquam
3089 1346 3294 1418 absque
3338 1349 3440 1405 Dei

1852 1434 2068 1491 timoris
2096 1445 2152 1490 et
2194 1434 2394 1490 amoris
2433 1434 2610 1506 gratia
2638 1446 2783 1503 sunt,
2813 1438 3011 1508 quibus
3038 1451 3314 1509 nunquam
3339 1439 3444 1509 piae

1853 1527 2159 1583 affectionis
2176 1541 2238 1582 ac
2265 1541 2487 1598 precum
2509 1529 2750 1585 materiae
2773 1530 2989 1586 desunt.
3013 1530 3164 1586 Solet
3183 1531 3444 1587 nimirum

1853 1622 2240 1693 Omnipotens,
2268 1620 2472 1676 aculeis
2514 1622 2927 1689 adversitatum,
2956 1623 3024 1678 ad
3052 1623 3135 1678 sui
3186 1623 3441 1678 recorda‘
3504 1652 3511 1655 τ

1854 1715 2058 1772 tionem
2093 1714 2394 1771 sollicitare
2422 1729 2553 1772 suos
2590 1734 2604 1769 :
2653 1716 2792 1771 solet
2840 1714 3237 1772 titillationibus
3261 1714 3444 1771 carnis

1855 1814 2077 1871 inurere
2105 1824 2344 1880 mentes,
2377 1821 2435 1867 ut
2465 1814 2695 1881 scilicet,
2727 1813 2857 1868 dum
2904 1812 3117 1868 ruinam
3162 1814 3441 1873 metuunt,

1851 1909 1996 1964 votis
2027 1923 2090 1964 ac
2118 1907 2481 1973 orationibus,
2515 1906 2612 1964 Dei
2645 1903 2888 1962 subsidio
2917 1918 3132 1975 semper
3166 1899 3446 1957 invenian-

1854 2006 1945 2056 tur
1973 1998 2229 2056 acclives.

2478 2092 2708 2151 CAPUT
2748 2093 2814 2149 V.

1927 2188 2123 2262 [XXL]
2174 2188 2600 2243 Christianorum
2649 2184 2975 2241 calamitates
3024 2180 3347 2237 recoluntur.
3376 2208 3450 2221 —-

1856 2280 2106 2337 Dixrmus
2136 2294 2243 2335 non
2270 2278 2461 2344 semel,
2491 2276 2758 2334 sed'forte
2785 2274 3086 2340 multoties,
3113 2286 3213 2327 nec
3242 2278 3451 2341 repete-

1854 2389 1918 2429 re
1943 2373 2090 2445 pigct
2122 2391 2135 2426 :
2187 2371 2293 2428 tale
2321 2371 2450 2441 quid
2480 2383 2750 2439 nusquam
2783 2367 3023 2438 gentium
3056 2381 3087 2420 a
3136 2363 3335 2420 saeculo
3368 2361 3451 2417 fa-

1858 2470 2026 2518 ctum.
2062 2461 2122 2516 Si
2169 2460 2263 2516 ﬁlii
2304 2459 2492 2526 Israel,
2523 2458 2802 2514 miraculis
2833 2472 2954 2528 quae
2982 2464 3110 2511 ante
3154 2469 3249 2510 eos
3279 2454 3454 2523 egerit

1858 2553 2122 2610 Dominus
2165 2552 2299 2608 mihi
2323 2569 2329 2576 δ
2351 2550 2661 2607 inferuntur
2694 2550 2921 2621 objectis
2953 2589 2968 2616 ,
3022 2548 3110 2603 his
3137 2563 3239 2618 ego
3280 2545 3452 2601 multo

1858 2646 2164 2703 mirabilius
2194 2652 2437 2701 astruam
2465 2656 2618 2698 mare
2671 2640 3087 2698 confertissima:
3132 2636 3454 2709 gentilitatis

1859 2750 2142 2813 apertum;
2192 2738 2278 2794 his
2335 2736 2573 2793 interdiu
2627 2751 2696 2792 ex
2733 2734 2983 2790 columna
3032 2731 3234 2788 nubem
3281 2727 3455 2785 divini

1861 2833 2097 2899 timoris,
2152 2838 2317 2887 noctu
2350 2829 2534 2886 lumen
2564 2828 2761 2885 divinae
2789 2827 2903 2897 spei
2932 2823 3232 2897 perhibebo
3256 2820 3455 2893 praebi-

1860 2934 2007 2997 tum,
2053 2924 2250 2996 quibus
2295 2922 2547 2979 Christus
2581 2921 2699 2992 ipse
2728 2920 2980 2976 columna
3018 2914 3359 2973 rectitudinis
3388 2928 3455 2967 ac
3478 2908 3497 2923 “

1861 3016 2197 3073 fortitudinis
2230 3014 2521 3085 inspiravit
2554 3010 2835 3081 exempla;
2879 3024 3017 3081 quos
3056 3006 3208 3063 verbi
3247 3005 3362 3069 Dei,
3390 3018 3457 3059 ac

1862 3110 1910 3167 si
1938 3125 2137 3164 manna
2167 3107 2411 3173 caeleste,
2441 3105 2649 3174 absque
2670 3102 2832 3158 ullius
2859 3109 3090 3156 terrenae
3116 3097 3251 3168 spei,
3278 3095 3455 3151 solum

1864 3198 1988 3273 [al.,
2022 3196 2239 3270 solatio]
2270 3194 2603 3253 confortavit
2643 3192 2906 3250 edulium.
2953 3190 3037 3245 Illi
3067 3187 3265 3259 pabula
3302 3186 3456 3243 coeli-

1863 3298 1949 3346 tus
1998 3290 2305 3346 ministrata
2368 3287 2680 3351 fastidiunt;
2753 3283 3052 3356 [Egyptum
3098 3280 3453 3345 derelictam,

1857 3383 2054 3442 crebro
2106 3382 2379 3438 mentibus
2407 3390 2463 3435 et
2501 3393 2636 3435 voce
2663 3376 2950 3441 revisunt;
3005 3374 3094 3431 isti
3146 3374 3287 3429 sicut
3317 3371 3456 3427 nihil

1857 3489 2100 3544 unquam
2140 3471 2518 3545 retrogradum
2552 3458 2878 3534 moliuntur,
2930 3467 3004 3522 ita
3055 3464 3317 3535 quidquid
3363 3477 3457 3533 pe-

1857 3567 2031 3623 nuriae
2085 3580 2149 3621 ac
2194 3563 2541 3622 necessitatis
2587 3560 2879 3633 ingruerit,
2925 3559 3207 3615 vivacibus
3257 3558 3455 3614 animis

1859 3658 2280 3730 amplectuntur.
2312 3655 2474 3712 Certe
2504 3654 2595 3710 illa
2625 3654 2768 3724 apud
2794 3650 3145 3709 Antiochiam
3180 3648 3457 3705 celebrata

1858 3750 2170 3814 calamitas,
2224 3762 2344 3820 quae
2394 3747 2774 3820 frequentibus
2822 3743 3211 3818 propemodum
3258 3742 3456 3798 inediis

1857 3842 2147 3910 oscitabat,
2176 3855 2283 3897 non
2306 3840 2425 3896 sine
2470 3840 2793 3911 quibusdam
2824 3838 3098 3895 nobilibus
3127 3835 3456 3909 spectaculis

1858 3934 2092 3991 traditur
2122 3933 2427 3990 exstitisse.
2461 3932 2580 4000 Qua
2628 3938 2908 4003 putamus,
2940 3930 3084 3985 inter
3110 3928 3254 3984 illius
3279 3927 3459 3983 omni:

1857 4029 2033 4085 modae
2052 4027 2310 4099 egestatis
2331 4025 2533 4092 exitia,
2557 4040 2666 4096 qua
2699 4025 2776 4081 nil
2803 4024 3002 4095 aegrius
3034 4025 3176 4095 apud
3205 4021 3454 4077 homines

1858 4118 2207 4178 consueverit
2234 4116 2489 4183 tolerari,
2523 4115 2976 4189 magnanimitate
3035 4130 3095 4171 se
3148 4112 3452 4185 gesserint,

1856 4211 1951 4283 qui
1983 4208 2291 4267 Christiana
2350 4210 2587 4276 theatra,
2649 4209 2727 4264 illi
2783 4208 2973 4280 procul
3017 4208 3182 4265 dubio
3222 4205 3454 4276 tempori

1857 4317 1923 4359 ac
1955 4303 2077 4359 loco
2097 4301 2496 4368 convenientia,
2528 4316 2639 4358 non
2667 4301 3018 4373 spreverint?
3178 4304 3181 4305 '

1929 4393 2009 4447 Dc
2048 4392 2280 4463 parvulis
2310 4410 2429 4448 cum
2480 4393 2717 4464 patribus
2755 4390 3140 4461 Jerasolymam
3181 4390 3451 4460 profectis.

1858 4485 2181 4541 Eorumdem
2223 4484 2567 4555 parvulorum
2617 4483 2896 4538 exercitus.
2932 4511 3004 4521 —
3041 4481 3217 4537 Plane
3253 4482 3322 4537 ab
3368 4481 3454 4539 his

1776 4597 1832 4659 D
1858 4579 1952 4652 qui
1982 4576 2279 4634 interfuere
2315 4576 2570 4645 refertur,
2603 4593 2730 4633 cum
2775 4576 2970 4632 civitas
3004 4576 3192 4632 eadem
3228 4576 3450 4633 obside-

1860 4678 2036 4738 retur,
2072 4678 2128 4726 et
2179 4671 2388 4727 crebris
2441 4669 2823 4743 congressibus
2857 4669 3173 4725 obsessores
3201 4678 3256 4726 et
3279 4668 3455 4726 urbici

1860 4762 2249 4829 miscerentur,
2280 4761 2445 4817 fiebat
2474 4760 2775 4831 saepissime
2803 4770 2865 4817 ut
2910 4760 3043 4816 viris
3065 4761 3193 4817 hinc
3222 4760 3457 4832 indeque

1861 4853 2203 4920 cedentibus,
2237 4861 2292 4909 et
2334 4852 2594 4924 impetum
2619 4852 2863 4908 vicissim
2894 4852 3121 4909 consilio
3152 4866 3216 4906 ac
3242 4852 3457 4908 ratione

1861 4945 2226 5013 frenantibus,
2252 4957 2545 5015 puerorum
2577 4943 2829 5000 examina
2855 4958 2984 5016 pars
3010 4957 3079 4999 ex
3101 4944 3237 4999 urbe
3263 4957 3457 5014 proce-

1862 5039 2074 5107 derent,
2112 5054 2243 5110 pars
2277 5053 2347 5095 ex
2396 5046 2710 5094 nostrorum
2754 5036 2880 5094 filiis
2914 5053 2946 5094 e
2975 5038 3193 5094 diverso
3219 5036 3452 5103 coirent,

1862 5132 2181 5204 pariterque
2241 5130 2545 5203 dignissimi
2602 5130 3013 5202 exspectatione
3075 5128 3453 5200 confligerent.

1865 5224 2021 5282 Sicut
2040 5239 2277 5296 namque
2324 5224 2380 5280 in
2411 5225 2637 5281 exordio
2686 5222 2847 5290 hujus
2876 5222 3119 5279 historiae
3142 5222 3456 5293 retulimus,

1864 5333 1986 5375 cum
2013 5320 2157 5389 apud
2182 5317 2549 5375 occidentales
2575 5317 2824 5387 regiones
2844 5316 3277 5386 percrebruisset
3299 5330 3459 5375 .ero-

1866 5412 2193 5485 solymitana
2223 5411 2510 5484 profectio,
2534 5420 2721 5482 patres
2760 5424 2885 5465 cum
2914 5409 3159 5480 parvulis
3204 5409 3329 5467 filiis
3352 5412 3457 5469 hoc

1865 5505 2043 5576 ipsum
2073 5503 2530 5576 aggrediebantur
2575 5502 2701 5558 iter.
2730 5500 2887 5558 Unde
2916 5501 3114 5558 accidit
3140 5511 3202 5559 ut
3224 5505 3456 5561 mortuis

1864 5598 2191 5669 parentibus
2234 5597 2563 5668 aliquorum,
2612 5594 2718 5665 ipsi
2748 5595 2963 5667 pueruli
2991 5603 3457 5668 prosequerentur

1866 5691 2192 5759 exercitum,
2232 5689 2404 5746 labori
2467 5698 2897 5757 assuescerent,
2953 5702 3029 5757 et,
3070 5699 3334 5761 quantum
3384 5689 3457 5745 ad

1866 5784 2061 5855 inopiae
2112 5782 2461 5839 tolerantiam
2488 5785 2709 5853 attinet,
2743 5783 3044 5857 majoribus
3069 5784 3306 5855 impares
3330 5779 3455 5836 nul-

1865 5880 2076 5937 latenus
2101 5886 2303 5936 essent.
2337 5877 2402 5935 lli
2431 5879 2613 5953 igitur,
2634 5897 2731 5954 per
2752 5896 2810 5937 se
2840 5880 3054 5951 agmine
3071 5872 3451 5959 facto,princi-
