4012 6346
599 314 704 370 su

599 441 701 502 pes
731 425 815 481 sui
850 424 1087 495 ipsorum
1134 430 1198 472 ex
1223 426 1286 468 se
1307 414 1612 471 craverant,
1645 404 1733 460 ille
1783 400 2027 473 Hugonis
2079 397 2196 452 Ma-
2224 403 2278 465 Α

605 491 718 592 gni,
743 517 830 573 ille
851 491 1169 574 ﬁoemundi,
1211 506 1301 560 hic
1341 493 1715 564 FlandrenSis,
1750 494 1854 550 iste
1876 491 2199 547 Northman-

604 585 720 668 l—Iici
757 603 1059 670 vocabula,
1094 607 1150 655 et
1197 595 1430 651 aliorum
1460 590 1551 644 alii
1599 585 1858 660 praeferre
1909 593 2194 652 personas.

604 705 712 776 Ipsi
737 699 949 773 quoties
994 693 1097 750 sibi
1127 689 1404 760 subjectos
1429 682 1814 750 alimoniarum
1841 675 2070 748 penuria
2108 687 2200 728 ve-

607 767 730 856 xari
763 791 1164 862 conspicerent,
1214 783 1283 838 ad
1322 796 1416 836 eos
1459 791 1595 850 quos
1625 771 2029 845 praelibavimus
2053 767 2202 839 prin-

608 894 784 964 cipes,
811 882 1067 942 victualia
1101 875 1344 951 rogaturi
1373 872 1616 928 abibant.
1641 866 1850 936 Quibus
1885 862 2047 918 iidem
2075 873 2200 932 pro—

610 954 764 1054 ceres
793 978 1027 1052 plurima
1058 972 1451 1046 largiebantur,
1480 964 1624 1020 unde
1663 974 1853 1017 eorum
1879 954 2204 1014 convenien-

610 1089 698 1136 ter
727 1070 1074 1130 imbecillitas
1101 1068 1357 1122 aleretur.
1397 1060 1546 1116 Talis
1577 1072 1708 1129 ergo
1737 1063 1958 1124 tamque
1987 1055 2206 1121 specta-

610 1169 738 1226 bilis
765 1165 980 1230 militia,
1031 1161 1304 1216 urbanam
1331 1153 1624 1228 pueritiam
1675 1148 1869 1204 crebro
1917 1144 2202 1208 lacessere,

612 1263 803 1334 longas
855 1255 1151 1314 arundines
1205 1267 1306 1322 pro
1355 1249 1478 1304 telis
1529 1246 1754 1308 habere,
1805 1241 1870 1296 de
1911 1237 2206 1294 viminibus

615 1333 773 1420 scuta
825 1358 1136 1411 contexere,
1189 1342 1407 1399 arcillos
1461 1348 1625 1408 atque
1678 1333 1932 1400 missilia,
1966 1345 2065 1401 pro
2109 1343 2207 1383 suo

620 1449 821 1520 quique
846 1442 1030 1507 modo,
1061 1448 1298 1511 gestare.
1333 1434 1428 1489 llis
1473 1434 1657 1503 itaque
1686 1439 1743 1484 ct
1772 1424 2206 1489 civitatensibus,

621 1513 920 1611 grandaevis
949 1548 1018 1588 ex
1062 1539 1294 1598 utraque
1337 1534 1495 1596 parte
1523 1517 1915 1593 spectantibus,
1943 1513 2120 1570 medio
2155 1514 2210 1568 in

621 1644 817 1700 campo
865 1611 1207 1698 congressis,
1256 1617 1433 1674 urbici
1493 1614 1712 1686 quidem
1772 1625 1839 1664 ex
1891 1605 2160 1663 moenibus
2193 1644 2209 1670 ,

620 1695 796 1779 nostri
821 1695 1003 1776 autem
1024 1731 1123 1787 pro
1159 1709 1520 1785 papilionibus
1544 1701 1952 1774 exspectabant.
1979 1699 2112 1754 Erat
2137 1695 2212 1751 ibi

623 1828 850 1872 cernere
891 1812 1128 1879 impetus
1207 1804 1262 1858 in
1317 1801 1547 1857 invicem
1629 1794 2021 1856 conclamatos,
2075 1791 2216 1845 ictus

625 1907 746 1963 sine
771 1903 876 1958 ulla
909 1911 1090 1956 tamen
1120 1895 1376 1952 mortium
1407 1890 1714 1962 suspicione
1753 1894 2029 1941 cruentos.
2048 1880 2207 1954 44],

626 1998 755 2055 Haec
777 2011 918 2066 saepe
945 1990 1200 2064 praeludia
1241 1985 1506 2056 majorum
1539 1983 1606 2037 ad
1632 1977 1908 2036 iterandos
1935 1973 2234 2031 conflictus‘

625 2087 926 2163 praecordia
954 2082 1318 2140 concitabant.
1352 2078 1487 2132 Dum
1511 2071 1657 2128 enim
1680 2071 1891 2124 animos
1912 2065 2014 2121 sub
2052 2078 2222 2118 meme

626 2156 742 2238 bris
800 2174 1152 2247 impotentius
1205 2169 1327 2244 [al.,
1360 2159 1774 2239 impotentibus]
1833 2158 2046 2214 fervere
2071 2156 2221 2210 vide-

628 2283 774 2340 rent,
806 2273 932 2328 dum
981 2267 1071 2324 illa
1123 2263 1525 2335 qualiacunque
1583 2253 1828 2311 imbelles
1877 2247 2223 2318 conspiciunt

631 2339 892 2420 alacriter
945 2373 1097 2415 arma
1132 2367 1352 2410 movere
1372 2352 1631 2410 lacertos,
1666 2343 1795 2398 dum
1833 2339 2223 2395 alterutrorum

632 2452 948 2512 larsionibus
978 2449 1205 2505 diversm
1226 2439 1691 2516 prospectantium
1715 2443 1898 2505 partes
1920 2432 2225 2500 ingemunt,

636 2542 703 2596 ad
731 2541 916 2603 solita,
973 2512 1251 2590 dimotisc
1301 2529 1480 2584 medio
1528 2523 1734 2596 pueris,
1786 2518 2029 2574 seniores
2087 2512 2226 2568 bella

639 2638 999 2689 concurrunt.
1029 2627 1104 2681 lta
1139 2622 1486 2679 Dominicum
1542 2615 1846 2672 exercitum
1875 2611 1964 2664 vix
1995 2605 2227 2663 inveniri

640 2725 944 2792 contigerat
980 2719 1253 2781 feriatum,
1288 2715 1411 2769 dum
1440 2713 1493 2766 hi
1525 2710 1904 2770 instituuntur,
1939 2701 2016 2758 illi
2050 2699 2232 2772 quoti-

641 2816 727 2869 die
757 2819 1101 2868 exercentur.

716 2892 928 2975 [XXIL]
957 2899 1294 2970 Nudipedum
1315 2894 1594 2957 exercitus,
1621 2907 1680 2944 ac
1701 2887 1819 2944 vita:
1843 2883 2234 2958 genus.—-Erat

639 3009 903 3068 prmterea
936 3003 990 3050 et
1012 2992 1156 3047 aliud
1183 2988 1454 3060 quoddam
1479 2987 1533 3040 in
1558 2983 1805 3039 exercitu
1833 2981 1924 3035 illo
1948 2978 2232 3033 hominum

643 3106 810 3164 genus
837 3087 980 3160 quod
1008 3085 1233 3155 nudipes
1275 3082 1493 3152 quidem
1541 3077 1839 3138 incederet,
1891 3087 2044 3126 arma
2085 3067 2233 3124 nulla

639 3192 908 3256 portaret,
937 3179 1138 3235 nullam
1176 3175 1306 3247 ipsis
1337 3187 1559 3246 prorsus
1594 3170 1837 3240 pecunize
1870 3166 2228 3238 quantitatem

643 3255 846 3331 habere
877 3272 1096 3336 liceret;
1133 3268 1228 3323 sed
1277 3266 1519 3319 nuditate
1564 3277 1628 3317 ac
1670 3259 1963 3330 indigentia
2009 3255 2232 3310 omnino

645 3364 974 3436 squalidum,
1007 3361 1292 3416 universos
1325 3355 1680 3428 przeccderet,
1719 3351 1995 3406 radicibus
2034 3348 2233 3402 herba-

645 3472 790 3523 rum,
817 3463 874 3509 et
898 3453 1095 3508 vilibus
1120 3452 1426 3521 quibusque
1457 3443 1755 3501 nascentiis
1776 3442 2075 3496 victitaret.
2123 3437 2236 3492 Hos

647 3562 775 3602 cum
805 3545 1025 3616 quidam
1075 3558 1140 3597 ex
1188 3539 1584 3596 Northmaunia
1631 3534 1914 3598 oriundus,
1948 3530 2092 3586 haud
2135 3527 2235 3584 ob-

649 3652 833 3704 scuro,
867 3644 926 3689 ut
959 3635 1154 3698 fertur,
1184 3633 1304 3686 loco
1334 3643 1517 3694 natus,
1561 3643 1626 3682 ex
1658 3627 1838 3696 equite
1869 3635 2048 3679 tamen
2075 3621 2240 3690 pedes

649 3730 850 3792 factus,
891 3727 1008 3780 sine
1037 3723 1280 3779 dominio
1309 3724 1569 3776 oberrare
1601 3719 1832 3781 videret,
1865 3713 2123 3785 depositis
2154 3727 2242 3766 ar-

654 3824 850 3880 mis.et
904 3820 1101 3890 quibus
1148 3817 1402 3871 utebatur
1433 3813 1686 3878 induviis,
1731 3825 1919 3865 eorum
1957 3823 2017 3862 se
2055 3820 2243 3876 regem

651 3914 900 3988 profiteri
954 3911 1147 3967 voluit.
1193 3910 1321 3965 Inde
1365 3924 1456 3962 rex
1502 3904 1708 3960 Thafur
1749 3902 2034 3958 barbarica
2078 3900 2243 3968 coepit

654 4003 841 4074 lingua
886 4002 1092 4058 vocari.
1127 3999 1336 4054 Thafur
1372 4003 1551 4051 autem
1591 3995 1733 4065 apud
1779 3991 2009 4063 gentiles
2051 3989 2242 4045 dicun-

656 4103 768 4162 tur,
795 4109 932 4168 quos
959 4107 1080 4157 nos,
1113 4101 1171 4145 ut
1199 4091 1360 4145 nimis
1378 4087 1908 4157 litteraliterloquar,
1952 4086 2244 4140 trudenues

663 4175 1332 4262 [al.,trudennes,Gallice
1360 4181 1626 4254 truands,]
1649 4197 1926 4238 vocamus.
1952 4181 2052 4249 Qui
2082 4197 2148 4236 ex
2180 4194 2244 4234 eo

655 4283 738 4338 sic
753 4281 1092 4352 appellantur
1119 4277 1246 4347 quia
1263 4278 1504 4344 trudunt,
1521 4276 1573 4330 id
1595 4286 1678 4331 est
1701 4276 1892 4330 leviter
1919 4275 2242 4344 transigunt,

655 4389 873 4444 quaqua
899 4385 1108 4426 versum
1129 4377 1480 4440 peragrantes
1497 4382 1668 4423 annos
1681 4367 1768 4440 [f.,
1785 4367 1987 4440 agros].
2008 4367 2138 4422 Erat
2153 4381 2248 4421 au-

1446 293 1504 349 v.
1533 286 1858 350 GUIBERTI
1895 280 2194 340 ABBATIS
2237 279 2298 336 s.
2337 262 2579 334 manu:
2623 271 2712 329 DE
2740 265 3141 326 NOVIGENTO

2267 3135 2310 3192 C

3695 275 3767 336 ll!

2304 389 2715 453 contrahendis,
2742 387 2796 442 in
2839 385 3156 440 obsessione
3185 380 3344 436 etiam
3372 380 3563 438 urbium
3589 382 3771 455 lapidibus

2301 478 2706 552 intorquendis,
2755 475 2860 532 dici
2892 490 3001 530 non
3039 481 3220 544 potest
3259 487 3414 542 quam
3450 477 3690 530 necessarii
3720 478 3771 536 io.

2305 581 2448 639 rent,
2483 585 2607 627 cum
2640 569 2695 624 in
2719 564 3004 639 portandis
3029 563 3312 628 oneribus,
3347 561 3515 618 asinos
3536 579 3590 619 ac
3611 565 3775 636 iumenta

2304 660 2702 735 prwcederent;
2743 671 2868 713 eum
2898 654 3124 711 balistas
3157 659 3215 709 et
3255 651 3521 708 machinas
3559 655 3715 712 crebris
3731 659 3780 727 ia.

2229 769 2233 774 '
2307 754 2488 810 ctibus
2517 759 2894 820 exsequar-ent.

2379 846 2679 910 Praeterea,
2730 855 2854 896 cum
2909 838 2978 896 de
3027 851 3366 909 paganorum
3407 837 3681 907 corporibus
3719 841 3784 896 fm-

2311 949 2396 998 sta
2457 937 2704 996 carnium
2753 935 2895 1005 apud
2951 924 3225 997 Murram,
3259 939 3315 986 et
3356 929 3514 986 sicubi
3559 930 3682 998 alias,
3713 950 3785 993 cum

2307 1031 2475 1088 nimia
2526 1027 2699 1083 fames
2738 1033 2986 1094 urgeret,
3031 1020 3410 1094 reperirentur
3449 1021 3678 1092 adempta,
3702 1028 3788 1096 quod

2311 1126 2380 1181 ab
2410 1125 2498 1180 his
2519 1132 2576 1180 et
2603 1120 2816 1188 furtim,
2848 1126 2906 1174 et
2931 1131 3096 1187 quam
3131 1116 3416 1174 rarissime
3437 1115 3617 1172 factum
3638 1131 3787 1189 consul,

2312 1228 2474 1276 atrox
2499 1218 2642 1288 apud
2677 1215 2912 1288 gentiles
2940 1211 3088 1269 fama
3147 1211 3462 1284 percrebuit
3498 1211 3620 1280 quod
3653 1213 3792 1281 quidam

2312 1314 2367 1370 in
2381 1311 2716 1368 Francorum
2739 1306 2983 1364 exercitu
2999 1305 3344 1362 haberentur
3363 1303 3454 1374 qui
3474 1303 3791 1360 Sarracenorum

2312 1405 2574 1462 carnibus
2603 1401 2918 1460 avidissime
2954 1405 3336 1454 vescerentur.
3373 1395 3519 1452 Unde
3549 1395 3665 1450 idem
3686 1397 3793 1451 honi-

2314 1512 2436 1565 nes,
2464 1505 2525 1553 ut
2556 1493 2902 1566 potissimum
2937 1491 3080 1564 apud
3115 1490 3246 1546 illos
3287 1491 3404 1545 haec
3437 1488 3793 1558 iutonuissetcpi-

2315 1590 2428 1656 nio,
2455 1587 2618 1644 Turci
2644 1584 2927 1657 cujusdam
2949 1583 3094 1640 vecti
3114 1595 3321 1653 corpus
3347 1580 3591 1642 intusum,
3612 1579 3665 1634 ad
3681 1593 3795 1636 sorva

2317 1689 2586 1738 terrorem
2618 1675 2798 1747 palam
2829 1673 3115 1741 erunibus,
3159 1680 3225 1727 ut
3274 1670 3494 1737 dicitur,
3522 1683 3580 1724 ac
3595 1669 3634 1724 si
3659 1683 3793 1724 carnea

2247 1773 2302 1834 Β
2325 1773 2676 1832 mandibilem
2704 1769 2812 1841 igni
2838 1767 3086 1839 apposito
3115 1771 3456 1821 torruerunt.
3477 1761 3614 1830 Quod
3633 1761 3690 1816 illi
3709 1764 3796 1831 agni-

2326 1878 2399 1934 to,
2429 1875 2484 1922 et
2514 1877 2702 1920 verum
2735 1860 2954 1932 penitus
2983 1857 3130 1928 quod
3159 1857 3392 1928 ﬁngitur
3416 1853 3792 1922 auwmnmja

2323 1960 2500 2030 magis
2524 1953 2874 2012 insolentiam
2898 1949 3234 2016 Thafurum,
3262 1962 3428 2019 quam
3449 1955 3795 2015 nosmqu

2325 2049 2614 2110 dammodo
2674 2045 2986 2118 principum
3054 2040 3468 2099 vehementiam
3526 2037 3794 2094 formidabant.

2327 2145 2514 2211 Turci,
2544 2143 2706 2215 plane
2735 2139 3084 2210 antiquorum
3115 2150 3278 2192 more
3308 2133 3599 2208 gentilium,
3625 2131 3677 2187 de
3699 2131 3795 2185 catla-

2327 2238 2548 2294 veribus
2607 2243 2898 2304 tantopere
2952 2230 3278 2286 cruciantur
3342 2225 3627 2297 insepultis,
3677 2231 3800 2293 manu

2329 2346 2491 2388 nemo
2540 2327 2980 2385 Christianorum
3038 2323 3226 2381 studio
3274 2323 3346 2378 de
3383 2320 3638 2376 animabus
3663 2318 3801 2370 videtur

2332 2424 2577 2495 cegitare
2603 2423 2692 2476 vel
2729 2418 2916 2475 dolere
2942 2415 3241 2472 damnatis.
3275 2413 3454 2479 Unde,
3485 2411 3548 2466 ad
3573 2423 3698 2465 eorum
3716 2421 3799 2460 mt-

2333 2532 2492 2573 cores
2540 2513 2814 2570 dirissime
2863 2508 3246 2574 concitandos,
3296 2506 3353 2561 in
3407 2503 3651 2560 obsidione
3680 2498 3800 2554 Antio-

2336 2610 2526 2671 chena,
2580 2605 2866 2660 Podien‘sis
2903 2603 3048 2660 facto
3075 2602 3264 2659 edicto
3295 2595 3551 2656 celebrari
3581 2609 3655 2666 per
3675 2589 3802 2646 excrci-

2336 2711 2450 2756 tum
2477 2700 2737 2771 praecepit
2762 2699 3054 2770 episcopus
3083 2706 3168 2764 ut,
3209 2696 3522 2768 quicunque
3551 2685 3678 2742 Turci
3696 2681 3801 2749 ωἱιιε·

2337 2809 2500 2865 quam
2533 2800 2698 2864 caput
2724 2791 2828 2846 sibi
2856 2789 3096 2846 deferret
3121 2790 3424 2854 abscisum,
3453 2779 3687 2840 duodecim
3705 2774 3802 2829 detn-

2338 2885 2452 2941 rios
2482 2884 2711 2940 referret
2735 2882 2919 2938 statim
2949 2883 3001 2936 in
3029 2883 3342 2954 praemium.
3364 2877 3542 2948 Capita
3560 2872 3675 2929 enim
3693 2877 3800 2922 eam

2339 2993 2463 3035 cum
2519 2979 2662 3032 idem
2710 2976 3041 3046 suscepisset
3091 2975 3354 3039 antistes,
3407 2983 3562 3041 super
3596 2961 3709 3036 palos
3736 2966 3805 3010 ante

2342 3074 2585 3146 ipsorum
2614 3087 2708 3128 ora
2739 3086 2840 3141 pro
2877 3069 3148 3125 moenibus
3182 3067 3427 3124 civitatis
3473 3062 3556 3134 ﬁgi
3588 3074 3642 3115 ea
3672 3051 3803 3126 iubebat

2344 3171 2614 3240 ingentes.
2649 3167 2804 3236 Quod
2833 3181 2928 3222 eos
2955 3166 3170 3222 solebat
3195 3161 3545 3221 acerbissime
3569 3163 3764 3225 torquere,
3778 3151 3806 3199 et

2342 3264 2665 3320 exanimare
2693 3269 3004 3319 cernentes.

2413 3355 2540 3426 Egit
2570 3355 2735 3409 etiam
2767 3353 2841 3408 ibi
2872 3350 3117 3422 pontifex
3151 3366 3264 3407 non
3309 3345 3624 3406 reticendum
3649 3331 3806 3406 quiddam

2343 3461 2466 3501 cum
2499 3460 2788 3516 procerum
2818 3453 3124 3499 nostrorum
3155 3441 3419 3508 censilio,
3455 3449 3538 3503 ut,
3564 3447 3662 3490 cum
3682 3428 3806 3482 victu-

2343 3537 2476 3593 lium
2531 3539 2712 3609 inopia
2761 3537 2956 3593 urbani
3013 3544 3233 3592 nostros
3266 3535 3510 3592 laborare
3549 3520 3807 3582 sentiscant.

2347 3631 2520 3684 nostri
2553 3628 2868 3684 econtrario
2899 3635 3275 3698 proponerent
3313 3632 3568 3696 quatenus
3601 3617 3722 3672 boves
3743 3618 3808 3659 an-

2347 3720 2756 3791 ιτοὶιιηεθτθηι,
2783 3720 2836 3774 in
2857 3728 3148 3790 conspectu
3167 3718 3328 3773 urbis
3353 3720 3562 3771 ararent
3579 3716 3626 3763 et
3644 3701 3807 3760 serenat.

2347 3820 2408 3866 ut
2434 3827 2500 3866 ex
2539 3811 2640 3865 hoc
2668 3811 2810 3896 idem
2840 3809 3012 3866 urbici
3044 3809 3511 3879 subintelligerent
3532 3797 3653 3872 quod
3670 3796 3805 3881 “BP”?

2348 3902 2684 3958 obsidionem
2714 3879 2866 3957 nulla
2902 3901 3115 3958 ratione
3152 3872 3490 3962 desererent,
3532 3891 3612 3964 qui
3636 3888 3688 3944 de
3715 3872 3808 3935 {IIIIli

2349 3997 2478 4054 anni
2505 3998 2848 4068 procuranda
2877 3996 3034 4069 fruge
3068 4005 3394 4053 tractarent.

2424 4087 2551 4144 llmc
2581 4097 2637 4144 et
2661 4088 2765 4144 alia
2798 4089 2935 4144 mira
2969 4068 3218 4162 miranda
3246 4089 3302 4144 in
3329 4088 3432 4141 hac
3451 4084 3556 4154 ipsa

2352 4192 2478 4240 sunt
2507 4192 2679 4253 gesta,
2711 4197 2832 4254 quae
2859 4155 3020 4253 posse
3061 4183 3129 4235 ab
3159 4181 3349 4251 aliquo
3380 4165 3711 4247 comprehendi
3727 4155 3809 4254 Iuli“

2352 4279 2512 4338 modo
2539 4287 2795 4348 putamus
2822 4277 3098 4344 universa,
3121 4277 3262 4331 sicut
3292 4291 3424 4332 sane
3449 4266 3628 4328 nemini
3650 4278 3674 4318 ι

2353 4380 2574 4427 constat
2601 4371 2843 4425 auditum
2871 4377 2932 4423 ut
2962 4340 3092 4424 sine
3110 4383 3257 4440 rege,
3289 4369 3407 4424 sine
3440 4358 3674 4434 principe.
3689 4340 3809 4440 ηδε-δε

658 4474 767 4562 tem
791 4463 878 4517 isti
898 4461 1234 4562 consuetudo
1250 4470 1328 4562 ut,
1344 4460 1387 4514 si
1408 4461 1624 4562 quando
1636 4435 1864 4530 populus
1887 4435 1987 4515 sub
2003 4475 2060 4514 se
2079 4475 2246 4530 agens
2353 4463 2489 4518 locis
2519 4463 2754 4534 propriis
2781 4461 3138 4532 egrederetur
3162 4435 3427 4532 gentium,
3453 4466 3510 4512 ut
3533 4452 3620 4509 sub
3655 4435 3810 4500 ωιοοω

1725 4554 1737 4562 .
2071 4554 2104 4562 ..
3146 4553 3161 4562 .
3185 4553 3218 4562 ..
3424 4559 3433 4562 _
3567 4554 3660 4562 .__-
3689 4535 3798 4562 ξηαπ-

658 4557 727 4610 ad
764 4557 944 4626 pontis
981 4553 1209 4622 alicujus
1247 4546 1530 4609 deveniret
1568 4554 1883 4620 transitum,
1913 4563 2007 4608 aut
2037 4554 2248 4623 aliquas

662 4649 940 4715 angustias
985 4649 1087 4704 loci
1130 4647 1431 4719 cuiuspiam
1479 4650 1794 4720 attigisset,
1852 4651 1953 4706 iste
1997 4651 2248 4705 eumdem

659 4755 1039 4811 praeoccupare
1085 4741 1371 4796 festinaret
1421 4741 1750 4812 ingressum,
1801 4751 1856 4797 et
1904 4751 2248 4812 perscrutato

661 4835 729 4888 ad
761 4847 995 4903 unguem
1043 4831 1353 4901 singillatim
1387 4848 1602 4903 quoque
1643 4849 1898 4900 suorum,
1928 4835 2083 4890 sicui
2116 4835 2250 4888 dno-

662 4942 780 4982 rnm
828 4926 1061 4995 pretium
1104 4924 1398 4979 solidorum
1447 4927 1648 4981 habere
1690 4926 2052 4998 contingeret,
2103 4928 2248 4983 hunc

661 5019 948 5076 confestim
977 5033 1007 5072 a
1039 5032 1136 5073 sua
1183 5017 1388 5072 ditione
1435 5019 1762 5085 secluderet,
1813 5028 1869 5074 et
1913 5036 2033 5075 eum
2070 5035 2250 5077 emere

660 5127 813 5167 arma
855 5110 1118 5180 jubendo,
1168 5110 1234 5164 ad
1278 5111 1475 5164 armati
1520 5111 1938 5165 contubernium
1979 5112 2250 5168 exercitus

661 5214 996 5277 segregaret.
1051 5202 1108 5258 Si
1160 5218 1296 5272 quos
1343 5212 1614 5258 consuetae
1647 5203 1932 5258 tenuitatis
1983 5212 2246 5272 amantes,

661 5299 798 5354 nihil
833 5313 1056 5367 prorsus
1089 5297 1332 5367 pecuniae
1363 5306 1456 5351 aut
1506 5312 1816 5352 reservasse
1845 5305 1938 5350 aut
1968 5296 2250 5353 allectasse

664 5391 1039 5459 conspiceret,
1070 5390 1168 5444 hos
1197 5405 1294 5444 suo
1326 5390 1555 5461 collegio
1594 5389 1896 5459 peculiares
1927 5390 2243 5445 ascisceret.

660 5479 888 5537 Putaret
917 5483 1015 5537 hos
1055 5480 1285 5537 forsitan
1318 5482 1545 5552 quilibet
1571 5482 1808 5554 generali
1840 5484 2062 5540 utilitati
2094 5499 2247 5554 pror-

664 5586 761 5628 sus
803 5571 1200 5643 incommodus,
1251 5585 1327 5641 et,
1361 5577 1503 5630 unde
1551 5576 1671 5632 aliis
1720 5587 1933 5646 poterat
1966 5586 2250 5648 suppetere

665 5673 934 5734 sumptus,
968 5661 1172 5731 absque
1200 5665 1442 5732 proficno
1474 5666 1606 5721 tales
1636 5682 1955 5724 conSumere
1987 5671 2154 5724 cibos.
2183 5671 2252 5723 At

664 5770 798 5813 vero
843 5757 896 5811 hi
945 5757 997 5812 in
1047 5755 1408 5812 convchendis
1455 5758 1800 5828 victualibus,
1855 5762 1906 5816 in
1963 5761 2248 5821 stipendiis

2358 4570 2559 4627 parvus
2587 4563 2642 4609 et
2682 4569 2908 4624 magnus
2950 4568 3050 4624 par
3095 4553 3440 4609 addiscerem
3471 4535 3808 4626 ροηαηὶυεπιξυ

2315 4701 2328 4712 ,
2355 4658 2416 4705 ut
2443 4665 2548 4704 non
2584 4656 2923 4720 respectaret
2967 4664 3158 4704 servus
3181 4649 3249 4705 ad
3285 4647 3571 4707 dominum,
3607 4648 3687 4692 nec
3708 4617 3808 4682 doui-

2353 4759 2456 4798 nus
2489 4742 2594 4798 nisi
2622 4740 3018 4796 fraternitatem
3051 4750 3340 4812 usurparet
3370 4740 3424 4794 in
3449 4718 3808 4791 famulumHiCﬂi

2355 4837 2610 4906 inquam,
2659 4834 2723 4889 de
2764 4834 3056 4905 praeteritis
3099 4809 3261 4904 super
3298 4833 3401 4888 hoc
3423 4821 3640 4894 exempla
3663 4809 3808 4906 Pml’f'.‘

2353 4945 2462 4986 non
2488 4943 2795 5000 possumus,
2826 4927 2900 4980 ita
2932 4926 2985 4981 in
3013 4934 3290 4998 posterum
3319 4923 3509 4981 similia
3536 4894 3808 4993 nunquam

2355 5031 2475 5077 tura
2502 5029 2777 5091 putamus.
2807 5019 2964 5086 Quod
2991 5034 3057 5074 ex
3103 5033 3166 5074 eo
3203 5019 3435 5074 maxima
3471 5029 3531 5069 ex
3566 5011 3688 5080 parte
3713 5002 3808 5091 ςιξιηξ·

2353 5107 2547 5181 cimus,
2596 5113 2747 5183 quia,
2773 5124 2896 5184 post
2931 5121 3144 5182 captam
3182 5108 3528 5166 Hierusalem,
3559 5104 3702 5152 tantos
3719 5082 3810 5174 Ch?

2354 5205 2654 5264 stianarum
2685 5203 2924 5276 gentium
2965 5181 3145 5258 motus
3171 5203 3422 5269 vidimus,
3459 5203 3533 5252 tot
3563 5203 3650 5247 non
3673 5181 3807 5276 imp”:

2355 5299 2636 5372 dignitatis
2661 5313 2955 5368 personas,
2985 5305 3064 5352 tot
3095 5307 3380 5368 equestres
3412 5307 3510 5348 non
3543 5262 3805 5356 contemni”?h

2353 5391 2593 5447 nominis
2630 5379 2780 5459 alas,
2814 5397 2891 5443 tot
2922 5367 3202 5458 pedestres
3244 5385 3423 5455 copias
3465 5375 3642 5450 pariter
3667 5367 3805 5418 comtm'

2355 5500 2540 5556 8"3550
2569 5492 2691 5555 Ροεῑ
2722 5497 2815 5537 005
2850 5481 2940 5550 (ιιιί
2995 5494 3343 5551 prmcessere,
3388 5486 3440 5530 et
3475 5471 3600 5526 viam

2355 5590 2616 5647 paravere
2647 5571 3020 5643 cognovimus,
3066 5579 3121 5624 ut
3171 5585 3308 5640 pene
3350 5566 3571 5640 priorum
3607 5562 3650 5609 et
3680 5542 3804 5647 divitis!

2354 5675 2410 5722 et
2440 5681 2664 5721 numero
2710 5677 2969 5734 suppares
3012 5662 3230 5717 indubie
3261 5659 3566 5730 iudicemus.
3603 5633 3804 5734 Ollisensit

2353 5759 2590 5828 colligat,
2620 5773 2684 5813 eo
2710 5769 2953 5825 tempore
2979 5770 3085 5825 quo
3117 5753 3420 5823 Stephanus
3456 5753 3632 5802 comes,
3667 5727 3714 5782 de
3741 5722 3801 5784 quo
