  <div class='ocr_page' id='page_1' title='image "/cluster/home/n/w/nwhite01/storage/ocr_20150623/156/hvd.32044010683712/412.png"; bbox 0 0 4012 6346; ppageno 0'>
   <div class='ocr_carea' id='block_1_1' title="bbox 204 361 315 418">
    <p class='ocr_par' dir='ltr' id='par_1_1' title="bbox 204 361 315 418">
     <span class='ocr_line' id='line_1_1' title="bbox 204 361 315 418; baseline -0.045 0"><span class='ocrx_word' id='word_1_1' title='bbox 204 361 315 418; x_wconf 77' lang='grc'><strong>815</strong></span> 
     </span>
    </p>
   </div>
   <div class='ocr_carea' id='block_1_2' title="bbox 1132 314 2549 405">
    <p class='ocr_par' dir='ltr' id='par_1_2' title="bbox 1132 314 2549 405">
     <span class='ocr_line' id='line_1_2' title="bbox 1132 314 2549 405; baseline -0.001 0"><span class='ocrx_word' id='word_1_2' title='bbox 1132 316 1149 323; x_wconf 78' lang='grc'><strong>’</strong></span> <span class='ocrx_word' id='word_1_3' title='bbox 1235 346 1458 405; x_wconf 70' lang='lat' dir='ltr'><strong>essm</strong></span> <span class='ocrx_word' id='word_1_4' title='bbox 1486 346 1596 403; x_wconf 87' lang='lat' dir='ltr'><strong>DEl</strong></span> <span class='ocrx_word' id='word_1_5' title='bbox 1622 344 1758 402; x_wconf 81' lang='lat' dir='ltr'><strong>PER</strong></span> <span class='ocrx_word' id='word_1_6' title='bbox 1785 316 2127 403; x_wconf 61' lang='lat' dir='ltr'><strong>Fauens.</strong></span> <span class='ocrx_word' id='word_1_7' title='bbox 2162 379 2231 388; x_wconf 89' lang='grc'><strong><em>-</em></strong></span> <span class='ocrx_word' id='word_1_8' title='bbox 2258 347 2386 404; x_wconf 91' lang='lat' dir='ltr'><strong>LIB.</strong></span> <span class='ocrx_word' id='word_1_9' title='bbox 2414 314 2549 405; x_wconf 76' lang='lat' dir='ltr'><strong>vui.</strong></span> 
     </span>
    </p>
   </div>
   <div class='ocr_carea' id='block_1_3' title="bbox 3365 358 3471 419">
    <p class='ocr_par' dir='ltr' id='par_1_3' title="bbox 3365 358 3471 419">
     <span class='ocr_line' id='line_1_3' title="bbox 3365 358 3471 419; baseline 0.038 -4"><span class='ocrx_word' id='word_1_10' title='bbox 3365 358 3471 419; x_wconf 56' lang='grc'><strong>811</strong></span> 
     </span>
    </p>
   </div>
   <div class='ocr_carea' id='block_1_4' title="bbox 193 449 3467 543">
    <p class='ocr_par' dir='ltr' id='par_1_4' title="bbox 193 449 3467 543">
     <span class='ocr_line' id='line_1_4' title="bbox 193 449 3467 543; baseline -0.004 -14"><span class='ocrx_word' id='word_1_11' title='bbox 193 486 367 543; x_wconf 81' lang='lat' dir='ltr'><strong>supra</strong></span> <span class='ocrx_word' id='word_1_12' title='bbox 413 470 657 540; x_wconf 84' lang='lat' dir='ltr'><strong>egimus,</strong></span> <span class='ocrx_word' id='word_1_13' title='bbox 712 475 766 522; x_wconf 89' lang='lat' dir='ltr'><strong>et</strong></span> <span class='ocrx_word' id='word_1_14' title='bbox 811 465 898 521; x_wconf 90' lang='lat' dir='ltr'><strong>ille</strong></span> <span class='ocrx_word' id='word_1_15' title='bbox 919 449 1173 534; x_wconf 54' lang='lat' dir='ltr'><strong>&#39;Philippi</strong></span> <span class='ocrx_word' id='word_1_16' title='bbox 1215 462 1376 535; x_wconf 66' lang='lat' dir='ltr'><strong>M2</strong></span> <span class='ocrx_word' id='word_1_17' title='bbox 1427 464 1568 533; x_wconf 87' lang='lat' dir='ltr'><strong>regis</strong></span> <span class='ocrx_word' id='word_1_18' title='bbox 1621 463 1790 516; x_wconf 89' lang='lat' dir='ltr'><strong>frater</strong></span> <span class='ocrx_word' id='word_1_19' title='bbox 1816 465 1863 523; x_wconf 84' lang='grc' dir='ltr'><strong>Α</strong></span> <span class='ocrx_word' id='word_1_20' title='bbox 1893 464 2162 519; x_wconf 79' lang='lat' dir='ltr'><strong>exercitus</strong></span> <span class='ocrx_word' id='word_1_21' title='bbox 2191 479 2405 535; x_wconf 88' lang='lat' dir='ltr'><strong>quoque</strong></span> <span class='ocrx_word' id='word_1_22' title='bbox 2437 466 2759 521; x_wconf 79' lang='lat' dir='ltr'><strong>cadaverum</strong></span> <span class='ocrx_word' id='word_1_23' title='bbox 2800 469 2999 538; x_wconf 84' lang='lat' dir='ltr'><strong>passim</strong></span> <span class='ocrx_word' id='word_1_24' title='bbox 3031 472 3467 530; x_wconf 64' lang='lat' dir='ltr'><strong>decumbentium</strong></span> 
     </span>
    </p>
   </div>
   <div class='ocr_carea' id='block_1_5' title="bbox 1860 553 3470 629">
    <p class='ocr_par' dir='ltr' id='par_1_5' title="bbox 1860 553 3470 629">
     <span class='ocr_line' id='line_1_5' title="bbox 1860 553 3470 629; baseline 0.009 -24"><span class='ocrx_word' id='word_1_25' title='bbox 1860 553 2067 608; x_wconf 68' lang='lat' dir='ltr'><strong>~fetore</strong></span> <span class='ocrx_word' id='word_1_26' title='bbox 2118 554 2328 607; x_wconf 81' lang='lat' dir='ltr'><strong>vexari.</strong></span> <span class='ocrx_word' id='word_1_27' title='bbox 2388 556 2685 624; x_wconf 83' lang='lat' dir='ltr'><strong>Aliquoties</strong></span> <span class='ocrx_word' id='word_1_28' title='bbox 2736 555 2932 626; x_wconf 81' lang='lat' dir='ltr'><strong>plane,</strong></span> <span class='ocrx_word' id='word_1_29' title='bbox 2992 575 3109 613; x_wconf 86' lang='lat' dir='ltr'><strong>cum</strong></span> <span class='ocrx_word' id='word_1_30' title='bbox 3171 572 3470 629; x_wconf 81' lang='lat' dir='ltr'><strong>postremos</strong></span> 
     </span>
    </p>
   </div>
   <div class='ocr_carea' id='block_1_6' title="bbox 194 557 1787 635">
    <p class='ocr_par' dir='ltr' id='par_1_6' title="bbox 194 557 1787 635">
     <span class='ocr_line' id='line_1_6' title="bbox 194 557 1787 635; baseline -0.008 -14"><span class='ocrx_word' id='word_1_31' title='bbox 194 563 358 635; x_wconf 76' lang='lat' dir='ltr'><strong>Hugo</strong></span> <span class='ocrx_word' id='word_1_32' title='bbox 400 561 647 632; x_wconf 85' lang='lat' dir='ltr'><strong>Magnus,</strong></span> <span class='ocrx_word' id='word_1_33' title='bbox 680 558 913 629; x_wconf 76' lang='lat' dir='ltr'><strong>sepulcri</strong></span> <span class='ocrx_word' id='word_1_34' title='bbox 963 557 1227 611; x_wconf 83' lang='lat' dir='ltr'><strong>Do.nlnici</strong></span> <span class='ocrx_word' id='word_1_35' title='bbox 1275 559 1417 609; x_wconf 84' lang='lat' dir='ltr'><strong>viam</strong></span> <span class='ocrx_word' id='word_1_36' title='bbox 1454 557 1647 609; x_wconf 89' lang='lat' dir='ltr'><strong>iterato</strong></span> <span class='ocrx_word' id='word_1_37' title='bbox 1678 569 1787 609; x_wconf 88' lang='lat' dir='ltr'><strong>coe-</strong></span> 
     </span>
    </p>
   </div>
   <div class='ocr_carea' id='block_1_7' title="bbox 194 647 1789 728">
    <p class='ocr_par' dir='ltr' id='par_1_7' title="bbox 194 647 1789 728">
     <span class='ocr_line' id='line_1_7' title="bbox 194 647 1789 728; baseline -0.006 -17"><span class='ocrx_word' id='word_1_38' title='bbox 194 664 420 728; x_wconf 90' lang='lat' dir='ltr'><strong>perunt,</strong></span> <span class='ocrx_word' id='word_1_39' title='bbox 454 668 664 709; x_wconf 90' lang='lat' dir='ltr'><strong>summe</strong></span> <span class='ocrx_word' id='word_1_40' title='bbox 695 651 985 706; x_wconf 88' lang='lat' dir='ltr'><strong>mediocris</strong></span> <span class='ocrx_word' id='word_1_41' title='bbox 1036 659 1093 704; x_wconf 91' lang='lat' dir='ltr'><strong>et</strong></span> <span class='ocrx_word' id='word_1_42' title='bbox 1132 647 1301 702; x_wconf 87' lang='lat' dir='ltr'><strong>inﬁmi</strong></span> <span class='ocrx_word' id='word_1_43' title='bbox 1334 648 1549 719; x_wconf 84' lang='lat' dir='ltr'><strong>generis</strong></span> <span class='ocrx_word' id='word_1_44' title='bbox 1586 656 1789 718; x_wconf 90' lang='lat' dir='ltr'><strong>quanta</strong></span> 
     </span>
    </p>
   </div>
   <div class='ocr_carea' id='block_1_8' title="bbox 196 738 1787 812">
    <p class='ocr_par' dir='ltr' id='par_1_8' title="bbox 196 738 1787 812">
     <span class='ocr_line' id='line_1_8' title="bbox 196 738 1787 812; baseline -0.007 -8"><span class='ocrx_word' id='word_1_45' title='bbox 196 765 271 804; x_wconf 77' lang='lat' dir='ltr'><strong>ex</strong></span> <span class='ocrx_word' id='word_1_46' title='bbox 318 745 445 802; x_wconf 86' lang='lat' dir='ltr'><strong>solis</strong></span> <span class='ocrx_word' id='word_1_47' title='bbox 482 744 727 800; x_wconf 86' lang='lat' dir='ltr'><strong>Franciae</strong></span> <span class='ocrx_word' id='word_1_48' title='bbox 768 743 1014 812; x_wconf 88' lang='lat' dir='ltr'><strong>partibus</strong></span> <span class='ocrx_word' id='word_1_49' title='bbox 1051 740 1141 809; x_wconf 90' lang='lat' dir='ltr'><strong>(de</strong></span> <span class='ocrx_word' id='word_1_50' title='bbox 1177 741 1389 795; x_wconf 87' lang='lat' dir='ltr'><strong>caeteris</strong></span> <span class='ocrx_word' id='word_1_51' title='bbox 1436 740 1576 794; x_wconf 91' lang='lat' dir='ltr'><strong>enim</strong></span> <span class='ocrx_word' id='word_1_52' title='bbox 1612 738 1787 809; x_wconf 91' lang='lat' dir='ltr'><strong>taceo)</strong></span> 
     </span>
    </p>
   </div>
   <div class='ocr_carea' id='block_1_9' title="bbox 199 832 1786 913">
    <p class='ocr_par' dir='ltr' id='par_1_9' title="bbox 199 832 1786 913">
     <span class='ocr_line' id='line_1_9' title="bbox 199 832 1786 913; baseline -0.006 -18"><span class='ocrx_word' id='word_1_53' title='bbox 199 839 507 913; x_wconf 76' lang='lat' dir='ltr'><strong>frequentia</strong></span> <span class='ocrx_word' id='word_1_54' title='bbox 563 835 931 908; x_wconf 84' lang='lat' dir='ltr'><strong>processerit?</strong></span> <span class='ocrx_word' id='word_1_55' title='bbox 990 833 1178 889; x_wconf 83' lang='lat' dir='ltr'><strong>Tacito</strong></span> <span class='ocrx_word' id='word_1_56' title='bbox 1242 832 1566 904; x_wconf 85' lang='lat' dir='ltr'><strong>Burgundiae</strong></span> <span class='ocrx_word' id='word_1_57' title='bbox 1617 832 1786 898; x_wconf 91' lang='lat' dir='ltr'><strong>duce,</strong></span> 
     </span>
    </p>
   </div>
   <div class='ocr_carea' id='block_1_10' title="bbox 198 922 1790 1003">
    <p class='ocr_par' dir='ltr' id='par_1_10' title="bbox 198 922 1790 1003">
     <span class='ocr_line' id='line_1_10' title="bbox 198 922 1790 1003; baseline -0.006 -16"><span class='ocrx_word' id='word_1_58' title='bbox 198 932 333 1003; x_wconf 84' lang='lat' dir='ltr'><strong>quid</strong></span> <span class='ocrx_word' id='word_1_59' title='bbox 356 933 424 986; x_wconf 91' lang='lat' dir='ltr'><strong>de</strong></span> <span class='ocrx_word' id='word_1_60' title='bbox 450 928 755 986; x_wconf 89' lang='lat' dir='ltr'><strong>Pictavensi</strong></span> <span class='ocrx_word' id='word_1_61' title='bbox 783 926 983 983; x_wconf 90' lang='lat' dir='ltr'><strong>comite</strong></span> <span class='ocrx_word' id='word_1_62' title='bbox 1016 923 1242 994; x_wconf 86' lang='lat' dir='ltr'><strong>loquar?</strong></span> <span class='ocrx_word' id='word_1_63' title='bbox 1273 924 1388 995; x_wconf 90' lang='lat' dir='ltr'><strong>qui,</strong></span> <span class='ocrx_word' id='word_1_64' title='bbox 1417 931 1612 994; x_wconf 85' lang='lat' dir='ltr'><strong>praeter</strong></span> <span class='ocrx_word' id='word_1_65' title='bbox 1644 922 1790 977; x_wconf 93' lang='lat' dir='ltr'><strong>mili-</strong></span> 
     </span>
    </p>
   </div>
   <div class='ocr_carea' id='block_1_11' title="bbox 202 1017 1786 1096">
    <p class='ocr_par' dir='ltr' id='par_1_11' title="bbox 202 1017 1786 1096">
     <span class='ocr_line' id='line_1_11' title="bbox 202 1017 1786 1096; baseline -0.007 -16"><span class='ocrx_word' id='word_1_66' title='bbox 202 1027 294 1081; x_wconf 81' lang='lat' dir='ltr'><strong>tiae</strong></span> <span class='ocrx_word' id='word_1_67' title='bbox 322 1024 562 1096; x_wconf 83' lang='lat' dir='ltr'><strong>grandis,</strong></span> <span class='ocrx_word' id='word_1_68' title='bbox 590 1036 751 1092; x_wconf 87' lang='lat' dir='ltr'><strong>quem</strong></span> <span class='ocrx_word' id='word_1_69' title='bbox 776 1035 957 1077; x_wconf 88' lang='lat' dir='ltr'><strong>secum</strong></span> <span class='ocrx_word' id='word_1_70' title='bbox 976 1018 1260 1089; x_wconf 85' lang='lat' dir='ltr'><strong>proposuit</strong></span> <span class='ocrx_word' id='word_1_71' title='bbox 1291 1018 1533 1083; x_wconf 89' lang='lat' dir='ltr'><strong>ductare,</strong></span> <span class='ocrx_word' id='word_1_72' title='bbox 1550 1017 1786 1088; x_wconf 89' lang='lat' dir='ltr'><strong>globum,</strong></span> 
     </span>
    </p>
   </div>
   <div class='ocr_carea' id='block_1_12' title="bbox 198 1107 1788 1178">
    <p class='ocr_par' dir='ltr' id='par_1_12' title="bbox 198 1107 1788 1178">
     <span class='ocr_line' id='line_1_12' title="bbox 198 1107 1788 1178; baseline -0.004 -9"><span class='ocrx_word' id='word_1_73' title='bbox 198 1115 368 1169; x_wconf 85' lang='lat' dir='ltr'><strong>etiam</strong></span> <span class='ocrx_word' id='word_1_74' title='bbox 414 1113 665 1168; x_wconf 80' lang='lat' dir='ltr'><strong>examina</strong></span> <span class='ocrx_word' id='word_1_75' title='bbox 706 1118 1053 1166; x_wconf 78' lang='lat' dir='ltr'><strong>contraxerat</strong></span> <span class='ocrx_word' id='word_1_76' title='bbox 1102 1107 1442 1178; x_wconf 82' lang='lat' dir='ltr'><strong>puellarum?</strong></span> <span class='ocrx_word' id='word_1_77' title='bbox 1484 1108 1617 1174; x_wconf 87' lang='lat' dir='ltr'><strong>Qui,</strong></span> <span class='ocrx_word' id='word_1_78' title='bbox 1666 1124 1788 1164; x_wconf 90' lang='lat' dir='ltr'><strong>cum</strong></span> 
     </span>
    </p>
   </div>
   <div class='ocr_carea' id='block_1_13' title="bbox 200 1198 1785 1274">
    <p class='ocr_par' dir='ltr' id='par_1_13' title="bbox 200 1198 1785 1274">
     <span class='ocr_line' id='line_1_13' title="bbox 200 1198 1785 1274; baseline -0.004 -14"><span class='ocrx_word' id='word_1_79' title='bbox 200 1205 506 1274; x_wconf 85' lang='lat' dir='ltr'><strong>majestatis</strong></span> <span class='ocrx_word' id='word_1_80' title='bbox 557 1218 668 1257; x_wconf 69' lang='lat' dir='ltr'><strong>sua:</strong></span> <span class='ocrx_word' id='word_1_81' title='bbox 710 1202 914 1272; x_wconf 85' lang='lat' dir='ltr'><strong>passim</strong></span> <span class='ocrx_word' id='word_1_82' title='bbox 962 1208 1284 1270; x_wconf 83' lang='lat' dir='ltr'><strong>personaret</strong></span> <span class='ocrx_word' id='word_1_83' title='bbox 1335 1198 1489 1255; x_wconf 87' lang='lat' dir='ltr'><strong>testis</strong></span> <span class='ocrx_word' id='word_1_84' title='bbox 1538 1200 1785 1265; x_wconf 89' lang='lat' dir='ltr'><strong>ambitio,</strong></span> 
     </span>
    </p>
   </div>
   <div class='ocr_carea' id='block_1_14' title="bbox 200 1292 1789 1365">
    <p class='ocr_par' dir='ltr' id='par_1_14' title="bbox 200 1292 1789 1365">
     <span class='ocr_line' id='line_1_14' title="bbox 200 1292 1789 1365; baseline -0.004 -11"><span class='ocrx_word' id='word_1_85' title='bbox 200 1295 731 1365; x_wconf 82' lang='lat' dir='ltr'><strong>Constantinopolim</strong></span> <span class='ocrx_word' id='word_1_86' title='bbox 756 1293 927 1357; x_wconf 89' lang='lat' dir='ltr'><strong>venit,</strong></span> <span class='ocrx_word' id='word_1_87' title='bbox 961 1308 1081 1347; x_wconf 90' lang='lat' dir='ltr'><strong>cum</strong></span> <span class='ocrx_word' id='word_1_88' title='bbox 1117 1292 1480 1362; x_wconf 84' lang='lat' dir='ltr'><strong>perﬁdissimo</strong></span> <span class='ocrx_word' id='word_1_89' title='bbox 1512 1292 1789 1347; x_wconf 79' lang='lat' dir='ltr'><strong>hominum</strong></span> 
     </span>
    </p>
   </div>
   <div class='ocr_carea' id='block_1_15' title="bbox 199 1382 1789 1458">
    <p class='ocr_par' dir='ltr' id='par_1_15' title="bbox 199 1382 1789 1458">
     <span class='ocr_line' id='line_1_15' title="bbox 199 1382 1789 1458; baseline -0.003 -14"><span class='ocrx_word' id='word_1_90' title='bbox 199 1388 358 1444; x_wconf 81' lang='lat' dir='ltr'><strong>Alexi</strong></span> <span class='ocrx_word' id='word_1_91' title='bbox 389 1398 615 1458; x_wconf 82' lang='lat' dir='ltr'><strong>tyranno</strong></span> <span class='ocrx_word' id='word_1_92' title='bbox 641 1384 969 1453; x_wconf 88' lang='lat' dir='ltr'><strong>colloquium</strong></span> <span class='ocrx_word' id='word_1_93' title='bbox 1000 1382 1207 1437; x_wconf 83' lang='lat' dir='ltr'><strong>habuit.</strong></span> <span class='ocrx_word' id='word_1_94' title='bbox 1236 1382 1400 1454; x_wconf 84' lang='lat' dir='ltr'><strong>Cujus</strong></span> <span class='ocrx_word' id='word_1_95' title='bbox 1430 1384 1672 1453; x_wconf 92' lang='lat' dir='ltr'><strong>proditor</strong></span> <span class='ocrx_word' id='word_1_96' title='bbox 1700 1385 1789 1439; x_wconf 92' lang='lat' dir='ltr'><strong>ille</strong></span> 
     </span>
    </p>
   </div>
   <div class='ocr_carea' id='block_1_16' title="bbox 201 1476 1787 1548">
    <p class='ocr_par' dir='ltr' id='par_1_16' title="bbox 201 1476 1787 1548">
     <span class='ocr_line' id='line_1_16' title="bbox 201 1476 1787 1548; baseline -0.001 -15"><span class='ocrx_word' id='word_1_97' title='bbox 201 1479 574 1548; x_wconf 81' lang='lat' dir='ltr'><strong>nequissimus</strong></span> <span class='ocrx_word' id='word_1_98' title='bbox 594 1477 910 1540; x_wconf 88' lang='lat' dir='ltr'><strong>adventum,</strong></span> <span class='ocrx_word' id='word_1_99' title='bbox 929 1483 1217 1545; x_wconf 82' lang='lat' dir='ltr'><strong>antequam</strong></span> <span class='ocrx_word' id='word_1_100' title='bbox 1239 1476 1386 1545; x_wconf 86' lang='lat' dir='ltr'><strong>regia</strong></span> <span class='ocrx_word' id='word_1_101' title='bbox 1410 1491 1594 1530; x_wconf 89' lang='lat' dir='ltr'><strong>comes</strong></span> <span class='ocrx_word' id='word_1_102' title='bbox 1618 1477 1787 1531; x_wconf 86' lang='lat' dir='ltr'><strong>isdem</strong></span> 
     </span>
    </p>
   </div>
   <div class='ocr_carea' id='block_1_17' title="bbox 200 1567 1784 1642">
    <p class='ocr_par' dir='ltr' id='par_1_17' title="bbox 200 1567 1784 1642">
     <span class='ocr_line' id='line_1_17' title="bbox 200 1567 1784 1642; baseline -0.003 -15"><span class='ocrx_word' id='word_1_103' title='bbox 200 1572 585 1642; x_wconf 80' lang='lat' dir='ltr'><strong>digrederetur</strong></span> <span class='ocrx_word' id='word_1_104' title='bbox 614 1571 680 1624; x_wconf 89' lang='lat' dir='ltr'><strong>ab</strong></span> <span class='ocrx_word' id='word_1_105' title='bbox 709 1569 863 1635; x_wconf 84' lang='lat' dir='ltr'><strong>urbe,</strong></span> <span class='ocrx_word' id='word_1_106' title='bbox 907 1567 1101 1622; x_wconf 86' lang='lat' dir='ltr'><strong>Turcis</strong></span> <span class='ocrx_word' id='word_1_107' title='bbox 1140 1584 1236 1638; x_wconf 86' lang='lat' dir='ltr'><strong>per</strong></span> <span class='ocrx_word' id='word_1_108' title='bbox 1274 1567 1529 1636; x_wconf 86' lang='lat' dir='ltr'><strong>epistolas</strong></span> <span class='ocrx_word' id='word_1_109' title='bbox 1574 1569 1784 1624; x_wconf 76' lang='lat' dir='ltr'><strong>detulit.</strong></span> 
     </span>
    </p>
   </div>
   <div class='ocr_carea' id='block_1_18' title="bbox 206 1660 1787 1733">
    <p class='ocr_par' dir='ltr' id='par_1_18' title="bbox 206 1660 1787 1733">
     <span class='ocr_line' id='line_1_18' title="bbox 206 1660 1787 1733; baseline -0.003 -14"><span class='ocrx_word' id='word_1_110' title='bbox 206 1684 225 1718; x_wconf 74' lang='grc' dir='ltr'>α</span> <span class='ocrx_word' id='word_1_111' title='bbox 260 1664 423 1729; x_wconf 84' lang='lat' dir='ltr'><strong>Ecce,</strong></span> <span class='ocrx_word' id='word_1_112' title='bbox 451 1663 649 1733; x_wconf 87' lang='lat' dir='ltr'><strong>inquit,</strong></span> <span class='ocrx_word' id='word_1_113' title='bbox 686 1676 717 1716; x_wconf 92' lang='lat' dir='ltr'><strong>e</strong></span> <span class='ocrx_word' id='word_1_114' title='bbox 744 1660 992 1715; x_wconf 82' lang='lat' dir='ltr'><strong>Franciis</strong></span> <span class='ocrx_word' id='word_1_115' title='bbox 1030 1660 1402 1731; x_wconf 72' lang='lat' dir='ltr'><strong>pinguissimae</strong></span> <span class='ocrx_word' id='word_1_116' title='bbox 1434 1662 1499 1715; x_wconf 89' lang='lat' dir='ltr'><strong>ad</strong></span> <span class='ocrx_word' id='word_1_117' title='bbox 1526 1676 1622 1715; x_wconf 90' lang='lat' dir='ltr'><strong>vos</strong></span> <span class='ocrx_word' id='word_1_118' title='bbox 1659 1675 1787 1731; x_wconf 83' lang='lat' dir='ltr'><strong>pro—</strong></span> 
     </span>
    </p>
   </div>
   <div class='ocr_carea' id='block_1_19' title="bbox 199 1751 1789 1823">
    <p class='ocr_par' dir='ltr' id='par_1_19' title="bbox 199 1751 1789 1823">
     <span class='ocr_line' id='line_1_19' title="bbox 199 1751 1789 1823; baseline -0.001 -14"><span class='ocrx_word' id='word_1_119' title='bbox 199 1754 527 1823; x_wconf 85' lang='lat' dir='ltr'><strong>grediuntur</strong></span> <span class='ocrx_word' id='word_1_120' title='bbox 560 1768 711 1818; x_wconf 90' lang='lat' dir='ltr'><strong>oves,</strong></span> <span class='ocrx_word' id='word_1_121' title='bbox 741 1767 863 1822; x_wconf 60' lang='lat' dir='ltr'><strong>quae</strong></span> <span class='ocrx_word' id='word_1_122' title='bbox 894 1751 1071 1806; x_wconf 87' lang='lat' dir='ltr'><strong>minus</strong></span> <span class='ocrx_word' id='word_1_123' title='bbox 1101 1752 1329 1821; x_wconf 89' lang='lat' dir='ltr'><strong>provido</strong></span> <span class='ocrx_word' id='word_1_124' title='bbox 1364 1761 1541 1807; x_wconf 89' lang='lat' dir='ltr'><strong>tamen</strong></span> <span class='ocrx_word' id='word_1_125' title='bbox 1571 1762 1789 1822; x_wconf 88' lang='lat' dir='ltr'><strong>pastore</strong></span> 
     </span>
    </p>
   </div>
   <div class='ocr_carea' id='block_1_20' title="bbox 200 1843 1792 1915">
    <p class='ocr_par' dir='ltr' id='par_1_20' title="bbox 200 1843 1792 1915">
     <span class='ocr_line' id='line_1_20' title="bbox 200 1843 1792 1915; baseline 0.001 -17"><span class='ocrx_word' id='word_1_126' title='bbox 200 1855 495 1915; x_wconf 82' lang='lat' dir='ltr'><strong>reguntur.</strong></span> <span class='ocrx_word' id='word_1_127' title='bbox 526 1864 545 1895; x_wconf 77' lang='grc' dir='ltr'><strong><em>ι</em></strong></span> <span class='ocrx_word' id='word_1_128' title='bbox 589 1844 727 1910; x_wconf 85' lang='lat' dir='ltr'><strong>Quid</strong></span> <span class='ocrx_word' id='word_1_129' title='bbox 772 1843 969 1915; x_wconf 86' lang='lat' dir='ltr'><strong>plura?</strong></span> <span class='ocrx_word' id='word_1_130' title='bbox 999 1858 1183 1899; x_wconf 88' lang='lat' dir='ltr'><strong>comes</strong></span> <span class='ocrx_word' id='word_1_131' title='bbox 1233 1845 1497 1915; x_wconf 88' lang='lat' dir='ltr'><strong>tyrannici</strong></span> <span class='ocrx_word' id='word_1_132' title='bbox 1530 1844 1792 1915; x_wconf 85' lang='lat' dir='ltr'><strong>principis</strong></span> 
     </span>
    </p>
   </div>
   <div class='ocr_carea' id='block_1_21' title="bbox 202 1936 1795 2007">
    <p class='ocr_par' dir='ltr' id='par_1_21' title="bbox 202 1936 1795 2007">
     <span class='ocr_line' id='line_1_21' title="bbox 202 1936 1795 2007; baseline 0.003 -17"><span class='ocrx_word' id='word_1_133' title='bbox 202 1937 346 1993; x_wconf 81' lang='lat' dir='ltr'><strong>ﬁnes</strong></span> <span class='ocrx_word' id='word_1_134' title='bbox 392 1945 730 2002; x_wconf 84' lang='lat' dir='ltr'><strong>excesserat,</strong></span> <span class='ocrx_word' id='word_1_135' title='bbox 788 1937 1091 1991; x_wconf 89' lang='lat' dir='ltr'><strong>Turcorum</strong></span> <span class='ocrx_word' id='word_1_136' title='bbox 1142 1936 1191 1991; x_wconf 92' lang='lat' dir='ltr'><strong>ei</strong></span> <span class='ocrx_word' id='word_1_137' title='bbox 1220 1941 1514 2003; x_wconf 55' lang='lat' dir='ltr'><strong>{exercitus</strong></span> <span class='ocrx_word' id='word_1_138' title='bbox 1571 1946 1795 2007; x_wconf 88' lang='lat' dir='ltr'><strong>repente</strong></span> 
     </span>
    </p>
   </div>
   <div class='ocr_carea' id='block_1_22' title="bbox 197 2027 1795 2099">
    <p class='ocr_par' dir='ltr' id='par_1_22' title="bbox 197 2027 1795 2099">
     <span class='ocr_line' id='line_1_22' title="bbox 197 2027 1795 2099; baseline 0 -15"><span class='ocrx_word' id='word_1_139' title='bbox 197 2031 397 2085; x_wconf 84' lang='lat' dir='ltr'><strong>obvius</strong></span> <span class='ocrx_word' id='word_1_140' title='bbox 431 2037 595 2095; x_wconf 86' lang='lat' dir='ltr'><strong>astat,</strong></span> <span class='ocrx_word' id='word_1_141' title='bbox 638 2030 785 2085; x_wconf 88' lang='lat' dir='ltr'><strong>vires</strong></span> <span class='ocrx_word' id='word_1_142' title='bbox 830 2030 1084 2095; x_wconf 89' lang='lat' dir='ltr'><strong>hominis,</strong></span> <span class='ocrx_word' id='word_1_143' title='bbox 1125 2038 1310 2099; x_wconf 89' lang='lat' dir='ltr'><strong>utpote</strong></span> <span class='ocrx_word' id='word_1_144' title='bbox 1349 2027 1676 2085; x_wconf 88' lang='lat' dir='ltr'><strong>adventitias</strong></span> <span class='ocrx_word' id='word_1_145' title='bbox 1706 2030 1795 2084; x_wconf 85' lang='lat' dir='ltr'><strong>in-</strong></span> 
     </span>
    </p>
   </div>
   <div class='ocr_carea' id='block_1_23' title="bbox 200 2121 1795 2192">
    <p class='ocr_par' dir='ltr' id='par_1_23' title="bbox 200 2121 1795 2192">
     <span class='ocr_line' id='line_1_23' title="bbox 200 2121 1795 2192; baseline 0.002 -17"><span class='ocrx_word' id='word_1_146' title='bbox 200 2122 644 2191; x_wconf 87' lang='lat' dir='ltr'><strong>compositasque</strong></span> <span class='ocrx_word' id='word_1_147' title='bbox 698 2122 1019 2188; x_wconf 87' lang='lat' dir='ltr'><strong>debilitans,</strong></span> <span class='ocrx_word' id='word_1_148' title='bbox 1071 2121 1361 2192; x_wconf 74' lang='lat' dir='ltr'><strong>dispergit,</strong></span> <span class='ocrx_word' id='word_1_149' title='bbox 1420 2121 1694 2190; x_wconf 62' lang='lat' dir='ltr'><strong>praedatur</strong></span> <span class='ocrx_word' id='word_1_150' title='bbox 1740 2132 1795 2178; x_wconf 89' lang='lat' dir='ltr'><strong>et</strong></span> 
     </span>
    </p>
   </div>
   <div class='ocr_carea' id='block_1_24' title="bbox 202 2213 1790 2285">
    <p class='ocr_par' dir='ltr' id='par_1_24' title="bbox 202 2213 1790 2285">
     <span class='ocr_line' id='line_1_24' title="bbox 202 2213 1790 2285; baseline 0.001 -17"><span class='ocrx_word' id='word_1_151' title='bbox 202 2221 451 2284; x_wconf 87' lang='lat' dir='ltr'><strong>superat.</strong></span> <span class='ocrx_word' id='word_1_152' title='bbox 486 2213 563 2269; x_wconf 89' lang='lat' dir='ltr'><strong>lbi</strong></span> <span class='ocrx_word' id='word_1_153' title='bbox 594 2213 747 2284; x_wconf 84' lang='lat' dir='ltr'><strong>Hugo</strong></span> <span class='ocrx_word' id='word_1_154' title='bbox 779 2213 1034 2285; x_wconf 86' lang='lat' dir='ltr'><strong>Magnus,</strong></span> <span class='ocrx_word' id='word_1_155' title='bbox 1067 2229 1205 2284; x_wconf 85' lang='lat' dir='ltr'><strong>genu</strong></span> <span class='ocrx_word' id='word_1_156' title='bbox 1236 2214 1435 2284; x_wconf 78' lang='lat' dir='ltr'><strong>sagitta</strong></span> <span class='ocrx_word' id='word_1_157' title='bbox 1478 2227 1790 2283; x_wconf 87' lang='lat' dir='ltr'><strong>percussus,</strong></span> 
     </span>
    </p>
   </div>
   <div class='ocr_carea' id='block_1_25' title="bbox 201 2304 1793 2375">
    <p class='ocr_par' dir='ltr' id='par_1_25' title="bbox 201 2304 1793 2375">
     <span class='ocr_line' id='line_1_25' title="bbox 201 2304 1793 2375; baseline 0.001 -16"><span class='ocrx_word' id='word_1_158' title='bbox 201 2306 475 2375; x_wconf 76' lang='lat' dir='ltr'><strong>languore</strong></span> <span class='ocrx_word' id='word_1_159' title='bbox 501 2315 799 2375; x_wconf 84' lang='lat' dir='ltr'><strong>protracto,</strong></span> <span class='ocrx_word' id='word_1_160' title='bbox 825 2307 1041 2360; x_wconf 87' lang='lat' dir='ltr'><strong>tandem</strong></span> <span class='ocrx_word' id='word_1_161' title='bbox 1072 2306 1499 2375; x_wconf 89' lang='lat' dir='ltr'><strong>occubuit,apud</strong></span> <span class='ocrx_word' id='word_1_162' title='bbox 1525 2304 1793 2360; x_wconf 88' lang='lat' dir='ltr'><strong>Tharsum</strong></span> 
     </span>
    </p>
   </div>
   <div class='ocr_carea' id='block_1_26' title="bbox 201 2396 1794 2467">
    <p class='ocr_par' dir='ltr' id='par_1_26' title="bbox 201 2396 1794 2467">
     <span class='ocr_line' id='line_1_26' title="bbox 201 2396 1794 2467; baseline -0.001 -14"><span class='ocrx_word' id='word_1_163' title='bbox 201 2397 417 2453; x_wconf 73' lang='lat' dir='ltr'><strong>Cilicize</strong></span> <span class='ocrx_word' id='word_1_164' title='bbox 447 2398 672 2454; x_wconf 89' lang='lat' dir='ltr'><strong>sortitus</strong></span> <span class='ocrx_word' id='word_1_165' title='bbox 692 2397 813 2466; x_wconf 87' lang='lat' dir='ltr'><strong>jura</strong></span> <span class='ocrx_word' id='word_1_166' title='bbox 840 2398 1096 2467; x_wconf 88' lang='lat' dir='ltr'><strong>sepulcri.</strong></span> <span class='ocrx_word' id='word_1_167' title='bbox 1128 2396 1254 2451; x_wconf 82' lang='lat' dir='ltr'><strong>Haec</strong></span> <span class='ocrx_word' id='word_1_168' title='bbox 1277 2397 1418 2451; x_wconf 89' lang='lat' dir='ltr'><strong>intra</strong></span> <span class='ocrx_word' id='word_1_169' title='bbox 1456 2412 1597 2463; x_wconf 92' lang='lat' dir='ltr'><strong>eam,</strong></span> <span class='ocrx_word' id='word_1_170' title='bbox 1632 2413 1794 2467; x_wconf 88' lang='lat' dir='ltr'><strong>quam</strong></span> 
     </span>
    </p>
   </div>
   <div class='ocr_carea' id='block_1_27' title="bbox 205 2488 1719 2561">
    <p class='ocr_par' dir='ltr' id='par_1_27' title="bbox 205 2488 1719 2561">
     <span class='ocr_line' id='line_1_27' title="bbox 205 2488 1719 2561; baseline -0.001 -16"><span class='ocrx_word' id='word_1_171' title='bbox 205 2488 484 2561; x_wconf 83' lang='lat' dir='ltr'><strong>Satyriam</strong></span> <span class='ocrx_word' id='word_1_172' title='bbox 511 2490 719 2556; x_wconf 91' lang='lat' dir='ltr'><strong>dicunt,</strong></span> <span class='ocrx_word' id='word_1_173' title='bbox 749 2490 892 2544; x_wconf 89' lang='lat' dir='ltr'><strong>facta</strong></span> <span class='ocrx_word' id='word_1_174' title='bbox 922 2488 1089 2543; x_wconf 91' lang='lat' dir='ltr'><strong>fuisse</strong></span> <span class='ocrx_word' id='word_1_175' title='bbox 1116 2490 1452 2558; x_wconf 83' lang='lat' dir='ltr'><strong>provinciam</strong></span> <span class='ocrx_word' id='word_1_176' title='bbox 1479 2491 1719 2545; x_wconf 89' lang='lat' dir='ltr'><strong>tradunt.</strong></span> 
     </span>
    </p>
   </div>
   <div class='ocr_carea' id='block_1_28' title="bbox 821 2579 1183 2636">
    <p class='ocr_par' dir='ltr' id='par_1_28' title="bbox 821 2579 1183 2636">
     <span class='ocr_line' id='line_1_28' title="bbox 821 2579 1183 2636; baseline -0.006 0"><span class='ocrx_word' id='word_1_177' title='bbox 821 2580 1049 2636; x_wconf 82' lang='lat' dir='ltr'><strong>CAPUT</strong></span> <span class='ocrx_word' id='word_1_178' title='bbox 1094 2579 1183 2634; x_wconf 78' lang='lat' dir='ltr'><strong>Vl.</strong></span> 
     </span>
    </p>
   </div>
   <div class='ocr_carea' id='block_1_29' title="bbox 289 2670 1793 2748">
    <p class='ocr_par' dir='ltr' id='par_1_29' title="bbox 289 2670 1793 2748">
     <span class='ocr_line' id='line_1_29' title="bbox 289 2670 1793 2748; baseline -0.001 -20"><span class='ocrx_word' id='word_1_179' title='bbox 289 2672 528 2748; x_wconf 70' lang='lat' dir='ltr'><strong>[XXIIL]</strong></span> <span class='ocrx_word' id='word_1_180' title='bbox 572 2674 820 2743; x_wconf 73' lang='lat' dir='ltr'><strong>Perﬁdus</strong></span> <span class='ocrx_word' id='word_1_181' title='bbox 842 2674 1124 2743; x_wconf 64' lang='lat' dir='ltr'><strong>imperator</strong></span> <span class='ocrx_word' id='word_1_182' title='bbox 1150 2670 1482 2726; x_wconf 79' lang='lat' dir='ltr'><strong>Francorum</strong></span> <span class='ocrx_word' id='word_1_183' title='bbox 1520 2673 1677 2727; x_wconf 75' lang='lat' dir='ltr'><strong>duces</strong></span> <span class='ocrx_word' id='word_1_184' title='bbox 1700 2674 1793 2727; x_wconf 79' lang='lat' dir='ltr'><strong>de-</strong></span> 
     </span>
    </p>
   </div>
   <div class='ocr_carea' id='block_1_30' title="bbox 198 2763 1792 2836">
    <p class='ocr_par' dir='ltr' id='par_1_30' title="bbox 198 2763 1792 2836">
     <span class='ocr_line' id='line_1_30' title="bbox 198 2763 1792 2836; baseline -0.001 -16"><span class='ocrx_word' id='word_1_185' title='bbox 198 2767 366 2823; x_wconf 79' lang='lat' dir='ltr'><strong>ludit.</strong></span> <span class='ocrx_word' id='word_1_186' title='bbox 392 2798 458 2807; x_wconf 93' lang='lat'><strong>—</strong></span> <span class='ocrx_word' id='word_1_187' title='bbox 477 2766 549 2821; x_wconf 87' lang='lat' dir='ltr'><strong>At</strong></span> <span class='ocrx_word' id='word_1_188' title='bbox 584 2766 897 2836; x_wconf 85' lang='lat' dir='ltr'><strong>Stephanus</strong></span> <span class='ocrx_word' id='word_1_189' title='bbox 923 2779 1107 2819; x_wconf 89' lang='lat' dir='ltr'><strong>comes</strong></span> <span class='ocrx_word' id='word_1_190' title='bbox 1143 2779 1266 2818; x_wconf 91' lang='lat' dir='ltr'><strong>cum</strong></span> <span class='ocrx_word' id='word_1_191' title='bbox 1297 2763 1621 2833; x_wconf 84' lang='lat' dir='ltr'><strong>quibusdam</strong></span> <span class='ocrx_word' id='word_1_192' title='bbox 1656 2779 1792 2834; x_wconf 91' lang='lat' dir='ltr'><strong>pon-</strong></span> 
     </span>
    </p>
   </div>
   <div class='ocr_carea' id='block_1_31' title="bbox 204 2854 1789 2930">
    <p class='ocr_par' dir='ltr' id='par_1_31' title="bbox 204 2854 1789 2930">
     <span class='ocr_line' id='line_1_31' title="bbox 204 2854 1789 2930; baseline -0.001 -17"><span class='ocrx_word' id='word_1_193' title='bbox 204 2859 447 2915; x_wconf 82' lang='lat' dir='ltr'><strong>tiﬁcibus</strong></span> <span class='ocrx_word' id='word_1_194' title='bbox 471 2859 623 2930; x_wconf 81' lang='lat' dir='ltr'><strong>regni</strong></span> <span class='ocrx_word' id='word_1_195' title='bbox 657 2859 851 2923; x_wconf 88' lang='lat' dir='ltr'><strong>nostri,</strong></span> <span class='ocrx_word' id='word_1_196' title='bbox 884 2857 1026 2911; x_wconf 86' lang='lat' dir='ltr'><strong>inter</strong></span> <span class='ocrx_word' id='word_1_197' title='bbox 1048 2871 1185 2925; x_wconf 88' lang='lat' dir='ltr'><strong>quos</strong></span> <span class='ocrx_word' id='word_1_198' title='bbox 1210 2855 1362 2924; x_wconf 88' lang='lat' dir='ltr'><strong>Hugo</strong></span> <span class='ocrx_word' id='word_1_199' title='bbox 1389 2854 1789 2922; x_wconf 90' lang='lat' dir='ltr'><strong>Suessionicus,</strong></span> 
     </span>
    </p>
   </div>
   <div class='ocr_carea' id='block_1_32' title="bbox 199 2946 1794 3019">
    <p class='ocr_par' dir='ltr' id='par_1_32' title="bbox 199 2946 1794 3019">
     <span class='ocr_line' id='line_1_32' title="bbox 199 2946 1794 3019; baseline -0.002 -13"><span class='ocrx_word' id='word_1_200' title='bbox 199 2959 265 3006; x_wconf 90' lang='lat' dir='ltr'><strong>et</strong></span> <span class='ocrx_word' id='word_1_201' title='bbox 291 2952 622 3007; x_wconf 87' lang='lat' dir='ltr'><strong>Parisiorum</strong></span> <span class='ocrx_word' id='word_1_202' title='bbox 644 2950 962 3005; x_wconf 84' lang='lat' dir='ltr'><strong>Guillelmus</strong></span> <span class='ocrx_word' id='word_1_203' title='bbox 986 2948 1209 3003; x_wconf 87' lang='lat' dir='ltr'><strong>illustris</strong></span> <span class='ocrx_word' id='word_1_204' title='bbox 1240 2946 1436 3002; x_wconf 89' lang='lat' dir='ltr'><strong>indolis</strong></span> <span class='ocrx_word' id='word_1_205' title='bbox 1471 2948 1794 3019; x_wconf 76' lang='lat' dir='ltr'><strong>generisque</strong></span> 
     </span>
    </p>
   </div>
   <div class='ocr_carea' id='block_1_33' title="bbox 212 3029 1793 3114">
    <p class='ocr_par' dir='ltr' id='par_1_33' title="bbox 212 3029 1793 3114">
     <span class='ocr_line' id='line_1_33' title="bbox 212 3029 1793 3114; baseline 0.001 -20"><span class='ocrx_word' id='word_1_206' title='bbox 212 3029 333 3111; x_wconf 67' lang='lat' dir='ltr'><strong>viri,</strong></span> <span class='ocrx_word' id='word_1_207' title='bbox 360 3045 452 3114; x_wconf 87' lang='lat' dir='ltr'><strong>qui</strong></span> <span class='ocrx_word' id='word_1_208' title='bbox 476 3044 792 3114; x_wconf 71' lang='lat' dir='ltr'><strong>przcsulatui</strong></span> <span class='ocrx_word' id='word_1_209' title='bbox 816 3058 914 3098; x_wconf 87' lang='lat' dir='ltr'><strong>suo</strong></span> <span class='ocrx_word' id='word_1_210' title='bbox 944 3042 1005 3096; x_wconf 92' lang='lat' dir='ltr'><strong>in</strong></span> <span class='ocrx_word' id='word_1_211' title='bbox 1023 3042 1286 3110; x_wconf 60' lang='lat' dir='ltr'><strong>primatvo</strong></span> <span class='ocrx_word' id='word_1_212' title='bbox 1312 3039 1447 3095; x_wconf 85' lang='lat' dir='ltr'><strong>ﬂore</strong></span> <span class='ocrx_word' id='word_1_213' title='bbox 1475 3039 1793 3096; x_wconf 88' lang='lat' dir='ltr'><strong>clarissimis</strong></span> 
     </span>
    </p>
   </div>
   <div class='ocr_carea' id='block_1_34' title="bbox 1893 644 3552 720">
    <p class='ocr_par' dir='ltr' id='par_1_34' title="bbox 1893 644 3552 720">
     <span class='ocr_line' id='line_1_34' title="bbox 1893 644 3552 720; baseline 0.006 -22"><span class='ocrx_word' id='word_1_214' title='bbox 1893 659 2075 714; x_wconf 65' lang='lat' dir='ltr'><strong>egente</strong></span> <span class='ocrx_word' id='word_1_215' title='bbox 2106 644 2469 699; x_wconf 88' lang='lat' dir='ltr'><strong>multitudinis</strong></span> <span class='ocrx_word' id='word_1_216' title='bbox 2516 647 2678 701; x_wconf 90' lang='lat' dir='ltr'><strong>duces</strong></span> <span class='ocrx_word' id='word_1_217' title='bbox 2720 649 2989 703; x_wconf 80' lang='lat' dir='ltr'><strong>exercitus</strong></span> <span class='ocrx_word' id='word_1_218' title='bbox 3014 650 3367 720; x_wconf 88' lang='lat' dir='ltr'><strong>castigareut,</strong></span> <span class='ocrx_word' id='word_1_219' title='bbox 3402 668 3470 708; x_wconf 88' lang='lat' dir='ltr'><strong>ne</strong></span> <span class='ocrx_word' id='word_1_220' title='bbox 3542 684 3552 696; x_wconf 68' lang='grc' dir='ltr'>ι</span> 
     </span>
    </p>
   </div>
   <div class='ocr_carea' id='block_1_35' title="bbox 1893 735 3471 813">
    <p class='ocr_par' dir='ltr' id='par_1_35' title="bbox 1893 735 3471 813">
     <span class='ocr_line' id='line_1_35' title="bbox 1893 735 3471 813; baseline 0.007 -23"><span class='ocrx_word' id='word_1_221' title='bbox 1893 735 2192 804; x_wconf 90' lang='lat' dir='ltr'><strong>equitatum</strong></span> <span class='ocrx_word' id='word_1_222' title='bbox 2232 736 2440 789; x_wconf 84' lang='lat' dir='ltr'><strong>tardius</strong></span> <span class='ocrx_word' id='word_1_223' title='bbox 2486 747 2844 806; x_wconf 87' lang='lat' dir='ltr'><strong>sequerentur</strong></span> <span class='ocrx_word' id='word_1_224' title='bbox 2871 742 3291 813; x_wconf 77' lang='lat' dir='ltr'><strong>praecedentem,</strong></span> <span class='ocrx_word' id='word_1_225' title='bbox 3319 762 3386 800; x_wconf 90' lang='lat' dir='ltr'><strong>ne</strong></span> <span class='ocrx_word' id='word_1_226' title='bbox 3416 746 3471 801; x_wconf 93' lang='lat' dir='ltr'><strong>in</strong></span> 
     </span>
    </p>
   </div>
   <div class='ocr_carea' id='block_1_36' title="bbox 1892 827 3472 897">
    <p class='ocr_par' dir='ltr' id='par_1_36' title="bbox 1892 827 3472 897">
     <span class='ocr_line' id='line_1_36' title="bbox 1892 827 3472 897; baseline 0.007 -14"><span class='ocrx_word' id='word_1_227' title='bbox 1892 842 1987 883; x_wconf 89' lang='lat' dir='ltr'><strong>eos</strong></span> <span class='ocrx_word' id='word_1_228' title='bbox 2013 827 2175 882; x_wconf 90' lang='lat' dir='ltr'><strong>Turci</strong></span> <span class='ocrx_word' id='word_1_229' title='bbox 2214 827 2464 883; x_wconf 90' lang='lat' dir='ltr'><strong>videlicet</strong></span> <span class='ocrx_word' id='word_1_230' title='bbox 2496 829 2817 897; x_wconf 83' lang='lat' dir='ltr'><strong>involarent,</strong></span> <span class='ocrx_word' id='word_1_231' title='bbox 2851 831 2922 886; x_wconf 91' lang='lat' dir='ltr'><strong>illi</strong></span> <span class='ocrx_word' id='word_1_232' title='bbox 2954 832 3113 889; x_wconf 85' lang='lat' dir='ltr'><strong>famis</strong></span> <span class='ocrx_word' id='word_1_233' title='bbox 3142 837 3472 894; x_wconf 88' lang='lat' dir='ltr'><strong>torsionibus</strong></span> 
     </span>
    </p>
   </div>
   <div class='ocr_carea' id='block_1_37' title="bbox 1894 916 3472 989">
    <p class='ocr_par' dir='ltr' id='par_1_37' title="bbox 1894 916 3472 989">
     <span class='ocr_line' id='line_1_37' title="bbox 1894 916 3472 989; baseline 0.008 -18"><span class='ocrx_word' id='word_1_234' title='bbox 1894 917 2022 983; x_wconf 85' lang='lat' dir='ltr'><strong>acti,</strong></span> <span class='ocrx_word' id='word_1_235' title='bbox 2050 917 2193 972; x_wconf 88' lang='lat' dir='ltr'><strong>votis</strong></span> <span class='ocrx_word' id='word_1_236' title='bbox 2221 926 2275 971; x_wconf 91' lang='lat' dir='ltr'><strong>et</strong></span> <span class='ocrx_word' id='word_1_237' title='bbox 2301 916 2550 987; x_wconf 86' lang='lat' dir='ltr'><strong>precibus</strong></span> <span class='ocrx_word' id='word_1_238' title='bbox 2577 929 2837 989; x_wconf 84' lang='lat' dir='ltr'><strong>exoptare</strong></span> <span class='ocrx_word' id='word_1_239' title='bbox 2880 929 2941 976; x_wconf 87' lang='lat' dir='ltr'><strong>ut</strong></span> <span class='ocrx_word' id='word_1_240' title='bbox 2979 924 3247 981; x_wconf 85' lang='lat' dir='ltr'><strong>venirent.</strong></span> <span class='ocrx_word' id='word_1_241' title='bbox 3280 929 3472 984; x_wconf 87' lang='lat' dir='ltr'><strong>Arme-</strong></span> 
     </span>
    </p>
   </div>
   <div class='ocr_carea' id='block_1_38' title="bbox 1893 1007 3471 1085">
    <p class='ocr_par' dir='ltr' id='par_1_38' title="bbox 1893 1007 3471 1085">
     <span class='ocr_line' id='line_1_38' title="bbox 1893 1007 3471 1085; baseline 0.008 -22"><span class='ocrx_word' id='word_1_242' title='bbox 1893 1009 2107 1063; x_wconf 88' lang='lat' dir='ltr'><strong>niorum</strong></span> <span class='ocrx_word' id='word_1_243' title='bbox 2132 1007 2246 1078; x_wconf 83' lang='lat' dir='ltr'><strong>jam</strong></span> <span class='ocrx_word' id='word_1_244' title='bbox 2279 1023 2417 1079; x_wconf 91' lang='lat' dir='ltr'><strong>pene</strong></span> <span class='ocrx_word' id='word_1_245' title='bbox 2444 1008 2579 1065; x_wconf 80' lang='lat' dir='ltr'><strong>fines</strong></span> <span class='ocrx_word' id='word_1_246' title='bbox 2603 1010 2913 1083; x_wconf 77' lang='lat' dir='ltr'><strong>attigerant,</strong></span> <span class='ocrx_word' id='word_1_247' title='bbox 2938 1017 3115 1072; x_wconf 81' lang='lat' dir='ltr'><strong>exesis</strong></span> <span class='ocrx_word' id='word_1_248' title='bbox 3142 1018 3471 1085; x_wconf 89' lang='lat' dir='ltr'><strong>hominibus,</strong></span> 
     </span>
    </p>
   </div>
   <div class='ocr_carea' id='block_1_39' title="bbox 1893 1100 3476 1179">
    <p class='ocr_par' dir='ltr' id='par_1_39' title="bbox 1893 1100 3476 1179">
     <span class='ocr_line' id='line_1_39' title="bbox 1893 1100 3476 1179; baseline 0.008 -24"><span class='ocrx_word' id='word_1_249' title='bbox 1893 1100 2219 1156; x_wconf 88' lang='lat' dir='ltr'><strong>animalibus</strong></span> <span class='ocrx_word' id='word_1_250' title='bbox 2250 1102 2429 1156; x_wconf 88' lang='lat' dir='ltr'><strong>inedia</strong></span> <span class='ocrx_word' id='word_1_251' title='bbox 2461 1101 2818 1168; x_wconf 83' lang='lat' dir='ltr'><strong>moribundis,</strong></span> <span class='ocrx_word' id='word_1_252' title='bbox 2849 1106 3026 1161; x_wconf 92' lang='lat' dir='ltr'><strong>subito</strong></span> <span class='ocrx_word' id='word_1_253' title='bbox 3058 1108 3313 1179; x_wconf 87' lang='lat' dir='ltr'><strong>ingruunt</strong></span> <span class='ocrx_word' id='word_1_254' title='bbox 3336 1110 3476 1166; x_wconf 87' lang='lat' dir='ltr'><strong>Tur-</strong></span> 
     </span>
    </p>
   </div>
   <div class='ocr_carea' id='block_1_40' title="bbox 1862 1191 3509 1272">
    <p class='ocr_par' dir='ltr' id='par_1_40' title="bbox 1862 1191 3509 1272">
     <span class='ocr_line' id='line_1_40' title="bbox 1862 1191 3509 1272; baseline 0.007 -24"><span class='ocrx_word' id='word_1_255' title='bbox 1862 1206 2083 1248; x_wconf 67' lang='lat' dir='ltr'><strong>&#39;corum</strong></span> <span class='ocrx_word' id='word_1_256' title='bbox 2132 1191 2300 1247; x_wconf 90' lang='lat' dir='ltr'><strong>millia</strong></span> <span class='ocrx_word' id='word_1_257' title='bbox 2348 1206 2656 1248; x_wconf 88' lang='lat' dir='ltr'><strong>numerosa.</strong></span> <span class='ocrx_word' id='word_1_258' title='bbox 2704 1192 2811 1249; x_wconf 89' lang='lat' dir='ltr'><strong>Sed</strong></span> <span class='ocrx_word' id='word_1_259' title='bbox 2852 1194 3083 1263; x_wconf 85' lang='lat' dir='ltr'><strong>Franci,</strong></span> <span class='ocrx_word' id='word_1_260' title='bbox 3131 1202 3223 1269; x_wconf 88' lang='lat' dir='ltr'><strong>qui</strong></span> <span class='ocrx_word' id='word_1_261' title='bbox 3268 1204 3509 1272; x_wconf 83' lang='lat' dir='ltr'><strong>primas</strong></span> 
     </span>
    </p>
   </div>
   <div class='ocr_carea' id='block_1_41' title="bbox 1868 1286 3475 1360">
    <p class='ocr_par' dir='ltr' id='par_1_41' title="bbox 1868 1286 3475 1360">
     <span class='ocr_line' id='line_1_41' title="bbox 1868 1286 3475 1360; baseline 0.007 -20"><span class='ocrx_word' id='word_1_262' title='bbox 1868 1296 2024 1341; x_wconf 86' lang='lat' dir='ltr'><strong>tunc</strong></span> <span class='ocrx_word' id='word_1_263' title='bbox 2049 1287 2322 1341; x_wconf 79' lang='lat' dir='ltr'><strong>exercitus</strong></span> <span class='ocrx_word' id='word_1_264' title='bbox 2360 1286 2682 1342; x_wconf 87' lang='lat' dir='ltr'><strong>videbantur</strong></span> <span class='ocrx_word' id='word_1_265' title='bbox 2713 1288 2940 1344; x_wconf 87' lang='lat' dir='ltr'><strong>actitare</strong></span> <span class='ocrx_word' id='word_1_266' title='bbox 2971 1293 3264 1360; x_wconf 86' lang='lat' dir='ltr'><strong>custodias,</strong></span> <span class='ocrx_word' id='word_1_267' title='bbox 3319 1295 3475 1353; x_wconf 79' lang='lat' dir='ltr'><strong>facile</strong></span> 
     </span>
    </p>
   </div>
   <div class='ocr_carea' id='block_1_42' title="bbox 1818 1813 1869 1873">
    <p class='ocr_par' dir='ltr' id='par_1_42' title="bbox 1818 1813 1869 1873">
     <span class='ocr_line' id='line_1_42' title="bbox 1818 1813 1869 1873; baseline 0 0"><span class='ocrx_word' id='word_1_268' title='bbox 1818 1813 1869 1873; x_wconf 89' lang='lat' dir='ltr'><strong>B</strong></span> 
     </span>
    </p>
   </div>
   <div class='ocr_carea' id='block_1_43' title="bbox 1893 1376 3473 1443">
    <p class='ocr_par' dir='ltr' id='par_1_43' title="bbox 1893 1376 3473 1443">
     <span class='ocr_line' id='line_1_43' title="bbox 1893 1376 3473 1443; baseline 0.008 -12"><span class='ocrx_word' id='word_1_269' title='bbox 1893 1391 2100 1442; x_wconf 87' lang='lat' dir='ltr'><strong>eorum,</strong></span> <span class='ocrx_word' id='word_1_270' title='bbox 2148 1376 2460 1431; x_wconf 87' lang='lat' dir='ltr'><strong>lassabundi</strong></span> <span class='ocrx_word' id='word_1_271' title='bbox 2504 1377 2654 1443; x_wconf 87' lang='lat' dir='ltr'><strong>licet,</strong></span> <span class='ocrx_word' id='word_1_272' title='bbox 2699 1378 2846 1434; x_wconf 79' lang='lat' dir='ltr'><strong>illico</strong></span> <span class='ocrx_word' id='word_1_273' title='bbox 2886 1380 3144 1437; x_wconf 88' lang='lat' dir='ltr'><strong>obtudere</strong></span> <span class='ocrx_word' id='word_1_274' title='bbox 3174 1385 3473 1443; x_wconf 87' lang='lat' dir='ltr'><strong>molimina.</strong></span> 
     </span>
    </p>
   </div>
   <div class='ocr_carea' id='block_1_44' title="bbox 1892 1466 3477 1543">
    <p class='ocr_par' dir='ltr' id='par_1_44' title="bbox 1892 1466 3477 1543">
     <span class='ocr_line' id='line_1_44' title="bbox 1892 1466 3477 1543; baseline 0.009 -21"><span class='ocrx_word' id='word_1_275' title='bbox 1892 1466 2180 1533; x_wconf 85' lang='lat' dir='ltr'><strong>Postridie,</strong></span> <span class='ocrx_word' id='word_1_276' title='bbox 2210 1484 2333 1523; x_wconf 92' lang='lat' dir='ltr'><strong>cum</strong></span> <span class='ocrx_word' id='word_1_277' title='bbox 2360 1469 2521 1524; x_wconf 89' lang='lat' dir='ltr'><strong>Turci</strong></span> <span class='ocrx_word' id='word_1_278' title='bbox 2549 1470 2790 1527; x_wconf 88' lang='lat' dir='ltr'><strong>Francos</strong></span> <span class='ocrx_word' id='word_1_279' title='bbox 2818 1487 2845 1524; x_wconf 89' lang='lat' dir='ltr'><strong>a</strong></span> <span class='ocrx_word' id='word_1_280' title='bbox 2870 1473 3044 1543; x_wconf 91' lang='lat' dir='ltr'><strong>prima</strong></span> <span class='ocrx_word' id='word_1_281' title='bbox 3073 1474 3250 1532; x_wconf 92' lang='lat' dir='ltr'><strong>fronte</strong></span> <span class='ocrx_word' id='word_1_282' title='bbox 3275 1478 3477 1537; x_wconf 89' lang='lat' dir='ltr'><strong>disces-</strong></span> 
     </span>
    </p>
   </div>
   <div class='ocr_carea' id='block_1_45' title="bbox 1894 1560 3473 1644">
    <p class='ocr_par' dir='ltr' id='par_1_45' title="bbox 1894 1560 3473 1644">
     <span class='ocr_line' id='line_1_45' title="bbox 1894 1560 3473 1644; baseline 0.009 -30"><span class='ocrx_word' id='word_1_283' title='bbox 1894 1560 2032 1615; x_wconf 86' lang='lat' dir='ltr'><strong>sisse</strong></span> <span class='ocrx_word' id='word_1_284' title='bbox 2084 1560 2374 1627; x_wconf 81' lang='lat' dir='ltr'><strong>vidissent,</strong></span> <span class='ocrx_word' id='word_1_285' title='bbox 2434 1562 2826 1632; x_wconf 90' lang='lat' dir='ltr'><strong>Langobardis,</strong></span> <span class='ocrx_word' id='word_1_286' title='bbox 2877 1564 3164 1636; x_wconf 76' lang='lat' dir='ltr'><strong>Liguribus</strong></span> <span class='ocrx_word' id='word_1_287' title='bbox 3217 1580 3271 1625; x_wconf 91' lang='lat' dir='ltr'><strong>et</strong></span> <span class='ocrx_word' id='word_1_288' title='bbox 3306 1572 3473 1644; x_wconf 86' lang='lat' dir='ltr'><strong>Italis,</strong></span> 
     </span>
    </p>
   </div>
   <div class='ocr_carea' id='block_1_46' title="bbox 1891 1652 3475 1733">
    <p class='ocr_par' dir='ltr' id='par_1_46' title="bbox 1891 1652 3475 1733">
     <span class='ocr_line' id='line_1_46' title="bbox 1891 1652 3475 1733; baseline 0.011 -28"><span class='ocrx_word' id='word_1_289' title='bbox 1891 1652 2101 1721; x_wconf 89' lang='lat' dir='ltr'><strong>priora,</strong></span> <span class='ocrx_word' id='word_1_290' title='bbox 2159 1653 2296 1723; x_wconf 90' lang='lat' dir='ltr'><strong>proh</strong></span> <span class='ocrx_word' id='word_1_291' title='bbox 2347 1653 2530 1708; x_wconf 83' lang='lat' dir='ltr'><strong>dolor!</strong></span> <span class='ocrx_word' id='word_1_292' title='bbox 2584 1657 2976 1725; x_wconf 88' lang='lat' dir='ltr'><strong>occupantibus</strong></span> <span class='ocrx_word' id='word_1_293' title='bbox 3029 1659 3183 1728; x_wconf 90' lang='lat' dir='ltr'><strong>loca,</strong></span> <span class='ocrx_word' id='word_1_294' title='bbox 3238 1663 3475 1733; x_wconf 86' lang='lat' dir='ltr'><strong>irruunt,</strong></span> 
     </span>
    </p>
   </div>
   <div class='ocr_carea' id='block_1_47' title="bbox 1892 1746 3479 1822">
    <p class='ocr_par' dir='ltr' id='par_1_47' title="bbox 1892 1746 3479 1822">
     <span class='ocr_line' id='line_1_47' title="bbox 1892 1746 3479 1822; baseline 0.009 -25"><span class='ocrx_word' id='word_1_295' title='bbox 1892 1758 2149 1813; x_wconf 88' lang='lat' dir='ltr'><strong>perseusa</strong></span> <span class='ocrx_word' id='word_1_296' title='bbox 2180 1746 2515 1800; x_wconf 84' lang='lat' dir='ltr'><strong>anteriorum</strong></span> <span class='ocrx_word' id='word_1_297' title='bbox 2549 1748 2761 1818; x_wconf 84' lang='lat' dir='ltr'><strong>ignavia</strong></span> <span class='ocrx_word' id='word_1_298' title='bbox 2813 1750 2996 1805; x_wconf 88' lang='lat' dir='ltr'><strong>hostes</strong></span> <span class='ocrx_word' id='word_1_299' title='bbox 3028 1754 3316 1822; x_wconf 87' lang='lat' dir='ltr'><strong>acerrimi;</strong></span> <span class='ocrx_word' id='word_1_300' title='bbox 3363 1756 3479 1814; x_wconf 83' lang='lat' dir='ltr'><strong>his-</strong></span> 
     </span>
    </p>
   </div>
   <div class='ocr_carea' id='block_1_48' title="bbox 1899 1838 3477 1917">
    <p class='ocr_par' dir='ltr' id='par_1_48' title="bbox 1899 1838 3477 1917">
     <span class='ocr_line' id='line_1_48' title="bbox 1899 1838 3477 1917; baseline 0.008 -26"><span class='ocrx_word' id='word_1_301' title='bbox 1899 1850 2004 1907; x_wconf 90' lang='lat' dir='ltr'><strong>que</strong></span> <span class='ocrx_word' id='word_1_302' title='bbox 2028 1838 2120 1915; x_wconf 83' lang='lat' dir='ltr'><strong>qui</strong></span> <span class='ocrx_word' id='word_1_303' title='bbox 2148 1838 2416 1907; x_wconf 82' lang='lat' dir='ltr'><strong>praeibam</strong></span> <span class='ocrx_word' id='word_1_304' title='bbox 2441 1847 2497 1893; x_wconf 89' lang='lat' dir='ltr'><strong>et</strong></span> <span class='ocrx_word' id='word_1_305' title='bbox 2538 1839 2688 1909; x_wconf 86' lang='lat' dir='ltr'><strong>signa</strong></span> <span class='ocrx_word' id='word_1_306' title='bbox 2721 1839 2986 1909; x_wconf 87' lang='lat' dir='ltr'><strong>ferebant,</strong></span> <span class='ocrx_word' id='word_1_307' title='bbox 3034 1843 3175 1899; x_wconf 88' lang='lat' dir='ltr'><strong>foede</strong></span> <span class='ocrx_word' id='word_1_308' title='bbox 3204 1855 3353 1917; x_wconf 89' lang='lat' dir='ltr'><strong>terga</strong></span> <span class='ocrx_word' id='word_1_309' title='bbox 3384 1847 3477 1904; x_wconf 90' lang='lat' dir='ltr'><strong>de-</strong></span> 
     </span>
    </p>
   </div>
   <div class='ocr_carea' id='block_1_49' title="bbox 1899 1929 3476 2004">
    <p class='ocr_par' dir='ltr' id='par_1_49' title="bbox 1899 1929 3476 2004">
     <span class='ocr_line' id='line_1_49' title="bbox 1899 1929 3476 2004; baseline 0.006 -20"><span class='ocrx_word' id='word_1_310' title='bbox 1899 1929 2169 1995; x_wconf 79' lang='lat' dir='ltr'><strong>dentibus,</strong></span> <span class='ocrx_word' id='word_1_311' title='bbox 2205 1937 2349 1984; x_wconf 91' lang='lat' dir='ltr'><strong>totus</strong></span> <span class='ocrx_word' id='word_1_312' title='bbox 2378 1945 2484 1984; x_wconf 91' lang='lat' dir='ltr'><strong>non</strong></span> <span class='ocrx_word' id='word_1_313' title='bbox 2517 1939 2626 1985; x_wconf 90' lang='lat' dir='ltr'><strong>tam</strong></span> <span class='ocrx_word' id='word_1_314' title='bbox 2668 1930 2829 2004; x_wconf 70' lang='lat' dir='ltr'><strong>fugae,</strong></span> <span class='ocrx_word' id='word_1_315' title='bbox 2875 1947 2993 2003; x_wconf 73' lang='lat' dir='ltr'><strong>qute</strong></span> <span class='ocrx_word' id='word_1_316' title='bbox 3034 1936 3259 1991; x_wconf 90' lang='lat' dir='ltr'><strong>nimium</strong></span> <span class='ocrx_word' id='word_1_317' title='bbox 3301 1941 3476 1996; x_wconf 91' lang='lat' dir='ltr'><strong>tenuis</strong></span> 
     </span>
    </p>
   </div>
   <div class='ocr_carea' id='block_1_50' title="bbox 1897 2010 3478 2093">
    <p class='ocr_par' dir='ltr' id='par_1_50' title="bbox 1897 2010 3478 2093">
     <span class='ocr_line' id='line_1_50' title="bbox 1897 2010 3478 2093; baseline 0.008 -17"><span class='ocrx_word' id='word_1_318' title='bbox 1897 2030 1959 2076; x_wconf 89' lang='lat' dir='ltr'><strong>ut</strong></span> <span class='ocrx_word' id='word_1_319' title='bbox 1987 2032 2113 2093; x_wconf 87' lang='lat' dir='ltr'><strong>pote</strong></span> <span class='ocrx_word' id='word_1_320' title='bbox 2140 2021 2282 2077; x_wconf 89' lang='lat' dir='ltr'><strong>fame</strong></span> <span class='ocrx_word' id='word_1_321' title='bbox 2312 2023 2609 2078; x_wconf 89' lang='lat' dir='ltr'><strong>tabentium</strong></span> <span class='ocrx_word' id='word_1_322' title='bbox 2636 2023 2834 2092; x_wconf 78' lang='lat' dir='ltr'><strong>fuerat,</strong></span> <span class='ocrx_word' id='word_1_323' title='bbox 2861 2028 2955 2082; x_wconf 91' lang='lat' dir='ltr'><strong>sed</strong></span> <span class='ocrx_word' id='word_1_324' title='bbox 2984 2028 3343 2085; x_wconf 90' lang='lat' dir='ltr'><strong>internecioni</strong></span> <span class='ocrx_word' id='word_1_325' title='bbox 3376 2010 3478 2088; x_wconf 88' lang='lat' dir='ltr'><strong>mi-</strong></span> 
     </span>
    </p>
   </div>
   <div class='ocr_carea' id='block_1_51' title="bbox 1900 2117 3477 2192">
    <p class='ocr_par' dir='ltr' id='par_1_51' title="bbox 1900 2117 3477 2192">
     <span class='ocr_line' id='line_1_51' title="bbox 1900 2117 3477 2192; baseline 0.007 -22"><span class='ocrx_word' id='word_1_326' title='bbox 1900 2117 2143 2171; x_wconf 82' lang='lat' dir='ltr'><strong>serandae</strong></span> <span class='ocrx_word' id='word_1_327' title='bbox 2173 2125 2323 2187; x_wconf 86' lang='lat' dir='ltr'><strong>patet</strong></span> <span class='ocrx_word' id='word_1_328' title='bbox 2364 2118 2657 2173; x_wconf 77' lang='lat' dir='ltr'><strong>exercitus.</strong></span> <span class='ocrx_word' id='word_1_329' title='bbox 2692 2119 2982 2191; x_wconf 85' lang='lat' dir='ltr'><strong>Fugientes</strong></span> <span class='ocrx_word' id='word_1_330' title='bbox 3024 2137 3130 2177; x_wconf 91' lang='lat' dir='ltr'><strong>non</strong></span> <span class='ocrx_word' id='word_1_331' title='bbox 3167 2136 3269 2192; x_wconf 88' lang='lat' dir='ltr'><strong>qua</strong></span> <span class='ocrx_word' id='word_1_332' title='bbox 3315 2139 3477 2182; x_wconf 88' lang='lat' dir='ltr'><strong>vene-</strong></span> 
     </span>
    </p>
   </div>
   <div class='ocr_carea' id='block_1_52' title="bbox 1899 2208 3478 2289">
    <p class='ocr_par' dir='ltr' id='par_1_52' title="bbox 1899 2208 3478 2289">
     <span class='ocr_line' id='line_1_52' title="bbox 1899 2208 3478 2289; baseline 0.008 -28"><span class='ocrx_word' id='word_1_333' title='bbox 1899 2215 2025 2261; x_wconf 88' lang='lat' dir='ltr'><strong>rant</strong></span> <span class='ocrx_word' id='word_1_334' title='bbox 2052 2208 2517 2279; x_wconf 86' lang='lat' dir='ltr'><strong>regrediebantur,</strong></span> <span class='ocrx_word' id='word_1_335' title='bbox 2551 2221 2763 2283; x_wconf 30' lang='lat' dir='ltr'><strong>nec,‘ut</strong></span> <span class='ocrx_word' id='word_1_336' title='bbox 2809 2213 3070 2283; x_wconf 82' lang='lat' dir='ltr'><strong>gregatim</strong></span> <span class='ocrx_word' id='word_1_337' title='bbox 3108 2213 3296 2270; x_wconf 90' lang='lat' dir='ltr'><strong>saltem</strong></span> <span class='ocrx_word' id='word_1_338' title='bbox 3327 2213 3478 2289; x_wconf 86' lang='lat' dir='ltr'><strong>fuge-</strong></span> 
     </span>
    </p>
   </div>
   <div class='ocr_carea' id='block_1_53' title="bbox 1902 2298 3478 2374">
    <p class='ocr_par' dir='ltr' id='par_1_53' title="bbox 1902 2298 3478 2374">
     <span class='ocr_line' id='line_1_53' title="bbox 1902 2298 3478 2374; baseline 0.008 -23"><span class='ocrx_word' id='word_1_339' title='bbox 1902 2305 2044 2362; x_wconf 83' lang='lat' dir='ltr'><strong>rent,</strong></span> <span class='ocrx_word' id='word_1_340' title='bbox 2074 2298 2548 2367; x_wconf 77' lang='lat' dir='ltr'><strong>glomerabantur;</strong></span> <span class='ocrx_word' id='word_1_341' title='bbox 2576 2301 2668 2355; x_wconf 93' lang='lat' dir='ltr'><strong>sed</strong></span> <span class='ocrx_word' id='word_1_342' title='bbox 2693 2315 2953 2371; x_wconf 91' lang='lat' dir='ltr'><strong>quorsum</strong></span> <span class='ocrx_word' id='word_1_343' title='bbox 2977 2318 3244 2374; x_wconf 87' lang='lat' dir='ltr'><strong>quemque</strong></span> <span class='ocrx_word' id='word_1_344' title='bbox 3270 2305 3478 2363; x_wconf 88' lang='lat' dir='ltr'><strong>ferebat</strong></span> 
     </span>
    </p>
   </div>
   <div class='ocr_carea' id='block_1_54' title="bbox 1898 2390 3475 2465">
    <p class='ocr_par' dir='ltr' id='par_1_54' title="bbox 1898 2390 3475 2465">
     <span class='ocr_line' id='line_1_54' title="bbox 1898 2390 3475 2465; baseline 0.006 -23"><span class='ocrx_word' id='word_1_345' title='bbox 1898 2390 2135 2456; x_wconf 85' lang='lat' dir='ltr'><strong>animus,</strong></span> <span class='ocrx_word' id='word_1_346' title='bbox 2160 2401 2397 2447; x_wconf 86' lang='lat' dir='ltr'><strong>verterat</strong></span> <span class='ocrx_word' id='word_1_347' title='bbox 2422 2392 2514 2447; x_wconf 89' lang='lat' dir='ltr'><strong>illo</strong></span> <span class='ocrx_word' id='word_1_348' title='bbox 2541 2395 2787 2465; x_wconf 87' lang='lat' dir='ltr'><strong>gradum,</strong></span> <span class='ocrx_word' id='word_1_349' title='bbox 2822 2395 2934 2449; x_wconf 91' lang='lat' dir='ltr'><strong>sine</strong></span> <span class='ocrx_word' id='word_1_350' title='bbox 2973 2396 3135 2451; x_wconf 92' lang='lat' dir='ltr'><strong>dubio</strong></span> <span class='ocrx_word' id='word_1_351' title='bbox 3160 2400 3475 2455; x_wconf 87' lang='lat' dir='ltr'><strong>moriturus.</strong></span> 
     </span>
    </p>
   </div>
   <div class='ocr_carea' id='block_1_55' title="bbox 1898 2481 3478 2562">
    <p class='ocr_par' dir='ltr' id='par_1_55' title="bbox 1898 2481 3478 2562">
     <span class='ocr_line' id='line_1_55' title="bbox 1898 2481 3478 2562; baseline 0.009 -29"><span class='ocrx_word' id='word_1_352' title='bbox 1898 2481 2031 2548; x_wconf 66' lang='lat' dir='ltr'><strong>Quae</strong></span> <span class='ocrx_word' id='word_1_353' title='bbox 2074 2497 2261 2538; x_wconf 90' lang='lat' dir='ltr'><strong>eorum</strong></span> <span class='ocrx_word' id='word_1_354' title='bbox 2313 2486 2484 2541; x_wconf 83' lang='lat' dir='ltr'><strong>caedes</strong></span> <span class='ocrx_word' id='word_1_355' title='bbox 2528 2496 2581 2541; x_wconf 89' lang='lat' dir='ltr'><strong>et</strong></span> <span class='ocrx_word' id='word_1_356' title='bbox 2627 2487 2890 2543; x_wconf 91' lang='lat' dir='ltr'><strong>insecutio</strong></span> <span class='ocrx_word' id='word_1_357' title='bbox 2933 2491 3478 2562; x_wconf 21' lang='lat' dir='ltr'><strong>perseveravit‘pene</strong></span> 
     </span>
    </p>
   </div>
   <div class='ocr_carea' id='block_1_56' title="bbox 1899 2572 3189 2629">
    <p class='ocr_par' dir='ltr' id='par_1_56' title="bbox 1899 2572 3189 2629">
     <span class='ocr_line' id='line_1_56' title="bbox 1899 2572 3189 2629; baseline 0.009 -6"><span class='ocrx_word' id='word_1_358' title='bbox 1899 2572 2170 2627; x_wconf 90' lang='lat' dir='ltr'><strong>continuis</strong></span> <span class='ocrx_word' id='word_1_359' title='bbox 2191 2582 2317 2627; x_wconf 88' lang='lat' dir='ltr'><strong>octo</strong></span> <span class='ocrx_word' id='word_1_360' title='bbox 2345 2573 2556 2629; x_wconf 89' lang='lat' dir='ltr'><strong>diebus.</strong></span> <span class='ocrx_word' id='word_1_361' title='bbox 3186 2590 3189 2591; x_wconf 71' lang='lat'><strong><em>&#39;</em></strong></span> 
     </span>
    </p>
   </div>
   <div class='ocr_carea' id='block_1_57' title="bbox 1968 2663 3476 2739">
    <p class='ocr_par' dir='ltr' id='par_1_57' title="bbox 1968 2663 3476 2739">
     <span class='ocr_line' id='line_1_57' title="bbox 1968 2663 3476 2739; baseline 0.009 -23"><span class='ocrx_word' id='word_1_362' title='bbox 1968 2663 2100 2723; x_wconf 82' lang='lat' dir='ltr'><strong>Erat</strong></span> <span class='ocrx_word' id='word_1_363' title='bbox 2130 2664 2183 2718; x_wconf 91' lang='lat' dir='ltr'><strong>in</strong></span> <span class='ocrx_word' id='word_1_364' title='bbox 2221 2679 2288 2719; x_wconf 91' lang='lat' dir='ltr'><strong>eo</strong></span> <span class='ocrx_word' id='word_1_365' title='bbox 2327 2666 2546 2735; x_wconf 87' lang='lat' dir='ltr'><strong>quidam</strong></span> <span class='ocrx_word' id='word_1_366' title='bbox 2591 2666 3027 2739; x_wconf 89' lang='lat' dir='ltr'><strong>archiepiscopus</strong></span> <span class='ocrx_word' id='word_1_367' title='bbox 3057 2668 3476 2730; x_wconf 87' lang='lat' dir='ltr'><strong>Mediolanensis</strong></span> 
     </span>
    </p>
   </div>
   <div class='ocr_carea' id='block_1_58' title="bbox 1898 2752 3475 2829">
    <p class='ocr_par' dir='ltr' id='par_1_58' title="bbox 1898 2752 3475 2829">
     <span class='ocr_line' id='line_1_58' title="bbox 1898 2752 3475 2829; baseline 0.009 -24"><span class='ocrx_word' id='word_1_368' title='bbox 1898 2752 2141 2807; x_wconf 81' lang='lat' dir='ltr'><strong>exercitu</strong></span> <span class='ocrx_word' id='word_1_369' title='bbox 2177 2752 2296 2825; x_wconf 86' lang='lat' dir='ltr'><strong>[al.,</strong></span> <span class='ocrx_word' id='word_1_370' title='bbox 2340 2755 2623 2828; x_wconf 88' lang='lat' dir='ltr'><strong>periculo],</strong></span> <span class='ocrx_word' id='word_1_371' title='bbox 2657 2758 2747 2826; x_wconf 89' lang='lat' dir='ltr'><strong>qui</strong></span> <span class='ocrx_word' id='word_1_372' title='bbox 2774 2758 3031 2829; x_wconf 89' lang='lat' dir='ltr'><strong>capellam</strong></span> <span class='ocrx_word' id='word_1_373' title='bbox 3069 2759 3219 2815; x_wconf 89' lang='lat' dir='ltr'><strong>Beati</strong></span> <span class='ocrx_word' id='word_1_374' title='bbox 3247 2762 3475 2819; x_wconf 89' lang='lat' dir='ltr'><strong>Ambro-</strong></span> 
     </span>
    </p>
   </div>
   <div class='ocr_carea' id='block_1_59' title="bbox 1896 2842 3475 2922">
    <p class='ocr_par' dir='ltr' id='par_1_59' title="bbox 1896 2842 3475 2922">
     <span class='ocr_line' id='line_1_59' title="bbox 1896 2842 3475 2922; baseline 0.008 -25"><span class='ocrx_word' id='word_1_375' title='bbox 1896 2842 1985 2911; x_wconf 86' lang='lat' dir='ltr'><strong>sii,</strong></span> <span class='ocrx_word' id='word_1_376' title='bbox 2026 2845 2299 2914; x_wconf 86' lang='lat' dir='ltr'><strong>planetam</strong></span> <span class='ocrx_word' id='word_1_377' title='bbox 2338 2847 2548 2901; x_wconf 89' lang='lat' dir='ltr'><strong>scilicet</strong></span> <span class='ocrx_word' id='word_1_378' title='bbox 2577 2858 2631 2902; x_wconf 91' lang='lat' dir='ltr'><strong>et</strong></span> <span class='ocrx_word' id='word_1_379' title='bbox 2662 2848 2870 2918; x_wconf 87' lang='lat' dir='ltr'><strong>albam,</strong></span> <span class='ocrx_word' id='word_1_380' title='bbox 2904 2851 2949 2904; x_wconf 90' lang='lat' dir='ltr'><strong>si</strong></span> <span class='ocrx_word' id='word_1_381' title='bbox 2989 2867 3091 2921; x_wconf 91' lang='lat' dir='ltr'><strong>qua</strong></span> <span class='ocrx_word' id='word_1_382' title='bbox 3129 2852 3232 2907; x_wconf 87' lang='lat' dir='ltr'><strong>alia</strong></span> <span class='ocrx_word' id='word_1_383' title='bbox 3271 2855 3475 2922; x_wconf 89' lang='lat' dir='ltr'><strong>nescio,</strong></span> 
     </span>
    </p>
   </div>
   <div class='ocr_carea' id='block_1_60' title="bbox 1898 2940 3473 3017">
    <p class='ocr_par' dir='ltr' id='par_1_60' title="bbox 1898 2940 3473 3017">
     <span class='ocr_line' id='line_1_60' title="bbox 1898 2940 3473 3017; baseline 0.006 -24"><span class='ocrx_word' id='word_1_384' title='bbox 1898 2953 2081 2993; x_wconf 91' lang='lat' dir='ltr'><strong>secum</strong></span> <span class='ocrx_word' id='word_1_385' title='bbox 2115 2940 2337 3006; x_wconf 83' lang='lat' dir='ltr'><strong>tulerat,</strong></span> <span class='ocrx_word' id='word_1_386' title='bbox 2372 2955 2503 2997; x_wconf 90' lang='lat' dir='ltr'><strong>auro</strong></span> <span class='ocrx_word' id='word_1_387' title='bbox 2554 2944 2795 3014; x_wconf 87' lang='lat' dir='ltr'><strong>tantique</strong></span> <span class='ocrx_word' id='word_1_388' title='bbox 2844 2945 3004 3014; x_wconf 90' lang='lat' dir='ltr'><strong>pretii</strong></span> <span class='ocrx_word' id='word_1_389' title='bbox 3049 2947 3277 3017; x_wconf 87' lang='lat' dir='ltr'><strong>gemmis</strong></span> <span class='ocrx_word' id='word_1_390' title='bbox 3313 2962 3473 3005; x_wconf 88' lang='lat' dir='ltr'><strong>orna-</strong></span> 
     </span>
    </p>
   </div>
   <div class='ocr_carea' id='block_1_61' title="bbox 1901 3037 3465 3106">
    <p class='ocr_par' dir='ltr' id='par_1_61' title="bbox 1901 3037 3465 3106">
     <span class='ocr_line' id='line_1_61' title="bbox 1901 3037 3465 3106; baseline 0.008 -24"><span class='ocrx_word' id='word_1_391' title='bbox 1901 3037 2010 3084; x_wconf 85' lang='lat' dir='ltr'><strong>tam</strong></span> <span class='ocrx_word' id='word_1_392' title='bbox 2051 3039 2110 3084; x_wconf 91' lang='lat' dir='ltr'><strong>ut</strong></span> <span class='ocrx_word' id='word_1_393' title='bbox 2144 3046 2409 3102; x_wconf 87' lang='lat' dir='ltr'><strong>nusquam</strong></span> <span class='ocrx_word' id='word_1_394' title='bbox 2452 3043 2719 3088; x_wconf 90' lang='lat' dir='ltr'><strong>terrarum</strong></span> <span class='ocrx_word' id='word_1_395' title='bbox 2750 3037 2986 3105; x_wconf 90' lang='lat' dir='ltr'><strong>reperire</strong></span> <span class='ocrx_word' id='word_1_396' title='bbox 3018 3038 3137 3106; x_wconf 89' lang='lat' dir='ltr'><strong>quis</strong></span> <span class='ocrx_word' id='word_1_397' title='bbox 3170 3040 3293 3094; x_wconf 90' lang='lat' dir='ltr'><strong>huic</strong></span> <span class='ocrx_word' id='word_1_398' title='bbox 3330 3039 3465 3096; x_wconf 85' lang='lat' dir='ltr'><strong>vale-</strong></span> 
     </span>
    </p>
   </div>
   <div class='ocr_carea' id='block_1_62' title="bbox 206 3124 3472 3222">
    <p class='ocr_par' dir='ltr' id='par_1_62' title="bbox 206 3124 3472 3222">
     <span class='ocr_line' id='line_1_62' title="bbox 206 3124 3472 3222; baseline -0.002 -34"><span class='ocrx_word' id='word_1_399' title='bbox 206 3136 453 3191; x_wconf 90' lang='lat' dir='ltr'><strong>moribus</strong></span> <span class='ocrx_word' id='word_1_400' title='bbox 490 3136 911 3200; x_wconf 85' lang='lat' dir='ltr'><strong>ministrabant,</strong></span> <span class='ocrx_word' id='word_1_401' title='bbox 947 3142 999 3189; x_wconf 91' lang='lat' dir='ltr'><strong>et</strong></span> <span class='ocrx_word' id='word_1_402' title='bbox 1044 3132 1419 3203; x_wconf 85' lang='lat' dir='ltr'><strong>Engelrannus</strong></span> <span class='ocrx_word' id='word_1_403' title='bbox 1458 3131 1575 3202; x_wconf 77' lang='lat' dir='ltr'><strong>[al.,</strong></span> <span class='ocrx_word' id='word_1_404' title='bbox 1623 3132 1795 3202; x_wconf 87' lang='lat' dir='ltr'><strong>lngel-</strong></span> <span class='ocrx_word' id='word_1_405' title='bbox 1821 3164 1862 3222; x_wconf 63' lang='grc' dir='ltr'>α</span> <span class='ocrx_word' id='word_1_406' title='bbox 1899 3132 1983 3175; x_wconf 64' lang='lat' dir='ltr'><strong>ml</strong></span> <span class='ocrx_word' id='word_1_407' title='bbox 2027 3125 2368 3192; x_wconf 58' lang='lat' dir='ltr'><strong>aequandam.</strong></span> <span class='ocrx_word' id='word_1_408' title='bbox 2424 3124 2574 3179; x_wconf 82' lang='lat' dir='ltr'><strong>Hanc</strong></span> <span class='ocrx_word' id='word_1_409' title='bbox 2619 3125 2780 3182; x_wconf 90' lang='lat' dir='ltr'><strong>Turci</strong></span> <span class='ocrx_word' id='word_1_410' title='bbox 2830 3128 3099 3184; x_wconf 79' lang='lat' dir='ltr'><strong>abduxere</strong></span> <span class='ocrx_word' id='word_1_411' title='bbox 3145 3138 3472 3201; x_wconf 85' lang='lat' dir='ltr'><strong>correptam,</strong></span> 
     </span>
    </p>
   </div>
   <div class='ocr_carea' id='block_1_63' title="bbox 207 3225 1786 3301">
    <p class='ocr_par' dir='ltr' id='par_1_63' title="bbox 207 3225 1786 3301">
     <span class='ocr_line' id='line_1_63' title="bbox 207 3225 1786 3301; baseline -0.002 -18"><span class='ocrx_word' id='word_1_412' title='bbox 207 3228 439 3301; x_wconf 83' lang='lat' dir='ltr'><strong>rannus]</strong></span> <span class='ocrx_word' id='word_1_413' title='bbox 474 3229 874 3294; x_wconf 85' lang='lat' dir='ltr'><strong>Laudunensis,</strong></span> <span class='ocrx_word' id='word_1_414' title='bbox 900 3228 983 3282; x_wconf 89' lang='lat' dir='ltr'><strong>vir</strong></span> <span class='ocrx_word' id='word_1_415' title='bbox 1016 3228 1156 3281; x_wconf 81' lang='lat' dir='ltr'><strong>sicut</strong></span> <span class='ocrx_word' id='word_1_416' title='bbox 1188 3226 1356 3281; x_wconf 88' lang='lat' dir='ltr'><strong>forma</strong></span> <span class='ocrx_word' id='word_1_417' title='bbox 1386 3232 1442 3280; x_wconf 92' lang='lat' dir='ltr'><strong>et</strong></span> <span class='ocrx_word' id='word_1_418' title='bbox 1465 3225 1786 3294; x_wconf 80' lang='lat' dir='ltr'><strong>eloquentia,</strong></span> 
     </span>
    </p>
   </div>
   <div class='ocr_carea' id='block_1_64' title="bbox 209 3319 1794 3393">
    <p class='ocr_par' dir='ltr' id='par_1_64' title="bbox 209 3319 1794 3393">
     <span class='ocr_line' id='line_1_64' title="bbox 209 3319 1794 3393; baseline 0 -18"><span class='ocrx_word' id='word_1_419' title='bbox 209 3323 420 3376; x_wconf 86' lang='lat' dir='ltr'><strong>utinam</strong></span> <span class='ocrx_word' id='word_1_420' title='bbox 462 3323 541 3377; x_wconf 89' lang='lat' dir='ltr'><strong>sic</strong></span> <span class='ocrx_word' id='word_1_421' title='bbox 579 3322 866 3393; x_wconf 80' lang='lat' dir='ltr'><strong>religione!</strong></span> <span class='ocrx_word' id='word_1_422' title='bbox 904 3321 1252 3390; x_wconf 82' lang='lat' dir='ltr'><strong>conspicuus,</strong></span> <span class='ocrx_word' id='word_1_423' title='bbox 1287 3334 1409 3374; x_wconf 92' lang='lat' dir='ltr'><strong>cum</strong></span> <span class='ocrx_word' id='word_1_424' title='bbox 1446 3319 1613 3373; x_wconf 91' lang='lat' dir='ltr'><strong>multa</strong></span> <span class='ocrx_word' id='word_1_425' title='bbox 1648 3320 1794 3375; x_wconf 86' lang='lat' dir='ltr'><strong>ordi-</strong></span> 
     </span>
    </p>
   </div>
   <div class='ocr_carea' id='block_1_65' title="bbox 202 3409 1792 3482">
    <p class='ocr_par' dir='ltr' id='par_1_65' title="bbox 202 3409 1792 3482">
     <span class='ocr_line' id='line_1_65' title="bbox 202 3409 1792 3482; baseline -0.001 -16"><span class='ocrx_word' id='word_1_426' title='bbox 202 3428 341 3466; x_wconf 82' lang='lat' dir='ltr'><strong>num</strong></span> <span class='ocrx_word' id='word_1_427' title='bbox 381 3412 621 3467; x_wconf 85' lang='lat' dir='ltr'><strong>omnium</strong></span> <span class='ocrx_word' id='word_1_428' title='bbox 660 3412 920 3482; x_wconf 81' lang='lat' dir='ltr'><strong>dignitate</strong></span> <span class='ocrx_word' id='word_1_429' title='bbox 957 3411 1154 3466; x_wconf 75' lang='lat' dir='ltr'><strong>mtenia</strong></span> <span class='ocrx_word' id='word_1_430' title='bbox 1199 3409 1792 3479; x_wconf 87' lang='lat' dir='ltr'><strong>Constantinopolitana</strong></span> 
     </span>
    </p>
   </div>
   <div class='ocr_carea' id='block_1_66' title="bbox 202 3503 1793 3574">
    <p class='ocr_par' dir='ltr' id='par_1_66' title="bbox 202 3503 1793 3574">
     <span class='ocr_line' id='line_1_66' title="bbox 202 3503 1793 3574; baseline 0 -15"><span class='ocrx_word' id='word_1_431' title='bbox 202 3505 542 3560; x_wconf 86' lang='lat' dir='ltr'><strong>subintraut.</strong></span> <span class='ocrx_word' id='word_1_432' title='bbox 588 3504 735 3572; x_wconf 86' lang='lat' dir='ltr'><strong>Quos</strong></span> <span class='ocrx_word' id='word_1_433' title='bbox 781 3504 849 3558; x_wconf 86' lang='lat' dir='ltr'><strong>ad</strong></span> <span class='ocrx_word' id='word_1_434' title='bbox 893 3520 951 3559; x_wconf 90' lang='lat' dir='ltr'><strong>se</strong></span> <span class='ocrx_word' id='word_1_435' title='bbox 995 3504 1287 3573; x_wconf 90' lang='lat' dir='ltr'><strong>imperator</strong></span> <span class='ocrx_word' id='word_1_436' title='bbox 1328 3512 1537 3569; x_wconf 88' lang='lat' dir='ltr'><strong>evocat,</strong></span> <span class='ocrx_word' id='word_1_437' title='bbox 1583 3503 1793 3574; x_wconf 87' lang='lat' dir='ltr'><strong>magnis</strong></span> 
     </span>
    </p>
   </div>
   <div class='ocr_carea' id='block_1_67' title="bbox 203 3591 1792 3664">
    <p class='ocr_par' dir='ltr' id='par_1_67' title="bbox 203 3591 1792 3664">
     <span class='ocr_line' id='line_1_67' title="bbox 203 3591 1792 3664; baseline -0.001 -16"><span class='ocrx_word' id='word_1_438' title='bbox 203 3594 481 3664; x_wconf 82' lang='lat' dir='ltr'><strong>primores</strong></span> <span class='ocrx_word' id='word_1_439' title='bbox 512 3610 699 3649; x_wconf 90' lang='lat' dir='ltr'><strong>eorum</strong></span> <span class='ocrx_word' id='word_1_440' title='bbox 745 3594 986 3649; x_wconf 84' lang='lat' dir='ltr'><strong>donariis</strong></span> <span class='ocrx_word' id='word_1_441' title='bbox 1026 3601 1298 3647; x_wconf 87' lang='lat' dir='ltr'><strong>munerat.</strong></span> <span class='ocrx_word' id='word_1_442' title='bbox 1349 3591 1792 3648; x_wconf 87' lang='lat' dir='ltr'><strong>Consultantibus</strong></span> 
     </span>
    </p>
   </div>
   <div class='ocr_carea' id='block_1_68' title="bbox 204 3684 1795 3756">
    <p class='ocr_par' dir='ltr' id='par_1_68' title="bbox 204 3684 1795 3756">
     <span class='ocr_line' id='line_1_68' title="bbox 204 3684 1795 3756; baseline 0 -16"><span class='ocrx_word' id='word_1_443' title='bbox 204 3685 345 3750; x_wconf 87' lang='lat' dir='ltr'><strong>illis,</strong></span> <span class='ocrx_word' id='word_1_444' title='bbox 376 3701 444 3740; x_wconf 91' lang='lat' dir='ltr'><strong>an</strong></span> <span class='ocrx_word' id='word_1_445' title='bbox 492 3686 689 3756; x_wconf 90' lang='lat' dir='ltr'><strong>prioris</strong></span> <span class='ocrx_word' id='word_1_446' title='bbox 740 3685 1037 3750; x_wconf 84' lang='lat' dir='ltr'><strong>exercitus,</strong></span> <span class='ocrx_word' id='word_1_447' title='bbox 1074 3698 1171 3740; x_wconf 79' lang='lat' dir='ltr'><strong>seu</strong></span> <span class='ocrx_word' id='word_1_448' title='bbox 1220 3684 1433 3739; x_wconf 90' lang='lat' dir='ltr'><strong>diversa</strong></span> <span class='ocrx_word' id='word_1_449' title='bbox 1481 3685 1795 3755; x_wconf 85' lang='lat' dir='ltr'><strong>proficisce-</strong></span> 
     </span>
    </p>
   </div>
   <div class='ocr_carea' id='block_1_69' title="bbox 202 3777 1793 3859">
    <p class='ocr_par' dir='ltr' id='par_1_69' title="bbox 202 3777 1793 3859">
     <span class='ocr_line' id='line_1_69' title="bbox 202 3777 1793 3859; baseline 0.001 -27"><span class='ocrx_word' id='word_1_450' title='bbox 202 3786 400 3832; x_wconf 81' lang='lat' dir='ltr'><strong>rentur</strong></span> <span class='ocrx_word' id='word_1_451' title='bbox 443 3778 562 3844; x_wconf 90' lang='lat' dir='ltr'><strong>via,</strong></span> <span class='ocrx_word' id='word_1_452' title='bbox 616 3778 704 3833; x_wconf 91' lang='lat' dir='ltr'><strong>ille</strong></span> <span class='ocrx_word' id='word_1_453' title='bbox 746 3779 1013 3833; x_wconf 85' lang='lat' dir='ltr'><strong>veraciter</strong></span> <span class='ocrx_word' id='word_1_454' title='bbox 1062 3777 1242 3859; x_wconf 61' lang='lat' dir='ltr'><strong>intulit</strong></span> <span class='ocrx_word' id='word_1_455' title='bbox 1284 3793 1389 3831; x_wconf 91' lang='lat' dir='ltr'><strong>non</strong></span> <span class='ocrx_word' id='word_1_456' title='bbox 1441 3786 1649 3833; x_wconf 89' lang='lat' dir='ltr'><strong>tantum</strong></span> <span class='ocrx_word' id='word_1_457' title='bbox 1698 3794 1793 3834; x_wconf 91' lang='lat' dir='ltr'><strong>eos</strong></span> 
     </span>
    </p>
   </div>
   <div class='ocr_carea' id='block_1_70' title="bbox 204 3869 1790 3940">
    <p class='ocr_par' dir='ltr' id='par_1_70' title="bbox 204 3869 1790 3940">
     <span class='ocr_line' id='line_1_70' title="bbox 204 3869 1790 3940; baseline 0 -16"><span class='ocrx_word' id='word_1_458' title='bbox 204 3869 416 3924; x_wconf 84' lang='lat' dir='ltr'><strong>habere</strong></span> <span class='ocrx_word' id='word_1_459' title='bbox 442 3870 767 3939; x_wconf 89' lang='lat' dir='ltr'><strong>equitatum,</strong></span> <span class='ocrx_word' id='word_1_460' title='bbox 793 3879 851 3923; x_wconf 91' lang='lat' dir='ltr'><strong>ut</strong></span> <span class='ocrx_word' id='word_1_461' title='bbox 879 3869 1145 3925; x_wconf 76' lang='lat' dir='ltr'><strong>sufﬁciant</strong></span> <span class='ocrx_word' id='word_1_462' title='bbox 1171 3885 1199 3923; x_wconf 89' lang='lat' dir='ltr'><strong>a</strong></span> <span class='ocrx_word' id='word_1_463' title='bbox 1223 3870 1493 3940; x_wconf 87' lang='lat' dir='ltr'><strong>prioribus</strong></span> <span class='ocrx_word' id='word_1_464' title='bbox 1524 3871 1790 3926; x_wconf 85' lang='lat' dir='ltr'><strong>tramitem</strong></span> 
     </span>
    </p>
   </div>
   <div class='ocr_carea' id='block_1_71' title="bbox 204 3960 1787 4033">
    <p class='ocr_par' dir='ltr' id='par_1_71' title="bbox 204 3960 1787 4033">
     <span class='ocr_line' id='line_1_71' title="bbox 204 3960 1787 4033; baseline 0.003 -19"><span class='ocrx_word' id='word_1_465' title='bbox 204 3970 402 4015; x_wconf 89' lang='lat' dir='ltr'><strong>tenere</strong></span> <span class='ocrx_word' id='word_1_466' title='bbox 435 3962 728 4017; x_wconf 89' lang='lat' dir='ltr'><strong>diversum.</strong></span> <span class='ocrx_word' id='word_1_467' title='bbox 775 3960 877 4026; x_wconf 83' lang='lat' dir='ltr'><strong>Illi,</strong></span> <span class='ocrx_word' id='word_1_468' title='bbox 914 3977 1052 4015; x_wconf 89' lang='lat' dir='ltr'><strong>nova</strong></span> <span class='ocrx_word' id='word_1_469' title='bbox 1098 3976 1217 4017; x_wconf 89' lang='lat' dir='ltr'><strong>sese</strong></span> <span class='ocrx_word' id='word_1_470' title='bbox 1265 3969 1516 4031; x_wconf 86' lang='lat' dir='ltr'><strong>putantes</strong></span> <span class='ocrx_word' id='word_1_471' title='bbox 1542 3970 1598 4016; x_wconf 90' lang='lat' dir='ltr'><strong>et</strong></span> <span class='ocrx_word' id='word_1_472' title='bbox 1625 3978 1787 4033; x_wconf 88' lang='lat' dir='ltr'><strong>supe-</strong></span> 
     </span>
    </p>
   </div>
   <div class='ocr_carea' id='block_1_72' title="bbox 206 4054 1791 4125">
    <p class='ocr_par' dir='ltr' id='par_1_72' title="bbox 206 4054 1791 4125">
     <span class='ocr_line' id='line_1_72' title="bbox 206 4054 1791 4125; baseline 0.003 -18"><span class='ocrx_word' id='word_1_473' title='bbox 206 4054 450 4111; x_wconf 86' lang='lat' dir='ltr'><strong>rioribus</strong></span> <span class='ocrx_word' id='word_1_474' title='bbox 472 4055 773 4110; x_wconf 85' lang='lat' dir='ltr'><strong>valentiora</strong></span> <span class='ocrx_word' id='word_1_475' title='bbox 803 4054 1065 4121; x_wconf 80' lang='lat' dir='ltr'><strong>facturos,</strong></span> <span class='ocrx_word' id='word_1_476' title='bbox 1090 4055 1414 4124; x_wconf 85' lang='lat' dir='ltr'><strong>profitentur</strong></span> <span class='ocrx_word' id='word_1_477' title='bbox 1439 4071 1497 4111; x_wconf 90' lang='lat' dir='ltr'><strong>se</strong></span> <span class='ocrx_word' id='word_1_478' title='bbox 1520 4070 1616 4125; x_wconf 91' lang='lat' dir='ltr'><strong>per</strong></span> <span class='ocrx_word' id='word_1_479' title='bbox 1641 4065 1791 4111; x_wconf 66' lang='lat' dir='ltr'><strong>ente-</strong></span> 
     </span>
    </p>
   </div>
   <div class='ocr_carea' id='block_1_73' title="bbox 202 4146 1794 4217">
    <p class='ocr_par' dir='ltr' id='par_1_73' title="bbox 202 4146 1794 4217">
     <span class='ocr_line' id='line_1_73' title="bbox 202 4146 1794 4217; baseline 0.001 -17"><span class='ocrx_word' id='word_1_480' title='bbox 202 4162 302 4200; x_wconf 86' lang='lat' dir='ltr'><strong>ras</strong></span> <span class='ocrx_word' id='word_1_481' title='bbox 361 4147 609 4217; x_wconf 88' lang='lat' dir='ltr'><strong>regiones</strong></span> <span class='ocrx_word' id='word_1_482' title='bbox 664 4148 857 4202; x_wconf 89' lang='lat' dir='ltr'><strong>ituros.</strong></span> <span class='ocrx_word' id='word_1_483' title='bbox 917 4146 1129 4201; x_wconf 88' lang='lat' dir='ltr'><strong>Pariter</strong></span> <span class='ocrx_word' id='word_1_484' title='bbox 1173 4162 1303 4202; x_wconf 92' lang='lat' dir='ltr'><strong>vero</strong></span> <span class='ocrx_word' id='word_1_485' title='bbox 1351 4148 1418 4201; x_wconf 88' lang='lat' dir='ltr'><strong>ab</strong></span> <span class='ocrx_word' id='word_1_486' title='bbox 1465 4148 1794 4217; x_wconf 88' lang='lat' dir='ltr'><strong>imperatore</strong></span> 
     </span>
    </p>
   </div>
   <div class='ocr_carea' id='block_1_74' title="bbox 201 4237 1791 4307">
    <p class='ocr_par' dir='ltr' id='par_1_74' title="bbox 201 4237 1791 4307">
     <span class='ocr_line' id='line_1_74' title="bbox 201 4237 1791 4307; baseline 0.001 -16"><span class='ocrx_word' id='word_1_487' title='bbox 201 4238 556 4307; x_wconf 75' lang='lat' dir='ltr'><strong>expostulant</strong></span> <span class='ocrx_word' id='word_1_488' title='bbox 611 4247 880 4307; x_wconf 90' lang='lat' dir='ltr'><strong>quatenus</strong></span> <span class='ocrx_word' id='word_1_489' title='bbox 928 4237 1129 4306; x_wconf 88' lang='lat' dir='ltr'><strong>ubique</strong></span> <span class='ocrx_word' id='word_1_490' title='bbox 1176 4237 1425 4307; x_wconf 82' lang='lat' dir='ltr'><strong>generale</strong></span> <span class='ocrx_word' id='word_1_491' title='bbox 1472 4238 1791 4293; x_wconf 88' lang='lat' dir='ltr'><strong>universalis</strong></span> 
     </span>
    </p>
   </div>
   <div class='ocr_carea' id='block_1_75' title="bbox 200 4329 1786 4399">
    <p class='ocr_par' dir='ltr' id='par_1_75' title="bbox 200 4329 1786 4399">
     <span class='ocr_line' id='line_1_75' title="bbox 200 4329 1786 4399; baseline -0.001 -13"><span class='ocrx_word' id='word_1_492' title='bbox 200 4329 432 4386; x_wconf 66' lang='lat' dir='ltr'><strong>Graaeiae</strong></span> <span class='ocrx_word' id='word_1_493' title='bbox 469 4330 668 4385; x_wconf 89' lang='lat' dir='ltr'><strong>habere</strong></span> <span class='ocrx_word' id='word_1_494' title='bbox 706 4338 1034 4395; x_wconf 90' lang='lat' dir='ltr'><strong>mercatum,</strong></span> <span class='ocrx_word' id='word_1_495' title='bbox 1085 4330 1201 4399; x_wconf 90' lang='lat' dir='ltr'><strong>ipso</strong></span> <span class='ocrx_word' id='word_1_496' title='bbox 1243 4329 1487 4398; x_wconf 89' lang='lat' dir='ltr'><strong>jubente,</strong></span> <span class='ocrx_word' id='word_1_497' title='bbox 1537 4330 1786 4385; x_wconf 87' lang='lat' dir='ltr'><strong>debeant.</strong></span> 
     </span>
    </p>
   </div>
   <div class='ocr_carea' id='block_1_76' title="bbox 204 4422 1789 4493">
    <p class='ocr_par' dir='ltr' id='par_1_76' title="bbox 204 4422 1789 4493">
     <span class='ocr_line' id='line_1_76' title="bbox 204 4422 1789 4493; baseline -0.001 -16"><span class='ocrx_word' id='word_1_498' title='bbox 204 4422 512 4492; x_wconf 86' lang='lat' dir='ltr'><strong>Spopoudit</strong></span> <span class='ocrx_word' id='word_1_499' title='bbox 553 4422 665 4487; x_wconf 91' lang='lat' dir='ltr'><strong>ille,</strong></span> <span class='ocrx_word' id='word_1_500' title='bbox 711 4434 766 4477; x_wconf 88' lang='lat' dir='ltr'><strong>et</strong></span> <span class='ocrx_word' id='word_1_501' title='bbox 800 4423 977 4479; x_wconf 89' lang='lat' dir='ltr'><strong>sciens</strong></span> <span class='ocrx_word' id='word_1_502' title='bbox 1008 4438 1102 4477; x_wconf 85' lang='lat' dir='ltr'><strong>eos</strong></span> <span class='ocrx_word' id='word_1_503' title='bbox 1147 4423 1201 4479; x_wconf 92' lang='lat' dir='ltr'><strong>in</strong></span> <span class='ocrx_word' id='word_1_504' title='bbox 1244 4424 1519 4493; x_wconf 91' lang='lat' dir='ltr'><strong>propriam</strong></span> <span class='ocrx_word' id='word_1_505' title='bbox 1554 4423 1657 4477; x_wconf 89' lang='lat' dir='ltr'><strong>hac</strong></span> <span class='ocrx_word' id='word_1_506' title='bbox 1692 4438 1789 4476; x_wconf 91' lang='lat' dir='ltr'><strong>sua</strong></span> 
     </span>
    </p>
   </div>
   <div class='ocr_carea' id='block_1_77' title="bbox 1898 3215 3471 3289">
    <p class='ocr_par' dir='ltr' id='par_1_77' title="bbox 1898 3215 3471 3289">
     <span class='ocr_line' id='line_1_77' title="bbox 1898 3215 3471 3289; baseline 0.006 -21"><span class='ocrx_word' id='word_1_507' title='bbox 1898 3215 2010 3271; x_wconf 91' lang='lat' dir='ltr'><strong>Deo</strong></span> <span class='ocrx_word' id='word_1_508' title='bbox 2072 3215 2204 3269; x_wconf 80' lang='lat' dir='ltr'><strong>fatui</strong></span> <span class='ocrx_word' id='word_1_509' title='bbox 2270 3216 2415 3273; x_wconf 90' lang='lat' dir='ltr'><strong>illius</strong></span> <span class='ocrx_word' id='word_1_510' title='bbox 2449 3219 2726 3287; x_wconf 83' lang='lat' dir='ltr'><strong>praesulis,</strong></span> <span class='ocrx_word' id='word_1_511' title='bbox 2778 3221 2868 3289; x_wconf 89' lang='lat' dir='ltr'><strong>qui</strong></span> <span class='ocrx_word' id='word_1_512' title='bbox 2918 3235 3032 3274; x_wconf 91' lang='lat' dir='ltr'><strong>rem</strong></span> <span class='ocrx_word' id='word_1_513' title='bbox 3082 3222 3215 3276; x_wconf 89' lang='lat' dir='ltr'><strong>adeo</strong></span> <span class='ocrx_word' id='word_1_514' title='bbox 3263 3226 3471 3278; x_wconf 85' lang='lat' dir='ltr'><strong>sacram</strong></span> 
     </span>
    </p>
   </div>
   <div class='ocr_carea' id='block_1_78' title="bbox 1895 3310 3472 3378">
    <p class='ocr_par' dir='ltr' id='par_1_78' title="bbox 1895 3310 3472 3378">
     <span class='ocr_line' id='line_1_78' title="bbox 1895 3310 3472 3378; baseline 0.003 -13"><span class='ocrx_word' id='word_1_515' title='bbox 1895 3310 2146 3365; x_wconf 89' lang='lat' dir='ltr'><strong>barbaris</strong></span> <span class='ocrx_word' id='word_1_516' title='bbox 2188 3311 2350 3366; x_wconf 90' lang='lat' dir='ltr'><strong>terris</strong></span> <span class='ocrx_word' id='word_1_517' title='bbox 2384 3313 2669 3378; x_wconf 89' lang='lat' dir='ltr'><strong>intulerat,</strong></span> <span class='ocrx_word' id='word_1_518' title='bbox 2704 3311 2795 3366; x_wconf 91' lang='lat' dir='ltr'><strong>tali</strong></span> <span class='ocrx_word' id='word_1_519' title='bbox 2829 3315 3025 3368; x_wconf 90' lang='lat' dir='ltr'><strong>damno</strong></span> <span class='ocrx_word' id='word_1_520' title='bbox 3054 3313 3349 3370; x_wconf 89' lang='lat' dir='ltr'><strong>ulciscente</strong></span> <span class='ocrx_word' id='word_1_521' title='bbox 3379 3317 3472 3370; x_wconf 86' lang='lat' dir='ltr'><strong>de-</strong></span> 
     </span>
    </p>
   </div>
   <div class='ocr_carea' id='block_1_79' title="bbox 1895 3403 3469 3477">
    <p class='ocr_par' dir='ltr' id='par_1_79' title="bbox 1895 3403 3469 3477">
     <span class='ocr_line' id='line_1_79' title="bbox 1895 3403 3469 3477; baseline 0.006 -21"><span class='ocrx_word' id='word_1_522' title='bbox 1895 3403 2176 3457; x_wconf 85' lang='lat' dir='ltr'><strong>mentiam.</strong></span> <span class='ocrx_word' id='word_1_523' title='bbox 2209 3403 2380 3459; x_wconf 91' lang='lat' dir='ltr'><strong>Tanta</strong></span> <span class='ocrx_word' id='word_1_524' title='bbox 2422 3404 2521 3459; x_wconf 90' lang='lat' dir='ltr'><strong>fuit</strong></span> <span class='ocrx_word' id='word_1_525' title='bbox 2553 3404 2748 3461; x_wconf 92' lang='lat' dir='ltr'><strong>ibidem</strong></span> <span class='ocrx_word' id='word_1_526' title='bbox 2795 3407 3087 3477; x_wconf 89' lang='lat' dir='ltr'><strong>promiscui</strong></span> <span class='ocrx_word' id='word_1_527' title='bbox 3118 3421 3281 3463; x_wconf 81' lang='lat' dir='ltr'><strong>sexus</strong></span> <span class='ocrx_word' id='word_1_528' title='bbox 3310 3407 3469 3465; x_wconf 89' lang='lat' dir='ltr'><strong>Chri-</strong></span> 
     </span>
    </p>
   </div>
   <div class='ocr_carea' id='block_1_80' title="bbox 1896 3496 3471 3577">
    <p class='ocr_par' dir='ltr' id='par_1_80' title="bbox 1896 3496 3471 3577">
     <span class='ocr_line' id='line_1_80' title="bbox 1896 3496 3471 3577; baseline 0.003 -26"><span class='ocrx_word' id='word_1_529' title='bbox 1896 3496 2193 3551; x_wconf 87' lang='lat' dir='ltr'><strong>stianitatis</strong></span> <span class='ocrx_word' id='word_1_530' title='bbox 2215 3497 2440 3562; x_wconf 91' lang='lat' dir='ltr'><strong>occisio,</strong></span> <span class='ocrx_word' id='word_1_531' title='bbox 2468 3507 2613 3577; x_wconf 86' lang='lat' dir='ltr'><strong>tanta</strong></span> <span class='ocrx_word' id='word_1_532' title='bbox 2649 3500 3024 3569; x_wconf 88' lang='lat' dir='ltr'><strong>pecuniarum,</strong></span> <span class='ocrx_word' id='word_1_533' title='bbox 3058 3501 3313 3567; x_wconf 91' lang='lat' dir='ltr'><strong>vestium,</strong></span> <span class='ocrx_word' id='word_1_534' title='bbox 3354 3501 3471 3559; x_wconf 87' lang='lat' dir='ltr'><strong>auri</strong></span> 
     </span>
    </p>
   </div>
   <div class='ocr_carea' id='block_1_81' title="bbox 1896 3583 3469 3656">
    <p class='ocr_par' dir='ltr' id='par_1_81' title="bbox 1896 3583 3469 3656">
     <span class='ocr_line' id='line_1_81' title="bbox 1896 3583 3469 3656; baseline 0.004 -21"><span class='ocrx_word' id='word_1_535' title='bbox 1896 3584 2213 3653; x_wconf 76' lang='lat' dir='ltr'><strong>argentique</strong></span> <span class='ocrx_word' id='word_1_536' title='bbox 2240 3584 2493 3651; x_wconf 89' lang='lat' dir='ltr'><strong>repertio,</strong></span> <span class='ocrx_word' id='word_1_537' title='bbox 2526 3592 2604 3649; x_wconf 89' lang='lat' dir='ltr'><strong>ttt,</strong></span> <span class='ocrx_word' id='word_1_538' title='bbox 2636 3584 2701 3638; x_wconf 91' lang='lat' dir='ltr'><strong>de</strong></span> <span class='ocrx_word' id='word_1_539' title='bbox 2722 3583 2810 3638; x_wconf 92' lang='lat' dir='ltr'><strong>illo</strong></span> <span class='ocrx_word' id='word_1_540' title='bbox 2832 3586 2973 3654; x_wconf 90' lang='lat' dir='ltr'><strong>quod</strong></span> <span class='ocrx_word' id='word_1_541' title='bbox 3000 3587 3271 3655; x_wconf 77' lang='lat' dir='ltr'><strong>expeditio</strong></span> <span class='ocrx_word' id='word_1_542' title='bbox 3297 3588 3469 3656; x_wconf 89' lang='lat' dir='ltr'><strong>prima</strong></span> 
     </span>
    </p>
   </div>
   <div class='ocr_carea' id='block_1_82' title="bbox 1897 3672 3470 3739">
    <p class='ocr_par' dir='ltr' id='par_1_82' title="bbox 1897 3672 3470 3739">
     <span class='ocr_line' id='line_1_82' title="bbox 1897 3672 3470 3739; baseline 0.005 -13"><span class='ocrx_word' id='word_1_543' title='bbox 1897 3672 2175 3739; x_wconf 84' lang='lat' dir='ltr'><strong>intulerat,</strong></span> <span class='ocrx_word' id='word_1_544' title='bbox 2203 3673 2420 3739; x_wconf 90' lang='lat' dir='ltr'><strong>damno,</strong></span> <span class='ocrx_word' id='word_1_545' title='bbox 2440 3674 2553 3729; x_wconf 86' lang='lat' dir='ltr'><strong>haec</strong></span> <span class='ocrx_word' id='word_1_546' title='bbox 2580 3690 2685 3729; x_wconf 87' lang='lat' dir='ltr'><strong>una</strong></span> <span class='ocrx_word' id='word_1_547' title='bbox 2710 3676 2935 3731; x_wconf 89' lang='lat' dir='ltr'><strong>victoria</strong></span> <span class='ocrx_word' id='word_1_548' title='bbox 2968 3675 3253 3733; x_wconf 81' lang='lat' dir='ltr'><strong>sufﬁcienti</strong></span> <span class='ocrx_word' id='word_1_549' title='bbox 3282 3678 3470 3735; x_wconf 85' lang='lat' dir='ltr'><strong>Turcis</strong></span> 
     </span>
    </p>
   </div>
   <div class='ocr_carea' id='block_1_83' title="bbox 1894 3768 3469 3839">
    <p class='ocr_par' dir='ltr' id='par_1_83' title="bbox 1894 3768 3469 3839">
     <span class='ocr_line' id='line_1_83' title="bbox 1894 3768 3469 3839; baseline 0.002 -17"><span class='ocrx_word' id='word_1_550' title='bbox 1894 3770 2134 3839; x_wconf 89' lang='lat' dir='ltr'><strong>potuerit</strong></span> <span class='ocrx_word' id='word_1_551' title='bbox 2186 3784 2307 3823; x_wconf 88' lang='lat' dir='ltr'><strong>esse</strong></span> <span class='ocrx_word' id='word_1_552' title='bbox 2342 3768 2552 3824; x_wconf 90' lang='lat' dir='ltr'><strong>solatio.</strong></span> <span class='ocrx_word' id='word_1_553' title='bbox 2605 3768 2739 3824; x_wconf 92' lang='lat' dir='ltr'><strong>Cum</strong></span> <span class='ocrx_word' id='word_1_554' title='bbox 2787 3770 2931 3823; x_wconf 87' lang='lat' dir='ltr'><strong>enim</strong></span> <span class='ocrx_word' id='word_1_555' title='bbox 2981 3771 3235 3834; x_wconf 83' lang='lat' dir='ltr'><strong>ducenta,</strong></span> <span class='ocrx_word' id='word_1_556' title='bbox 3289 3780 3360 3833; x_wconf 86' lang='lat' dir='ltr'><strong>et,</strong></span> <span class='ocrx_word' id='word_1_557' title='bbox 3416 3782 3469 3825; x_wconf 92' lang='lat' dir='ltr'><strong>ut</strong></span> 
     </span>
    </p>
   </div>
   <div class='ocr_carea' id='block_1_84' title="bbox 1897 3859 3470 3931">
    <p class='ocr_par' dir='ltr' id='par_1_84' title="bbox 1897 3859 3470 3931">
     <span class='ocr_line' id='line_1_84' title="bbox 1897 3859 3470 3931; baseline 0.002 -17"><span class='ocrx_word' id='word_1_558' title='bbox 1897 3861 2063 3931; x_wconf 89' lang='lat' dir='ltr'><strong>aliqui</strong></span> <span class='ocrx_word' id='word_1_559' title='bbox 2094 3868 2366 3927; x_wconf 86' lang='lat' dir='ltr'><strong>astruunt,</strong></span> <span class='ocrx_word' id='word_1_560' title='bbox 2395 3862 2479 3915; x_wconf 88' lang='lat' dir='ltr'><strong>his</strong></span> <span class='ocrx_word' id='word_1_561' title='bbox 2505 3860 2736 3930; x_wconf 90' lang='lat' dir='ltr'><strong>amplius</strong></span> <span class='ocrx_word' id='word_1_562' title='bbox 2766 3859 2935 3915; x_wconf 89' lang='lat' dir='ltr'><strong>ferme</strong></span> <span class='ocrx_word' id='word_1_563' title='bbox 2978 3861 3141 3915; x_wconf 90' lang='lat' dir='ltr'><strong>millia</strong></span> <span class='ocrx_word' id='word_1_564' title='bbox 3174 3861 3470 3918; x_wconf 90' lang='lat' dir='ltr'><strong>Christiani</strong></span> 
     </span>
    </p>
   </div>
   <div class='ocr_carea' id='block_1_85' title="bbox 1893 3952 3468 4021">
    <p class='ocr_par' dir='ltr' id='par_1_85' title="bbox 1893 3952 3468 4021">
     <span class='ocr_line' id='line_1_85' title="bbox 1893 3952 3468 4021; baseline 0 -15"><span class='ocrx_word' id='word_1_565' title='bbox 1893 3952 2132 4006; x_wconf 89' lang='lat' dir='ltr'><strong>nominis</strong></span> <span class='ocrx_word' id='word_1_566' title='bbox 2174 3952 2283 4005; x_wconf 91' lang='lat' dir='ltr'><strong>illic</strong></span> <span class='ocrx_word' id='word_1_567' title='bbox 2319 3961 2531 4017; x_wconf 86' lang='lat' dir='ltr'><strong>essent,</strong></span> <span class='ocrx_word' id='word_1_568' title='bbox 2565 3952 2655 4005; x_wconf 81' lang='lat' dir='ltr'><strong>vix</strong></span> <span class='ocrx_word' id='word_1_569' title='bbox 2697 3961 2901 4021; x_wconf 87' lang='lat' dir='ltr'><strong>septem</strong></span> <span class='ocrx_word' id='word_1_570' title='bbox 2932 3952 3097 4006; x_wconf 91' lang='lat' dir='ltr'><strong>millia</strong></span> <span class='ocrx_word' id='word_1_571' title='bbox 3131 3955 3468 4008; x_wconf 89' lang='lat' dir='ltr'><strong>resederunt.</strong></span> 
     </span>
    </p>
   </div>
   <div class='ocr_carea' id='block_1_86' title="bbox 1894 4044 3466 4113">
    <p class='ocr_par' dir='ltr' id='par_1_86' title="bbox 1894 4044 3466 4113">
     <span class='ocr_line' id='line_1_86' title="bbox 1894 4044 3466 4113; baseline 0 -15"><span class='ocrx_word' id='word_1_572' title='bbox 1894 4044 2087 4101; x_wconf 88' lang='lat' dir='ltr'><strong>Comes</strong></span> <span class='ocrx_word' id='word_1_573' title='bbox 2114 4053 2294 4099; x_wconf 87' lang='lat' dir='ltr'><strong>autem</strong></span> <span class='ocrx_word' id='word_1_574' title='bbox 2329 4044 2657 4113; x_wconf 87' lang='lat' dir='ltr'><strong>Stephanus,</strong></span> <span class='ocrx_word' id='word_1_575' title='bbox 2690 4059 2815 4099; x_wconf 89' lang='lat' dir='ltr'><strong>cum</strong></span> <span class='ocrx_word' id='word_1_576' title='bbox 2843 4044 3115 4113; x_wconf 90' lang='lat' dir='ltr'><strong>plerisque</strong></span> <span class='ocrx_word' id='word_1_577' title='bbox 3142 4045 3466 4113; x_wconf 90' lang='lat' dir='ltr'><strong>potentibus,</strong></span> 
     </span>
    </p>
   </div>
   <div class='ocr_carea' id='block_1_87' title="bbox 1895 4135 3465 4208">
    <p class='ocr_par' dir='ltr' id='par_1_87' title="bbox 1895 4135 3465 4208">
     <span class='ocr_line' id='line_1_87' title="bbox 1895 4135 3465 4208; baseline -0.002 -18"><span class='ocrx_word' id='word_1_578' title='bbox 1895 4136 2038 4190; x_wconf 88' lang='lat' dir='ltr'><strong>inter</strong></span> <span class='ocrx_word' id='word_1_579' title='bbox 2060 4152 2196 4205; x_wconf 89' lang='lat' dir='ltr'><strong>quos</strong></span> <span class='ocrx_word' id='word_1_580' title='bbox 2236 4135 2505 4206; x_wconf 88' lang='lat' dir='ltr'><strong>Harpinus</strong></span> <span class='ocrx_word' id='word_1_581' title='bbox 2538 4136 2890 4192; x_wconf 90' lang='lat' dir='ltr'><strong>Bituricensis</strong></span> <span class='ocrx_word' id='word_1_582' title='bbox 2918 4137 3003 4189; x_wconf 90' lang='lat' dir='ltr'><strong>vir</strong></span> <span class='ocrx_word' id='word_1_583' title='bbox 3044 4136 3385 4208; x_wconf 81' lang='lat' dir='ltr'><strong>magnificus,</strong></span> <span class='ocrx_word' id='word_1_584' title='bbox 3417 4145 3465 4191; x_wconf 90' lang='lat' dir='ltr'><strong>et</strong></span> 
     </span>
    </p>
   </div>
   <div class='ocr_carea' id='block_1_88' title="bbox 1894 4226 3466 4300">
    <p class='ocr_par' dir='ltr' id='par_1_88' title="bbox 1894 4226 3466 4300">
     <span class='ocr_line' id='line_1_88' title="bbox 1894 4226 3466 4300; baseline -0.001 -18"><span class='ocrx_word' id='word_1_585' title='bbox 1894 4242 2076 4283; x_wconf 81' lang='lat' dir='ltr'><strong>comes</strong></span> <span class='ocrx_word' id='word_1_586' title='bbox 2104 4237 2254 4283; x_wconf 89' lang='lat' dir='ltr'><strong>trans</strong></span> <span class='ocrx_word' id='word_1_587' title='bbox 2278 4230 2493 4283; x_wconf 88' lang='lat' dir='ltr'><strong>Ararim</strong></span> <span class='ocrx_word' id='word_1_588' title='bbox 2522 4226 2682 4300; x_wconf 58' lang='grc' dir='ltr'>ω</span> <span class='ocrx_word' id='word_1_589' title='bbox 2712 4227 3043 4299; x_wconf 88' lang='lat' dir='ltr'><strong>Stephanus,</strong></span> <span class='ocrx_word' id='word_1_590' title='bbox 3068 4227 3265 4282; x_wconf 91' lang='lat' dir='ltr'><strong>ibidem</strong></span> <span class='ocrx_word' id='word_1_591' title='bbox 3295 4226 3466 4291; x_wconf 91' lang='lat' dir='ltr'><strong>fuere,</strong></span> 
     </span>
    </p>
   </div>
   <div class='ocr_carea' id='block_1_89' title="bbox 1892 4316 3465 4390">
    <p class='ocr_par' dir='ltr' id='par_1_89' title="bbox 1892 4316 3465 4390">
     <span class='ocr_line' id='line_1_89' title="bbox 1892 4316 3465 4390; baseline -0.003 -16"><span class='ocrx_word' id='word_1_592' title='bbox 1892 4321 2205 4389; x_wconf 87' lang='lat' dir='ltr'><strong>pariterque</strong></span> <span class='ocrx_word' id='word_1_593' title='bbox 2262 4320 2687 4390; x_wconf 83' lang='lat' dir='ltr'><strong>Hierosolymam</strong></span> <span class='ocrx_word' id='word_1_594' title='bbox 2752 4321 3039 4375; x_wconf 63' lang='lat' dir='ltr'><strong>devenere.</strong></span> <span class='ocrx_word' id='word_1_595' title='bbox 3098 4317 3199 4371; x_wconf 90' lang='lat' dir='ltr'><strong>Ubi</strong></span> <span class='ocrx_word' id='word_1_596' title='bbox 3256 4316 3465 4386; x_wconf 87' lang='lat' dir='ltr'><strong>positis,</strong></span> 
     </span>
    </p>
   </div>
   <div class='ocr_carea' id='block_1_90' title="bbox 1893 4410 3465 4485">
    <p class='ocr_par' dir='ltr' id='par_1_90' title="bbox 1893 4410 3465 4485">
     <span class='ocr_line' id='line_1_90' title="bbox 1893 4410 3465 4485; baseline -0.006 -15"><span class='ocrx_word' id='word_1_597' title='bbox 1893 4430 2016 4470; x_wconf 90' lang='lat' dir='ltr'><strong>cum</strong></span> <span class='ocrx_word' id='word_1_598' title='bbox 2060 4415 2399 4485; x_wconf 88' lang='lat' dir='ltr'><strong>imperatoris</strong></span> <span class='ocrx_word' id='word_1_599' title='bbox 2435 4412 2739 4483; x_wconf 87' lang='lat' dir='ltr'><strong>Babylonici</strong></span> <span class='ocrx_word' id='word_1_600' title='bbox 2777 4412 3050 4466; x_wconf 79' lang='lat' dir='ltr'><strong>exercitus</strong></span> <span class='ocrx_word' id='word_1_601' title='bbox 3090 4410 3229 4479; x_wconf 90' lang='lat' dir='ltr'><strong>apud</strong></span> <span class='ocrx_word' id='word_1_602' title='bbox 3271 4410 3465 4463; x_wconf 80' lang='lat' dir='ltr'><strong>Ramo~</strong></span> 
     </span>
    </p>
   </div>
   <div class='ocr_carea' id='block_1_91' title="bbox 204 4499 1787 4588">
    <p class='ocr_par' dir='ltr' id='par_1_91' title="bbox 204 4513 1787 4585">
     <span class='ocr_line' id='line_1_91' title="bbox 204 4513 1787 4585; baseline 0.001 -17"><span class='ocrx_word' id='word_1_603' title='bbox 204 4513 500 4568; x_wconf 89' lang='lat' dir='ltr'><strong>insolentia</strong></span> <span class='ocrx_word' id='word_1_604' title='bbox 524 4514 685 4569; x_wconf 90' lang='lat' dir='ltr'><strong>veluti</strong></span> <span class='ocrx_word' id='word_1_605' title='bbox 711 4515 1055 4585; x_wconf 69' lang='lat' dir='ltr'><strong>compirasse</strong></span> <span class='ocrx_word' id='word_1_606' title='bbox 1076 4515 1388 4584; x_wconf 86' lang='lat' dir='ltr'><strong>perniciem,</strong></span> <span class='ocrx_word' id='word_1_607' title='bbox 1417 4528 1601 4569; x_wconf 88' lang='lat' dir='ltr'><strong>eorum</strong></span> <span class='ocrx_word' id='word_1_608' title='bbox 1627 4528 1787 4583; x_wconf 70' lang='lat' dir='ltr'><strong>quem</strong></span> 
     </span>
    </p>
   </div>
   <div class='ocr_carea' id='block_1_92' title="bbox 1894 4499 3464 4588">
    <p class='ocr_par' dir='ltr' id='par_1_92' title="bbox 1896 4499 3464 4570">
     <span class='ocr_line' id='line_1_92' title="bbox 1896 4499 3464 4570; baseline -0.004 -11"><span class='ocrx_word' id='word_1_609' title='bbox 1896 4506 2118 4559; x_wconf 88' lang='lat' dir='ltr'><strong>thenam</strong></span> <span class='ocrx_word' id='word_1_610' title='bbox 2160 4506 2348 4558; x_wconf 90' lang='lat' dir='ltr'><strong>urbem</strong></span> <span class='ocrx_word' id='word_1_611' title='bbox 2378 4503 2663 4561; x_wconf 85' lang='lat' dir='ltr'><strong>Balduino.</strong></span> <span class='ocrx_word' id='word_1_612' title='bbox 2709 4517 2855 4556; x_wconf 92' lang='lat' dir='ltr'><strong>nunc</strong></span> <span class='ocrx_word' id='word_1_613' title='bbox 2904 4501 3040 4570; x_wconf 87' lang='lat' dir='ltr'><strong>regi,</strong></span> <span class='ocrx_word' id='word_1_614' title='bbox 3090 4499 3286 4553; x_wconf 86' lang='lat' dir='ltr'><strong>bellum</strong></span> <span class='ocrx_word' id='word_1_615' title='bbox 3313 4500 3464 4552; x_wconf 87' lang='lat' dir='ltr'><strong>obtu-</strong></span> 
     </span>
    </p>
   </div>
   <div class='ocr_carea' id='block_1_93' title="bbox 200 4609 1792 4679">
    <p class='ocr_par' dir='ltr' id='par_1_93' title="bbox 200 4609 1792 4679">
     <span class='ocr_line' id='line_1_93' title="bbox 200 4609 1792 4679; baseline 0.001 -16"><span class='ocrx_word' id='word_1_616' title='bbox 200 4609 528 4679; x_wconf 88' lang='lat' dir='ltr'><strong>providebat</strong></span> <span class='ocrx_word' id='word_1_617' title='bbox 557 4624 764 4678; x_wconf 80' lang='lat' dir='ltr'><strong>Optime</strong></span> <span class='ocrx_word' id='word_1_618' title='bbox 812 4610 988 4667; x_wconf 90' lang='lat' dir='ltr'><strong>errori</strong></span> <span class='ocrx_word' id='word_1_619' title='bbox 1036 4610 1372 4665; x_wconf 61' lang='lat' dir='ltr'><strong>laetabundus</strong></span> <span class='ocrx_word' id='word_1_620' title='bbox 1408 4609 1657 4665; x_wconf 77' lang='lat' dir='ltr'><strong>assensit.</strong></span> <span class='ocrx_word' id='word_1_621' title='bbox 1690 4611 1792 4664; x_wconf 85' lang='lat' dir='ltr'><strong>Per</strong></span> 
     </span>
    </p>
   </div>
   <div class='ocr_carea' id='block_1_94' title="bbox 201 4701 1792 4772">
    <p class='ocr_par' dir='ltr' id='par_1_94' title="bbox 201 4701 1792 4772">
     <span class='ocr_line' id='line_1_94' title="bbox 201 4701 1792 4772; baseline 0.002 -17"><span class='ocrx_word' id='word_1_622' title='bbox 201 4701 629 4772; x_wconf 85' lang='lat' dir='ltr'><strong>Paphlagoniam</strong></span> <span class='ocrx_word' id='word_1_623' title='bbox 662 4702 848 4772; x_wconf 82' lang='lat' dir='ltr'><strong>igitur,</strong></span> <span class='ocrx_word' id='word_1_624' title='bbox 878 4718 984 4758; x_wconf 89' lang='lat' dir='ltr'><strong>non</strong></span> <span class='ocrx_word' id='word_1_625' title='bbox 1035 4703 1212 4757; x_wconf 85' lang='lat' dir='ltr'><strong>dicam</strong></span> <span class='ocrx_word' id='word_1_626' title='bbox 1262 4703 1421 4757; x_wconf 88' lang='lat' dir='ltr'><strong>modo</strong></span> <span class='ocrx_word' id='word_1_627' title='bbox 1465 4701 1792 4772; x_wconf 70' lang='lat' dir='ltr'><strong>quibuslIJet</strong></span> 
     </span>
    </p>
   </div>
   <div class='ocr_carea' id='block_1_95' title="bbox 201 4791 1790 4862">
    <p class='ocr_par' dir='ltr' id='par_1_95' title="bbox 201 4791 1790 4862">
     <span class='ocr_line' id='line_1_95' title="bbox 201 4791 1790 4862; baseline 0.001 -16"><span class='ocrx_word' id='word_1_628' title='bbox 201 4792 702 4860; x_wconf 82' lang='lat' dir='ltr'><strong>peregrinantibus,</strong></span> <span class='ocrx_word' id='word_1_629' title='bbox 727 4791 822 4845; x_wconf 86' lang='lat' dir='ltr'><strong>sed</strong></span> <span class='ocrx_word' id='word_1_630' title='bbox 848 4808 915 4845; x_wconf 89' lang='lat' dir='ltr'><strong>ne</strong></span> <span class='ocrx_word' id='word_1_631' title='bbox 938 4792 1220 4862; x_wconf 85' lang='lat' dir='ltr'><strong>scripturis</strong></span> <span class='ocrx_word' id='word_1_632' title='bbox 1241 4792 1480 4862; x_wconf 87' lang='lat' dir='ltr'><strong>quidem,</strong></span> <span class='ocrx_word' id='word_1_633' title='bbox 1499 4792 1600 4847; x_wconf 90' lang='lat' dir='ltr'><strong>nisi</strong></span> <span class='ocrx_word' id='word_1_634' title='bbox 1629 4807 1790 4860; x_wconf 80' lang='lat' dir='ltr'><strong>quam</strong></span> 
     </span>
    </p>
   </div>
   <div class='ocr_carea' id='block_1_96' title="bbox 202 4884 1792 4955">
    <p class='ocr_par' dir='ltr' id='par_1_96' title="bbox 202 4884 1792 4955">
     <span class='ocr_line' id='line_1_96' title="bbox 202 4884 1792 4955; baseline 0.003 -18"><span class='ocrx_word' id='word_1_635' title='bbox 202 4884 490 4939; x_wconf 87' lang='lat' dir='ltr'><strong>rarissime</strong></span> <span class='ocrx_word' id='word_1_636' title='bbox 536 4884 804 4955; x_wconf 88' lang='lat' dir='ltr'><strong>cognitam</strong></span> <span class='ocrx_word' id='word_1_637' title='bbox 856 4884 1224 4953; x_wconf 77' lang='lat' dir='ltr'><strong>provinciam,</strong></span> <span class='ocrx_word' id='word_1_638' title='bbox 1268 4885 1449 4941; x_wconf 91' lang='lat' dir='ltr'><strong>nescio</strong></span> <span class='ocrx_word' id='word_1_639' title='bbox 1490 4884 1630 4954; x_wconf 88' lang='lat' dir='ltr'><strong>quod</strong></span> <span class='ocrx_word' id='word_1_640' title='bbox 1674 4900 1792 4941; x_wconf 87' lang='lat' dir='ltr'><strong>mo-</strong></span> 
     </span>
    </p>
   </div>
   <div class='ocr_carea' id='block_1_97' title="bbox 200 4977 1791 5047">
    <p class='ocr_par' dir='ltr' id='par_1_97' title="bbox 200 4977 1791 5047">
     <span class='ocr_line' id='line_1_97' title="bbox 200 4977 1791 5047; baseline 0.001 -15"><span class='ocrx_word' id='word_1_641' title='bbox 200 4990 408 5033; x_wconf 89' lang='lat' dir='ltr'><strong>nentur</strong></span> <span class='ocrx_word' id='word_1_642' title='bbox 478 4978 679 5033; x_wconf 89' lang='lat' dir='ltr'><strong>intrare</strong></span> <span class='ocrx_word' id='word_1_643' title='bbox 739 4978 1034 5033; x_wconf 87' lang='lat' dir='ltr'><strong>desertum.</strong></span> <span class='ocrx_word' id='word_1_644' title='bbox 1095 4977 1360 5033; x_wconf 82' lang='lat' dir='ltr'><strong>Viaticum</strong></span> <span class='ocrx_word' id='word_1_645' title='bbox 1421 4985 1640 5047; x_wconf 88' lang='lat' dir='ltr'><strong>portare</strong></span> <span class='ocrx_word' id='word_1_646' title='bbox 1696 4993 1791 5033; x_wconf 90' lang='lat' dir='ltr'><strong>eos</strong></span> 
     </span>
    </p>
   </div>
   <div class='ocr_carea' id='block_1_98' title="bbox 200 5068 1792 5139">
    <p class='ocr_par' dir='ltr' id='par_1_98' title="bbox 200 5068 1792 5139">
     <span class='ocr_line' id='line_1_98' title="bbox 200 5068 1792 5139; baseline 0.003 -18"><span class='ocrx_word' id='word_1_647' title='bbox 200 5068 461 5139; x_wconf 82' lang='lat' dir='ltr'><strong>prohibet</strong></span> <span class='ocrx_word' id='word_1_648' title='bbox 505 5069 822 5138; x_wconf 87' lang='lat' dir='ltr'><strong>imperator,</strong></span> <span class='ocrx_word' id='word_1_649' title='bbox 864 5068 968 5123; x_wconf 90' lang='lat' dir='ltr'><strong>nisi</strong></span> <span class='ocrx_word' id='word_1_650' title='bbox 1010 5077 1274 5139; x_wconf 90' lang='lat' dir='ltr'><strong>quantum</strong></span> <span class='ocrx_word' id='word_1_651' title='bbox 1323 5068 1512 5125; x_wconf 88' lang='lat' dir='ltr'><strong>diebus</strong></span> <span class='ocrx_word' id='word_1_652' title='bbox 1560 5070 1792 5139; x_wconf 90' lang='lat' dir='ltr'><strong>quadra-</strong></span> 
     </span>
    </p>
   </div>
   <div class='ocr_carea' id='block_1_99' title="bbox 200 5158 1792 5231">
    <p class='ocr_par' dir='ltr' id='par_1_99' title="bbox 200 5158 1792 5231">
     <span class='ocr_line' id='line_1_99' title="bbox 200 5158 1792 5231; baseline 0.003 -19"><span class='ocrx_word' id='word_1_653' title='bbox 200 5160 357 5231; x_wconf 86' lang='lat' dir='ltr'><strong>ginta</strong></span> <span class='ocrx_word' id='word_1_654' title='bbox 397 5159 525 5213; x_wconf 90' lang='lat' dir='ltr'><strong>solis</strong></span> <span class='ocrx_word' id='word_1_655' title='bbox 558 5168 703 5214; x_wconf 87' lang='lat' dir='ltr'><strong>esset</strong></span> <span class='ocrx_word' id='word_1_656' title='bbox 753 5163 1141 5214; x_wconf 77' lang='lat' dir='ltr'><strong>necessarium.</strong></span> <span class='ocrx_word' id='word_1_657' title='bbox 1188 5158 1456 5215; x_wconf 67' lang='lat' dir='ltr'><strong>Praeterea</strong></span> <span class='ocrx_word' id='word_1_658' title='bbox 1486 5174 1623 5228; x_wconf 90' lang='lat' dir='ltr'><strong>pene</strong></span> <span class='ocrx_word' id='word_1_659' title='bbox 1657 5176 1792 5229; x_wconf 83' lang='lat' dir='ltr'><strong>quo-</strong></span> 
     </span>
    </p>
   </div>
   <div class='ocr_carea' id='block_1_100' title="bbox 200 5249 1791 5321">
    <p class='ocr_par' dir='ltr' id='par_1_100' title="bbox 200 5249 1791 5321">
     <span class='ocr_line' id='line_1_100' title="bbox 200 5249 1791 5321; baseline 0.002 -20"><span class='ocrx_word' id='word_1_660' title='bbox 200 5249 500 5304; x_wconf 87' lang='lat' dir='ltr'><strong>dammodo</strong></span> <span class='ocrx_word' id='word_1_661' title='bbox 527 5249 847 5304; x_wconf 89' lang='lat' dir='ltr'><strong>dehortatur</strong></span> <span class='ocrx_word' id='word_1_662' title='bbox 886 5250 1065 5303; x_wconf 90' lang='lat' dir='ltr'><strong>viatici</strong></span> <span class='ocrx_word' id='word_1_663' title='bbox 1097 5250 1368 5312; x_wconf 90' lang='lat' dir='ltr'><strong>lationem,</strong></span> <span class='ocrx_word' id='word_1_664' title='bbox 1414 5250 1539 5304; x_wconf 89' lang='lat' dir='ltr'><strong>dum</strong></span> <span class='ocrx_word' id='word_1_665' title='bbox 1587 5252 1791 5321; x_wconf 86' lang='lat' dir='ltr'><strong>magni-</strong></span> 
     </span>
    </p>
   </div>
   <div class='ocr_carea' id='block_1_101' title="bbox 202 5340 1719 5411">
    <p class='ocr_par' dir='ltr' id='par_1_101' title="bbox 202 5340 1719 5411">
     <span class='ocr_line' id='line_1_101' title="bbox 202 5340 1719 5411; baseline -0.001 -17"><span class='ocrx_word' id='word_1_666' title='bbox 202 5340 312 5394; x_wconf 83' lang='lat' dir='ltr'><strong>fice</strong></span> <span class='ocrx_word' id='word_1_667' title='bbox 340 5340 623 5411; x_wconf 90' lang='lat' dir='ltr'><strong>pollicetur</strong></span> <span class='ocrx_word' id='word_1_668' title='bbox 653 5342 816 5396; x_wconf 89' lang='lat' dir='ltr'><strong>totius</strong></span> <span class='ocrx_word' id='word_1_669' title='bbox 842 5348 1001 5394; x_wconf 66' lang='lat' dir='ltr'><strong>terrae</strong></span> <span class='ocrx_word' id='word_1_670' title='bbox 1033 5341 1232 5409; x_wconf 86' lang='lat' dir='ltr'><strong>negotii</strong></span> <span class='ocrx_word' id='word_1_671' title='bbox 1264 5341 1719 5410; x_wconf 89' lang='lat' dir='ltr'><strong>prosecutionem.</strong></span> 
     </span>
    </p>
   </div>
   <div class='ocr_carea' id='block_1_102' title="bbox 282 5431 1782 5487">
    <p class='ocr_par' dir='ltr' id='par_1_102' title="bbox 282 5431 1782 5487">
     <span class='ocr_line' id='line_1_102' title="bbox 282 5431 1782 5487; baseline 0.001 -2"><span class='ocrx_word' id='word_1_672' title='bbox 282 5431 635 5487; x_wconf 79' lang='lat' dir='ltr'><strong>Iuternecioui</strong></span> <span class='ocrx_word' id='word_1_673' title='bbox 658 5435 887 5487; x_wconf 83' lang='lat' dir='ltr'><strong>traditur</strong></span> <span class='ocrx_word' id='word_1_674' title='bbox 912 5432 1168 5486; x_wconf 74' lang='lat' dir='ltr'><strong>exercitus</strong></span> <span class='ocrx_word' id='word_1_675' title='bbox 1194 5431 1618 5485; x_wconf 74' lang='lat' dir='ltr'><strong>Francorum.—</strong></span> <span class='ocrx_word' id='word_1_676' title='bbox 1643 5432 1782 5487; x_wconf 79' lang='lat' dir='ltr'><strong>Eun-</strong></span> 
     </span>
    </p>
   </div>
   <div class='ocr_carea' id='block_1_103' title="bbox 204 5523 1793 5595">
    <p class='ocr_par' dir='ltr' id='par_1_103' title="bbox 204 5523 1793 5595">
     <span class='ocr_line' id='line_1_103' title="bbox 204 5523 1793 5595; baseline 0.001 -18"><span class='ocrx_word' id='word_1_677' title='bbox 204 5523 359 5577; x_wconf 90' lang='lat' dir='ltr'><strong>tibus</strong></span> <span class='ocrx_word' id='word_1_678' title='bbox 390 5539 518 5593; x_wconf 87' lang='lat' dir='ltr'><strong>ergo</strong></span> <span class='ocrx_word' id='word_1_679' title='bbox 561 5535 615 5580; x_wconf 91' lang='lat' dir='ltr'><strong>et</strong></span> <span class='ocrx_word' id='word_1_680' title='bbox 651 5523 764 5592; x_wconf 81' lang='lat' dir='ltr'><strong>jam</strong></span> <span class='ocrx_word' id='word_1_681' title='bbox 797 5526 850 5580; x_wconf 93' lang='lat' dir='ltr'><strong>in</strong></span> <span class='ocrx_word' id='word_1_682' title='bbox 880 5523 1161 5595; x_wconf 84' lang='lat' dir='ltr'><strong>profundae</strong></span> <span class='ocrx_word' id='word_1_683' title='bbox 1191 5524 1499 5579; x_wconf 86' lang='lat' dir='ltr'><strong>solitudinis</strong></span> <span class='ocrx_word' id='word_1_684' title='bbox 1536 5525 1793 5578; x_wconf 89' lang='lat' dir='ltr'><strong>ulteriora</strong></span> 
     </span>
    </p>
   </div>
   <div class='ocr_carea' id='block_1_104' title="bbox 203 5615 1791 5687">
    <p class='ocr_par' dir='ltr' id='par_1_104' title="bbox 203 5615 1791 5687">
     <span class='ocr_line' id='line_1_104' title="bbox 203 5615 1791 5687; baseline 0 -19"><span class='ocrx_word' id='word_1_685' title='bbox 203 5616 548 5686; x_wconf 86' lang='lat' dir='ltr'><strong>progressis,</strong></span> <span class='ocrx_word' id='word_1_686' title='bbox 590 5617 779 5687; x_wconf 84' lang='lat' dir='ltr'><strong>vulgus</strong></span> <span class='ocrx_word' id='word_1_687' title='bbox 827 5618 967 5686; x_wconf 90' lang='lat' dir='ltr'><strong>quod</strong></span> <span class='ocrx_word' id='word_1_688' title='bbox 1006 5618 1123 5671; x_wconf 87' lang='lat' dir='ltr'><strong>sine</strong></span> <span class='ocrx_word' id='word_1_689' title='bbox 1163 5616 1382 5681; x_wconf 86' lang='lat' dir='ltr'><strong>viatico,</strong></span> <span class='ocrx_word' id='word_1_690' title='bbox 1415 5631 1508 5685; x_wconf 92' lang='lat' dir='ltr'><strong>spe</strong></span> <span class='ocrx_word' id='word_1_691' title='bbox 1543 5615 1791 5684; x_wconf 90' lang='lat' dir='ltr'><strong>promissi</strong></span> 
     </span>
    </p>
   </div>
   <div class='ocr_carea' id='block_1_105' title="bbox 208 5708 1793 5780">
    <p class='ocr_par' dir='ltr' id='par_1_105' title="bbox 208 5708 1793 5780">
     <span class='ocr_line' id='line_1_105' title="bbox 208 5708 1793 5780; baseline 0.001 -18"><span class='ocrx_word' id='word_1_692' title='bbox 208 5709 439 5779; x_wconf 87' lang='lat' dir='ltr'><strong>negotii,</strong></span> <span class='ocrx_word' id='word_1_693' title='bbox 471 5710 687 5763; x_wconf 77' lang='lat' dir='ltr'><strong>incaute</strong></span> <span class='ocrx_word' id='word_1_694' title='bbox 719 5720 1081 5780; x_wconf 88' lang='lat' dir='ltr'><strong>processerat,</strong></span> <span class='ocrx_word' id='word_1_695' title='bbox 1120 5718 1358 5780; x_wconf 76' lang='lat' dir='ltr'><strong>cmperat</strong></span> <span class='ocrx_word' id='word_1_696' title='bbox 1400 5711 1451 5763; x_wconf 93' lang='lat' dir='ltr'><strong>in</strong></span> <span class='ocrx_word' id='word_1_697' title='bbox 1491 5709 1605 5763; x_wconf 89' lang='lat' dir='ltr'><strong>dies</strong></span> <span class='ocrx_word' id='word_1_698' title='bbox 1636 5708 1793 5763; x_wconf 83' lang='lat' dir='ltr'><strong>vehe-</strong></span> 
     </span>
    </p>
   </div>
   <div class='ocr_carea' id='block_1_106' title="bbox 210 5800 1789 5865">
    <p class='ocr_par' dir='ltr' id='par_1_106' title="bbox 210 5800 1789 5865">
     <span class='ocr_line' id='line_1_106' title="bbox 210 5800 1789 5865; baseline 0.002 -11"><span class='ocrx_word' id='word_1_699' title='bbox 210 5800 554 5856; x_wconf 86' lang='lat' dir='ltr'><strong>mentissima</strong></span> <span class='ocrx_word' id='word_1_700' title='bbox 607 5802 746 5856; x_wconf 84' lang='lat' dir='ltr'><strong>fame</strong></span> <span class='ocrx_word' id='word_1_701' title='bbox 787 5804 994 5865; x_wconf 74' lang='lat' dir='ltr'><strong>urgeri.</strong></span> <span class='ocrx_word' id='word_1_702' title='bbox 1059 5805 1419 5858; x_wconf 86' lang='lat' dir='ltr'><strong>intumescere</strong></span> <span class='ocrx_word' id='word_1_703' title='bbox 1479 5816 1542 5855; x_wconf 90' lang='lat' dir='ltr'><strong>ac</strong></span> <span class='ocrx_word' id='word_1_704' title='bbox 1590 5802 1789 5857; x_wconf 80' lang='lat' dir='ltr'><strong>emori:</strong></span> 
     </span>
    </p>
   </div>
   <div class='ocr_carea' id='block_1_107' title="bbox 1895 4587 3464 4661">
    <p class='ocr_par' dir='ltr' id='par_1_107' title="bbox 1895 4587 3464 4661">
     <span class='ocr_line' id='line_1_107' title="bbox 1895 4587 3464 4661; baseline -0.005 -12"><span class='ocrx_word' id='word_1_705' title='bbox 1895 4595 2068 4658; x_wconf 88' lang='lat' dir='ltr'><strong>lisset,</strong></span> <span class='ocrx_word' id='word_1_706' title='bbox 2115 4592 2386 4661; x_wconf 80' lang='lat' dir='ltr'><strong>Harpinus</strong></span> <span class='ocrx_word' id='word_1_707' title='bbox 2432 4599 2761 4643; x_wconf 87' lang='lat' dir='ltr'><strong>memoratus</strong></span> <span class='ocrx_word' id='word_1_708' title='bbox 2816 4590 2929 4659; x_wconf 89' lang='lat' dir='ltr'><strong>regi</strong></span> <span class='ocrx_word' id='word_1_709' title='bbox 2978 4587 3158 4643; x_wconf 91' lang='lat' dir='ltr'><strong>intulit</strong></span> <span class='ocrx_word' id='word_1_710' title='bbox 3201 4596 3464 4658; x_wconf 74' lang='lat' dir='ltr'><strong>quatenus</strong></span> 
     </span>
    </p>
   </div>
   <div class='ocr_carea' id='block_1_108' title="bbox 1893 4680 3461 4757">
    <p class='ocr_par' dir='ltr' id='par_1_108' title="bbox 1893 4680 3461 4757">
     <span class='ocr_line' id='line_1_108' title="bbox 1893 4680 3461 4757; baseline -0.008 -17"><span class='ocrx_word' id='word_1_711' title='bbox 1893 4685 2137 4757; x_wconf 61' lang='lat' dir='ltr'><strong>praelium</strong></span> <span class='ocrx_word' id='word_1_712' title='bbox 2187 4681 2447 4748; x_wconf 80' lang='lat' dir='ltr'><strong>differret,</strong></span> <span class='ocrx_word' id='word_1_713' title='bbox 2497 4682 2666 4735; x_wconf 90' lang='lat' dir='ltr'><strong>donec</strong></span> <span class='ocrx_word' id='word_1_714' title='bbox 2710 4680 2968 4749; x_wconf 90' lang='lat' dir='ltr'><strong>quidquid</strong></span> <span class='ocrx_word' id='word_1_715' title='bbox 3018 4681 3210 4735; x_wconf 90' lang='lat' dir='ltr'><strong>virium</strong></span> <span class='ocrx_word' id='word_1_716' title='bbox 3256 4687 3461 4751; x_wconf 87' lang='lat' dir='ltr'><strong>poterat</strong></span> 
     </span>
    </p>
   </div>
   <div class='ocr_carea' id='block_1_109' title="bbox 1894 4772 3463 4843">
    <p class='ocr_par' dir='ltr' id='par_1_109' title="bbox 1894 4772 3463 4843">
     <span class='ocr_line' id='line_1_109' title="bbox 1894 4772 3463 4843; baseline -0.004 -9"><span class='ocrx_word' id='word_1_717' title='bbox 1894 4779 2117 4841; x_wconf 89' lang='lat' dir='ltr'><strong>habere,</strong></span> <span class='ocrx_word' id='word_1_718' title='bbox 2149 4776 2423 4831; x_wconf 89' lang='lat' dir='ltr'><strong>conferret</strong></span> <span class='ocrx_word' id='word_1_719' title='bbox 2451 4790 2465 4840; x_wconf 92' lang='lat'><strong>;</strong></span> <span class='ocrx_word' id='word_1_720' title='bbox 2494 4789 2589 4827; x_wconf 80' lang='lat' dir='ltr'><strong>rex</strong></span> <span class='ocrx_word' id='word_1_721' title='bbox 2616 4774 2728 4826; x_wconf 89' lang='lat' dir='ltr'><strong>ait:</strong></span> <span class='ocrx_word' id='word_1_722' title='bbox 2767 4792 2785 4823; x_wconf 86' lang='grc'><strong><em>‹</em></strong></span> <span class='ocrx_word' id='word_1_723' title='bbox 2818 4774 2872 4828; x_wconf 91' lang='lat' dir='ltr'><strong>Si</strong></span> <span class='ocrx_word' id='word_1_724' title='bbox 2908 4774 3083 4839; x_wconf 91' lang='lat' dir='ltr'><strong>times,</strong></span> <span class='ocrx_word' id='word_1_725' title='bbox 3117 4773 3306 4842; x_wconf 88' lang='lat' dir='ltr'><strong>inquit,</strong></span> <span class='ocrx_word' id='word_1_726' title='bbox 3342 4772 3463 4843; x_wconf 78' lang='lat' dir='ltr'><strong>fuge</strong></span> 
     </span>
    </p>
   </div>
   <div class='ocr_carea' id='block_1_110' title="bbox 1895 4866 3462 4942">
    <p class='ocr_par' dir='ltr' id='par_1_110' title="bbox 1895 4866 3462 4942">
     <span class='ocr_line' id='line_1_110' title="bbox 1895 4866 3462 4942; baseline -0.003 -17"><span class='ocrx_word' id='word_1_727' title='bbox 1895 4873 2185 4942; x_wconf 85' lang='lat' dir='ltr'><strong>Biturigas,</strong></span> <span class='ocrx_word' id='word_1_728' title='bbox 2220 4890 2238 4922; x_wconf 74' lang='grc' dir='ltr'><strong><em>ι</em></strong></span> <span class='ocrx_word' id='word_1_729' title='bbox 2281 4870 2475 4939; x_wconf 88' lang='lat' dir='ltr'><strong>hisque</strong></span> <span class='ocrx_word' id='word_1_730' title='bbox 2502 4868 2689 4931; x_wconf 91' lang='lat' dir='ltr'><strong>dictis,</strong></span> <span class='ocrx_word' id='word_1_731' title='bbox 2719 4866 3021 4922; x_wconf 87' lang='lat' dir='ltr'><strong>inconsulte</strong></span> <span class='ocrx_word' id='word_1_732' title='bbox 3050 4866 3304 4931; x_wconf 79' lang='lat' dir='ltr'><strong>conﬂixit,</strong></span> <span class='ocrx_word' id='word_1_733' title='bbox 3349 4883 3462 4921; x_wconf 85' lang='lat' dir='ltr'><strong>om-</strong></span> 
     </span>
    </p>
   </div>
   <div class='ocr_carea' id='block_1_111' title="bbox 1895 4960 3460 5038">
    <p class='ocr_par' dir='ltr' id='par_1_111' title="bbox 1895 4960 3460 5038">
     <span class='ocr_line' id='line_1_111' title="bbox 1895 4960 3460 5038; baseline -0.009 -14"><span class='ocrx_word' id='word_1_734' title='bbox 1895 4982 2097 5038; x_wconf 89' lang='lat' dir='ltr'><strong>nesque</strong></span> <span class='ocrx_word' id='word_1_735' title='bbox 2146 4981 2270 5023; x_wconf 88' lang='lat' dir='ltr'><strong>suas</strong></span> <span class='ocrx_word' id='word_1_736' title='bbox 2320 4965 2461 5019; x_wconf 90' lang='lat' dir='ltr'><strong>illico</strong></span> <span class='ocrx_word' id='word_1_737' title='bbox 2496 4964 2702 5033; x_wconf 88' lang='lat' dir='ltr'><strong>c0pias,</strong></span> <span class='ocrx_word' id='word_1_738' title='bbox 2746 4962 2800 5016; x_wconf 93' lang='lat' dir='ltr'><strong>in</strong></span> <span class='ocrx_word' id='word_1_739' title='bbox 2838 4962 3145 5031; x_wconf 83' lang='lat' dir='ltr'><strong>praedictam</strong></span> <span class='ocrx_word' id='word_1_740' title='bbox 3192 4960 3460 5013; x_wconf 80' lang='lat' dir='ltr'><strong>civitatem</strong></span> 
     </span>
    </p>
   </div>
   <div class='ocr_carea' id='block_1_112' title="bbox 1894 5047 3460 5131">
    <p class='ocr_par' dir='ltr' id='par_1_112' title="bbox 1894 5047 3460 5131">
     <span class='ocr_line' id='line_1_112' title="bbox 1894 5047 3460 5131; baseline -0.009 -16"><span class='ocrx_word' id='word_1_741' title='bbox 1894 5060 2221 5131; x_wconf 90' lang='lat' dir='ltr'><strong>compulsus,</strong></span> <span class='ocrx_word' id='word_1_742' title='bbox 2257 5057 2469 5121; x_wconf 89' lang='lat' dir='ltr'><strong>amisit;</strong></span> <span class='ocrx_word' id='word_1_743' title='bbox 2502 5055 2615 5125; x_wconf 83' lang='lat' dir='ltr'><strong>ipse</strong></span> <span class='ocrx_word' id='word_1_744' title='bbox 2644 5053 2788 5107; x_wconf 89' lang='lat' dir='ltr'><strong>solus</strong></span> <span class='ocrx_word' id='word_1_745' title='bbox 2814 5053 3005 5107; x_wconf 91' lang='lat' dir='ltr'><strong>evasit.</strong></span> <span class='ocrx_word' id='word_1_746' title='bbox 3039 5050 3184 5105; x_wconf 85' lang='lat' dir='ltr'><strong>Multi</strong></span> <span class='ocrx_word' id='word_1_747' title='bbox 3245 5058 3371 5103; x_wconf 91' lang='lat' dir='ltr'><strong>tunc</strong></span> <span class='ocrx_word' id='word_1_748' title='bbox 3409 5047 3460 5101; x_wconf 93' lang='lat' dir='ltr'><strong>in</strong></span> 
     </span>
    </p>
   </div>
   <div class='ocr_carea' id='block_1_113' title="bbox 1894 5140 3459 5221">
    <p class='ocr_par' dir='ltr' id='par_1_113' title="bbox 1894 5140 3459 5221">
     <span class='ocr_line' id='line_1_113' title="bbox 1894 5140 3459 5221; baseline -0.01 -13"><span class='ocrx_word' id='word_1_749' title='bbox 1894 5152 2264 5221; x_wconf 89' lang='lat' dir='ltr'><strong>captivitatem</strong></span> <span class='ocrx_word' id='word_1_750' title='bbox 2290 5148 2394 5202; x_wconf 90' lang='lat' dir='ltr'><strong>acti</strong></span> <span class='ocrx_word' id='word_1_751' title='bbox 2421 5164 2434 5212; x_wconf 93' lang='lat'><strong>;</strong></span> <span class='ocrx_word' id='word_1_752' title='bbox 2464 5147 2639 5210; x_wconf 93' lang='lat' dir='ltr'><strong>multi,</strong></span> <span class='ocrx_word' id='word_1_753' title='bbox 2668 5160 2775 5215; x_wconf 91' lang='lat' dir='ltr'><strong>quo</strong></span> <span class='ocrx_word' id='word_1_754' title='bbox 2804 5145 2910 5198; x_wconf 76' lang='lat' dir='ltr'><strong>line</strong></span> <span class='ocrx_word' id='word_1_755' title='bbox 2933 5140 3249 5205; x_wconf 83' lang='lat' dir='ltr'><strong>defecerint,</strong></span> <span class='ocrx_word' id='word_1_756' title='bbox 3274 5140 3459 5194; x_wconf 89' lang='lat' dir='ltr'><strong>hucus-</strong></span> 
     </span>
    </p>
   </div>
   <div class='ocr_carea' id='block_1_114' title="bbox 1894 5241 2453 5315">
    <p class='ocr_par' dir='ltr' id='par_1_114' title="bbox 1894 5241 2453 5315">
     <span class='ocr_line' id='line_1_114' title="bbox 1894 5241 2453 5315; baseline -0.011 -16"><span class='ocrx_word' id='word_1_757' title='bbox 1894 5262 1997 5315; x_wconf 86' lang='lat' dir='ltr'><strong>que</strong></span> <span class='ocrx_word' id='word_1_758' title='bbox 2028 5257 2212 5299; x_wconf 90' lang='lat' dir='ltr'><strong>sumus</strong></span> <span class='ocrx_word' id='word_1_759' title='bbox 2239 5241 2453 5296; x_wconf 90' lang='lat' dir='ltr'><strong>incerti.</strong></span> 
     </span>
    </p>
   </div>
   <div class='ocr_carea' id='block_1_115' title="bbox 1967 5317 3463 5404">
    <p class='ocr_par' dir='ltr' id='par_1_115' title="bbox 1967 5317 3463 5404">
     <span class='ocr_line' id='line_1_115' title="bbox 1967 5317 3463 5404; baseline -0.013 -15"><span class='ocrx_word' id='word_1_760' title='bbox 1967 5334 2236 5404; x_wconf 81' lang='lat' dir='ltr'><strong>Harpinus</strong></span> <span class='ocrx_word' id='word_1_761' title='bbox 2276 5330 2613 5385; x_wconf 80' lang='lat' dir='ltr'><strong>Bituricensis</strong></span> <span class='ocrx_word' id='word_1_762' title='bbox 2654 5323 2962 5378; x_wconf 81' lang='lat' dir='ltr'><strong>ntonachum</strong></span> <span class='ocrx_word' id='word_1_763' title='bbox 3009 5321 3197 5374; x_wconf 74' lang='lat' dir='ltr'><strong>induit.</strong></span> <span class='ocrx_word' id='word_1_764' title='bbox 3227 5348 3294 5359; x_wconf 72' lang='grc' dir='ltr'><strong>α·-</strong></span> <span class='ocrx_word' id='word_1_765' title='bbox 3322 5317 3463 5372; x_wconf 81' lang='lat' dir='ltr'><strong>Har-</strong></span> 
     </span>
    </p>
   </div>
   <div class='ocr_carea' id='block_1_116' title="bbox 1894 5412 3462 5499">
    <p class='ocr_par' dir='ltr' id='par_1_116' title="bbox 1894 5412 3462 5499">
     <span class='ocr_line' id='line_1_116' title="bbox 1894 5412 3462 5499; baseline -0.01 -18"><span class='ocrx_word' id='word_1_766' title='bbox 1894 5429 2052 5499; x_wconf 84' lang='lat' dir='ltr'><strong>piuus</strong></span> <span class='ocrx_word' id='word_1_767' title='bbox 2078 5425 2321 5493; x_wconf 89' lang='lat' dir='ltr'><strong>captivus</strong></span> <span class='ocrx_word' id='word_1_768' title='bbox 2347 5420 2658 5481; x_wconf 84' lang='lat' dir='ltr'><strong>abducitur;</strong></span> <span class='ocrx_word' id='word_1_769' title='bbox 2702 5416 2955 5484; x_wconf 88' lang='lat' dir='ltr'><strong>deinceps</strong></span> <span class='ocrx_word' id='word_1_770' title='bbox 2984 5430 3011 5466; x_wconf 89' lang='lat' dir='ltr'><strong>a</strong></span> <span class='ocrx_word' id='word_1_771' title='bbox 3034 5412 3345 5482; x_wconf 86' lang='lat' dir='ltr'><strong>captivitate</strong></span> <span class='ocrx_word' id='word_1_772' title='bbox 3377 5426 3462 5466; x_wconf 81' lang='lat' dir='ltr'><strong>so-</strong></span> 
     </span>
    </p>
   </div>
   <div class='ocr_carea' id='block_1_117' title="bbox 1894 5504 3462 5581">
    <p class='ocr_par' dir='ltr' id='par_1_117' title="bbox 1894 5504 3462 5581">
     <span class='ocr_line' id='line_1_117' title="bbox 1894 5504 3462 5581; baseline -0.01 -8"><span class='ocrx_word' id='word_1_773' title='bbox 1894 5519 2058 5581; x_wconf 90' lang='lat' dir='ltr'><strong>lutus,</strong></span> <span class='ocrx_word' id='word_1_774' title='bbox 2106 5519 2158 5571; x_wconf 90' lang='lat' dir='ltr'><strong>iu</strong></span> <span class='ocrx_word' id='word_1_775' title='bbox 2188 5516 2471 5570; x_wconf 87' lang='lat' dir='ltr'><strong>Franciam</strong></span> <span class='ocrx_word' id='word_1_776' title='bbox 2509 5511 2722 5565; x_wconf 89' lang='lat' dir='ltr'><strong>rediens</strong></span> <span class='ocrx_word' id='word_1_777' title='bbox 2766 5508 3064 5562; x_wconf 87' lang='lat' dir='ltr'><strong>monachus</strong></span> <span class='ocrx_word' id='word_1_778' title='bbox 3102 5504 3347 5559; x_wconf 82' lang='lat' dir='ltr'><strong>eﬂicitur.</strong></span> <span class='ocrx_word' id='word_1_779' title='bbox 3385 5504 3462 5558; x_wconf 88' lang='lat' dir='ltr'><strong>De</strong></span> 
     </span>
    </p>
   </div>
   <div class='ocr_carea' id='block_1_118' title="bbox 1896 5595 3459 5671">
    <p class='ocr_par' dir='ltr' id='par_1_118' title="bbox 1896 5595 3459 5671">
     <span class='ocr_line' id='line_1_118' title="bbox 1896 5595 3459 5671; baseline -0.01 -8"><span class='ocrx_word' id='word_1_780' title='bbox 1896 5607 2212 5664; x_wconf 83' lang='lat' dir='ltr'><strong>Carnotensi</strong></span> <span class='ocrx_word' id='word_1_781' title='bbox 2247 5606 2521 5671; x_wconf 84' lang='lat' dir='ltr'><strong>Stephano</strong></span> <span class='ocrx_word' id='word_1_782' title='bbox 2551 5601 2684 5655; x_wconf 90' lang='lat' dir='ltr'><strong>nihil</strong></span> <span class='ocrx_word' id='word_1_783' title='bbox 2734 5599 2864 5654; x_wconf 88' lang='lat' dir='ltr'><strong>certi</strong></span> <span class='ocrx_word' id='word_1_784' title='bbox 2896 5599 3141 5662; x_wconf 87' lang='lat' dir='ltr'><strong>habetur,</strong></span> <span class='ocrx_word' id='word_1_785' title='bbox 3171 5597 3272 5651; x_wconf 88' lang='lat' dir='ltr'><strong>nisi</strong></span> <span class='ocrx_word' id='word_1_786' title='bbox 3317 5595 3459 5664; x_wconf 91' lang='lat' dir='ltr'><strong>quod</strong></span> 
     </span>
    </p>
   </div>
   <div class='ocr_carea' id='block_1_119' title="bbox 1897 5687 3432 5767">
    <p class='ocr_par' dir='ltr' id='par_1_119' title="bbox 1897 5687 3432 5767">
     <span class='ocr_line' id='line_1_119' title="bbox 1897 5687 3432 5767; baseline -0.012 -12"><span class='ocrx_word' id='word_1_787' title='bbox 1897 5704 2269 5767; x_wconf 88' lang='lat' dir='ltr'><strong>interemptus,</strong></span> <span class='ocrx_word' id='word_1_788' title='bbox 2297 5696 2409 5750; x_wconf 86' lang='lat' dir='ltr'><strong>sine</strong></span> <span class='ocrx_word' id='word_1_789' title='bbox 2438 5695 2560 5748; x_wconf 89' lang='lat' dir='ltr'><strong>ullis</strong></span> <span class='ocrx_word' id='word_1_790' title='bbox 2592 5705 2769 5747; x_wconf 89' lang='lat' dir='ltr'><strong>tamen</strong></span> <span class='ocrx_word' id='word_1_791' title='bbox 2798 5692 3029 5753; x_wconf 88' lang='lat' dir='ltr'><strong>indiciis,</strong></span> <span class='ocrx_word' id='word_1_792' title='bbox 3062 5690 3296 5743; x_wconf 89' lang='lat' dir='ltr'><strong>creditur</strong></span> <span class='ocrx_word' id='word_1_793' title='bbox 3321 5703 3335 5751; x_wconf 90' lang='lat'><strong>;</strong></span> <span class='ocrx_word' id='word_1_794' title='bbox 3378 5687 3432 5738; x_wconf 86' lang='lat' dir='ltr'><strong>in</strong></span> 
     </span>
    </p>
   </div>
   <div class='ocr_carea' id='block_1_120' title="bbox 1900 5776 3458 5854">
    <p class='ocr_par' dir='ltr' id='par_1_120' title="bbox 1900 5776 3458 5854">
     <span class='ocr_line' id='line_1_120' title="bbox 1900 5776 3458 5854; baseline -0.012 -7"><span class='ocrx_word' id='word_1_795' title='bbox 1900 5805 1979 5848; x_wconf 88' lang='lat' dir='ltr'><strong>tra</strong></span> <span class='ocrx_word' id='word_1_796' title='bbox 2013 5791 2204 5846; x_wconf 88' lang='lat' dir='ltr'><strong>turrim</strong></span> <span class='ocrx_word' id='word_1_797' title='bbox 2234 5788 2485 5842; x_wconf 88' lang='lat' dir='ltr'><strong>nimirum</strong></span> <span class='ocrx_word' id='word_1_798' title='bbox 2514 5788 2801 5854; x_wconf 83' lang='lat' dir='ltr'><strong>quamdam</strong></span> <span class='ocrx_word' id='word_1_799' title='bbox 2833 5800 2955 5840; x_wconf 89' lang='lat' dir='ltr'><strong>cum</strong></span> <span class='ocrx_word' id='word_1_800' title='bbox 2985 5784 3105 5837; x_wconf 87' lang='lat' dir='ltr'><strong>aliis</strong></span> <span class='ocrx_word' id='word_1_801' title='bbox 3158 5776 3458 5835; x_wconf 78' lang='lat' dir='ltr'><strong>innumeris</strong></span> 
     </span>
    </p>
   </div>
  </div>
