3980 6324
568 272 674 330 815

1460 261 1521 317 ν.
1563 256 1888 317 GUIBERTI
1924 249 2215 311 ABBATIS
2236 250 2294 305 S.
2337 250 2573 307 MARUE
2617 252 2704 308 DE
2734 251 3127 311 NOVIGENTG
3675 272 3759 332 δια

566 389 1015 461 crmpreheusus,
1048 387 1186 456 apud
1209 380 1487 454 praefatam
1514 380 1725 443 urbem,
1758 386 1940 432 utrum
1970 372 2138 444 capti-
2164 377 2216 435 Α
2244 378 2384 427 teret
2429 370 2718 442 majestati,
2794 370 2912 426 sine
2958 368 3066 424 ulla
3116 382 3253 439 pene
3305 370 3572 431 formidine
3609 388 3759 445 mortis

564 486 754 540 vitatis
780 483 912 538 sorti
938 479 1121 545 fuerit,
1152 493 1221 532 an
1249 477 1464 541 mortis,
1496 474 1767 539 addictus,
1809 474 1975 527 certis
2003 470 2143 526 scire

562 574 877 632 auctoribus
898 573 1178 641 hucusque
1201 568 1564 638 nequivimus,
1594 565 1699 620 nisi
1722 563 1866 634 quod
1894 563 1961 617 ad
1983 562 2144 616 fidem

561 668 716 724 necis
753 664 891 734 ejus,
939 664 1067 734 quia
1099 676 1367 732 nusquam
1416 657 1743 731 comparuit,
1792 655 2146 726 procliviores

561 771 774 814 manus.
800 754 965 812 Turci
990 754 1150 825 plane
1191 768 1457 811 caesorum
1490 749 1781 817 cadavera,
1808 757 1932 820 post
1973 748 2143 803 victo-

560 850 727 915 riam,
754 848 987 905 desectis
1013 847 1192 905 solent
1220 847 1484 903 damnare
1513 842 1805 914 capitibus,
1851 856 2023 911 eaque
2048 853 2146 910 pro

561 942 719 1015 signo
764 951 1049 1013 asportare
1082 940 1361 1012 triumphi.
1409 940 1618 1008 Quibus
1647 936 1897 1003 sublatis,
1935 933 2148 991 difficile

561 1046 650 1094 est
676 1050 901 1109 prorsus
931 1032 1194 1105 cujusque
1236 1047 1531 1105 personam
1568 1048 1637 1089 ex
1685 1048 1913 1105 corpore
1946 1041 2148 1103 trunco

561 1125 844 1199 cognosci.
876 1125 1082 1181 Eadem
1114 1132 1296 1179 autem
1338 1124 1665 1196 ambiguitas
1699 1133 1755 1181 et
1795 1124 1862 1179 de
1918 1121 2146 1194 quibus-

562 1220 693 1276 dam
744 1218 1067 1274 clarissimis
1110 1216 1241 1273 viris
1288 1216 1409 1272 aliis
1465 1217 1727 1273 hactenus
1786 1224 1869 1272 est
1943 1215 2147 1271 habita.

562 1313 783 1370 Interea
843 1296 945 1369 rex.
984 1311 1123 1382 ipse,
1172 1310 1295 1381 qui,
1346 1318 1404 1365 ut
1450 1309 1786 1381 praelibatum
1836 1317 1948 1374 est,
2004 1307 2150 1363 solus

563 1414 835 1472 evaserat,
868 1413 923 1462 et
967 1419 1074 1459 non
1115 1405 1276 1459 modo
1316 1418 1415 1474 pro
1452 1404 1748 1469 communi,
1788 1402 1933 1472 quod
1973 1400 2153 1455 immi-

564 1497 748 1564 nebat,
784 1496 952 1551 exitio
982 1494 1271 1566 lugebatur
1315 1509 1346 1549 a
1392 1495 1525 1560 suis,
1579 1495 1673 1550 sed
1716 1494 1882 1549 etiam
1908 1507 2147 1548 cumca-

564 1588 765 1645 chinno
829 1585 1151 1642 interfectus
1202 1585 1540 1641 clamabatur
1586 1586 1655 1641 ab
1711 1584 1978 1651 ethnicis;
2052 1598 2150 1654 per

556 1678 785 1735 horrida
814 1678 1061 1749 quaedam
1089 1685 1145 1732 et
1175 1676 1361 1748 paucis
1391 1685 1670 1746 comperta
1720 1686 1974 1731 montana
2017 1689 2145 1746 pro-

560 1773 788 1838 cedens,
826 1772 1124 1842 desperatae
1150 1770 1367 1826 tandem
1397 1769 1805 1841 Hierosolyma,
1828 1779 1883 1826 et
1902 1779 2145 1825 extrema

556 1860 680 1932 jam
719 1861 959 1933 pericula
1011 1878 1136 1918 cum
1173 1861 1369 1917 debitis
1414 1862 1742 1917 maeroribus
1791 1859 2147 1931 praestolanti,

560 1964 690 2026 post
713 1956 960 2021 biduum,
992 1954 1097 2010 nisi
1120 1952 1301 2019 fallor,
1334 1968 1392 2010 se
1421 1953 1622 2010 intulit.
1651 1952 1753 2021 Qui
1790 1952 2022 2009 collecto
2058 1966 2152 2007 ce-

561 2047 790 2104 lerrime
841 2062 1006 2118 quem
1056 2047 1233 2119 potuit
1282 2047 1552 2117 equitatu,
1583 2056 1638 2101 et
1668 2047 1878 2103 delectu
1913 2047 2150 2118 optimo-

563 2157 687 2197 rum
716 2141 957 2211 peditum
993 2155 1096 2212 pro
1138 2140 1397 2197 facultate
1426 2140 1636 2205 habito,
1664 2140 2003 2197 clementiori
2036 2138 2151 2208 jam

563 2233 818 2300 Domino,
843 2249 967 2289 cum
999 2233 1377 2303 triumphanti,
1406 2233 1502 2289 sed
1540 2248 1647 2289 non
1678 2232 1789 2299 diu,
1827 2231 2149 2303 gentilitate,

556 2325 705 2382 bello
752 2326 1077 2383 decernere-
1100 2336 1277 2397 parat.
1310 2327 1445 2382 Cum
1482 2340 1612 2397 ergo
1645 2342 1826 2399 regem
1877 2335 2151 2383 mortuum

567 2408 651 2473 Sic
695 2424 979 2485 putarent,
1038 2417 1309 2486 reparatis
1356 2417 1616 2473 continuo
1654 2418 1825 2488 copiis
1860 2417 2147 2487 apparuit;

557 2507 724 2580 longe
751 2507 920 2564 altera
950 2522 1113 2578 quam
1142 2508 1348 2579 pridem
1376 2509 1701 2566 auctoritate
1722 2507 1981 2576 conﬂixit,
2012 2516 2067 2564 et
2096 2508 2153 2563 in

563 2597 750 2671 fugam
786 2614 881 2654 eos
908 2614 1098 2668 agens,
1143 2614 1342 2655 novum
1391 2600 1633 2671 ipsorum
1681 2600 1954 2667 timorem,
2005 2608 2151 2655 atro-

562 2690 800 2748 cissima:
833 2693 994 2748 ctedis
1027 2692 1320 2762 punctione
1360 2691 1590 2748 reﬂavit.
1707 2748 1715 2756 ,

643 2772 913 2857 [XXIV.]
956 2782 1234 2854 Godefridi
1286 2785 1423 2856 regis
1466 2785 1659 2839 obitus.
1685 2784 1850 2840 —At
1896 2785 2153 2855 quoniam

564 2873 918 2931 Codefridum
964 2890 1170 2949 regem,
1210 2874 1371 2945 hujus
1411 2875 1659 2932 Balduini
1690 2890 2025 2947 germanum,
2056 2891 2153 2933 ne-

2247 463 2550 530 audaciam,
2577 470 2837 519 remotam
2860 476 3072 532 quoque
3092 462 3158 516 ab
3179 462 3321 517 onmi
3354 464 3525 520 habitu
3554 468 3758 547 ipsorum,

2258 556 2627 627 petulantiam,
2661 564 2717 611 et
2738 570 2901 627 supra
2932 569 3094 625 opum
3125 569 3340 610 suarum
3363 556 3498 613 vires
3526 560 3760 624 liberalita-

2256 658 2362 706 tem
2398 651 2620 706 omnino
2655 649 2990 704 munificam.
3020 647 3188 720 Hujus
3214 661 3391 704 autem
3422 650 3641 712 Balduini
3665 674 3762 735 erga

2249 758 2376 800 suos
2401 744 2551 807 fides,
2581 758 2708 815 erga
2734 758 2793 799 se
2823 750 3209 813 comtemptus,
3240 756 3308 797 ex
3338 758 3440 798 uno
3462 747 3635 817 conjici
3656 753 3763 813 valet

2248 836 2414 905 facto,
2482 838 2624 907 quod
2676 836 2929 893 videlicet
2984 836 3113 891 dum
3153 836 3205 891 in
3257 838 3578 907 expeditione
3622 856 3763 906 contra

2250 931 2435 988 hostes
2469 939 2676 1002 ageret,
2731 944 2830 1001 pro
2880 929 3161 1000 ereptione
3213 928 3482 998 cujusdam
3520 934 3686 1003 peditis
3722 940 3762 997 in

2251 1032 2463 1079 tantum
2515 1039 2637 1080 sese
2685 1021 2929 1093 periculo
2997 1022 3403 1094 ingesserit,ut.
3452 1026 3763 1094 gravissimum

2250 1119 2446 1177 vulnus
2478 1119 2778 1191 excipiens,
2809 1118 2901 1173 vix
2930 1116 3243 1174 discrimina
3283 1126 3481 1188 paratae
3516 1122 3644 1178 necis
3672 1138 3763 1181 era-

2262 1212 2418 1268 serit.

2853 1300 3083 1360 CAPUT
3124 1302 3229 1358 VII.

2328 1398 2349 1470 [
2375 1395 2568 1471 XXV.]
2597 1396 2942 1469 Prognostica
2972 1398 3037 1452 de
3064 1396 3480 1453 Christianorum
3507 1400 3764 1469 expeditione

2254 1493 2725 1564 Jerosolymitana.
2756 1523 2826 1533 —
2860 1491 2988 1547 Fuit
3013 1492 3224 1547 interea
3255 1491 3517 1561 quiddam,
3547 1494 3664 1562 quod
3683 1511 3763 1550 ma-

2254 1586 2402 1642 xime
2432 1585 2674 1655 gentium
2702 1582 3265 1640 innumerabilitatem
3308 1581 3761 1653 circumpositarum,

2256 1691 2325 1733 ne
2365 1684 2556 1734 contra
2598 1676 2771 1732 nostri
2827 1674 3067 1731 nominis
3113 1675 3452 1744 insurgerent
3488 1676 3760 1744 paucitatem,

2251 1772 2603 1827 vehementer
2626 1772 2939 1839 gexterruit,
2971 1786 3071 1827 nec
3099 1772 3295 1831 minus
3338 1769 3586 1839 hodieque
3611 1778 3762 1826 terrere

2258 1860 2641 1933 dignoscitur:
2680 1862 2824 1931 quod
2870 1860 3098 1916 scientia
3147 1860 3361 1916 scilicet
3393 1867 3651 1924 astrorum,
3673 1875 3760 1929 qua

2253 1954 2396 2025 apud
2431 1952 2808 2010 Occidentales
2848 1968 2956 2023 quo
3004 1953 3217 2009 tenuior
3241 1960 3418 2008 exstat
3440 1962 3489 2008 et
3528 1951 3681 2017 rarior,
3712 1967 3760 2008 eo

2252 2046 2397 2116 apud
2427 2044 2753 2111 Orientales,
2807 2044 2899 2100 ubi
2945 2054 3001 2100 et
3040 2045 3308 2115 originem
3352 2043 3545 2109 habuit,
3572 2044 3761 2099 continuo

2253 2152 2357 2195 usu
2385 2152 2449 2193 ac
2480 2136 2756 2208 frequenti
2806 2137 3070 2193 memoria
3106 2136 3279 2206 magis
3318 2135 3516 2191 fervere
3542 2134 3760 2205 cognosci-

2254 2238 2367 2295 tur,
2398 2229 2622 2286 evidens
2678 2229 2823 2286 idem
2873 2228 3102 2301 gentiles
3137 2228 3534 2299 prognosticum
3558 2241 3610 2283 se
3647 2239 3758 2282 acoe-

2253 2320 2399 2392 pisse
2423 2328 2711 2388 testantur,
2760 2328 2816 2376 et
2857 2319 3177 2389 jamdudum
3208 2328 3337 2377 ante
3387 2318 3664 2386 infortunia,
3681 2318 3760 2388 ipsa

2252 2413 2596 2485 praescientia
2646 2414 2773 2483 quia
2800 2427 2832 2468 a
2860 2411 3170 2469 Christiano
3199 2411 3396 2483 populo
3422 2411 3758 2482 subigerentur;

2253 2507 2350 2564 sed
2375 2508 2510 2563 artis
2542 2507 2713 2579 ipsius
2742 2508 2933 2579 peritia
2965 2510 3033 2564 ad
3066 2509 3341 2581 integrum
3374 2508 3558 2568 instrui
3584 2522 3671 2562 non
3695 2520 3761 2577 po-

2256 2606 2433 2656 terant
2459 2614 2566 2669 quo
2595 2600 2701 2657 ista
2730 2608 2974 2672 tempore
3004 2600 3427 2671 complerentur.

2328 2690 2667 2765 [XXVI.]—
2682 2692 2825 2749 Ante
2850 2692 3481 2751 duodecennium'ferme
3506 2692 3629 2747 enim
3648 2705 3764 2760 quam

2252 2800 2509 2859 proceres
2584 2786 2755 2841 nostri
2806 2785 3365 2857 Hierosolymitanum
3429 2783 3766 2857 aggrederentur

2255 2878 2380 2945 iter,
2429 2876 3164 2946 RobertusiFlandrensium
3215 2878 3405 2934 senior
3448 2875 3762 2949 mimos,

567 2983 842 3041 quaquam
887 2970 1138 3039 superius
1178 2969 1377 3034 obisse,
1410 2969 1637 3025 materia
1663 2969 1909 3025 ordinem
1947 2983 2154 3039 praeoc-
2255 2970 2325 3027 de
2361 2986 2470 3041 quo
2501 2973 2556 3026 in
2611 2971 2787 3041 primo
2836 2972 2997 3042 hujus
3030 2970 3209 3042 operis
3257 2971 3467 3041 egimus
3512 2968 3641 3033 libro,
3679 2980 3764 3021 cum

565 3068 821 3130 cupante,
870 3059 1178 3125 retulimus,
1208 3060 1426 3132 dignum
1467 3068 1551 3116 est
1584 3070 1641 3114 ut
1666 3075 1774 3131 quo
1806 3060 1912 3117 fine
1942 3059 2152 3117 defece-
2182 3093 2228 3156 α
2260 3063 2446 3119 multis
2500 3062 2694 3133 opibus
2760 3062 3122 3130 Hierusalem,
3176 3063 3441 3119 orationis
3495 3062 3673 3132 gratia,
3709 3067 3766 3113 est

563 3155 657 3220 rit,
701 3164 757 3210 et
797 3155 889 3211 ubi
918 3155 1161 3224 sepultus
1194 3154 1265 3209 sit
1300 3154 1535 3211 breviter
1561 3153 1919 3223 explicemus.
1947 3154 1994 3208 A
2020 3170 2155 3225 quo-
2189 3147 2228 3156 “
2258 3154 2555 3227 profectus.
2589 3154 2692 3221 Qui
2724 3169 2847 3209 cum
2892 3155 3080 3211 eadem
3111 3163 3421 3210 moraretur
3458 3154 3507 3207 in
3561 3151 3667 3205 urbe
3696 3147 3765 3203 ali-

564 3246 691 3302 dam
718 3246 984 3317 contiguae
1013 3245 1333 3317 gentilitatis
1360 3246 1605 3317 principe
1634 3246 1810 3301 eidem
1836 3245 2156 3302 transmissa
2256 3255 2413 3319 quot,
2463 3246 2736 3302 desiderio
2766 3245 2984 3301 videndi
3026 3246 3141 3303 loca
3189 3256 3403 3310 sancta,
3434 3243 3617 3307 diebus,
3647 3251 3689 3296 et
3720 3240 3767 3296 ob

567 3333 822 3393 feruntur
869 3337 1063 3392 exenia
1092 3336 1410 3403 lethalibus,
1448 3344 1508 3391 ut
1532 3336 1730 3407 patuit,
1768 3336 1993 3392 venenis
2017 3336 2155 3392 infe.
2258 3340 2343 3396 sui
2366 3338 2814 3404 munificentiam,
2843 3339 3209 3410 cognoscendi
3240 3339 3492 3410 plurima,
3528 3337 3662 3392 etiam
3683 3346 3767 3402 quae

567 3435 679 3493 cta,
726 3426 924 3497 quibus
970 3436 1127 3483 utens
1157 3426 1480 3498 improvide,
1511 3442 1635 3483 cum
1662 3441 1785 3481 eum
1811 3427 1902 3496 qui
1933 3428 2161 3483 miserat
2261 3432 2406 3503 apud
2439 3433 2672 3503 gentiles
2720 3431 2933 3495 ﬁerent,
2990 3430 3406 3501 permitteretur
3431 3430 3608 3485 habere
3645 3426 3766 3480 licen-

569 3518 953 3590 suspicaretur
1002 3518 1262 3585 amicum,
1312 3518 1492 3574 subita
1540 3518 1856 3573 infirmitate
1881 3519 2155 3585 decubuit,
2261 3521 2413 3589 tiam,
2458 3522 2693 3592 quadam
2721 3522 2830 3589 die,
2862 3521 2940 3577 uti
2970 3521 3038 3576 ab
3066 3522 3153 3578 his
3182 3522 3353 3577 didici
3384 3521 3470 3593 qui
3518 3516 3767 3574 familiarem

566 3627 673 3668 nec
702 3627 879 3679 mora,
926 3613 1268 3668 exanimatus
1302 3610 1573 3667 occubuit.
1604 3610 1744 3668 Sunt
1784 3622 1839 3668 et
1879 3629 1910 3668 a
1938 3614 2156 3684 quibus,

568 3701 674 3757 hac
737 3702 995 3774 opinione
1046 3701 1284 3772 repulsa,
1343 3701 1664 3757 naturaliter
1717 3702 1926 3758 feratur
1976 3703 2159 3759 obisse

570 3795 736 3851 diem.
783 3793 1059 3864 Sepelitur
1096 3801 1299 3862 autem,
1331 3794 1384 3849 in
1434 3795 1800 3851 testimonium
1830 3794 1947 3865 ejus
1994 3812 2159 3867 quam

570 3884 681 3940 ﬁde
705 3883 925 3953 vitaque
971 3893 1244 3939 meruerat
1273 3884 1664 3955 redemptionis
1719 3895 1960 3953 aeternae,
2011 3887 2159 3942 circa

568 3986 751 4044 Ipsum
784 3973 1079 4029 Dominicae
1108 3975 1378 4044 passionis
1411 3975 1610 4044 locum,
1645 3978 1699 4032 in
1741 3991 1806 4032 eo
1848 3978 1993 4048 jure
2018 3978 2160 4033 obti-

570 4082 708 4123 nens
737 4066 1045 4122 omnimodo
1067 4076 1498 4134 monumentum,
1532 4083 1694 4138 quem
1726 4077 1946 4124 eruerat
1972 4084 2161 4139 quem-

571 4176 680 4231 que
704 4160 1021 4217 defenderat
1046 4176 1075 4215 a
1123 4160 1532 4217 conculcatione
1554 4177 1617 4217 ac
1650 4162 1952 4232 irruptione
1981 4163 2161 4233 genti-

573 4254 727 4310 lium.
763 4254 930 4326 Cujus
966 4256 1103 4310 mira
1141 4256 1423 4312 humilitas
1454 4264 1509 4311 et
1540 4256 1822 4312 monachis
1850 4257 2015 4319 etiam
2043 4258 2163 4313 imi-

575 4346 738 4400 tanda
796 4345 1083 4412 modestia,
1138 4345 1229 4401 illo
1276 4345 1611 4417 praedicabili
1660 4346 1952 4403 admodum
2004 4349 2159 4419 regni

2262 3613 2396 3671 inibi
2427 3614 2614 3670 comiti
2663 3614 3035 3685 praestiterant
3061 3613 3405 3680 comitatum,
3440 3608 3648 3666 universi
3672 3620 3768 3678 pene

2261 3709 2415 3766 urbis
2441 3708 2686 3778 ejusdem
2722 3708 2872 3765 cives
2898 3711 2966 3765 ad
2991 3707 3249 3779 templum
3302 3705 3562 3763 confluunt
3589 3702 3768 3758 Salomo-

2261 3803 2369 3869 nis,
2398 3812 2453 3858 et
2481 3818 2579 3874 per
2608 3803 2923 3858 universum
2976 3801 3119 3857 diem
3150 3802 3390 3856 maxima
3436 3798 3611 3855 ibidem
3636 3793 3768 3850 habita

2262 3897 2550 3961 concione,
2601 3898 2669 3952 ad
2717 3912 2817 3953 sua
2856 3896 3073 3952 tandem
3120 3895 3175 3950 in
3204 3908 3483 3966 vesperum
3528 3883 3769 3946 diverticula

2262 4000 2388 4046 sunt
2419 3991 2675 4062 regressi.
2708 3989 3097 4061 Hospitabatur
3123 4000 3252 4043 tunc
3282 4002 3465 4045 comes
3490 3983 3639 4040 isdem
3671 3975 3769 4048 apud

2262 4081 2498 4152 aliquem
2547 4082 2815 4151 gravioris
2843 4083 2941 4136 aevi
2990 4089 3046 4137 et
3074 4081 3401 4151 expertioris
3432 4075 3628 4149 ingenii,
3666 4070 3771 4124 vitm-

2263 4188 2391 4244 que,
2425 4182 2690 4242 quantum
2718 4174 2787 4229 ad
2824 4188 2942 4240 eos,
3001 4171 3298 4228 sanctioris
3334 4173 3678 4228 Sarracenum,
3713 4158 3770 4214 cui

2264 4282 2454 4323 servus
2497 4266 2594 4322 Dei
2632 4266 2881 4322 usitatius
2911 4274 3031 4320 erat
3072 4264 3423 4320 vocabulum.
3455 4260 3549 4329 Qui
3593 4269 3690 4311 cum
3727 4248 3773 4303 ab

2264 4372 2329 4413 eo
2368 4357 2627 4412 redeunte
2681 4357 2898 4412 domum
2930 4356 3304 4413 sciscitaretur
3348 4353 3470 4425 quid
3504 4352 3553 4407 in
3579 4348 3655 4406 illo
3693 4354 3774 4398 tan-

573 4437 657 4492 sui
719 4447 960 4506 tempora
1012 4436 1168 4493 titulo
1217 4438 1517 4508 insignivit,
1549 4445 1609 4493 ut
1662 4453 1938 4509 nunquam
2015 4440 2159 4495 intra
2191 4452 2238 4508 ι)
2265 4448 2356 4504 diu
2403 4448 2696 4504 consedere
2723 4449 2802 4503 eis
2853 4448 3188 4503 collibuisset
3236 4445 3457 4517 templo,
3503 4455 3644 4513 super
3686 4433 3771 4504 qui-

573 4527 1124 4600 Hicrosolymitanam
1165 4530 1443 4585 civitatem
1472 4531 1678 4601 regium
1720 4541 2015 4589 coronatus
2044 4533 2161 4588 dia-

575 4620 729 4675 dema
794 4619 979 4675 tulerit
1030 4638 1044 4674 :
1102 4635 1165 4676 ea
1229 4620 1673 4678 consideratione
1712 4623 1987 4690 videlicet,
2033 4623 2161 4692 quia

573 4710 842 4781 generalis
864 4712 1242 4769 universorum
1266 4713 1457 4769 salutis
1484 4722 1676 4770 auctor
1695 4714 1957 4769 Dominus
1977 4722 2162 4771 noster

573 4805 732 4861 Jcsus
783 4804 1057 4872 Christus,
1113 4806 1360 4876 spineum
1408 4806 1611 4861 ibidem
1658 4816 1864 4863 sertum
1921 4808 2160 4863 humana

575 4898 831 4954 irrisione
862 4899 1180 4970 gestaverit.

648 4986 939 5060 Godefrido
968 4989 1217 5044 successit
1246 5004 1528 5059 germanus
1561 4989 1729 5059 frater
1761 4987 2163 5046 Balduinum—-

574 5083 713 5153 Quo,
745 5094 801 5141 ut
829 5084 1040 5157 praefati
1068 5098 1279 5150 sumus,
1308 5092 1521 5150 exacto,
1545 5099 1575 5137 a
1605 5082 1847 5140 fraterna
1873 5101 1995 5142 eum
2026 5096 2163 5144 tem-

574 5178 820 5248 perantia
880 5185 937 5230 et
988 5175 1287 5245 sagacitate
1339 5174 1581 5232 futurum
1635 5178 1955 5249 degenerem
2016 5180 2159 5236 nulla

575 5271 788 5326 ratione
826 5268 1132 5335 credentes,
1188 5267 1511 5325 Balduinum
1560 5286 1627 5327 ex
1670 5272 1872 5330 Edessa
1924 5276 2160 5332 transfe-

576 5367 727 5425 runt,
757 5367 811 5414 et
856 5367 1056 5416 sanctae
1100 5358 1243 5416 illius
1280 5360 1705 5419 Christianitatis
1739 5380 1890 5421 novre
1933 5365 2164 5422 coloniae

577 5466 809 5524 regnare
859 5454 1219 5510 constituunt.
1254 5453 1513 5523 Quaedam
1556 5474 1749 5531 nempe
1780 5460 2084 5517 clarissima
2104 5464 2161 5518 in

579 5564 769 5606 eorum
818 5547 1060 5604 virorum
1113 5558 1308 5605 natura
1360 5560 1706 5620 notaverant,
1737 5563 1791 5610 et
1818 5564 2005 5612 notata
2029 5558 2161 5614 dile-

580 5647 797 5706 xerant,
830 5640 1152 5711 tranquillos
1190 5645 1401 5717 utique,
1431 5654 1489 5701 et
1515 5647 1679 5703 totius
1701 5649 1915 5706 nescios
1950 5649 2163 5721 jactan-

583 5734 675 5791 tiae
715 5728 916 5801 mores,
948 5737 1304 5805 irremissam,
1337 5748 1392 5795 et
1431 5742 1719 5812 plusquam
1766 5742 1926 5813 regiae
1950 5738 2163 5814 compe-

2266 4540 2369 4596 bus
2397 4540 2562 4596 etiam
2590 4539 2726 4595 adeo
2768 4539 3030 4594 laciniosa
3081 4538 3445 4609 diSputatione
3485 4522 3775 4589 tractassem?

2264 4634 2450 4689 Intulit
2495 4635 2657 4690 homo
2687 4654 2701 4689 :
2737 4652 2756 4686 ‹
2790 4633 3033 4702 lnsolita,
3084 4634 3281 4704 inquit,
3331 4632 3483 4703 signa
3512 4624 3714 4698 quaedam
3739 4619 3775 4672 in

2265 4726 2400 4797 ipsis
2461 4726 2739 4781 stellarum
2788 4725 3040 4782 cursibus
3091 4724 3506 4792 recursibusque
3553 4711 3776 4785 conspexi-

2266 4836 2410 4886 mus,
2451 4833 2517 4874 ex
2548 4821 2745 4891 quibus
2773 4828 2924 4876 certa
2955 4820 3245 4875 admodum
3287 4818 3580 4888 conjectura
3617 4806 3778 4875 collegi-

2265 4929 2408 4980 mus,
2435 4912 2760 4969 Christianae
2788 4912 3114 4969 conditionis
3142 4915 3240 4968 has
3268 4914 3318 4967 in
3347 4908 3629 4983 provincias
3651 4897 3777 4956 homi-

2265 5023 2363 5063 nes
2390 5007 2741 5073 deventuros,
2794 5022 3000 5078 nosque
3038 5022 3137 5079 per
3173 5008 3361 5079 prazlia
3400 5004 3599 5061 assidua
3626 4992 3777 5066 etfre-

2265 5110 2495 5173 quentes
2540 5102 2801 5158 victorias
2834 5101 3220 5159 deviucendos.
3264 5101 3413 5171 Quod
3453 5099 3776 5153 tamen‘utrum

2265 5193 2424 5249 valde
2454 5193 2505 5248 in
2547 5202 2823 5263 posterum
2865 5193 3169 5259 differatur,
3206 5210 3276 5249 an
3324 5193 3560 5264 proxime
3593 5178 3777 5243 fieridc-

2262 5282 2408 5350 beat,
2440 5286 2655 5355 penitus
2675 5286 2833 5341 nobis
2857 5285 3123 5342 incertum
3153 5294 3383 5342 constat.
3414 5283 3490 5338 Ex
3518 5282 3617 5351 ipsa
3644 5283 3776 5329 tamen

2267 5377 2635 5435 astronomica
2679 5379 2838 5434 nobis
2892 5379 3239 5449 portentione
3284 5373 3546 5449 perpatuit
3588 5364 3705 5440 quod
3723 5357 3777 5415 hii

2266 5472 2368 5543 ipsi
2390 5471 2587 5542 quibus
2603 5487 2837 5543 superno
2863 5482 3076 5544 gentem
3095 5482 3331 5528 nostram
3347 5468 3542 5540 judicio
3556 5468 3775 5533 superare.

2264 5571 2319 5619 et
2336 5578 2367 5617 a
2390 5564 2660 5621 natalibus
2680 5566 2792 5619 oris
2814 5565 3023 5620 amoliri
3052 5565 3382 5630 conceditur,
3401 5562 3534 5617 idem
3556 5560 3776 5628 postremo

2264 5656 2521 5712 vincendi
2559 5673 2585 5711 a
2619 5658 2794 5722 nobis,
2826 5667 2883 5713 et
2912 5659 2978 5713 ab
3004 5672 3065 5713 ea
3097 5673 3257 5727 quam
3286 5652 3601 5723 usurpabunt
3624 5639 3771 5716 patria.

2263 5747 2531 5806 bellorum
2563 5749 2667 5805 sint
2686 5749 2811 5820 jure
2838 5749 3092 5821 pellendi.
3123 5749 3218 5805 Cui
3255 5746 3453 5807 caelesti
3494 5736 3685 5801 indicio,
3709 5742 3774 5782 ve-

3908 6158 3909 6179 ι

3906 6250 3909 6281 l
