3980 6324
193 391 296 448 81'?

1264 384 1491 461 QESTA
1529 382 1669 457 DEI},-
1695 380 1829 442 PER
1854 381 2266 441 FRANCOS.-—
2300 380 2428 439 LIB.
2447 380 2579 439 VIII.

3364 394 3468 455 818

195 512 375 562 terum
417 512 584 561 sectae
606 511 804 560 nostra:
824 480 1174 558 oraculorum
1209 507 1432 570 passim,
1469 516 1537 557 ex
1571 511 1788 572 quibus-
1812 509 1864 570 Α
1893 517 2082 557 ronam
2111 499 2317 571 proprii
2361 500 2573 554 cruoris
2604 493 2867 558 eﬂ‘usione
2894 500 3204 570 contrahit;
3243 504 3378 564 alios
3403 516 3473 567 ad

197 616 301 670 que
333 599 708 655 voluminibus
757 596 940 652 statim
986 593 1150 650 lectio
1200 607 1424 649 recensa
1485 593 1785 660 concinuit,

199 686 433 761 idipsum
498 699 685 761 aperta
754 688 1025 743 locutione
1064 687 1378 745 testilicaus,
1436 684 1578 753 quod
1628 683 1788 754 jubar

198 784 501 837 :etliereum
541 778 966 836 contectioribus
1003 776 1172 846 signis
1203 776 1473 830 innuerat.
1515 793 1531 824 ι

268 876 480 945 Quibus
504 874 721 947 gentilis
748 870 985 929 hominis
1013 870 1196 926 verbis
1250 869 1365 936 illa,
1399 882 1519 940 quae
1540 867 1790 937 superius

196 967 374 1023 relata
427 975 575 1033 sunt,
634 965 917 1020 Curbaran
966 962 1157 1018 matris
1214 962 1358 1018 dicta
1413 960 1784 1026 concordant;

199 1076 300 1119 nec
328 1062 472 1132 apud
504 1076 603 1115 nos
642 1058 862 1115 dubium
892 1065 975 1113 est
1023 1055 1147 1126 quia
1198 1056 1390 1111 eadem
1430 1053 1545 1123 ipsa
1578 1052 1789 1107 ratione

199 1171 310 1225 qua
340 1153 432 1208 illa
463 1152 726 1207 adversus
755 1149 1097 1206 Christianos
1127 1144 1517 1202 dehortabatur
1554 1142 1788 1214 praeliari

198 1245 413 1312 (ilium,
470 1244 559 1299 isti
607 1245 770 1298 etiam
823 1241 1106 1296 frenantur
1156 1239 1249 1309 qui
1301 1234 1789 1305 Hierosolymitano

199 1337 373 1393 exitio
407 1336 640 1401 inhiant,
674 1350 744 1391 ne
795 1332 933 1389 bella
980 1333 1170 1388 ineant
1213 1337 1401 1386 contra
1432 1327 1486 1384 id
1515 1326 1659 1398 quod
1686 1326 1787 1383 sibi

197 1439 479 1488 ostensum
508 1439 591 1486 est
617 1428 783 1484 fatale
814 1427 1113 1483 decretum.
1143 1425 1258 1480 Etsi
1298 1434 1530 1492 namque
1554 1420 1789 1492 primum

201 1522 599 1592 multiplicibus
652 1529 868 1575 nostros
916 1518 1115 1590 praeliis
1158 1532 1352 1590 urgere
1409 1513 1685 1580 insistunt,
1733 1520 1792 1570 at

198 1632 346 1671 nunc
368 1625 557 1672 contra
590 1631 681 1671 eos
714 1621 864 1669 tanto
892 1612 1174 1668 remissius
1212 1619 1397 1682 agunt,
1428 1620 1631 1681 quanto
1675 1623 1786 1664 non

202 1725 317 1775 eos,
360 1711 455 1767 sed
505 1708 792 1766 Dominum
841 1721 940 1778 pro
979 1705 1060 1761 eis
1097 1706 1343 1762 exerceri
1393 1714 1448 1762 et
1500 1702 1789 1774 conﬂigere

198 1800 466 1856 sentiunt.
518 1799 574 1854 Si
622 1807 746 1854 aute
842 1798 1097 1868 cuiquam
1130 1796 1271 1853 forte
1321 1795 1640 1854 incredibile
1692 1793 1788 1849 ﬁat

198 1894 344 1947 auod
374 1894 558 1947 futura
583 1893 705 1947 auis
730 1814 1058 1947 3‘31'0102ica
1080 1903 1195 1946 arte
1220 1905 1559 1947 nraeuoscere
1586 1887 1785 1947 valeat.

197 1894 344 1964 quod
374 1894 558 1949 futura
583 1893 705 1963 quis
730 1873 1058 1963 asTrologica
1080 1903 1195 1946 arte
1220 1905 1559 1961 praenoscere
1586 1887 1785 1955 valeat,
1820 1873 1864 1929 Β

198 1982 332 2038 illud
362 1983 516 2039 nobis
538 1982 762 2037 evidens
791 1990 1170 2053 argumentum
1196 1982 1459 2053 praebeat,
1489 1978 1634 2050 quod
1680 1978 1785 2033 im-

199 2086 426 2146 perator
464 2073 732 2140 Eraclius,
785 2088 883 2145 per
900 2072 1223 2145 'hujusmodi
1252 2071 1617 2144 disciplinam,
1651 2084 1787 2142 geu-

201 2174 312 2222 tem
343 2167 721 2223 circumcisam
750 2176 938 2221 contra
983 2165 1288 2221 Romanum
1318 2164 1602 2235 imperium
1650 2177 1789 2234 prte-

202 2258 394 2313 scierit
425 2267 827 2324 surrecturam;
868 2274 970 2315 nec
1020 2268 1199 2314 tamen
1228 2273 1335 2314 non
1381 2254 1598 2311 Judaeos
1644 2255 1789 2310 futu-

204 2362 319 2415 ros,
354 2347 449 2404 sed
480 2348 835 2417 Sarracenos,
868 2350 961 2420 qui
989 2350 1106 2407 haec
1142 2358 1385 2424 agerent,
1414 2366 1512 2422 per
1543 2364 1662 2406 eam
1692 2363 1789 2420 po-

199 2443 301 2497 tuit
350 2443 637 2512 providere
658 2444 930 2515 peritiam.
961 2445 1276 2502 lntueamur
1315 2460 1369 2503 et
1421 2463 1631 2520 magos,
1671 2446 1787 2517 qui,

199 2549 324 2591 cum
352 2546 541 2592 natum
584 2553 786 2609 regem,
820 2550 889 2607 et
932 2539 1077 2595 hunc
1105 2540 1280 2611 ipsum
1330 2542 1500 2599 Deum
1530 2551 1587 2598 et
1613 2540 1790 2597 homi-

199 2639 348 2692 nem,
380 2627 576 2685 sideris
605 2630 734 2685 editi
772 2632 1053 2701 repentina
1098 2633 1437 2704 inspectione
1468 2635 1788 2702 sensissent,

198 2718 398 2789 quibus
425 2730 571 2777 esset
609 2720 948 2793 regnaturus
966 2723 1211 2795 partibus
1235 2724 1398 2781 etiam
1431 2733 1715 2782 noverant.

270 2810 293 2885 [
320 2811 559 2888 XXVll.]
587 2847 655 2856 —
678 2815 739 2871 lu
765 2817 868 2873 hoc
892 2818 1008 2889 ipso
1037 2833 1175 2875 novo
1199 2818 1297 2875 Dei
1326 2819 1587 2876 adversus
1615 2819 1792 2875 homi-

200 2919 296 2960 nes
333 2905 633 2964 diaholicos
662 2911 971 2979 procinctu,
995 2911 1098 2967 hoc
1128 2912 1293 2968 etiam
1314 2912 1587 2969 videbitur
1612 2920 1791 2968 atten-

203 2998 462 3063 dendum,
516 3001 642 3072 quia
699 3001 901 3059 factum
950 3006 998 3060 ei
1032 3005 1360 3061 omnimodis
1385 3006 1632 3062 videatur
1660 3020 1791 3063 con-

204 3107 406 3160 gruere
448 3091 719 3147 Gedeonis
776 3094 940 3163 (Jud.
994 3096 1136 3167 vn).
1194 3096 1329 3151 Cum
1378 3096 1522 3152 enim
1581 3096 1791 3152 inﬁnita

202 3183 498 3240 multitudo
553 3194 862 3242 nostrorum
888 3189 955 3244 ad
982 3189 1259 3247 subeunda
1290 3191 1564 3262 pr0posita
1593 3190 1790 3247 unani-

202 3272 372 3329 miter
411 3276 662 3343 pertinax
700 3287 1005 3348 putaretur,
1056 3281 1423 3351 prohaturfad
1473 3298 1662 3354 aquas,
1698 3299 1792 3340 vo-

200 3362 448 3434 luptates
476 3366 664 3435 utique
691 3376 852 3438 atque
880 3370 1117 3437 delicias,
1151 3381 1210 3428 ut
1238 3373 1331 3444 qui
1352 3374 1602 3431 videlicet
1625 3376 1794 3432 Deum

201 3458 361 3526 sequi
418 3458 737 3530 deligerent,
792 3461 951 3519 famis
984 3466 1214 3536 sitisque
1263 3468 1617 3536 cruciatibus,
1648 3484 1793 3525 more

198 3546 453 3620 tiumque
479 3552 752 3607 variarum
789 3554 1006 3612 casibus
1038 3572 1144 3613 non
1175 3558 1459 3625 cederent;
1486 3560 1579 3630 qui
1610 3563 1793 3616 autem

197 3647 329 3709 post
359 3654 589 3711 corpora
623 3642 794 3699 Deum
824 3645 1175 3716 projicerent,
1217 3649 1285 3703 ad
1320 3648 1464 3704 ﬂuxa
1498 3664 1620 3706 sese
1652 3650 1796 3706 desi-

204 3732 386 3797 deria,
418 3734 564 3803 quod
595 3733 765 3791 ﬂexus
815 3736 927 3792 illic
956 3739 1142 3809 poples
1188 3740 1479 3812 signiﬁcat,
1523 3743 1795 3798 enerviter

202 3822 556 3879 inclinarent.
597 3825 701 3893 Qui
730 3836 911 3883 autem
940 3830 1194 3885 biberunt
1229 3847 1392 3888 manu
1441 3834 1510 3889 ad
1538 3848 1601 3890 os
1628 3834 1797 3906 proji-

198 3916 406 3984 ciente,
438 3919 538 3990 ipsi
573 3929 699 3975 sunt
725 3922 836 3992 qui,
871 3922 1125 3996 Diogenis
1152 3926 1354 3993 instar,
1386 3936 1615 3984 vacante
1644 3926 1793 3984 omni

198 4009 526 4067 deliciarum
585 4029 739 4083 cura,
794 4017 937 4073 inter
990 4018 1102 4074 Deo
1152 4019 1532 4089 serviendum,
1580 4036 1796 4092 quoquo

202 4115 373 4176 pacto
405 4108 722 4195 satisfecere
778 4120 1005 4167 natura}.
1056 4111 1309 4169 Trecenti
1356 4112 1529 4183 fuere,
1560 4115 1652 4185 qui
1695 4115 1796 4170 sub

204 4197 471 4253 Gedeone
500 4201 821 4270 probantur,
854 4206 978 4274 quia
1009 4204 1149 4260 sicut
1172 4205 1433 4273 exterius,
1463 4207 1534 4261 ita
1566 4207 1797 4263 interius

199 4287 457 4358 bajulare
494 4308 732 4361 crucem,
757 4310 877 4365 quae
906 4295 1058 4351 Thau
1085 4297 1266 4353 littera
1293 4298 1650 4370 significatur,
1683 4308 1796 4357 tre-

201 4387 407 4435 centos
440 4381 707 4449 inuuitur,
739 4385 831 4454 qui
864 4385 966 4440 hac
990 4389 1401 4456 perseverantia
1431 4389 1796 4447 honorantur.

202 4469 394 4537 Quare
426 4474 572 4529 enim
614 4490 644 4529 a
678 4476 961 4533 Dominica
990 4493 1111 4534 sese
1140 4479 1297 4534 multi
1330 4488 1643 4537 nostrorum
1682 4491 1797 4538 tur-

1890 593 2197 649 eustodiam
2245 601 2449 649 sanctae
2503 592 2760 661 civitatis,
2803 608 2868 651 ac
2893 594 2939 651 si
2967 595 3034 651 ad
3061 596 3266 652 cultum
3310 608 3475 658 terra
3569 642 3573 649 .

1888 684 2267 757 promissionis
2308 684 2534 752 inducit,
2587 701 2685 756 per
2724 702 2863 757 quos
2904 689 3176 761 hodieque
3211 693 3476 761 paucissi-

1890 793 2009 833 mos
2048 778 2215 834 totius
2270 776 2501 847 imperio
2551 776 2790 836 Orientis
2843 781 3084 850 obsistit,
3144 794 3371 844 caeteros
3416 788 3473 845 in

1889 870 2119 941 patriam
2150 871 2217 924 ad
2265 868 2636 924 testimonium
2676 878 2840 927 tantae
2873 874 3142 943 victoriae,
3188 886 3244 933 et
3270 879 3346 949 pii
3372 880 3477 935 hu-

1884 962 1974 1033 jus
2019 961 2195 1019 exsilii
2248 960 2614 1017 imitationem
2664 964 2845 1020 redire
2886 967 3154 1036 permisit.
3193 987 3214 1021 ι
3241 969 3476 1043 Lagenis

1889 1072 2020 1130 ergo
2048 1054 2261 1121 fractis,
2294 1053 2573 1126 lampades
2619 1056 2876 1123 emicant,
2906 1076 2928 1113 ι
2958 1061 3084 1130 quia
3128 1062 3324 1119 occisis
3354 1079 3477 1121 cor-

1890 1148 2133 1220 poribus,
2166 1144 2412 1216 spiritus,
2444 1146 2628 1203 divino
2660 1163 2847 1205 amore
2885 1149 3176 1217 ferventes,
3226 1164 3376 1211 recta
3405 1156 3474 1212 ad

1891 1240 2176 1297 Dominum
2215 1240 2518 1297 intentione
2547 1240 2930 1312 commigrant.
2981 1240 3179 1300 Hostes
3206 1244 3331 1302 inde
3363 1257 3474 1303 ter-

1890 1333 1982 1389 riti
2016 1333 2367 1405 subiguntur,
2411 1333 2542 1404 quia
2581 1348 2676 1389 eos
2707 1348 2815 1389 non
2846 1333 3122 1389 immerito
3152 1332 3474 1404 formidant,

1890 1428 2002 1496 qui,
2051 1441 2145 1497 spe
2199 1427 2523 1484 aeternitatis
2587 1428 2842 1494 audaces,
2906 1434 3145 1483 mortem
3184 1428 3296 1483 vita
3362 1429 3478 1499 ipsa

1890 1519 2111 1575 charius
2142 1519 2570 1591 amplectuntur.
2606 1538 2626 1572 (
2662 1518 2904 1587 Quorum
2956 1519 3100 1575 enim
3133 1520 3477 1590 animalium,

1888 1621 1951 1669 ut
1993 1614 2067 1669 ait
2115 1614 2426 1685 Apostolus,
2472 1614 2695 1687 sanguis
2742 1612 2973 1669 infertur
3018 1612 3075 1668 in
3134 1611 3335 1668 Sancta
3378 1627 3479 1684 per

1887 1704 2226 1775 pontificem,
2268 1707 2462 1762 horum
2509 1718 2738 1774 corpora
2768 1711 3083 1759 cremantur
3103 1710 3256 1758 extra
3296 1712 3477 1759 castra

1892 1796 2102 1869 (βεινγ.
2153 1814 2276 1863 xm,
2309 1799 2369 1853 Η
2398 1798 2439 1869 ).
2472 1818 2490 1852 ›
2549 1796 2705 1853 Unde
2742 1796 3004 1853 Dominus
3049 1804 3205 1851 extra
3259 1806 3477 1867 portam

1889 1906 2082 1963 passus
2113 1900 2214 1948 est.
2261 1891 2524 1947 Exierunt
2566 1891 2746 1961 itaque
2784 1890 2863 1945 hii
2920 1890 2986 1945 ad
3018 1904 3142 1945 eum
3178 1897 3331 1946 extra
3384 1904 3482 1946 ea-

1891 1994 2026 2050 stra,
2061 1992 2214 2040 extra
2236 1983 2398 2057 M5
2428 1983 2685 2040 videlicet
2708 1982 2889 2039 carnis
2915 1981 3209 2049 desideria,
3228 1981 3357 2038 dum
3378 1980 3482 2037 im-

1890 2081 2199 2152 properium
2246 2078 2363 2149 ejus
2390 2085 2610 2149 portant
2647 2076 2825 2133 crucis
2862 2073 3050 2146 (Ibid,
3079 2074 3203 2146 15),
3251 2074 3482 2130 mortiﬁ-

1892 2175 2162 2232 cationem
2190 2175 2246 2231 in
2274 2174 2422 2230 vitiis
2446 2172 2661 2229 scilicet
2682 2187 2748 2228 ac
2771 2169 3208 2249 concupiscentis
3234 2176 3477 2224 servant.

2479 2264 2709 2322 CAPUT
2748 2263 2879 2319 Vill.

1966 2355 2251 2432 [XXVIIL]
2279 2358 2387 2415 Sed
2418 2365 2678 2429 quantum
2706 2372 2828 2413 cum
2858 2355 3014 2411 bonae
3034 2352 3328 2409 voluntatis
3349 2349 3480 2407 aﬂe-

1893 2460 1985 2508 ctu
2015 2452 2250 2508 valuerit
2282 2451 2418 2506 tanti
2453 2450 2615 2520 hujus
2657 2447 2860 2504 laboris
2899 2446 3225 2516 assumptio,
3246 2445 3353 2501 hoc
3370 2460 3481 2500 uno

1893 2542 2139 2613 subjecto
2192 2541 2440 2610 exemplo
2488 2539 2666 2609 colligi
2697 2546 2897 2609 potest.
2939 2536 3095 2605 Quod
3126 2535 3333 2593 idcirco
3355 2551 3484 2607 pro-

1891 2636 2199 2706 ponendum
2222 2634 2494 2699 duximus,
2537 2640 2598 2686 ut
2638 2630 2844 2701 liquido
2879 2629 3283 2701 perpendamus
3309 2644 3485 2699 quan-

1893 2735 2008 2782 tum
2033 2741 2170 2797 pure
2200 2733 2423 2797 peccata
2452 2722 2717 2779 confessis
2761 2730 2817 2777 et
2852 2722 3067 2779 sincere
3087 2720 3484 2794 penitentibus

1892 2818 2161 2891 profuerit
2188 2818 2345 2875 istius
2382 2814 2842 2889 peregrinationis
2880 2814 3074 2871 devota
3099 2814 3396 2886 susceptio,
3430 2813 3480 2869 si

1894 2920 2176 2982 tantopere
2210 2910 2546 2983 poenitentia:
2580 2924 2645 2964 ac
2678 2907 3042 2965 confessionis
3086 2922 3225 2978 pene
3247 2920 3479 2979 prorsus

1894 3003 2229 3070 cxsortibus,
2281 3002 2524 3058 valuisse
2547 3001 2835 3073 probatur,
2879 3008 3263 3070 terroremque
3294 2999 3482 3055 incus-

1895 3095 2033 3152 sisse
2051 3094 2284 3152 diabolo.
2724 3122 2729 3133 ε

1968 3187 2210 3261 [XXIX]
2241 3188 2472 3255 Quidam
2499 3205 2533 3242 a
2579 3186 2842 3242 diabolica
2888 3186 3078 3257 fraude
3116 3203 3235 3242 eum
3263 3187 3365 3241 iter
3390 3185 3485 3242 Je-

1895 3281 2058 3337 roaol.
2110 3282 2438 3351 arripuisset,
2483 3291 2637 3353 atque
2660 3281 2789 3335 inibi
2818 3280 3079 3335 sacerdoti
3116 3288 3330 3352 peccata
3356 3294 3484 3350 ape-

1896 3374 2107 3438 ruisset,
2141 3371 2414 3427 liberatur.
2462 3401 2535 3412 —
2561 3371 2659 3428 Vir
2690 3370 2962 3441 equestris
3012 3370 3219 3426 ordinis
3257 3366 3481 3441 quidam

1896 3462 2317 3529 maritimarum,
2339 3462 2448 3518 nisi
2469 3461 2649 3531 fallor,
2678 3462 2937 3533 partium,
2960 3460 3239 3532 cujusdam
3258 3460 3482 3517 fratrem

1894 3554 2178 3626 proprium
2231 3553 2533 3609 hostilitate
2578 3554 2916 3625 perdiderat.
2953 3552 3483 3622 Cujusinterfectio-

1896 3660 2024 3701 nem
2061 3644 2199 3701 adeo
2227 3645 2393 3702 homo
2417 3643 2560 3700 idem
2596 3659 2739 3717 aegre
2763 3644 2979 3712 tulerat,
3009 3653 3068 3699 ut
3104 3644 3483 3701 inconsolabili

1897 3753 2135 3795 maerore
2166 3740 2506 3807 tabesceret;
2531 3739 2753 3809 majoris
2796 3740 2941 3795 enim
2962 3740 3217 3811 potentiae
3239 3740 3329 3811 qui
3356 3754 3483 3796 eum

1897 3839 2206 3903 peremerat
2239 3832 2548 3899 videbatur,
2575 3841 2637 3888 ut
2662 3832 2916 3889 maerenti
2966 3832 3259 3888 ulciscendi
3292 3831 3488 3887 defun-

1900 3933 2049 3978 ctum
2085 3936 2211 3994 spes
2260 3922 2370 3977 ulla
2421 3930 2751 3995 suppeteret.
2781 3922 3112 3978 lntolerabili
3140 3938 3268 3994 ergo
3295 3922 3486 3979 dolore

1901 4015 2134 4086 defecto,
2171 4028 2227 4075 et
2257 4018 2502 4074 luctuosa
2531 4017 2785 4073 omnibus
2815 4016 3017 4087 ubique
3044 4016 3335 4071 momentis
3359 4031 3488 4086 pro-

1902 4111 2150 4180 sequenti
2177 4118 2358 4167 mente
2384 4125 2726 4182 germanum,
2756 4124 2879 4164 cum
2910 4109 3102 4165 novior
3123 4109 3177 4163 iu
3209 4108 3325 4164 dies
3346 4107 3486 4164 irre-

1899 4202 2157 4273 parabilis
2204 4205 2385 4260 damni
2433 4202 2785 4259 refricaretur
2814 4201 3104 4268 acerbitas,
3133 4208 3209 4265 et,
3243 4199 3360 4255 sine
3400 4214 3485 4255 re-

1902 4302 2088 4364 spectu
2120 4297 2421 4368 cujuspiam
2455 4294 2657 4359 solatii,
2685 4293 3016 4348 inevitabilis
3047 4291 3489 4347 memoriaelace-

1903 4401 2025 4441 rum
2054 4388 2238 4444 miseri
2262 4386 2499 4443 hominis
2529 4385 2687 4455 jecur
2711 4398 2870 4453 poena
2906 4390 3206 4452 torqueret,
3232 4382 3357 4436 dum
3381 4396 3485 4435 an-

1904 4494 2061 4550 gores
2115 4478 2365 4534 assiduos
2414 4476 2482 4531 ad
2530 4484 2833 4530 extremum
2906 4471 3215 4542 repetendae
3264 4471 3489 4527 ultionis

198 4564 349 4634 piter
391 4581 657 4639 excepere
712 4568 949 4624 militia?
987 4572 1089 4627 nisi
1121 4573 1244 4642 quia
1283 4573 1471 4629 sedulo
1497 4576 1649 4646 gravi
1680 4592 1801 4632 car-
1825 4580 1879 4643 D
1906 4571 2234 4643 centuplicat
2262 4568 2570 4634 diﬂicultas,
2618 4566 2885 4632 diabolus,
2910 4564 3117 4620 diutina
3149 4566 3488 4636 experientia

198 4655 480 4725 pebantur
504 4658 719 4725 inedia;
748 4669 826 4727 et,
868 4662 994 4732 quia
1027 4665 1139 4719 sine
1170 4663 1357 4720 Cerere
1397 4676 1447 4721 et
1484 4666 1670 4723 Libero
1702 4671 1803 4740 fri-

199 4757 290 4819 get
331 4748 499 4806 Venus
540 4751 704 4823 (Ter.
734 4751 876 4809 Eun.
906 4754 996 4824 IV,
1028 4773 1078 4821 v,
1114 4757 1213 4830 6),
1256 4760 1401 4816 nulla
1428 4761 1649 4827 eisdem,
1676 4778 1800 4819 cor-

200 4842 451 4910 pusculis
477 4844 943 4914 ﬂaccescentibus,
968 4848 1210 4905 libidinis
1227 4849 1404 4907 inerat
1424 4856 1801 4924 perpetrandae

206 4927 467 4997 facultas,
497 4947 616 5001 qua:
640 4934 806 4990 etiam
836 4936 881 4991 si
913 4948 1248 5009 suppeteret,
1294 4956 1401 4997 non
1438 4942 1617 5014 aliqua
1647 4952 1800 5015 pate-

207 5031 300 5077 ret
327 5026 723 5095 opportunitas.

284 5115 351 5170 ili
379 5133 510 5189 ergo
536 5121 627 5191 qui
651 5121 864 5191 probati
897 5122 1101 5179 inventi
1132 5134 1283 5192 sunt,
1317 5144 1336 5178 ‹
1370 5126 1527 5184 tubas
1551 5129 1754 5185 habent
1777 5148 1797 5183 ι

208 5208 270 5262 in
303 5210 577 5278 manibus,
617 5213 745 5283 quia
779 5214 1020 5270 divinum
1064 5232 1390 5282 sermonem.
1421 5222 1574 5292 cujus
1610 5222 1803 5277 solatio

210 5297 363 5355 inter
416 5309 493 5355 tot
526 5303 839 5360 discrimina
889 5320 1227 5379 recreantur,
1268 5312 1549 5384 proferunt
1578 5314 1631 5368 in
1675 5327 1804 5384 ope-

212 5392 390 5449 ribus.
419 5414 439 5446 ι
469 5394 714 5467 Lagenas
746 5406 949 5465 tenent,
981 5419 1000 5452 ι
1033 5402 1161 5457 dum
1197 5404 1252 5458 in
1283 5405 1539 5461 continuo
1586 5407 1803 5476 procin-

214 5494 308 5541 ctu
340 5487 527 5558 positi,
560 5488 627 5544 ab
654 5492 803 5546 omni
846 5493 1186 5551 carnalitatis
1235 5493 1482 5551 foeditate
1514 5512 1572 5552 se
1618 5495 1797 5552 conti-

217 5589 377 5638 nent.
406 5580 554 5637 lntra
575 5581 797 5653 lagenas
828 5603 846 5636 ι
874 5583 1151 5655 lampades
1178 5587 1397 5652 habent,
1429 5608 1447 5642 ι
1477 5588 1600 5659 quia
1633 5588 1687 5643 in
1714 5604 1806 5642 va-

219 5671 295 5727 sis
329 5688 624 5743 corporum
660 5674 918 5731 ﬁctilibus
962 5676 1065 5747 piae
1104 5679 1440 5748 intentionis,
1490 5680 1637 5736 omni
1684 5680 1808 5736 luce

222 5764 491 5821 clariores
540 5766 781 5823 thesauri
834 5769 1091 5825 renitent.
1146 5790 1164 5822 ι
1194 5772 1251 5826 lu
1302 5782 1413 5829 tres
1465 5789 1558 5829 eos
1585 5773 1803 5829 Gedeon

221 5865 415 5918 oartes
439 5856 650 5932 dividit,
669 5878 688 5911 ι
720 5859 849 5916 dum
871 5863 1131 5935 quosdam
1149 5879 1215 5922 ex
1238 5865 1316 5922 eis
1345 5866 1590 5923 Christus
1620 5868 1687 5923 ad
1717 5881 1810 5925 co-

1902 4665 2129 4732 callens,
2159 4671 2215 4720 et
2248 4661 2516 4734 spirituali
2549 4659 2834 4715 alacritate
2872 4657 3266 4715 omni-mortali
3292 4668 3487 4715 natura

1902 4758 2136 4825 facilior,
2163 4757 2257 4827 qui
2287 4757 2341 4811 in
2363 4754 2575 4811 cunctis
2599 4762 2843 4825 tempora
2864 4760 3167 4822 aucupatur
3193 4760 3249 4807 et
3268 4766 3485 4818 causas,

1901 4849 2065 4919 hujus
2084 4848 2342 4904 nimirum
2365 4846 2552 4903 arrisit
2578 4841 2973 4917 opportunitati
3002 4842 3259 4899 tristitiae.

1976 4942 2074 4998 Die
2096 4942 2278 5012 itaque
2306 4940 2565 5011 quadam,
2587 4954 2709 4994 cum
2736 4935 3002 4993 vecordia:
3024 4934 3300 4990 interioris
3320 4947 3488 5005 squa-

1902 5034 2046 5092 lidus
2079 5036 2225 5103 tabo,
2254 5044 2311 5091 et
2358 5035 2627 5091 exhausto
2665 5031 2904 5103 suspirio
2931 5027 3343 5100 profundissimi
3371 5027 3488 5083 lan-

1904 5131 2090 5203 guoris
2146 5129 2394 5197 anhelus,
2453 5127 2750 5200 potandum
2797 5138 3017 5195 equum,
3080 5120 3183 5190 ipsi
3222 5120 3487 5188 insidens,

1906 5223 2130 5280 duceret
2172 5222 2240 5277 ad
2299 5237 2490 5293 aquas,
2531 5238 2563 5277 e
2600 5221 2822 5292 regione
2867 5214 3193 5273 altrinsecus
3227 5214 3281 5269 in
3317 5214 3488 5271 altera

1903 5314 2143 5370 ﬂuminis
2205 5314 2481 5385 crepidine
2514 5313 2751 5384 positum
2787 5311 3089 5368 daamonem
3113 5306 3486 5379 conspicatur.

1905 5407 2170 5478 Apparuit
2211 5415 2390 5461 autem
2431 5405 2481 5460 ei
2537 5404 2593 5458 in
2643 5403 2823 5472 specie
2851 5402 2957 5457 viri
2993 5401 3296 5472 cujusdam,
3324 5412 3489 5469 quem

1908 5497 2203 5555 contractis
2230 5495 2483 5553 cruribus
2537 5493 2863 5548 existentem
2904 5505 3277 5564 saepenumero
3301 5489 3489 5546 videre

1908 5597 2285 5645 consueverat.
2346 5586 2643 5642 Videbatur
2682 5583 2851 5639 etiam
2886 5593 2941 5640 et
2964 5585 3081 5655 ipse
3108 5599 3298 5655 eques,
3337 5582 3488 5639 acci-

1909 5682 2104 5752 pitrem
2132 5696 2294 5736 manu
2320 5688 2568 5753 gestans;
2617 5678 2771 5746 lutei,
2803 5686 2863 5734 ut
2900 5677 3246 5750 praeferebat,
3285 5674 3488 5733 coloris

1910 5774 2149 5829 tunicam
2178 5774 2403 5829 habens.
2434 5773 2605 5842 Quem
2639 5788 2762 5829 cum
2792 5772 2881 5828 ille
2914 5772 3126 5829 eminus
3149 5769 3485 5833 attendisset,

1910 5876 1966 5941 et
1996 5866 2317 5925 recordatus
2361 5867 2582 5940 cogniti,
2635 5882 2795 5941 quem
2826 5865 2943 5926 fore
2977 5866 3224 5941 putabat.
3248 5861 3487 5923 hominis
