4012 6346
672 406 784 462 διν

1552 397 1617 452 ν.
1643 397 1967 455 GUlBERTl
1995 395 2285 453 ABBATIS
2308 394 2366 452 S.
2391 395 2631 453 ΜΑΒΙᾸΕ
2657 396 2746 453 DE
2783 396 3135 456 NOVIGENT

2224 395 2285 453 IS
2308 394 2366 452 S.
2391 395 2631 453 MAer’E
2657 396 2746 453 DE
2783 396 3186 456 NOVIGENTO
3749 413 3808 473 δίῃ

670 520 949 569 consueta
976 510 1272 568 debilitatis
1303 518 1359 566 et
1378 510 1590 577 forma),
1632 526 1742 581 prae
1764 511 2107 567 vehementia
2135 512 2251 565 ino-
2279 514 2329 575 Α
2356 510 2615 567 beneficia
2631 511 2742 583 jam
2761 522 2981 582 experta
2997 526 3331 583 proponere,
3354 516 3546 584 poliam
3566 519 3610 573 in
3631 532 3810 591 posme

672 604 819 674 pina:
869 604 1127 658 novitatis
1153 603 1419 669 haesisset,
1460 618 1694 673 nequam
1728 604 1973 673 spiritus,
2004 602 2253 672 procaci—

674 697 805 751 tatis
826 696 1063 765 antiqua:
1102 711 1210 751 non
1259 696 1566 761 immemor,
1605 696 1812 766 primus
1850 694 2005 751 effert
2038 714 2050 749 :
2084 712 2105 746 ι
2138 694 2253 749 Non

670 805 814 856 sum,
868 790 1064 860 inquit,
1106 806 1267 860 quem
1321 790 1581 846 aestimas.
1626 788 1780 845 Scias
1817 799 1995 844 autem
2022 804 2107 843 me
2136 802 2257 844 esse

671 880 971 948 diabolum,
1003 883 1073 937 ad
1112 882 1384 937 diuturna:
1434 892 1540 938 tuae
1572 882 1826 937 torsionis
1856 882 2139 951 praebenda
2168 897 2254 936 re-

668 969 851 1026 media
880 971 1129 1027 missum.
1154 972 1412 1044 Magister
1433 986 1665 1043 namque
1688 988 1859 1036 meus,
1885 972 1979 1042 qui
2003 974 2257 1027 omnibus

668 1063 727 1119 in
753 1077 990 1121 maerore
1020 1066 1232 1136 positis,
1264 1068 1307 1121 si
1326 1067 1427 1122 sibi
1457 1067 1775 1131 assentiant,
1806 1065 2257 1135 compassibiliter

668 1156 953 1230 suﬂragari
983 1160 1261 1229 dignatur,
1293 1163 1427 1218 adte
1442 1177 1528 1217 me
1558 1163 1771 1233 dirigit;
1806 1178 1925 1230 nec,
1958 1163 1999 1217 si
2025 1163 2071 1215 ei
2098 1170 2256 1230 prout

667 1248 769 1303 tibi
809 1250 999 1306 dixero
1041 1240 1391 1319 a'cquiescere
1428 1255 1585 1320 velis,
1635 1253 1883 1310 solatium
1931 1254 2250 1308 morabitur.

671 1337 808 1393 Cum
840 1325 996 1395 enim
1043 1343 1114 1397 sit
1136 1343 1397 1412 liberalis,
1436 1361 1535 1401 nec
1567 1347 1706 1401 desit
1739 1347 2010 1416 opulentia
2045 1346 2253 1399 infinita

673 1431 995 1500 dandorum,
1051 1433 1432 1493 affectantibus
1475 1454 1627 1508 opes,
1675 1454 1835 1508 supra
1882 1454 2042 1508 quam
2080 1437 2257 1491 valeat

670 1523 948 1587 :cstimari,
982 1524 1163 1596 largus
1200 1535 1283 1582 est
1326 1544 1613 1584 munerum
1645 1531 1906 1597 subsidio,
1946 1528 2251 1600 egentibus,

670 1613 810 1668 ultra
851 1631 1014 1683 quam
1055 1619 1263 1687 sperari
1297 1620 1349 1674 id
1386 1631 1587 1690 posset,
1619 1637 1724 1676 non
1756 1621 1934 1677 differt
1956 1621 2258 1676 adminicu-

668 1705 800 1761 lum.
826 1706 905 1762 Tu
930 1723 1080 1773 vero,
1127 1711 1218 1779 qui
1256 1721 1416 1768 vetus
1452 1713 1808 1768 infortunium
1846 1714 2012 1768 animi
2041 1714 2256 1785 aegritu-

2355 604 2620 676 polliceri,
2673 608 2737 663 de
2788 607 2911 661 fidei
2944 606 3309 662 translatione
3336 609 3510 665 sedulo
3541 614 3650 669 satis
3667 617 3811 678 hortari.

2354 697 2447 753 Ille
2490 710 2667 755 autem
2717 701 2956 769 largitati
3008 700 3181 773 M6
3207 702 3507 757 omnimodo
3536 706 3633 761 fieri
3659 717 3812 780 gratula-

2356 789 2571 846 bundus
2607 801 2865 862 expertae,
2891 794 3158 863 obsequia
3182 794 3316 847 tanti
3338 794 3577 867 principis
3602 800 3813 863 liberalitati

2358 884 2689 952 sempiterna
2741 885 3085 955 promittere,
3150 901 3317 955 super
3347 885 3455 954 ejus
3484 904 3614 954 vero,
3639 898 3740 960 quod
3758 899 3816 953 ire.

2357 988 2532 1042 quens
2593 974 2934 1045 exigebatur,
2978 976 3213 1031 ltominii
3252 979 3521 1048 pensione,
3546 979 3816 1054 jugiterindu-

2359 1063 2472 1117 cias
2493 1064 2801 1119 obsecrare.

2428 1156 2595 1227 lgitur
2624 1174 2747 1213 cum
2772 1159 2935 1213 homo
2967 1159 3141 1214 isdem
3186 1162 3525 1217 creberrimis
3569 1174 3613 1219 et
3638 1166 3739 1221 inter
3759 1187 3817 1224 me-

2360 1249 2475 1303 (lias
2532 1249 2874 1304 invisibiliter
2916 1259 3127 1305 turmas
3188 1254 3597 1323 apparitionibus
3620 1270 3816 1327 urgeretur.

2358 1338 2453 1393 Dei
2484 1348 2637 1402 nutu,
2663 1356 2760 1410 per
2783 1340 3033 1396 Latinum
3064 1343 3264 1397 orbem
3289 1342 3706 1416 Hierosolymitani
3728 1351 3816 1404 itine-

2360 1432 2435 1487 ris
2464 1433 2601 1487 f'ama
2633 1436 2953 1505 porrigitur,
2982 1448 3035 1493 et
3066 1438 3331 1508 quisque,
3361 1439 3448 1507 qui
3487 1440 3640 1509 aliquo
3660 1448 3816 1500 sescrri-

2359 1524 2507 1579 mine
2530 1538 2879 1595 persenserat
2908 1530 3265 1600 implicitum,
3313 1530 3458 1595 illuc,
3486 1548 3629 1589 novas
3654 1535 3729 1589 Deo
3752 1554 3814 1605 pa:-

2359 1617 2619 1672 nitentias
2649 1621 2957 1689 aperiente,
3012 1622 3295 1694 dirigitur.
3326 1623 3471 1677 lntcr
3495 1626 3704 1693 quosiste
3722 1630 3816 1696 proti-

2359 1707 2491 1762 cisci
2520 1709 2733 1778 delegit,
2768 1710 2860 1765 sed
2889 1712 3187 1777 nefarium,
3219 1715 3365 1784 quod
3390 1716 3685 1771 cuntdiabolo
3701 1736 3813 1789 magna

669 1798 794 1855 dine
848 1816 1067 1871 semper
1112 1805 1399 1858 recentiori
1448 1806 1719 1876 deploras,
1755 1806 1802 1860 si
1840 1808 1969 1876 quid
2005 1816 2085 1861 est
2116 1807 2256 1861 unde
2286 1869 2327 1877 _
2353 1800 2464 1870 jam
2497 1817 2563 1857 ex
2595 1813 2748 1873 parte
2770 1806 3068 1875 pepigerat,
3112 1806 3298 1861 fmdus
3325 1808 3468 1877 rylla
3496 1809 3751 1865 confessione
3769 1830 3815 1865 rc-

668 1889 945 1957 queraris,
967 1869 1254 1960 etprome;
1299 1895 1478 1949 sciens
1514 1869 1734 1951 indubie
1770 1905 1822 1951 te
1853 1869 2019 1951 multo
2049 1898 2254 1964 majora
2286 1869 2332 1928 Β
2362 1894 2515 1948 texit.
2548 1894 2799 1951 Profecto
2830 1898 3010 1968 itaque
3045 1907 3102 1954 et
3129 1900 3530 1956 mmulationem
3575 1903 3811 1967 Deibabrmi,

669 1990 1034 2051 sumpturum,
1065 2000 1227 2053 quam
1271 2002 1567 2056 praesumas
1604 2004 1919 2059 exposcere.
1948 1990 2003 2045 Si
2031 1991 2253 2045 fratrem

669 2074 921 2131 intuleris
947 2076 1315 2145 interfectum,
1351 2080 1574 2136 ultionis
1610 2084 1936 2136 sententiam
1958 2082 2255 2138 accelerari

666 2180 991 2237 cognosces;
1027 2170 1073 2225 si
1105 2171 1360 2242 quaelibet
1386 2173 1667 2243 quaesieris
1697 2174 2055 2242 incrementa,
2090 2174 2258 2229 mira-

665 2260 793 2317 bere
821 2264 1045 2321 factum.
1086 2286 1104 2318 ι

730 2356 872 2428 Ergo
896 2359 1052 2424 velis,
1079 2358 1292 2427 jubeas,
1329 2362 1536 2418 suberit
1565 2376 1664 2433 pro
1685 2363 1824 2420 velle
1846 2363 2096 2420 facultas.

736 2452 1060 2509 Attenderat
1104 2454 1192 2510 ille
1240 2456 1519 2511 insolitum
1561 2457 1717 2513 valde
1744 2474 1932 2528 pecus,
1958 2458 2258 2512 mirabatur

664 2542 938 2599 diabolum
988 2560 1113 2600 cum
1176 2548 1417 2604 maximo
1474 2558 1693 2620 stupore
1750 2550 2104 2619 loquentem;
2160 2552 2256 2604 sed

664 2645 930 2703 quantum
954 2635 1362 2704 pollicitationis
1389 2637 1659 2694 lenocinio
1683 2640 2023 2702 trahebatur,
2044 2646 2255 2693 tantmn

664 2724 1047 2793 pollicitatoris
1068 2729 1311 2799 nequitia
1344 2732 1675 2787 terrebatur.
1704 2731 1861 2785 Vicit
1898 2730 2117 2786 tandem
2142 2747 2259 2785 am-

664 2818 802 2874 bitio
825 2821 1237 2890 promissorum,
1268 2833 1322 2879 et
1344 2839 1405 2879 se
1430 2824 1631 2880 fatetur
1660 2825 1841 2882 oblata
1859 2836 2142 2898 gratanter
2168 2841 2258 2881 ac-

664 2911 884 2982 cipere:
920 2934 939 2967 ι
973 2914 1249 2982 Attamen,
1286 2918 1461 2988 inquit
1485 2919 1753 2986 diabolus,
1778 2920 1821 2976 si
1854 2928 1907 2975 te
1937 2920 2098 2989 hujus
2124 2934 2259 2975 meae

664 3006 973 3075 sponsionis
1021 3008 1231 3064 fructus
1260 3008 1517 3075 oblectat,
1552 3021 1606 3065 et
1641 3021 1693 3067 te
1726 3011 1989 3082 principis
2012 3012 2139 3076 mei,
2164 3010 2258 3081 qui

664 3096 732 3151 ad
770 3104 823 3150 te
854 3112 941 3153 me
970 3098 1139 3163 misit,
1166 3101 1401 3169 gratuita
1431 3101 1809 3156 benevolentia
1834 3111 2108 3173 utcunque
2138 3102 2256 3173 pel-

664 3186 826 3254 lexit;
877 3204 1002 3246 cum
1032 3190 1167 3260 ipsis
1194 3190 1501 3255 effectibus,
1537 3201 1648 3247 tam
1679 3194 1747 3248 de
1774 3194 1983 3249 ultione
2011 3194 2255 3264 germani

665 3294 828 3349 quam
859 3283 927 3339 de
975 3284 1323 3341 successibus
1378 3285 1719 3342 fortunarum
1741 3302 1859 3357 quae
1889 3288 2255 3359 pronuntiavi,

662 3388 790 3430 vera
820 3376 1158 3446 probaveris,
1202 3378 1304 3434 hoc
1333 3393 1485 3434 meus
1520 3379 1635 3449 ipse
1657 3382 1913 3453 magister
1938 3397 1967 3435 a
1993 3390 2043 3436 te
2065 3382 2252 3452 exigit,

664 3475 932 3536 quatenus
954 3469 1256 3525 Itominium
1279 3469 1382 3527 sibi
1404 3471 1597 3540 facias,
1620 3480 1676 3527 et
1698 3474 1959 3530 translata
1985 3472 2259 3529 fideChri-

664 3558 983 3625 stianitatis,
1014 3561 1067 3615 in
1096 3562 1272 3631 ipsum
1324 3563 1733 3620 indivisib‘iliter
1755 3574 1806 3620 te
1835 3567 1885 3621 ei
1910 3566 2257 3621 cohzesurum

664 3651 965 3719 spondeas,
1016 3651 1086 3705 ab
1113 3653 1200 3708 bis
1220 3655 1385 3709 etiam
1416 3672 1536 3726 qua:
1578 3659 1814 3712 vetuerit
1842 3667 2258 3728 perseveranter

666 3741 966 3798 abstineas.
1025 3742 1163 3797 Sunt
1217 3754 1397 3801 autem
1427 3749 1705 3817 specialia,
1730 3765 1758 3802 a
1790 3751 2007 3818 quibus,
2042 3766 2163 3804 cum
2188 3749 2256 3803 ad

666 3831 843 3902 ipsum
895 3836 1254 3901 concesseris,
1283 3838 1522 3893 cohiberi
1568 3856 1957 3910 usquequaque
1989 3850 2042 3895 te
2073 3840 2202 3895 velit
2237 3855 2252 3893 :

668 3938 737 3980 ne
777 3940 1016 3994 unquam
1064 3926 1316 3982 videlicet
1354 3929 1516 3983 ullam
1578 3930 1902 4001 ingrediaris
1938 3930 2254 4001 ecclesiam,

666 4030 735 4070 ne
759 4030 922 4084 quem
947 4016 1113 4071 etiam
1133 4016 1467 4086 baptizatum
1490 4020 1647 4075 sacro
1666 4022 1730 4075 de
1760 4021 1909 4077 fonte
1923 4021 2205 4091 suscipias,
2230 4042 2249 4074 ι

666 4116 722 4164 et
749 4110 970 4165 tertium
999 4109 1257 4179 quiddam
1286 4111 1490 4179 pariter
1515 4112 1683 4167 vetuit
1711 4114 1855 4182 quod
1883 4113 2163 4168 exciderat
2187 4113 2256 4168 ab

667 4202 785 4273 ejus
817 4202 910 4273 qui
940 4202 1073 4258 mihi
1097 4204 1343 4259 narravit
1366 4207 1651 4261 memoria.
1680 4206 1777 4261 Cui
1810 4207 1971 4261 homo
2000 4207 2115 4261 hmc
2146 4207 2250 4261 ait:

672 4315 690 4349 ι
722 4295 891 4351 Facili
922 4313 951 4351 a
986 4313 1070 4353 me
1113 4298 1459 4353 observantia
1490 4308 1746 4369 poterunt
1776 4300 1895 4355 sine
1915 4300 2094 4371 aliqua
2127 4316 2253 4370 pro-

665 4390 1060 4447 crastinatione
1083 4393 1279 4460 teneri,
1322 4395 1389 4448 de
1417 4394 1657 4450 hominio
1686 4409 1817 4450 vero
1854 4394 2124 4461 faciendo,
2158 4396 2256 4450 ali-

664 4494 800 4550 quas
831 4490 954 4552 peto
976 4484 1225 4539 inducias
1253 4485 1393 4542 dari.
1443 4506 1461 4539 ι
1495 4487 1842 4543 Abhorrebat
1869 4504 2000 4544 sane
2022 4489 2253 4543 multum

2359 1988 2490 2043 licet
2544 2004 2652 2043 non
2709 1992 3009 2047 secundum
3040 1994 3357 2058 scientiam,
3386 1993 3507 2049 dum
3533 2008 3696 2062 opemm
3715 1994 3812 2047 initio

2359 2080 2625 2137 bonorum
2650 2084 2923 2141 confessio
2948 2101 3057 2141 non
3087 2095 3176 2142 est
3199 2087 3481 2157 praemissa
3497 2085 3811 2151 malorum,tanta

2360 2174 2548 2243 gratiae
2574 2173 2691 2240 Dei,
2733 2175 2875 2231 inter
2896 2176 3159 2243 eundum,
3186 2177 3462 2232 hominem
3481 2176 3710 2231 comitatur
3724 2174 3811 2227 uber-

2360 2276 2467 2332 tas,
2498 2265 2552 2320 in
2588 2275 2796 2321 tantum
2836 2267 2946 2323 Deo
2974 2267 3187 2339 placuit
3217 2268 3395 2334 labor,
3442 2267 3687 2337 quamlibet
3712 2266 3810 2319 minus

2359 2357 2517 2429 plena
2542 2360 2746 2430 pietate
2772 2372 3160 2431 praesumptus,
3187 2372 3247 2417 ut
3272 2362 3326 2416 in
3349 2362 3462 2433 ipso
3474 2358 3748 2432 expeditionis
3760 2358 3809 2410 iti-

2359 2464 2515 2515 nere,
2551 2450 2716 2505 nullis
2737 2464 2861 2506 eum
2896 2452 3149 2509 funestus
3176 2461 3406 2509 exactor
3435 2449 3805 2521 compellareaude-

2360 2551 2444 2597 ret
2495 2544 2753 2615 angariis.
2798 2542 2939 2611 Quin
2997 2546 3203 2615 potius,
3256 2560 3321 2600 ac
3352 2544 3396 2600 si
3452 2540 3571 2598 nihil
3595 2542 3808 2597 cumeodcu

2360 2636 2631 2705 pactionis
2656 2637 2853 2692 habitae
2880 2638 3250 2705 meminisset,
3296 2636 3453 2692 nullis
3477 2634 3552 2691 vel
3573 2636 3618 2689 in
3639 2632 3771 2687 visione
3786 2630 3809 2681 ei

2360 2737 2646 2799 appareret
2666 2730 2862 2786 modis.

2433 2820 2601 2891 Capta
2622 2832 2901 2893 postremo
2926 2822 3300 2891 Hierusalem,
3332 2838 3449 2879 cum
3466 2821 3516 2876 in
3545 2820 3638 2889 ipsa
3654 2832 3733 2872 cum
3746 2812 3809 2865 aliis

2363 2914 2430 2968 ad
2494 2922 2706 2985 tempus
2775 2917 3149 2973 diversaretur
3221 2918 3392 2983 urbe,
3450 2924 3501 2971 et
3552 2921 3674 2967 nocte
3709 2907 3806 2974 alitiUj

2363 3020 2484 3060 cum
2529 3005 2851 3075 quibusdam
2901 3017 3189 3078 putaretur
3236 3008 3473 3066 dormire
3509 3004 3725 3065 militibus,
3748 2996 3807 3051 sol-

2363 3097 2548 3154 licitus
2594 3114 2756 3171 super
2805 3102 2919 3157 suis
2946 3119 3303 3174 suorumque,
3356 3102 3444 3173 qui
3472 3100 3562 3156 sub
3589 3098 3671 3159 dio,
3689 3106 3807 3163 pro“?

2364 3191 2541 3262 gionis
2583 3194 2991 3259 consuetudine,
3027 3195 3451 3251 commanebant
3492 3188 3637 3260 equis,
3669 3179 3807 3252 respexi!

2364 3286 2429 3339 ad
2456 3284 2594 3349 illos,
2626 3293 2680 3340 et
2702 3288 2938 3357 speciem
2966 3289 3163 3343 stantis
3192 3287 3535 3343 considerans
3547 3272 3806 3335 hominisiulet

2363 3392 2476 3449 605,
2504 3378 2679 3435 f“rem
2704 3381 3011 3450 suspicatus
3033 3382 3301 3454 exsurgit,
3338 3387 3393 3436 et
3414 3377 3527 3449 quis
3549 3380 3663 3430 esset
3676 3364 3809 3421 Vocibus

2362 3473 2609 3530 turbatus
2664 3474 2908 3545 inquirit.
2951 3474 3048 3532 Cui
3107 3492 3238 3535 mox
3291 3474 3398 3541 ille,
3429 3464 3690 3527 habitudine
3715 3468 3805 3551 quia

2361 3572 2680 3619 censuescet
2700 3564 2872 3630 illata,
2907 3565 3061 3635 quasi
3077 3580 3340 3623 reverens
3363 3579 3423 3619 ac
3445 3552 3723 3633 pudibundus
3741 3552 3804 3598 ari:

2367 3673 2387 3706 ε
2416 3654 2606 3711 Nonne
2632 3672 2718 3711 me
2745 3658 2893 3712 nosti
2920 3657 2944 3712 ?
2979 3676 2997 3709 ι
3032 3657 3102 3712 At
3135 3658 3251 3727 ille,
3288 3655 3449 3713 veluti
3481 3660 3611 3707 vetus
3632 3639 3804 3745 sibi

2360 3758 2586 3805 varetnr
2608 3750 2979 3821 opprobrium,
3013 3752 3188 3810 multo
3220 3751 3459 3811 severius
3486 3741 3656 3799 infert:
3680 3751 3695 3785 t
3716 3729 3805 3785 Non.

2360 3842 2558 3911 inquit.
2609 3861 2631 3894 ι
2666 3841 2873 3909 Quibus
2921 3845 3216 3917 utrobique
3265 3840 3505 3917 prolatis,
3542 3846 3625 3889 nec
3658 3824 3719 3880 ille

2361 3936 2840 4008 interrogationem
2897 3938 3103 4009 aliquid
3125 3914 3141 3917 ᾔ
3163 3914 3604 4010 percunctationis
3647 3914 3793 4016 ille?“

2360 4047 2460 4088 nec
2484 4034 2586 4088 iste
2611 4032 2889 4105 quidpiam
2917 4036 3197 4105 responsis
3236 4032 3447 4104 adjecit-
3478 4026 3595 4114 0υαῖ
3621 4014 3801 4114 θνξξπξῗῗζ

2358 4134 2619 4195 quantum
2660 4125 2726 4180 ad
2746 4091 3035 4180 ‘ltominem
3067 4125 3321 4198 quamvis
3362 4120 3521 4177 otiosa
3576 4102 3712 4203 fuerit.

2361 4190 2539 4271 tamen
2561 4216 2925 4287 dispensante,
2942 4190 3197 4289 quiddam
3238 4216 3390 4273 nabis
3412 4224 3506 4267 non
3521 4190 3798 4289 otiosein-nuit:

2360 4282 2920 4368 diabolum-videlicet
2958 4282 3073 4367 non
3121 4311 3383 4368 obliviose
3424 4282 3800 4386 praeterisse

2359 4416 2504 4468 nem,
2533 4402 2626 4458 sed
2655 4418 2719 4457 ex
2740 4404 2852 4473 ipsa
2877 4405 2959 4459 sui
2981 4406 3295 4461 ostensione
3318 4409 3372 4456 et
3390 4396 3562 4452 effectu
3601 4374 3800 4476 enimut:3

2359 4492 2486 4561 quid
2515 4494 2767 4559 voluerit,
2792 4504 2845 4549 et
2868 4495 3084 4552 silentio
3112 4496 3428 4568 prodidisse,
3454 4483 3562 4555 quia
3585 4464 3796 4568 neum“?

665 4548 1023 4634 homo-idem,
1056 4575 1239 4631 liberte
1270 4578 1449 4633 adhuc
1483 4579 1711 4634 rationis
1742 4580 1963 4647 intuitu,
1988 4582 2131 4650 quod
2159 4596 2256 4637 ει·
2281 4589 2337 4649 D
2362 4548 2500 4653 (lJuid
2530 4548 2684 4657 plura
2708 4548 2741 4641 737
2756 4548 3267 4654 'Redﬁiitv,s—edrne—c
3280 4548 3431 4641 inter
3458 4548 3797 4657 redeundum

667 4661 945 4718 secrabilis
1007 4665 1144 4720 adeo
1199 4681 1230 4720 a
1263 4682 1322 4722 se
1373 4668 1495 4723 fidei
1528 4671 1797 4726 traductio
1828 4681 2137 4741 peteretur;
2162 4674 2256 4727 sed

668 4752 1008 4809 tolerabilius
1042 4755 1321 4824 judicabat
1359 4760 1687 4818 Christianis
1734 4764 1926 4820 officiis
1955 4766 2253 4831 abstinere,

665 4860 831 4916 quam
861 4845 1032 4916 ipsius
1059 4849 1398 4907 credulitatis
1424 4853 1783 4910 fundamento
1804 4871 2012 4911 carere.

738 4938 982 5009 Denique
1008 4954 1107 4996 nec
1126 4955 1296 5005 mora,
1322 4943 1374 4997 in
1404 4951 1612 4999 tantum
1632 4945 1907 5012 fraternae,
1934 4957 2256 5018 suggerente

667 5030 926 5102 maligno,
992 5034 1369 5103 suppeditatur
1399 5037 1448 5092 ei
1500 5040 1878 5107 opportunitas
1916 5041 2158 5107 ultionis,
2195 5050 2255 5097 ut

665 5126 1141 5183 crebrescentibus
1169 5128 1392 5184 omnino
1439 5141 1828 5200 superarentur
1852 5132 1954 5187 viri
1992 5142 2110 5187 vola
2144 5134 2254 5189 for-

668 5220 832 5277 tuuis.
883 5220 940 5276 In
984 5221 1238 5291 huncque
1260 5223 1480 5277 modum
1539 5225 1864 5280 succedente
1895 5226 2153 5293 remedio,
2185 5228 2253 5283 ab

666 5311 812 5369 illius
830 5315 1014 5372 animo
1040 5316 1461 5373 oblitterabatur
1475 5318 1680 5373 sensim
1707 5320 1960 5375 maeroris
1972 5321 2249 5390 atrocitas,

668 5421 791 5461 cum
821 5417 999 5466 tamen
1027 5411 1247 5468 interim
1292 5412 1442 5468 nullo
1468 5414 1629 5469 modo
1651 5428 1738 5469 res
1766 5424 2121 5486 praesumeret
2148 5416 2253 5471 sibi

669 5512 701 5551 a
735 5498 948 5558 diabolo
1000 5513 1274 5562 attentare
1329 5507 1653 5576 prohibitus.
1692 5508 1827 5563 Cum
1870 5509 2078 5565 interea
2109 5510 2253 5566 anti-

667 5607 811 5662 quus
853 5595 1102 5654 humana:
1141 5608 1351 5656 naturae
1401 5600 1577 5656 hostis
1607 5602 1795 5658 sedulo
1830 5604 2008 5660 eidem
2042 5605 2251 5661 homini

668 5699 954 5757 apparere,
1003 5706 1104 5747 nec
1149 5698 1329 5761 modo,
1366 5709 1426 5754 ut
1454 5700 1678 5764 assolet,
1731 5699 2081 5755 solitudinem
2109 5700 2247 5769 ejus,

668 5789 765 5834 aut
793 5791 1002 5837 secreta
1035 5788 1292 5854 aucupari
1325 5789 1464 5856 loca,
1490 5793 1581 5845 sed
1625 5793 1678 5845 in
1705 5792 1878 5847 media
1907 5794 2072 5848 etiam
2104 5795 2248 5867 vulgi

666 5875 899 5934 amantis
947 5878 1276 5952 frequentia,
1314 5883 1679 5955 improvidum
1710 5886 1888 5943 subito
1931 5891 2246 5955 convenire.

2360 4681 2514 4737 bolus
2547 4695 2606 4736 se
2647 4682 2723 4736 illi
2759 4683 3183 4754 conspicabilem
3235 4689 3456 4750 usquam

2359 4774 2607 4845 praebuit.
2660 4774 2732 4830 At
2771 4790 2837 4831 eo
2886 4739 3031 4830 domi
3068 4773 3381 4837 constituto,
3412 4752 3581 4864 nefarii

2360 4867 2571 4941 consilii
2604 4866 2896 4923 miserabili
2930 4868 3007 4922 im
3037 4881 3282 4938 persona:
3297 4834 3794 4958 resuscitatur

2359 4967 2419 5013 ut
2438 4938 2528 5013 vix
2558 4972 2729 5028 pauca
2781 4971 3025 5029 tempora
3079 4960 3147 5013 ab
3177 4926 3792 5050 hujusutOdi‘wfﬂﬂio‘r:

2359 5022 2573 5105 feriata-
2600 5049 2798 5105 forent.
2839 5069 2858 5103 ι
2892 5022 3127 5106 i’ossunt
3180 5022 3415 5105 homines
3449 5034 3519 5136 ab.

2358 5150 2548 5197 rentur
2596 5142 2908 5198 interstitiis
2955 5141 3228 5212 aliquibus
3277 5123 3540 5233 disparati,
3574 5113 3787 5235 εξῗξίῖἓξύέῗ

2357 5234 2821 5305 inquietudinibus
2873 5233 3152 5289 conclavia
3200 5248 3297 5289 sua
3353 5193 3790 5327 parietestl“:n

2356 5294 2557 5399 guunt;
2608 5328 2941 5398 spiritualem
2978 5343 3107 5382 vero
3149 5322 3431 5397 nequitiam
3482 5320 3564 5365 nec
3590 5294 3785 5426 pisi”:

2356 5423 2679 5494 populorum
2725 5438 2827 5479 nec
2862 5424 3200 5480 munimenta
3238 5418 3561 5478 claustrorum
3587 5411 3610 5449 ³
3636 5394 3717 5445 ⁸⁸³⁵

2357 5516 2603 5572 cursibus
2627 5526 2833 5571 arcent.
2872 5535 2891 5568 ι

2425 5609 2557 5666 Viro
2583 5610 2748 5681 igitur
2771 5610 2846 5665 illi
2875 5610 3012 5665 adeo
3054 5606 3379 5666 individuum

2355 5703 2628 5759 lethaliter
2678 5702 2974 5759 fastidienti
3005 5704 3295 5770 latronem,
3339 5694 3416 5750 die
3439 5695 3528 5770 Cl“?

2356 5797 2555 5852 habere
2580 5795 2803 5866 contigit
2839 5797 3125 5866 quemdam
3147 5790 3342 5851 Christi
3364 5769 3651 5872 δαεθτδθξθῗξ

2356 5891 2454 5957 tia,
2501 5854 2871 5960 benignitate;
2908 5904 2971 5946 ac
3009 5890 3095 5966 pia
3126 5887 3392 5946 hilaritate
3427 5854 3703 5947 praecipuum

3405 5560 3781 5670 perpetienti-3'1“:

3532 5675 3626 5729 dam
3644 5654 3782 5749 οδτξυω

3672 5746 3779 5799 δείου-

3725 5838 3769 5886 ν’)
