4012 6346
188 268 288 326 891

1257 268 1484 328 GESTA
1517 269 1630 328 DEI
1668 269 1802 326 PER
1831 269 2170 329 FRANCOS.
2207 259 2278 315 '-
2309 271 2442 328 LIB.”
2475 271 2607 329 vul.

3348 281 3457 341 822

186 383 338 438 mine
371 381 665 438 Cononem.
697 383 796 440 Cui
847 397 992 449 cum,
1037 384 1335 440 secundum
1367 385 1623 454 temporis
1653 401 1773 455 quae
1802 388 1855 448 Α
1879 385 2120 454 opusculi
2149 386 2353 440 referre
2394 387 2683 455 principio,
2713 385 2975 456 quosdam
3015 387 3108 458 qui
3146 387 3454 462 Hierosoly-

185 483 319 530 tunc
343 483 462 530 erat
483 474 786 545 angustiam
814 475 936 546 (suo
966 475 1108 531 enim
1132 475 1362 546 quisque
1385 474 1775 530 sollicitabatur

185 567 430 640 itinere),
473 581 590 620 eam
626 582 788 636 quam
827 568 1134 638 patiebatur
1167 570 1774 642 exprou'ipSIssetmisc-

183 659 348 727 riam,
379 661 501 714 data
531 675 630 732 pro
651 660 768 716 loco
799 662 1171 719 consolatione
1195 665 1280 718 vir
1304 663 1478 720 bonus
1500 665 1588 720 ille
1611 679 1774 735 quam

179 753 386 822 potuit,
422 763 475 808 et
505 763 728 823 accepta
781 745 1073 824 spensione
1103 758 1168 812 de
1211 758 1408 825 reditu,
1455 758 1676 814 dimisit.
1702 757 1774 812 At

181 853 369 899 tamen
397 847 780 901 cruentissima
811 848 924 903 fera
964 865 1071 904 non
1101 849 1270 916 siluit,
1297 850 1392 904 sed
1424 850 1773 906 creberrima:

181 935 402 990 interim
435 937 703 993 lenocinio
745 940 1016 996 suasionis
1051 942 1269 997 irritare
1294 958 1400 997 non
1440 941 1626 996 desiit.
1661 939 1773 997 Nec

177 1042 365 1096 mora,
395 1028 577 1094 homo,
609 1030 979 1087 molestiarum
1013 1043 1067 1088 et
1093 1048 1230 1104 pene
1253 1035 1583 1105 quotidiana
1609 1033 1773 1088 inter-

172 1117 491 1186 pellationis
541 1121 847 1191 impatiens,
903 1123 969 1177 ad
1017 1125 1284 1180 medicum
1320 1126 1500 1191 rediit,
1551 1124 1769 1180 confes-

173 1209 339 1267 sione
383 1212 447 1266 ad
501 1228 695 1283 purum
740 1213 882 1269 facta
941 1215 1318 1284 paenitentiam
1366 1217 1512 1272 omni
1571 1214 1769 1271 affectu

169 1303 562 1382 ευδεῐρίιηει,
597 1315 870 1376 suscepta,
915 1317 1288 1363 exsecutorem
1343 1308 1622 1379 proprium
1669 1307 1768 1362 de-

168 1394 371 1467 inceps
417 1414 694 1470 nunquam
745 1400 899 1456 vidit.
962 1401 1101 1456 Ecce
1129 1403 1215 1472 pia
1259 1401 1360 1457 ista
1399 1401 1766 1472 peregrinatio

165 1502 473 1558 pensemus
496 1499 758 1560 quantum
796 1492 1026 1546 valuerit
1047 1493 1217 1562 puris,
1249 1508 1367 1564 qua:
1392 1501 1601 1548 tantum
1625 1501 1767 1546 attu-

164 1572 306 1629 lerit
332 1576 509 1632 tutelae
532 1593 595 1632 ae
626 1578 933 1633 securitatis
957 1579 1202 1649 impuris.

247 1663 468 1739 [XXX.]
493 1668 625 1734 Qum
654 1669 859 1740 fortiter
880 1670 934 1725 in
959 1671 1171 1727 Oriente
1195 1685 1338 1743 gesta
1358 1683 1504 1740 sunt,
1530 1672 1630 1727 soli
1655 1673 1765 1729 Deo

1879 477 2140 530 mitanum
2173 477 2352 531 adorsi
2385 477 2707 532 videbantur
2756 478 2876 545 iter,
2907 477 3035 535 illud
3063 481 3205 552 quod
3257 482 3459 552 Apulos

1875 565 2232 637 Epirotasque
2261 568 2488 634 dirimit,
2521 569 2711 625 locatis
2736 571 2988 642 pupibus,
3027 589 3211 644 :equor
3249 575 3460 646 ingres-

1877 671 1984 723 sos,
2010 667 2084 724 et,
2099 671 2275 714 utrum
2301 661 2634 733 inexplorato
2655 680 2775 720 sese
2792 665 3163 722 commiserint
3183 668 3343 737 mari,
3365 681 3458 723 seu

1877 752 2093 809 carinas
2119 755 2283 810 nimia
2307 756 2390 810 sui
2421 760 2811 815 numerositate
2831 760 3219 832 depresserint,
3248 763 3458 829 nescio,

1875 854 2089 901 constat
2132 855 2310 902 tamen
2351 859 2638 906 sexcentos
2669 866 2807 921 pene
2868 851 2976 908 illic
3028 854 3208 908 navim
3233 851 3460 925 fregisse

1874 936 2043 992 viros.
2081 938 2181 1006 Qui
2222 939 2692 1010 intercipieutibus
2724 958 2913 998 omnes
2964 943 3059 998 sali
3109 943 3303 1000 turbidi
3331 959 3460 1016 pro-

1875 1030 2023 1086 cellis
2054 1031 2250 1095 enecti,
2283 1048 2382 1088 nec
2430 1049 2600 1097 mora,
2635 1033 2968 1103 impatientis
3011 1045 3144 1091 aestu
3185 1035 3360 1106 pelagi
3389 1034 3457 1091 ad

1874 1124 2236 1180 continentem
2272 1124 2450 1194 ejecli,
2498 1140 2562 1180 eo
2594 1125 2711 1194 ipso
2743 1141 2850 1196 quo
2879 1126 2931 1179 in
2959 1125 3142 1190 birris,
3173 1125 3352 1196 palliis
3394 1140 3459 1181 ac

1875 1216 2073 1270 tunicis
2103 1215 2180 1270 uti
2209 1217 2608 1273 consueverant
2639 1217 2902 1281 universi,
2941 1216 2994 1270 in
3028 1216 3312 1284 superﬁcie
3341 1229 3459 1270 sca-

1870 1306 2119 1376 pularum
2145 1319 2269 1365 sunt
2320 1311 2558 1382 insignes
2607 1311 2785 1366 erucis
2822 1310 2976 1377 signo
3027 1301 3251 1382 reperti.
3304 1309 3461 1378 Quod

1871 1411 2085 1452 sacrum
2134 1400 2328 1472 stigma
2379 1403 2634 1457 divinitus
2680 1403 2790 1457 cuti
2838 1417 3027 1457 eorum
3073 1401 3311 1471 potuisse
3359 1403 3462 1456 im-

1870 1490 2052 1560 primi,
2079 1491 2147 1546 ob
2181 1493 2419 1562 ipsorum
2445 1495 2566 1549 ﬁdei
2591 1494 2920 1550 evidentiam
2944 1493 3272 1560 faciendam,
3301 1509 3461 1550 nemo

1871 1581 1996 1637 licet
2027 1582 2202 1638 ﬁdelis
2230 1586 2498 1654 ambigat,
2561 1595 2736 1642 tamen
2766 1587 2814 1642 ei
2863 1587 2957 1656 qui
2991 1586 3095 1640 hoc
3141 1587 3381 1657 scripsit,
3413 1581 3461 1641 si

1873 1679 2092 1746 advivit,
2129 1680 2360 1736 sollicite
2388 1682 2721 1752 pensandum
2756 1689 2857 1746 est,
2908 1697 2975 1734 an
3023 1695 3110 1735 res
3157 1680 3230 1734 ita
3283 1695 3342 1735 se
3369 1679 3460 1735 ha-

162 1760 478 1817 tribuenda.
524 1795 593 1804 -—-
636 1765 862 1820 Constat
916 1783 1131 1838 quoque
1186 1768 1623 1824 consideratione
1678 1768 1762 1822 di-
1799 1757 2012 1826 Bbeat.
2063 1771 2178 1827 Viae
2225 1773 2370 1827 enim
2409 1773 2566 1842 hujus
2608 1787 2729 1826 cum
2777 1771 3208 1826 Christianarum
3260 1770 3459 1841 ubique

163 1855 522 1926 gnissimum,
555 1873 660 1913 non
697 1859 813 1913 sine
841 1875 898 1914 re
928 1861 994 1915 ab
1027 1858 1185 1928 hujus
1215 1861 1385 1930 gratia
1411 1861 1766 1932 profectionis

163 1963 336 2021 reges
401 1949 669 2021 abjectos,
727 1967 794 2007 ne
849 1967 1097 2022 personae
1146 1951 1397 2009 videlicet
1447 1953 1766 2024 spectabilis

161 2041 485 2097 sublimitas
511 2041 736 2100 cﬁ‘ectus
758 2045 860 2101 sibi
899 2047 1178 2102 videretur
1200 2061 1458 2116 arrogare
1480 2062 1760 2116 supernos.

162 2132 346 2206 Igitur
389 2135 594 2192 caelesti
629 2137 858 2193 Domino
898 2138 1185 2194 referenda
1218 2138 1336 2194 laus
1360 2150 1466 2207 est,
1493 2155 1557 2195 ac
1587 2137 1765 2194 homi-

163 2229 266 2283 nis
295 2227 518 2285 tacenda
546 2231 784 2301 penitus.
819 2229 935 2287 Non
995 2240 1072 2288 tot
1103 2231 1326 2288 militias
1359 2233 1554 2288 ducum
1584 2234 1765 2302 coegit

160 2320 434 2392 quilibet,
493 2331 587 2377 aut
643 2323 843 2380 meruit
895 2325 1220 2397 triumphos.
1272 2323 1473 2379 Poenos
1524 2322 1764 2394 Regulus

161 2415 388 2472 obludit
445 2416 696 2484 rebelles,
750 2418 869 2474 laus
899 2417 952 2472 in
981 2433 1103 2473 eum
1151 2417 1314 2473 studii
1351 2417 1604 2472 refertur.
1638 2415 1763 2469 Ale-

159 2513 382 2568 xander
427 2529 592 2585 agens
631 2514 740 2569 an
781 2530 948 2586 regna
976 2515 1251 2585 stragibus
1305 2509 1610 2568 immodicis
1631 2508 1761 2565 fati-

160 2621 331 2676 gans,
383 2599 559 2678 Magni
614 2607 898 2678 przevaluit
937 2625 1132 2680 parare
1176 2625 1394 2665 nomen.
1432 2609 1552 2676 llic,
1581 2627 1762 2668 comes

163 2697 506 2769 Stephanus,
541 2700 626 2755 cui
657 2700 827 2756 indita
863 2701 1045 2758 fuerat
1075 2703 1216 2758 sacri
1246 2704 1519 2760 exercitus
1550 2721 1760 2761 summa

160 2790 425 2857 curandi,
468 2792 625 2862 quasi
676 2809 795 2863 quae
826 2795 926 2850 soli
965 2797 1348 2867 competebant
1381 2797 1494 2854 Deo
1523 2808 1761 2855 temera-

160 2884 286 2939 rius
336 2896 671 2957 usurpasset,
701 2903 766 2943 ac
800 2889 844 2943 si
894 2889 1123 2960 ignaviae
1152 2891 1541 2946 condemnatus
1572 2893 1761 2963 abjici-

163 2983 286 3042 tur,
339 2987 394 3032 et
447 2977 603 3051 Hugo
657 2979 906 3051 Magnus,
938 2981 1101 3036 veluti
1134 2983 1297 3038 homo
1336 2983 1466 3053 regii
1501 2983 1754 3048 nominis,

159 3079 566 3141 sequestratur.
591 3071 770 3128 Pulsis
809 3089 939 3145 ergo
971 3075 1148 3145 magni
1174 3074 1408 3130 nominis
1438 3075 1672 3138 umbris,
1705 3083 1759 3130 et

161 3161 259 3217 cui
302 3161 638 3220 innitebatur
659 3153 900 3234 potentia
928 3175 1172 3232 extrusa,
1200 3166 1293 3221 uni
1313 3165 1759 3236 jamincumbens

159 3252 265 3308 Dei
295 3253 560 3322 subsidio,
613 3255 842 3326 pusillus
891 3274 1021 3328 grex
1056 3257 1145 3313 ille
1178 3259 1456 3323 remansit,
1498 3267 1572 3326 et,
1605 3269 1663 3312 ut
1693 3259 1759 3314 ad

161 3369 288 3410 rem
321 3366 540 3414 ventum
569 3367 674 3423 est,
712 3361 1010 3416 secundum
1061 3360 1356 3431 Scripturaa
1394 3360 1622 3428 dictum,
1654 3375 1761 3416 non

162 3466 238 3508 ex
268 3467 489 3524 genere,
521 3457 616 3511 sed
645 3455 876 3526 eligente
909 3456 1041 3522 Deo,
1077 3475 1096 3508 ‹
1127 3456 1527 3526 lnsuspicabilis
1567 3465 1760 3525 porta-

160 3546 250 3600 vit
307 3547 553 3603 diadema
607 3547 797 3619 (Eccli.
852 3566 928 3616 xi,
967 3550 1045 3622 5).
1081 3569 1100 3603 ι
1138 3550 1410 3606 Honorem
1461 3551 1646 3622 itaque
1677 3551 1762 3606 sui

163 3640 412 3697 nominis
455 3641 620 3710 Deus,
665 3643 759 3714 qui
810 3643 941 3698 facit
982 3643 1273 3711 mirabilia,
1327 3643 1519 3700 nolens
1550 3643 1763 3700 deferre

165 3732 359 3801 alteri,
387 3733 501 3804 ipse
523 3734 670 3790 solus
693 3734 805 3789 dux
829 3733 946 3804 ejus
995 3734 1114 3800 fuit,
1149 3735 1264 3807 ipse
1294 3735 1456 3803 rexit,
1490 3735 1605 3805 ipse
1633 3751 1759 3792 cor-

167 3825 334 3890 rexit,
362 3827 480 3897 ipse
499 3826 566 3880 ad
609 3823 954 3881 eﬁicientiam
992 3835 1169 3898 empta
1193 3825 1416 3895 direxit,
1442 3828 1558 3898 ipse
1589 3827 1763 3884 hucu-

166 3931 310 3986 sque
361 3931 529 3987 regna
579 3916 847 3988 porrexit.
891 3917 1078 3990 Agnos
1121 3919 1315 3989 igitur,
1351 3935 1420 3975 ex
1459 3919 1602 3990 lupis
1624 3934 1762 3989 quos

167 4007 402 4073 fecerat,
422 4008 475 4063 in
492 4025 590 4063 suo
618 4025 726 4065 non
757 4025 944 4065 eorum
969 4011 1196 4068 brachio
1212 4012 1583 4083 congregavit,
1611 4012 1764 4068 sinus

165 4101 256 4158 sui
309 4102 536 4160 tuitione
582 4103 804 4176 levavit,
849 4105 955 4178 piae
984 4107 1098 4177 spei
1127 4105 1336 4187 gaudio
1372 4105 1530 4174 fetos,
1529 4105 1761 4187 3d'quae

167 4192 616 4252 desideraverant
634 4197 868 4253 videnda
896 4198 1134 4266 portavit
1217 4183 1233 4187 ﬂ

779 4335 1010 4394 CAPUT
1048 4333 1142 4391 IX.

1868 1865 2108 1932 gentium
2136 1861 2536 1933 percrebuisset
2561 1862 2798 1928 initium,
2829 1871 2885 1917 et
2913 1861 2963 1915 id
2991 1874 3098 1914 non
3127 1860 3243 1914 sine
3271 1860 3456 1915 divina

1867 1953 1986 2009 ﬁeri
2015 1955 2294 2011 voluntate
2318 1972 2412 2025 per
2447 1955 2748 2010 Romanum
2777 1956 3111 2013 clamaretur
3141 1957 3456 2029 imperium,

1868 2045 2092 2115 quilibet
2147 2059 2406 2102 extremae
2466 2047 2810 2118 vulgaritatis
2871 2035 3143 2116 homines,
3194 2058 3248 2104 et
3293 2049 3457 2102 etiam

1866 2137 2146 2194 muliebris
2175 2139 2488 2210 indignitas,
2519 2139 2622 2193 hoc
2645 2139 2747 2194 sibi
2776 2149 2853 2194 tot
2874 2141 3066 2204 modis,
3107 2149 3183 2194 tot
3212 2140 3458 2210 partibus

1865 2247 2200 2304 usurpavere
2235 2233 2581 2287 miraculum.
2638 2232 2733 2287 llle
2784 2233 3057 2303 paulisper
3104 2234 3336 2288 intextas
3385 2248 3454 2286 ex

1866 2321 2165 2378 suffusione
2191 2323 2474 2394 sanguinis
2507 2323 2672 2394 rigas,
2707 2322 2886 2378 crucis
2916 2330 3189 2387 astruens,
3220 2331 3457 2378 ostenta-

1864 2412 1960 2468 bat
2006 2414 2056 2466 in
2089 2414 2246 2470 oculo
2279 2431 2290 2467 :
2317 2413 2416 2468 iste
2444 2412 2782 2483 pupillarem,
2807 2427 2910 2482 qua
2941 2413 3080 2469 Rede
3111 2413 3451 2481 caecutiebal,

1864 2501 2154 2568 maculam,
2187 2502 2349 2559 eundi
2379 2503 2480 2558 sibi
2509 2503 2984 2558 commonitorium
3018 2504 3329 2574 perhibens,
3353 2517 3455 2574 pro

1865 2592 2076 2648 caelesti
2124 2594 2420 2649 exhibebat
2447 2593 2690 2648 oraculo.
2720 2593 2895 2660 Alius,
2926 2603 3019 2647 aut
3068 2609 3331 2650 novorum
3361 2609 3456 2666 po~

1864 2702 2077 2742 morum
2127 2689 2325 2754 succis,
2386 2703 2481 2743 seu
2537 2686 2779 2758 quolibet
2819 2702 3015 2758 genere
3065 2687 3191 2754 fuci,
3237 2687 3458 2743 cuilibet

1863 2781 2146 2851 particulae
2195 2782 2441 2850 corporis
2491 2780 2817 2836 moliebatur
2869 2780 3107 2850 speciem
3155 2781 3352 2847 crucis,
3392 2788 3453 2835 ut

1865 2871 2004 2928 sicut
2028 2873 2306 2928 oculorum
2337 2871 2590 2934 subsellia
2614 2873 2758 2943 pingi
2783 2871 2959 2926 solent
2982 2872 3162 2936 stibio,
3189 2872 3261 2926 ita
3284 2855 3482 2926 divini

1863 2963 1920 3019 in
1949 2980 2006 3020 se
2033 2964 2350 3035 spectaculi,
2383 2964 2464 3017 vel
2500 2964 2696 3020 vireret
2725 2963 2808 3018 vel
2833 2963 3072 3031 ruberet,
3099 2964 3289 3020 fraude
3312 2963 3456 3019 facta

1863 3065 1919 3112 et
1953 3057 2273 3113 commentis
2303 3057 2567 3112 ostensio.
3473 3051 3476 3054 ’

1936 3149 2242 3204 Meuiiuerit
2271 3150 2441 3206 lector
2490 3149 2701 3204 abbatis
2743 3148 2904 3212 illius,
2958 3161 3118 3218 quem
3158 3162 3318 3217 supra
3369 3141 3478 3202 re-'

1866 3243 1964 3299 tuli
1998 3243 2115 3314 (lib.
2145 3259 2219 3310 ιν,
2253 3258 2377 3313 cap.
2417 3243 2471 3315 7)
2515 3243 2660 3298 ferro
2717 3241 2818 3298 sibi
2850 3241 3138 3312 scalpsissc
3192 3241 3480 3308 frontem,‘

1865 3347 1919 3393 et
1941 3354 2098 3408 quem
2123 3336 2467 3408 postmodum
2499 3335 2726 3391 dixerim
2768 3334 2971 3390 factum
2999 3333 3261 3390 Caesareae
3284 3333 3453 3388 Palae-

1867 3432 2020 3486 stina:
2051 3431 2379 3500 pontiﬁcem.
2406 3428 2602 3484 Testor
2627 3429 2818 3495 Deum,
2851 3442 2960 3494 me,
2983 3425 3254 3482 Bellovaci
3280 3441 3377 3497 per
3398 3419 3480 3481 id'

1867 3525 2124 3594 temporis
2148 3525 2526 3588 constitutum,
2558 3523 2758 3578 vidisse
2780 3523 2846 3578 ad
2879 3538 2937 3579 se
2966 3535 3182 3578 versum
3208 3522 3456 3592 obliqua-

1870 3625 1950 3672 tas
1977 3617 2373 3688 aliquantulum
2405 3615 2492 3672 die
2527 3617 2701 3673 media
2747 3616 2938 3686 nubes,
2971 3626 3030 3671 ut
3059 3617 3145 3672 vix
3177 3599 3480 3688 quidpiam‘

1866 3705 2041 3777 majus
2073 3724 2234 3778 quam
2265 3717 2357 3763 aut
2380 3708 2552 3778 gruis,
2584 3717 2675 3763 aut
2706 3709 2938 3779 speciem
2975 3707 3288 3763 viderentur
3314 3723 3452 3778 prm-

1867 3800 2055 3856 tulisse
2085 3800 2329 3867 ciconim,
2355 3816 2478 3855 cum
2514 3815 2662 3866 ecce,
2696 3815 2913 3856 crucem
2947 3799 3161 3855 caelitus
3191 3799 3292 3856 sibi
3326 3799 3454 3855 mis-

1867 3911 1980 3951 sam
2011 3896 2232 3951 urbanae
2262 3894 2464 3964 passim
2490 3910 2650 3950 voces
2680 3893 3092 3949 conclamavere
3111 3891 3451 3963 frequentia).

1865 3987 2172 4044 Ridiculum
2196 3999 2279 4044 est
2309 3989 2451 4058 quod
2493 3987 2688 4054 dicam,
2721 3987 2814 4042 sed
2848 4001 2953 4040 non
2991 3984 3233 4041 ridiculis
3266 3994 3452 4042 aucto-

1865 4080 2017 4136 ribus
2071 4095 2186 4136 rem
2239 4081 2543 4150 probatam.
2593 4079 2904 4134 lllulicrcula
2949 4080 3193 4150 qumdam
3244 4079 3297 4132 in
3349 4079 3456 4135 hoc

1865 4172 2039 4244 ipsum
2080 4175 2386 4244 promoveri
2426 4183 2668 4244 coeperat
2711 4174 2835 4228 iter.
2870 4173 3041 4239 Quam
3074 4171 3228 4227 novis
3273 4173 3455 4227 nescio

1865 4263 2061 4333 quibus
2091 4264 2408 4318 rudimentis
2435 4264 2692 4328 imbutus,
2737 4271 2936 4332 prteter
2981 4261 3173 4316 inertis
3195 4260 3316 4328 jura
3359 4278 3454 4316 na-

1869 4365 2022 4421 turae,
2079 4357 2451 4411 versabundus
2502 4355 2934 4426 prosequebatur
2989 4367 3166 4406 anser.
3210 4353 3278 4406 Et
3305 4369 3448 4418 ecce,

243 4448 483 4524 [XXXL]
515 4447 832 4508 Fulcherius
861 4451 1196 4508 Carnotensis
1218 4448 1535 4522 suggillatur
1571 4457 1620 4503 et
1645 4463 1763 4502 cor-
1795 4477 1841 4534 Β
1868 4445 2009 4501 fama
2036 4447 2223 4502 volans
2247 4445 2502 4517 chaseis
2533 4444 2769 4500 motibus
2803 4455 2944 4509 acta,
2975 4453 3029 4497 et
3069 4451 3244 4497 castra
3277 4444 3452 4514 reple-

166 4545 384 4615 rigilur.
435 4547 486 4601 1.
517 4546 767 4602 Asserens
793 4545 968 4619 plures
999 4563 1150 4601 cruce
1178 4545 1431 4599 divinitus
1465 4544 1762 4614 insignitas,

169 4637 451 4706 refellitur.
483 4669 552 4680 —-
584 4637 871 4694 Praesentis
929 4639 1170 4694 historixe
1222 4638 1470 4708 corpori,
1545 4645 1767 4692 auctore

162 4727 361 4782 mundi
387 4730 648 4798 propitio,
679 4730 910 4800 posituri
942 4731 1141 4796 calces,
1193 4729 1540 4784 Fulcherium
1576 4742 1767 4796 quem-

164 4819 322 4886 dam,
380 4819 768 4899 Carnotensem
823 4822 1224 4893 presbyterum,
1281 4819 1444 4892 447
1494 4820 1586 4890 qui
1637 4818 1768 4899 Bale

165 4911 327 4966 duini
369 4915 507 4984 apud
549 4897 811 4971 Edessam
842 4915 993 4970 ducis
1024 4915 1226 4970 dudum
1255 4913 1565 4984 capellauus
1596 4897 1768 4966 exstil-

165 5015 339 5070 terat,
369 5008 617 5076 quaedam
640 5025 758 5078 quae
785 5025 882 5064 nos
913 5009 1184 5063 latuerant
1207 5007 1330 5072 alia,
1367 5008 1575 5062 diverse
1601 5005 1766 5060 etiam

166 5116 197 5154 a
225 5099 382 5156 nobis
396 5101 712 5172 aliqua,sed
733 5118 926 5174 pauca,
957 5103 1179 5172 haecque
1202 5100 1464 5156 fallaciter
1493 5109 1548 5156 et
1575 5101 1768 5155 scabro

163 5192 446 5260 utczeteri,
463 5209 732 5263 sermone,
749 5195 954 5252 fudisse
965 5195 1348 5267 comperimus.
1365 5192 1530 5262 Cujus
1545 5194 1646 5248 etsi
1661 5207 1768 5249 non

165 5284 378 5353 omnia,
417 5288 672 5343 nonnulla
705 5291 887 5345 tamen
912 5288 1231 5360 detegenda,
1263 5294 1317 5342 et
1345 5285 1472 5340 huic
1501 5285 1771 5340 schedulm

165 5379 600 5450 compaginanda
617 5383 948 5438 censuimus.
965 5381 1101 5439 Cum
1115 5380 1259 5436 enim
1273 5377 1357 5433 vir
1379 5377 1548 5434 isdem
1565 5375 1771 5445 ampul-

168 5473 254 5528 las
279 5481 336 5528 et
361 5474 759 5547 sesquipedalia
789 5479 952 5533 verba
989 5474 1242 5547 projiciat
1263 5471 1422 5542 (Hon.
1448 5470 1514 5525 Α.
1548 5467 1614 5524 Ρ.
1655 5467 1767 5541 97),

167 5575 230 5622 et
261 5565 471 5624 luridos
515 5569 758 5626 inanium
795 5571 1135 5627 schematum
1183 5569 1391 5625 colores
1437 5564 1767 5636 exporrigat,

173 5662 323 5717 nuda
370 5660 503 5717 mihi
532 5679 714 5718 rerum
765 5671 1038 5736 gestarum
1085 5662 1281 5717 exinde
1333 5657 1488 5713 libuit
1525 5658 1768 5710 membra

175 5754 478 5825 corripere,
503 5755 720 5826 meique
745 5757 1134 5826 qualiscunque
1161 5750 1359 5822 eloquii
1384 5763 1558 5811 sacco,
1589 5748 1769 5818 potius

175 5859 343 5923 quam
372 5856 634 5922 praetexta
665 5857 974 5906 contexere.
1005 5846 1216 5901 Dicitur
1247 5845 1299 5900 in
1324 5843 1428 5909 sui,
1453 5841 1554 5898 nisi
1585 5839 1764 5906 fallor,

1867 4541 1947 4595 vit
1992 4548 2045 4594 et
2100 4540 2280 4604 nrbes,
2339 4555 2368 4592 a
2430 4539 2542 4593 Deo
2590 4539 2656 4593 ad
2699 4537 3031 4592 llierusalem
3088 4538 3453 4592 redimendam

1867 4633 2029 4689 etiam
2061 4646 2283 4686 anseres
2333 4630 2652 4686 destinatos.
2703 4627 2813 4685 Nec
2859 4638 3062 4684 tantum
3109 4629 3455 4685 deferebatur

1867 4726 2080 4783 mulieri
2129 4725 2362 4792 miserae,
2393 4732 2451 4778 ut
2483 4725 2604 4794 ipsa
2640 4738 2889 4778 anserem
2920 4724 3230 4789 ductitaret,
3265 4725 3358 4779 sed
3391 4740 3453 4779 ea

1869 4820 1987 4876 duci
2013 4819 2290 4875 ferebatur
2313 4817 2380 4874 ab
2410 4830 2622 4872 ansere.
2660 4815 2813 4883 Quod
2843 4817 2916 4870 ita
2956 4815 3235 4871 Cameraci
3265 4816 3454 4888 proba-

1871 4921 1983 4968 tum
2011 4923 2114 4979 est,
2149 4922 2228 4979 ut,
2259 4919 2438 4968 stante
2465 4910 2592 4966 hinc
2621 4921 2673 4964 et
2695 4910 2819 4965 inde
2849 4909 3064 4982 populo,
3097 4926 3192 4982 per
3218 4910 3450 4964 mediam

1869 5007 2150 5062 ecclesiam
2210 5005 2407 5061 mulier
2435 5004 2500 5059 ad
2544 5004 2718 5060 altare
2767 5005 3108 5075 procederet,
3137 5012 3192 5058 et
3215 5017 3376 5058 anser
3425 5019 3456 5055 e
3527 5001 3530 5004 ’

1868 5100 2097 5172 vestigio
2124 5099 2368 5154 mulieris
2410 5113 2438 5151 a
2477 5106 2650 5169 tergo,
2705 5096 2854 5151 nullo
2887 5095 3230 5158 sollicitante,
3265 5109 3452 5148 succe-

1871 5193 2041 5250 deret.
2067 5191 2170 5261 Qui
2195 5193 2414 5263 quidem
2441 5191 2586 5246 intra
2616 5189 3022 5259 Lotharingiam
3049 5202 3194 5253 mox,
3221 5194 3280 5240 ut
3309 5200 3454 5240 com-

1870 5288 2131 5358 perimus,
2157 5287 2306 5341 obita
2338 5285 2438 5342 sibi
2477 5293 2652 5339 morte
2682 5282 2941 5347 decessit;
2973 5281 3062 5350 qui
3089 5292 3218 5332 sane
3252 5276 3454 5332 rectius

1871 5375 2210 5435 Hierusalem
2246 5377 2398 5442 isset,
2437 5376 2504 5441 si,
2546 5375 2721 5446 pridie
2773 5388 2934 5444 quam
2997 5369 3452 5442 proﬁcisceretur,

1876 5484 1987 5526 suae
2042 5469 2281 5540 seipsum
2325 5467 2559 5522 domina:
2620 5466 2759 5522 feSta
2818 5463 3062 5520 convivia
3117 5461 3450 5532 praebuisset.

1873 5561 2026 5630 Quod
2042 5569 2211 5616 totum
2240 5562 2308 5615 ob
2331 5561 2436 5614 hoc
2459 5576 2489 5614 a
2521 5559 2676 5614 nobis
2703 5559 2943 5614 historiae
2965 5555 3147 5613 veraci
3173 5555 3453 5618 attexitur,

1873 5664 1934 5711 ut
1964 5670 2020 5711 se
2046 5652 2300 5709 noverint
2341 5652 2539 5722 quique
2577 5652 2960 5716 commonitos,
3006 5668 3024 5701 ι
3060 5657 3328 5721 quatenus
3359 5661 3456 5700 ne-

1875 5761 2168 5820 quaquam,
2217 5743 2322 5798 ﬁde
2371 5741 2514 5816 vulgi
2569 5741 2762 5800 fabulis
2817 5742 3094 5808 attributa,
3143 5739 3452 5797 Christiana

1874 5840 2110 5910 gravitas
2138 5837 2424 5910 levigetur'.
2460 5853 2480 5888 ι
3057 5849 3060 5853 ·
