4012 6346
659 314 765 374 825

1446 310 1505 365 V.
1547 300 1872 367 GUIBERTI
1911 298 2202 362 ABBATIS
2231 302 2290 360 S.
2329 300 2700 388 MARLE'DE
2726 298 3129 362 NOVIGENTO
3742 323 3806 380 εει

736 412 1256 500 ‘XXXl[.]Secundo
1288 418 1484 491 Pyrro,
1530 428 1586 473 ut
1634 416 1968 474 Antiochiam
1998 416 2244 483 traderet,
2278 421 2325 478 Α
2355 413 2491 469 rium
2540 413 2753 486 linguas
2798 429 2987 471 omnes
3042 421 3356 487 acceperat,
3410 428 3601 492 prepria
3643 424 3807 489 deum,

654 519 922 576 Christum
950 517 1277 588 apparuisse,
1309 512 1561 584 falsitatis
1603 513 1866 584 arguitur.
1900 542 1970 552 -—
2002 510 2244 581 Denique

652 627 847 670 rursus
880 612 1019 667 idem
1050 610 1300 680 perhibet
1326 614 1538 674 auctor,
1562 607 1736 679 Pyrro
1778 606 2082 667 Antiochiae
2116 619 2243 675 pro-

653 697 816 755 ditori
866 697 1036 751 Deum
1089 693 1438 765 apparuisse;
1500 701 1557 748 et
1613 700 1673 746 ut
1718 690 1946 747 Francis
1988 693 2245 768 proderet

650 780 842 843 urbem
872 786 927 841 in
965 785 1170 840 visione
1215 782 1466 852 iussisse.
1512 782 1695 838 Facile
1742 783 1844 837 hoc
1890 781 1940 836 ei
1993 780 2094 835 fuit
2151 778 2241 849 qui

649 877 783 934 Cain
813 886 868 933 et
918 878 1059 946 Agar
1104 890 1163 931 se
1191 873 1509 939 audibilem,
1536 882 1590 929 et
1630 872 2050 942 conspicabilcm
2078 869 2244 926 asinae

649 952 898 1041 angelum
928 969 1179 1039 praebuit.
1218 967 1413 1023 Verum
1444 981 1633 1023 omnes
1660 966 1751 1036 qui
1799 972 1983 1021 sancta
2011 965 2242 1034 civitate

648 1070 870 1131 recepta
928 1061 1159 1126 rediere,
1206 1069 1260 1115 et
1289 1061 1381 1129 qui
1428 1073 1592 1130 super
1638 1058 1802 1130 gestis
1852 1058 1919 1113 ad
1951 1073 2048 1112 nos
2078 1057 2240 1112 rebus

646 1155 907 1227 epistolas
958 1156 1232 1220 direxere,
1287 1153 1559 1225 praecipue
1598 1152 1849 1209 Ansellus
1891 1152 1958 1207 de
2015 1150 2240 1206 Ribodi-

646 1258 852 1314 monte,
878 1249 957 1305 nil
1014 1249 1119 1305 tale
1176 1249 1383 1316 dixere,
1442 1249 1551 1304 imo
1588 1262 1691 1304 nec
1734 1248 1891 1319 Pyrri
1945 1247 2033 1301 vir
2098 1245 2240 1300 idem

646 1341 985 1397 mentionem
1023 1341 1230 1411 habuit,
1270 1342 1365 1398 sed
1397 1358 1427 1396 a
1459 1340 1631 1397 tribus
1662 1355 1783 1396 eam
1828 1340 2034 1396 civibus
2068 1337 2238 1394 tradi-

649 1440 763 1488 tam
796 1433 1016 1488 minime
1047 1434 1241 1489 tacuit.
1281 1433 1341 1488 In
1377 1448 1483 1504 qua
1513 1434 1677 1488 etiam
1716 1433 1954 1487 refertur
1980 1429 2123 1500 quod
2146 1428 2241 1482 an-

649 1531 867 1595 tequam
920 1534 1027 1581 tres
1076 1526 1153 1581 illi
1202 1540 1461 1597 proceres
1494 1527 1560 1582 de
1611 1526 1762 1581 urbis
1791 1524 2065 1581 deditione
2093 1522 2240 1577 serio

648 1618 1054 1684 tractavissent,
1112 1619 1351 1674 fucatam
1406 1619 1607 1675 nostris
1656 1617 1969 1673 obtulerunt
2024 1630 2234 1686 pacem,

645 1709 974 1778 spondentes
997 1725 1119 1766 sese
1160 1711 1470 1766 reddituros
1496 1710 1743 1780 proxime
1774 1708 2073 1764 civitatem.
2107 1706 2237 1773 Quae

642 1812 835 1855 mutuo
867 1803 991 1856 data
1014 1802 1279 1857 securitas
1309 1802 1362 1855 in
1383 1812 1591 1857 tantum
1616 1801 1804 1867 valuit,
1830 1810 1891 1855 ut
1910 1800 2054 1854 intra
2085 1798 2236 1853 urbis

643 1895 850 1950 moenia
874 1894 1163 1965 aliquoties
1185 1897 1251 1951 de
1271 1896 1502 1952 Francis
1526 1896 1864 1965 exciperent,
1895 1893 2091 1964 suique
2112 1908 2237 1949 cum

642 1985 851 2040 nostris
881 1985 1258 2042 conventicula
1301 1986 1493 2042 crebra
1547 1986 1865 2042 miscerent.
1917 1986 2055 2040 Dum
2107 2000 2238 2057 ergo

642 2074 921 2132 exercitus
946 2076 1127 2132 minus
1145 2077 1289 2133 inter
1316 2077 1420 2132 ista
1445 2078 1568 2143 sibi,
1595 2077 1879 2133 nimietate
1900 2076 2235 2142 securitatis,

641 2163 908 2237 invigilat,
940 2170 1223 2238 prmtensis
1260 2167 1422 2225 Turci
1449 2170 1661 2226 insidiis
1682 2171 1942 2240 quosdam
1966 2185 2033 2225 ex
2059 2169 2236 2224 Fran-

641 2256 722 2313 cis
767 2259 1109 2328 interimunt,
1138 2277 1239 2318 nec
1273 2263 1376 2333 ipsi
1428 2274 1609 2319 tamen
1661 2263 1945 2318 indemnes
1973 2263 2235 2318 existunt.

636 2344 719 2402 lbi
745 2352 1033 2420 quemdam
1051 2354 1223 2410 nostri
1248 2355 1481 2426 egregiae
1503 2354 1959 2424 indolisjuvenem
1976 2355 2067 2426 qui
2095 2354 2237 2425 apud

637 2452 826 2511 regem
876 2441 1218 2500 Francorum
1266 2461 1451 2502 comes
1498 2446 1699 2503 stabuli
1751 2446 1949 2514 fuerat,
2014 2446 2237 2503 nomine

636 2526 945 2599 Walonem,
980 2536 1257 2591 amittunt.

717 2618 1013 2696 [XXXIIL]
1055 2624 1231 2681 Tertio
1260 2626 1499 2683 lanceam
1519 2627 1851 2686 Dominicam
1875 2645 2144 2697 respuens.
2166 2657 2238 2670 —-

636 2708 872 2767 Lanceae
914 2713 1214 2772 Dominicae
1242 2718 1614 2776 inventionem
1666 2735 1882 2777 cassare
1925 2720 2143 2787 dicitur,
2179 2725 2238 2775 et

638 2799 770 2869 quia
822 2802 1050 2861 falsitati
1102 2808 1371 2865 obnoxius
1408 2820 1548 2879 erat,
1591 2812 1871 2879 hominem
1921 2812 2237 2867 damnatum

635 2900 953 2970 praesumpti
991 2901 1134 2973 ignis
1162 2904 1453 2962 adustione
1488 2870 1870 2963 testatur.'Cui
1920 2921 2028 2962 non
2077 2906 2238 2962 modo

634 3004 802 3061 super
836 2992 942 3050 hac
970 3010 1031 3051 re
1074 2994 1463 3054 modernorum
1511 3000 1826 3056 testimonia
1859 2999 2234 3070 refragantur}

634 3084 737 3141 sed
765 3087 929 3142 etiam
961 3091 1322 3147 vetustissimi
1352 3094 1554 3165 quique
1583 3095 1686 3150 fide
1710 3093 2024 3165 plenissima
2056 3094 2233 3165 stipu-

631 3172 818 3231 lantur
874 3183 1043 3250 quod,
1092 3198 1216 3238 cum
1242 3184 1371 3240 olim
1403 3185 1521 3241 loca
1546 3195 1735 3243 sancta
1765 3199 2102 3261 expeterent,
2146 3207 2240 3247 an-

634 3271 859 3337 tequam
891 3270 1055 3328 Turci
1083 3272 1326 3333 Orientis
1354 3291 1418 3333 ac
1448 3276 1622 3349 Syria:
1651 3294 1817 3353 regna
1842 3284 2234 3352 pervaderent,

631 3362 879 3417 eamdem
912 3364 967 3419 in
1005 3366 1197 3423 eadem
1232 3370 1367 3426 urbe
1393 3369 1638 3427 lanceam
1685 3374 1920 3432 adorare
1950 3376 2237 3433 deosculao

628 3451 787 3523 rique
834 3456 1093 3516 solerent.
1121 3458 1379 3533 Nunquid
1432 3479 1557 3520 nam
1580 3464 1857 3524 Fulclierii
1904 3471 2234 3543 presbyteri,

629 3544 936 3620 quinm
965 3554 1170 3608 nostris
1195 3554 1339 3624 apud
1369 3556 1719 3614 Antiochiam
1746 3560 1892 3616 fame
1922 3561 2239 3632 periclitan-

628 3633 796 3702 tibus,
833 3638 1058 3698 feriatus
1090 3644 1416 3715 epulabatur
1464 3648 1702 3718 Edessae,
1746 3662 1827 3708 tot
1857 3655 2233 3723 prudentium,

629 3727 721 3796 qui
754 3728 1053 3789 interfuere
1085 3736 1213 3791 dum
1246 3740 1607 3809 reperiretur,
1649 3743 1884 3814 ingeniis
1916 3748 2238 3816 praevalebit

629 3820 878 3910 argutia?
924 3839 1050 3880 cum
1077 3828 1244 3883 etiam
1268 3828 1584 3898 Balduinus,
1630 3836 1723 3904 qui
1754 3846 1875 3906 post
1901 3853 2083 3910 regem
2111 3839 2239 3895 Bal—

630 3907 856 3965 duinum
889 3913 1101 3972 Edessae
1139 3918 1378 3988 praefata:
1422 3920 1659 3993 praefuit,
1692 3924 1746 3979 in
1802 3942 1897 3983 sua
1940 3907 2010 3983 ad
2048 3931 2235 3987 archi-

628 4003 944 4075 episcopum
977 4007 1278 4068 Manassem
1318 4014 1643 4084 profiteatur
1676 4017 1927 4087 epistola,
1957 4035 2079 4076 cum
2111 4037 2235 4079 eam

628 4096 791 4153 beato
821 4099 1100 4160 revelante
1117 4105 1338 4164 Andrea
1374 4120 1665 4179 repertam,
1709 4122 1819 4169 tum
1848 4129 1880 4169 a
1904 4115 2108 4171 nostris
2139 4132 2241 4172 au-

629 4188 861 4261 daciam,
895 4204 1082 4252 contra
1115 4196 1325 4256 Turcos
1356 4201 1669 4274 ingruentes
1700 4205 2003 4277 praeliandi,
2036 4206 2238 4263 ﬁducia

625 4279 799 4352 ipsius
823 4286 1136 4344 admissam.
1166 4288 1328 4348 Sicne
1348 4294 1660 4365 Spectabilis
1689 4294 1972 4353 Podiensis
2002 4298 2092 4354 ille
2119 4299 2239 4369 epi-

627 4387 828 4445 scopus
853 4378 1154 4450 desipuisse
1183 4385 1490 4455 putabitur,
1523 4397 1584 4444 ut
1608 4389 1801 4445 incerti
1848 4389 2085 4446 nominis
2108 4390 2233 4446 lan-

2346 507 2587 565 membra
2609 508 2908 564 disciderit.

2419 598 2611 672 [XXXI
2621 598 2706 674 V.]
2749 603 2951 667 Quarto
2979 602 3033 657 in
3064 601 3340 657 obsidione
3367 602 3647 664 Antiochena
3671 616 3811 671 rutilae

2337 692 2506 763 jubar
2529 694 2700 749 crucis
2731 695 2789 749 in
2818 694 3031 750 modum
3058 697 3390 766 apparuisse.
3418 728 3483 738 —-
3501 698 3717 759 Praeterea
3738 711 3813 765 dum

2345 784 2401 839 in
2425 785 2704 842 obsidione
2743 786 3079 843 Antiochena
3131 795 3437 853 morantur,
3456 793 3639 858 astruit,
3665 798 3739 853 nisi
3759 802 3814 854 ial-

2345 876 2446 944 lor,
2485 887 2647 934 noctu
2683 878 2927 946 rutilum,
2966 880 3019 935 in
3060 880 3290 936 modum
3338 883 3491 953 ignis,
3532 901 3665 955 super
3683 894 3814 946 exerci-

2344 977 2461 1025 tum
2505 971 2794 1029 emicuisse
2841 972 3025 1041 jubar,
3070 981 3131 1028 et
3179 975 3434 1045 speciem,
3488 976 3610 1033 haud
3655 984 3814 1055 ambigua

2346 1063 2544 1131 forma,
2568 1066 2775 1135 pariter
2823 1067 3142 1123 exhibuisse
3172 1070 3375 1125 crucis.
3420 1068 3555 1137 Quod
3586 1074 3737 1144 quique
3755 1078 3813 1134 illic

2344 1158 2645 1227 sapientum
2684 1160 2992 1215 incendium
3022 1162 3088 1217 ad
3134 1161 3281 1218 bella
3332 1162 3551 1221 retulere
3591 1166 3744 1235 futura,
3766 1173 3813 1226 ubi

2344 1257 2524 1306 tamen
2578 1261 2742 1319 esset,
2796 1254 2939 1324 quod
2993 1270 3132 1310 crux
3167 1256 3446 1312 videretur
3491 1258 3695 1328 innuere,
3731 1275 3816 1318 cert:

2343 1342 2512 1410 salus,
2557 1354 2612 1400 et
2664 1360 2982 1402 successum
3015 1346 3277 1402 victoria.
3319 1346 3431 1404 Hoc
3465 1364 3560 1404 non
3595 1351 3812 1415 refellimus;

2343 1436 2397 1491 id
2425 1436 2584 1507 plane
2606 1437 2896 1493 uberrimis
2929 1439 3268 1496 testimoniis
3308 1441 3627 1512 approbatur.
3650 1442 3746 1510 Hoc,
3770 1447 3817 1498 in-

2343 1542 2527 1596 quam,
2557 1529 2818 1583 rimarum
2836 1529 3027 1600 plenus
3045 1531 3259 1601 poterit
3283 1532 3508 1588 tacuisse
3525 1532 3815 1591 Parmenoh'e:

2343 1620 2605 1679 dissimile
2627 1623 2755 1692 quid
2788 1624 2930 1679 inter
2954 1624 3071 1695 ipsa
3100 1625 3208 1679 viae
3239 1624 3399 1694 hujus
3426 1625 3565 1681 initia
3586 1628 3816 1683 constititae

2342 1710 2562 1779 cidisse,
2607 1712 2751 1783 quod
2803 1714 3023 1785 quidem
3077 1716 3339 1786 superius
3401 1732 3535 1783 cum,
3574 1717 3625 1772 de
3664 1718 3814 1773 motibus

2344 1802 2624 1875 eclypticis
2667 1813 2718 1860 et
2760 1807 3021 1873 siderum,
3081 1809 3178 1880 qui
3231 1809 3386 1865 visus
3414 1818 3495 1864 est
3538 1808 3812 1883 [laniant],

2342 1895 2581 1967 lapsibus
2624 1898 2897 1970 loquerer,
2946 1916 3035 1957 me
3064 1903 3301 1974 contigit
3351 1905 3640 1973 praeterisse.
3659 1905 3811 1971 Quadam

2343 1992 2487 2046 enim
2524 1994 2696 2048 aestivi
2744 1994 2849 2050 diei
2875 1996 3191 2065 vespertina
3224 1996 3467 2053 irruente
3506 1997 3635 2062 hora,
3657 2006 3753 2050 tanta
3771 1997 3811 2051 ab

2343 2082 2612 2152 aquilonis
2677 2085 2833 2157 plaga
2880 2086 3244 2159 conﬂagratio
3276 2086 3539 2159 apparuit,
3565 2096 3613 2141 ut
3636 2087 3810 2158 plurimic

2343 2175 2596 2232 domibus
2618 2178 2854 2249 propriis
2871 2194 2991 2235 sese
3019 2181 3395 2253 proriperent,
3419 2179 3809 2253 quaerentesquinan

2342 2266 2529 2324 hostes
2554 2270 2862 2338 provincias
2890 2287 3015 2327 suas
3037 2273 3179 2328 adeo
3208 2274 3363 2345 gravi
3389 2271 3681 2329 ambustione
3702 2277 3810 2324 rw

2343 2370 2485 2418 rent.
2506 2362 2636 2430 Quae
2663 2366 2846 2420 omnia
2865 2365 3175 2423 futurorum
3206 2368 3485 2424 exstitisse
3506 2372 3696 2437 portenta
3711 2361 3810 2416 belie-

2344 2471 2487 2524 rum,
2512 2456 2732 2514 indubie
2762 2460 3082 2516 retinemus.
3131 2461 3207 2517 At
3243 2460 3360 2531 jam
3408 2461 3491 2517 his
3532 2458 3705 2522 omissi,
3734 2466 3807 2525 quae

2343 2551 2573 2619 carptim
2606 2551 2893 2608 delibanda
2924 2555 3264 2625 censuimus,
3294 2553 3716 2612 relationisseriem
3731 2561 3809 2619 pro-

2345 2658 2657 2717 sequamur.

2977 2742 3210 2800 CAPUT
3234 2741 3301 2819 _x

2416 2824 2681 2901 [XXXV.J
2721 2827 2923 2884 Iterum
2955 2830 3020 2885 de
3059 2817 3553 2901 Hierosolymitamz
3577 2821 3737 2879 civitatis
3758 2817 3808 2872 oi-

2342 2920 2566 2976 sidione.
2598 2953 2670 2962 —
2707 2922 3213 2996 Hierosolymorum
3261 2925 3426 2998 igitur
3462 2922 3625 2979 civitas
3660 2917 3804 2975 obses.

2342 3011 2578 3081 exprimi
2624 3028 2731 3068 non
2761 3023 2941 3085 potest
2993 3025 3200 3087 quanta
3223 3016 3297 3072 sit
3343 3013 3532 3071 civium
3564 3003 3806 3067 suorumani-

2348 3103 2601 3160 mositate
2655 3106 2895 3163 defensa.
2949 3107 3182 3166 Videres
3214 3118 3406 3165 contra
3459 3099 3804 3161 baleariainstni—

2344 3202 2551 3263 menta,
2579 3197 2776 3267 quibus
2805 3210 3192 3271 compererant
3241 3213 3374 3257 saxa
3403 3193 3635 3266 torqueri,
3659 3186 3805 3243 trabibus

2341 3288 2598 3360 obtegere
2650 3307 2857 3359 muros,
2903 3302 3067 3364 atque
3100 3293 3356 3365 psiathiis
3391 3290 3587 3347 Graecos
3614 3285 3721 3356 ignes
3738 3273 3806 3365 ili?

2342 3395 2467 3437 cere
2494 3382 2784 3450 machinis,
2806 3364 3117 3455 praesertim
3143 3386 3240 3458 qui
3271 3381 3512 3441 materiei
3538 3375 3715 3446 inopiam
3729 3364 3805 3424 dii

2343 3472 2602 3530 eultatem
2650 3475 2946 3532 maximam
2995 3488 3269 3535 noverant
3322 3465 3704 3536 obsidionis;sed
3732 3459 3804 3531 ααίι

2341 3563 2577 3622 Francia
2628 3568 2989 3637 praeminebat
3020 3570 3298 3642 ingeniis,
3340 3569 3541 3624 furores
3581 3558 3730 3631 ignium

2342 3657 2555 3726 spersio
2594 3667 2750 3715 curat
2798 3662 2958 3729 aceti,
2988 3671 3043 3718 et
3068 3670 3354 3733 praeacuta
3403 3659 3532 3715 falce
3572 3648 3802 3708 reciditur.Si

2342 3750 2473 3821 quid
2500 3751 2779 3807 videretur
2798 3754 3120 3824 pependisse
3154 3771 3261 3827 pro
3292 3752 3477 3810 muris.
3516 3745 3663 3803 Uncus
3682 3737 3803 3792 ferreos

2343 3842 2521 3913 longis
2550 3843 3091 3915 hastilibusgaddunt,
3121 3848 3326 3918 quibus
3346 3852 3531 3901 nostra:
3560 3834 3802 3909 partisemt-

2342 3932 2522 3987 chinis
2599 3944 3009 4005 propugnantes
3071 3936 3335 3994 loricatos
3407 3927 3695 3999 corripiunt;
3736 3924 3802 4005 Ψ

2339 4025 2517 4081 nostri
2544 4003 2898 4084 mucronibus
2920 4031 3149 4099 exertis,
3175 4048 3281 4103 pro
3307 4026 3573 4087 hastilibus
3591 4020 3715 4075 fustes
3733 4003 3801 4061 κδ’

2342 4119 2497 4175 dunt.
2528 4121 2636 4181 Sed
2665 4128 2719 4181 in
2741 4138 2807 4180 eo
2826 4123 2912 4178 vel
2935 4124 3173 4182 maxime
3202 4125 3602 4182 Sarracenorum
3615 4108 3800 4199 vehenti!

2338 4217 2673 4285 probabatur
2716 4219 2997 4289 instantia,
3040 4221 3168 4291 quia
3224 4222 3269 4279 si
3315 4232 3469 4290 quem
3499 4217 3678 4269 suorum
3700 4200 3797 4297 οξηξις

2340 4309 2510 4379 gisset
2531 4311 2640 4368 ictu
2689 4326 2721 4368 a
2766 4313 2968 4370 nostris
2992 4288 3168 4382 obrui,
3203 4288 3444 4387 percussi
3483 4306 3681 4377 clypem"
3704 4288 3797 4387 ,δίξξθ

2340 4402 2505 4459 citius
2542 4408 2830 4464 constabat
2854 4406 2922 4462 ab
2952 4407 3059 4463 alio
3086 4372 3230 4478 rapi:
3269 4415 3324 4465 et
3349 4406 3400 4461 in
3429 4399 3614 4459 eodem,
3638 4372 3797 4478 unde“Ie

625 4480 779 4573 aeaut
838 4471 937 4527 sub
1006 4481 1159 4530 tanta
1208 4479 1515 4535 reverentia
1561 4480 1755 4548 ferret,
1798 4482 1926 4538 dum
1971 4483 2231 4542 adversus
2256 4503 2312 4566 ι)
2340 4506 2545 4565 ruerat,
2578 4498 2699 4556 loco
2725 4501 2983 4558 constitui
3017 4471 3503 4573 [al.,-restitui],ut
3531 4481 3686 4544 nostris
3709 4473 3797 4573 dar:

627 4557 909 4619 Curbaran
938 4581 1331 4639 congressurus
1361 4574 1677 4644 egreditur?
1719 4575 1797 4633 lbi
1827 4585 1978 4634 certe
2008 4587 2228 4636 constat

625 4651 883 4741 quiddam
910 4661 1263 4720 memorabile
1286 4663 1514 4735 factum,
1534 4670 1677 4738 quod
1694 4671 1923 4741 scilicet,
1942 4674 2069 4729 dum
2092 4673 2229 4731 Cur-

622 4737 968 4839 baranidem
995 4748 1179 4807 herbae
1197 4754 1379 4825 ignem
1398 4737 1651 4828 iussisset
1676 4760 1892 4832 subjici,
1909 4737 2228 4839 vpraasulque

620 4831 772 4891 idem
807 4835 1147 4898 Francorum
1203 4847 1271 4901 ad
1316 4848 1458 4906 bella
1486 4856 1897 4923 properantium
1919 4831 2227 4932 conspice-

566 4968 601 4987 «η
622 4936 709 4983 ret
735 4945 833 4988 ora
879 4947 943 4989 ac
986 4934 1172 4991 oculos
1223 4938 1554 5007 proﬂuentes
1605 4945 1739 5002 fumi
1790 4950 2061 5009 densitate
2112 4951 2232 5010 suf-

620 5022 798 5119 fundi,
850 5030 977 5088 hinc
1025 5049 1240 5092 sacram
1282 5037 1579 5107 praeferens
1629 5040 1900 5109 lanceam,
1954 5045 2083 5103 inde
2135 5049 2228 5119 pia

620 5115 848 5214 dextera
895 5135 1087 5183 contra
1123 5140 1466 5202 emergentes
1503 5134 1731 5191 nebulas
1770 5138 1950 5196 crucis
1992 5115 2225 5214 pingens

620 5207 873 5281 efﬁgiem,
917 5216 1009 5274 ubi
1054 5216 1186 5276 Jesu
1235 5222 1628 5293 omnipotentis
1675 5225 1930 5285 ﬂebiliter
1977 5207 2227 5290 evocavit

620 5302 901 5404 auxilium,
930 5309 1076 5368 dicto
1102 5312 1353 5382 celerius,
1393 5314 1448 5371 in
1477 5330 1574 5373 eos
1614 5318 1708 5391 qui
1753 5322 2072 5394 emiserant,
2103 5327 2226 5398 ejus

618 5400 797 5494 pietas
830 5401 954 5494 tetri
1004 5407 1225 5477 vaporis
1276 5409 1502 5466 retorsit
1550 5410 1790 5482 globum.
1830 5414 2023 5487 Porro,
2065 5421 2112 5476 si
2153 5422 2225 5478 de

618 5490 921 5590 inventuris
943 5493 1167 5555 interitu
1198 5502 1399 5573 agitur,
1435 5503 1527 5573 qui
1554 5502 1762 5575 aliquot
1789 5517 1915 5579 post
1943 5510 2088 5583 ignis
2122 5528 2221 5571 ex-

616 5582 939 5647 perientiam
978 5592 1214 5648 traditur
1264 5595 1727 5669 vixissediebus,
1773 5582 1985 5673 fateor,
2036 5605 2219 5664 dicam

615 5674 889 5738 quomodo
919 5677 1022 5736 iste
1060 5684 1277 5754 obierit,
1312 5688 1377 5745 de
1406 5705 1515 5760 quo
1544 5693 1814 5751 incertum
1842 5705 1927 5753 est
1954 5713 2022 5753 an
2052 5698 2218 5757 laesus

613 5760 799 5835 fuerit,
831 5769 875 5826 si
901 5769 1048 5833 dicat
1086 5777 1220 5841 mihi
1249 5793 1347 5836 cur
1372 5781 1438 5851 is,
1467 5785 1559 5856 qui
1583 5787 1731 5861 apud
1750 5786 1972 5848 beatum
2001 5787 2231 5893 (ἔνθεοὶ
2320 5760 2492 5856 menti
2520 5760 2699 5859 armis
2712 5760 2958 5858 contulit
2973 5760 3137 5869 atque
3172 5760 3406 5866 consilio.
3437 5799 3526 5847 ηοη

1216 5928 1267 5963 κ.

2336 4590 2427 4639 tur
2471 4586 2539 4641 ad
2569 4588 2653 4643 sui
2682 4565 3141 4645 exanimationem
3179 4565 3404 4659 intelligi
3428 4576 3658 4638 neminem
3684 4565 3794 4618 οοηω

2331 4671 2569 4744 jactibus
2601 4678 2744 4736 lmdi.

2409 4769 2700 4847 [XXXVIJ
2733 4772 2861 4845 Ipsa
2890 4775 2948 4830 in
2979 4776 3277 4832 obsessione
3304 4763 3610 4829 Boemundt“
3623 4767 3699 4811 η⁰²³

2334 4830 2438 4919 ναί
2499 4863 2641 4921 Petit
2679 4830 3132 4943 hierosolymam.
3180 4830 3514 4925 Feliciter
3558 4830 3791 4943 igitur

2335 4966 2513 5027 caput.
2551 4960 2897 5018 Boemundus
2922 4928 3033 5035 ιῖῙηί
3070 4962 3387 5027 Antiochia,
3421 4928 3788 5061 fame,.ctlt:lf:m

2333 5065 2399 5107 ac
2426 5050 2626 5124 frigore
2674 5027 3034 5124 Francorum,
3093 5057 3398 5113 obtinuerat
3432 5027 3773 5124 principarit

2333 5158 2492 5211 eam,
2546 5150 2761 5204 caeteris
2803 5149 3295 5220 proficiscentibus,
3364 5138 3535 5201 maluit
3597 5121 3785 5220 rem“?

2335 5254 2499 5309 quam
2547 5256 2648 5313 pro
2671 5242 2800 5299 Jesu
2840 5243 3054 5299 Domini
3085 5242 3316 5315 sepulcri
3352 5228 3627 5315 liberatione
3655 5212 3782 5315 if":

2331 5297 2401 5386 Iit
2423 5297 2567 5387 dum‘
2581 5334 2859 5390 contendit
2882 5335 3066 5407 inepte
3092 5297 3192 5406 prro
3220 5335 3373 5391 unius
3384 5325 3501 5385 aedis
3520 5297 3785 5407 turricula???

2330 5425 2600 5493 custodia,
2623 5426 2884 5498 praeteriti
2904 5391 2988 5484 sui
3011 5391 3250 5485 universi
3278 5419 3461 5482 laboris
3484 5391 3780 5500 monili“?

2326 5525 2413 5573 est
2441 5482 2691 5576 amisisse
2728 5529 2785 5577 et
2824 5522 3042 5593 gaudia.
3077 5522 3220 5589 Quid
3243 5522 3382 5579 enim
3417 5507 3507 5568 sibi
3527 5482 3780 5593 ρΐίξῖαίίξῗέ

2325 5625 2473 5679 rere,
2501 5612 2594 5667 ubi
2624 5578 2886 5685 consequi
2913 5614 3089 5669 noluit
3114 5592 3567 5685 comprehendere?
3586 5578 3775 5685 Αίίίίῗξξῗξ

2323 5704 2452 5774 quia
2482 5704 2748 5762 hactenus
2777 5706 3042 5763 exercitui
3072 5706 3346 5762 Dominico
3369 5696 3612 5773 plurimum
3638 5672 3775 5731 οω⁰¹¹¹⁴

2323 5797 2491 5827 εγω-ιιι
2522 5800 2688 5827 ...κτα
2715 5799 2941 5827 "minus
2974 5805 3135 5827 ...ιη-Α
3174 5795 3387 5827 “nam...
3437 5799 3525 5827 nnn
3549 5779 3615 5827 esi.
3643 5761 3769 5819 absim

3549 5790 3615 5835 est
3643 5790 3764 5819 δυεῖν-ς

2480 5978 2481 5981 η
2506 5971 2579 5987 νῦν.
