4012 6346
243 336 351 394 825

1310 328 1534 391 GESTA
1566 332 1677 389 DEI
1716 331 1851 388 PER
1888 330 2227 391 FRANCOS.
2252 361 2324 377 --
2359 331 2485 388 LIB.
2527 330 2660 388 VIII.

3400 328 3509 389 826

241 451 374 507 dum
411 450 598 521 paucis
650 450 889 506 intexere
926 448 1158 521 qualiter
1198 449 1348 505 iilum
1392 450 1682 522 contigerit
1740 447 1829 503 illo
1858 448 1905 507 A
1930 457 2159 519 petrata,
2197 448 2325 503 fecit
2379 448 2670 503 Carnotum
2694 461 2810 518 ejus
2842 448 3056 520 nuptias
3102 463 3154 503 in
3185 461 3377 519 magna
3400 448 3518 518 glo-

241 544 348 600 ire.
375 544 453 597 Ad
485 541 801 599 Balduinum
837 544 1019 614 itaque
1065 543 1396 599 Edessenum
1449 543 1714 615 legatione
1754 542 1833 596 di-

241 646 416 703 recta,
466 636 726 691 sollicitat
785 647 842 691 ut
895 654 1078 695 secum
1133 638 1336 708 pariter
1366 638 1434 692 ad
1490 630 1832 692 invisendum

243 730 544 787 Salvatoris
580 733 886 803 sepulcrum
924 733 1127 788 veniat.
1159 733 1275 803 Ipse
1328 733 1527 789 etenim
1569 751 1675 791 non
1706 749 1834 790 ava-

241 822 385 876 ritia1
409 823 652 889 obtentu,
678 823 771 878 sed
794 825 1027 895 propriae
1053 825 1292 882 civitatis
1317 827 1545 883 tuitione
1569 837 1829 895 retentus,

238 914 364 969 urbi
422 915 674 970 similiter
719 931 1062 987 nequaquam
1114 919 1423 974 obsidenda:
1463 929 1830 975 concurrerat.

237 1003 678 1060 Christianorum
711 1005 868 1075 plane
898 1007 1015 1077 ipsa
1046 1016 1164 1063 erat
1202 1008 1415 1073 civitas,
1444 1016 1497 1062 et
1528 1008 1834 1079 circumpo-

239 1100 364 1155 sitae
414 1102 737 1169 gentilitatis
786 1102 933 1158 vires
987 1106 1181 1161 crebro
1227 1106 1539 1175 patiebatur
1583 1106 1831 1162 infestas.

238 1192 487 1264 Cumque
508 1194 592 1249 vir
620 1195 789 1250 isdem
821 1211 879 1251 se
908 1198 1288 1267 spopondisset
1315 1198 1540 1262 iturum,
1590 1196 1834 1253 conﬂatis

235 1288 430 1355 utique
464 1286 704 1356 equitum
737 1287 1084 1359 peditumque
1108 1289 1281 1360 copiis
1323 1289 1651 1361 ingentibus,
1688 1304 1831 1360 prae-

235 1381 429 1433 sertim
460 1396 579 1435 cum
618 1381 697 1436 eis
725 1382 1075 1450 incumberet
1115 1399 1221 1438 non
1272 1384 1434 1439 modo
1470 1399 1831 1456 quorumque,

234 1474 338 1527 sed
368 1473 634 1544 contigua)
669 1476 890 1531 omnino
919 1478 1295 1534 universitatis
1325 1488 1524 1545 metus,
1568 1478 1831 1535 Hieroso-

230 1567 563 1638 lymitanum
602 1576 726 1624 sunt
750 1569 856 1625 iter
884 1569 1086 1626 adorsi.
1130 1570 1375 1641 Cumque
1406 1571 1746 1642 singulorum
1778 1570 1833 1627 in

227 1660 401 1715 simul
432 1661 788 1717 contubernia
821 1664 1225 1729 convenissent,
1251 1673 1307 1719 et
1329 1664 1519 1735 viginti
1552 1665 1833 1720 hominum

224 1753 408 1807 millia
434 1753 603 1809 ferme
629 1754 1011 1825 complessent,
1051 1756 1194 1811 inter
1216 1756 1451 1812 eundum
1477 1772 1571 1812 eos
1599 1754 1835 1811 crudelis

1937 543 2036 596 ria.
2070 541 2273 595 Deinde
2306 540 2359 594 in
2399 540 2687 611 Appuliam
2737 556 3038 613 regressus,
3079 556 3329 612 magnam
3366 542 3519 614 regni

1934 630 2515 701 Constantinopolitaiii
2550 632 2893 702 imperatoris
2920 642 3130 705 partem
3163 632 3262 689 sibi
3286 632 3517 706 subegit,

1934 730 1989 776 et
2014 725 2280 794 susceptis
2310 741 2376 780 ex
2412 724 2520 781 filia
2574 728 2719 797 regis
2772 728 2981 784 duobus
3020 728 3171 794 filiis,
3204 744 3410 786 veneno
3438 730 3519 787 vi-

1936 825 2044 872 tam
2074 816 2265 872 finivit.

2007 907 2316 982 [XXXVIL]
2358 908 2632 980 Godefridi
2674 914 2807 983 regis
2854 924 2999 985 gesta
3056 916 3356 971 summatim
3405 932 3523 988 per-

1933 998 2286 1068 stringuntur.
2320 1031 2389 1039 —
2421 1001 2487 1055 At
2516 1001 2863 1070 Godefridus,
2889 1005 3042 1075 cujus
3072 1007 3122 1061 in
3148 1008 3383 1078 equestri
3407 1007 3520 1079 glo-

1936 1092 2017 1146 ria
2071 1096 2391 1164 quantitatis
2426 1096 2713 1159 exstiterit,
2754 1113 2850 1168 pro
2891 1099 3128 1155 clausula
3178 1101 3371 1169 laudis,
3396 1101 3522 1172 quia

1934 1182 2183 1251 superius
2212 1183 2365 1253 plura
2391 1185 2559 1239 relata
2586 1194 2731 1253 sunt,
2751 1201 2818 1241 ex
2843 1187 3051 1257 praefati
3076 1189 3320 1245 Balduini
3345 1192 3526 1247 verbis

1935 1274 2107 1345 accipi
2137 1278 2356 1345 poterit.
2391 1277 2487 1333 Est
2536 1288 2717 1334 autem
2767 1280 2906 1335 idem
2930 1282 3146 1338 comitis
3185 1282 3425 1353 Hugonis
3457 1301 3525 1339 ex

1938 1365 2178 1423 Reiteste
2234 1369 2395 1425 filius.
2431 1369 2531 1437 Qui
2576 1371 2702 1425 dum
2756 1370 3032 1429 Edesseno
3070 1374 3287 1429 ducatui
3320 1390 3349 1428 a
3379 1382 3531 1445 post-

1936 1461 2155 1516 modum
2186 1477 2312 1534 rege
2339 1463 2606 1520 Balduino
2657 1465 2971 1534 praeficitur,
3005 1465 3118 1534 jam
3164 1467 3364 1522 dudum
3393 1467 3532 1521 Tur-

1940 1570 2124 1611 corum
2166 1572 2380 1624 manus,
2434 1558 2569 1628 proh
2610 1558 2792 1613 dolor!
2846 1559 3057 1627 incidit,
3110 1568 3166 1615 et
3193 1560 3363 1616 multo
3392 1569 3531 1615 tem-

1938 1663 2070 1717 pore
2125 1648 2359 1715 clausus,
2395 1649 2505 1705 Deo
2562 1665 2619 1704 se
2660 1658 3000 1719 protegente,
3033 1652 3219 1707 vivens
3246 1651 3313 1706 ab
3341 1665 3530 1706 eorum

1942 1740 2192 1798 manibus
2237 1740 2431 1797 evasit.
2471 1742 2661 1797 Exstat
2708 1757 2838 1797 vero
2865 1742 2983 1811 ejus
3014 1745 3320 1815 bujusmodi
3354 1745 3419 1800 de
3442 1759 3527 1809 eo,

240 1847 553 1902 δῖοιιιθιίιηη
587 1858 951 1920 coanguslam
982 1851 1146 1920 οωρίι
1180 1860 1413 1920 egestae“
1453 1859 1512 1906 ιη
1545 1867 1645 1907 nec
1683 1866 1837 1907 esca-
1866 1819 1912 1879 Β
1942 1834 2121 1889 verbis
2151 1834 2339 1903 utique
2362 1833 2499 1889 meis
2527 1833 2729 1889 vestita
2757 1838 3024 1892 sententia
3051 1854 3063 1890 :
3105 1855 3123 1887 ι
3159 1834 3377 1891 Festum
3410 1848 3534 1889 san-

234 1957 363 1995 rum
398 1943 744 1998 condimenta
767 1944 911 2014 pani,
938 1960 1116 2015 neque
1146 1953 1460 2014 suppeteret
1493 1944 1659 2017 449
1680 1944 1837 2016 panis

230 2036 314 2091 ad
339 2050 510 2092 escas.
538 2036 945 2093 Provinciarum
968 2054 1184 2109 nempe,
1218 2038 1471 2093 diuturna
1500 2038 1837 2092 diversarum

228 2127 583 2183 obsidionum
612 2144 785 2193 mora,
817 2136 872 2183 et
908 2129 1131 2200 prolixis
1177 2129 1336 2201 longe
1364 2129 1579 2200 lateque
1617 2128 1840 2198 expedi-

228 2218 503 2286 tionibus,
533 2220 728 2290 opibus
754 2222 1059 2288 exhaustae,
1085 2236 1192 2277 non
1216 2220 1550 2276 sufﬁciebant
1571 2218 1837 2274 ullatenus

230 2319 408 2368 tantae
429 2314 743 2371 animalium
766 2316 1122 2387 virorumque
1150 2315 1470 2387 frequentia:
1495 2315 1839 2386 suppeditare

229 2405 531 2477 stipendia.

313 2500 355 2554 Α
408 2500 594 2555 Turcis
649 2504 885 2573 captivus
915 2503 1199 2557 abducitur
1253 2500 1612 2557 Boemundus.
1660 2501 1841 2557 Liber-

229 2600 347 2646 tate
376 2602 625 2647 concessa
660 2594 794 2647 redit
824 2594 880 2647 in
902 2590 1156 2660 Gal/iam,
1185 2594 1329 2648 ducit
1365 2592 1728 2647 Constantiam
1760 2608 1841 2646 re-

230 2683 320 2754 gis
350 2683 541 2752 ﬁliam,
576 2702 638 2739 ac
660 2702 851 2740 veneno
878 2685 1169 2741 exstinctus
1201 2694 1297 2741 est.
1326 2717 1397 2727 —
1421 2684 1644 2741 Arctata
1677 2684 1842 2755 igitur

230 2776 647 2834 miserabilibus
672 2779 867 2835 inediis
892 2779 1200 2846 multitudo,
1232 2778 1567 2833 asininarum
1593 2776 1837 2833 carnium

232 2870 697 2940 equinarumque,
732 2888 852 2943 qua:
882 2872 1017 2928 aiias
1040 2872 1330 2939 didicerat,
1360 2871 1537 2927 ednﬁa
1566 2871 1838 2942 repetivit,

235 2978 345 3018 nec
383 2963 452 3018 ab
481 2980 671 3019 eorum
699 2981 827 3029 usu,
858 2964 1041 3019 habita
1059 2966 1223 3020 etiam
1252 2965 1304 3019 in
1330 2964 1526 3019 talibus
1552 2964 1837 3034 parcitate,

232 3055 531 3113 calamitas
564 3058 666 3114 ista
701 3059 921 3126 desivit,
958 3059 1129 3115 donec
1162 3058 1504 3114 Tiberiadem
1535 3058 1838 3122 civitatem,

232 3148 484 3218 quinque
536 3149 816 3206 hominum
873 3149 1124 3216 millium,
1157 3150 1257 3205 sub
1306 3150 1559 3214 Domino,
1592 3149 1843 3220 pastione

232 3242 535 3309 celebrem,
589 3244 878 3300 desideriis
919 3244 1111 3299 affecta
1168 3243 1391 3300 subivit.
1422 3242 1498 3297 lbi
1533 3241 1841 3312 aliquantu-

232 3335 353 3391 lum
382 3351 445 3392 ea
466 3352 628 3407 quam
678 3338 989 3407 patiebatur
1018 3338 1140 3393 tabe
1177 3336 1299 3410 [al.,
1342 3332 1514 3407 rabie]
1556 3335 1679 3391 cibo
1709 3336 1842 3391 ube-

234 3432 374 3487 riori
414 3432 610 3502 sopita,
665 3434 885 3488 tandem
915 3431 1348 3503 Hierosolymam
1378 3430 1717 3501 pervenitur,
1745 3430 1839 3485 sed

232 3540 303 3581 ea
334 3524 470 3580 adeo
501 3523 685 3580 fmtida
712 3540 901 3581 recens
931 3539 1195 3580 caesorum
1231 3523 1557 3579 cadaverum
1579 3536 1839 3576 numero-

233 3618 408 3673 sitate
434 3616 726 3687 reperitur,
748 3625 809 3671 ut
839 3632 1106 3700 nusquam
1139 3631 1270 3671 aura
1294 3615 1399 3671 nisi
1428 3616 1839 3686 corruptissima

232 3710 457 3766 narium
505 3710 687 3766 orisve
710 3709 983 3781 spiraculo
1010 3709 1341 3765 hauriretur.
1382 3709 1537 3778 Quia
1569 3725 1696 3781 rege
1726 3708 1839 3767 Go-

233 3803 451 3859 defrido
499 3803 838 3874 gratulantcr
881 3803 1118 3872 excepti,
1154 3803 1439 3859 Dominico
1487 3803 1630 3872 quod
1661 3803 1839 3858 immi-

234 3893 406 3950 nebat
454 3894 751 3951 interfuere
781 3893 979 3950 Natali.
1008 3894 1188 3962 Quod,
1227 3901 1287 3947 ut
1329 3896 1557 3951 rationis
1606 3910 1837 3950 censura

233 3986 621 4055 responderat,
664 3985 953 4077 gethleem
1012 3996 1193 4042 actum
1219 4027 1233 4051 ,
1290 4002 1398 4041 non
1446 3988 1607 4042 modo
1650 4003 1717 4041 ex
1741 4001 1837 4041 sua

233 4087 428 4135 mutua
466 4079 559 4151 qui
614 4088 986 4136 convenerant
1013 4079 1250 4143 visione,
1280 4078 1374 4133 sed
1427 4078 1601 4149 magis
1627 4092 1692 4132 ex
1739 4091 1837 4132 sua

232 4171 474 4227 victoria
514 4188 613 4228 suo
657 4172 1067 4244 insperabiliter
1092 4171 1290 4227 sarculo
1317 4172 1577 4241 praestita,
1612 4170 1838 4226 Francis

234 4281 405 4337 supra
436 4281 598 4336 quam
633 4267 780 4322 credi
825 4274 1006 4338 potest
1056 4280 1144 4320 res
1192 4264 1489 4334 tripudiosa
1532 4262 1652 4317 fuit.
1710 4263 1838 4319 Inde

233 4357 524 4430 digressis,
556 4374 680 4414 cum
730 4374 826 4415 sua
857 4358 1090 4430 quisque
1126 4357 1435 4426 repetisset,
1475 4371 1505 4409 a
1533 4340 1835 4409 Turcorum

230 4466 405 4509 manu
439 4452 750 4518 immodica,
782 4468 906 4508 cum
939 4453 1128 4507 urbem
1151 4452 1438 4521 quamdam
1473 4448 1668 4513 adiret,
1698 4448 1834 4502 Boe-

1940 1926 2013 1981 cti
2042 1926 2284 1997 Dionysii
2340 1926 2622 1995 agebatur,
2658 1943 2863 1999 rexque
2904 1928 3043 1984 idem
3071 1944 3101 1984 a
3133 1929 3368 2000 quadam
3411 1941 3531 1994 sua,

1939 2019 2203 2075 vocabulo
2238 2019 2563 2087 Morocoria,
2611 2021 2834 2077 civitate
2863 2024 3295 2093 regrediebatur,
3325 2029 3380 2078 et
3407 2035 3534 2077 ecce

1940 2117 2157 2164 centum
2208 2110 2397 2181 viginti
2428 2110 2589 2166 Turci
2624 2112 2800 2167 eidem
2841 2112 3257 2180 insidiabantur,
3294 2128 3415 2168 cum
3449 2112 3532 2167 vi-

1941 2201 2078 2273 ginti
2109 2217 2230 2258 cum
2260 2205 2632 2259 tantummodo
2674 2206 2888 2276 equites
2945 2207 3354 2261 comitarentur.
3388 2204 3534 2272 Quos

1942 2294 2074 2361 ubi,
2123 2294 2326 2364 inquit,
2380 2297 2729 2365 attendimus,
2784 2308 2986 2353 remota
3040 2297 3328 2355 formidine
3381 2311 3532 2352 arma

1943 2387 2298 2456 corripimus;
2332 2388 2433 2458 ipsi
2481 2405 2634 2456 vero,
2667 2391 2791 2460 quia
2823 2402 3046 2463 repente
3077 2394 3419 2465 ingruerant,
3454 2391 3536 2447 fu-

1943 2480 2151 2552 gituros
2175 2500 2274 2539 nos
2316 2500 2417 2555 pro
2445 2494 2633 2540 nostra
2676 2486 2950 2557 paucitate
2997 2488 3279 2558 putabant.
3316 2486 3528 2556 Atnos,

1942 2586 2157 2646 sumpto
2197 2577 2263 2631 de
2307 2579 2547 2648 expertis
2577 2577 2672 2631 Dei
2725 2580 3070 2637 adminiculis
3122 2579 3342 2651 jugibus
3374 2594 3534 2646 ausu,

1944 2683 2219 2740 superque
2275 2672 2446 2740 ipsum
2478 2673 2668 2742 spiritu
2715 2674 3031 2737 innitentes,
3056 2668 3320 2727 barbaros
3346 2686 3538 2742 aggre-

1945 2762 2143 2830 dimur,
2175 2771 2319 2817 tanta
2351 2764 2404 2819 in
2447 2781 2541 2822 eos
2566 2769 2711 2821 ccede
2734 2765 3089 2833 bacchamur,
3121 2774 3181 2820 ut
3204 2779 3270 2819 ex
3295 2763 3402 2820 illis
3438 2779 3536 2821 oc-

1948 2854 2152 2924 toginta
2181 2856 2357 2922 caesis,
2382 2860 2680 2929 nonaginta
2706 2860 2910 2929 pariter
2942 2873 3113 2929 equos
3136 2870 3475 2929 caperemus.
3511 2876 3533 2912 ι

1946 2942 2013 2997 Ει
2043 2954 2163 3015 post
2191 2947 2393 3017 aliqua,
2426 2950 2508 3004 vir
2544 2950 2740 3017 isdem,
2778 2965 2900 3005 cum
2933 2950 3177 3007 irrisorie
3202 2950 3542 3008 meminisset

1948 3053 2133 3094 eorum
2168 3042 2260 3111 qui
2294 3043 2360 3095 al)
2395 3043 2682 3098 Antiochia
2730 3044 3003 3115 fugerant,
3034 3053 3089 3099 et
3108 3043 3201 3115 qui
3230 3042 3541 3100 Constanti-

1946 3133 2184 3203 nopolim
2239 3134 2508 3207 legatione
2558 3136 2729 3193 functi
2780 3138 3015 3193 reditum
3064 3138 3410 3203 distulerant,
3467 3138 3536 3195 ad

1946 3224 2269 3282 animandos
2327 3229 2417 3298 qui
2472 3228 2524 3282 in
2575 3228 2807 3286 Francia
2852 3231 3171 3286 resederant
3207 3229 3446 3285 Francos
3470 3229 3539 3287 de

1946 3330 2041 3371 sua
2078 3317 2293 3373 fortuna
2350 3321 2428 3376 sic
2458 3322 2703 3391 sequitur
2734 3340 2749 3379 :
2789 3341 2808 3374 ‹
2839 3321 3089 3389 Multum,
3140 3322 3237 3390 ait,
3272 3337 3370 3377 nos
3399 3337 3539 3393 opu-

1944 3407 2122 3465 lenter
2170 3427 2268 3466 nos
2315 3412 2579 3469 habemus
2607 3454 2620 3479 ,
2666 3422 2721 3469 et
2767 3423 2827 3469 ut
2870 3415 3099 3471 aliorum
3155 3415 3539 3486 supersedeam

1945 3503 2115 3572 gazis,
2144 3504 2329 3561 decem
2388 3506 2584 3575 quibus
2627 3506 2774 3563 solus
2803 3507 3079 3579 principor
3115 3517 3319 3575 castra,
3362 3516 3419 3565 et
3446 3509 3541 3564 ab-

1943 3595 2092 3651 batia
2125 3614 2252 3664 una,
2308 3600 2560 3656 marchas
2595 3600 2729 3655 mihi
2782 3600 3025 3671 pendunt
3068 3602 3346 3658 annuatim
3392 3601 3541 3659 mille

1944 3690 2291 3759 quingentas.
2320 3691 2388 3746 Et
2419 3693 2463 3747 si
2496 3692 2638 3749 Deus
2686 3693 2926 3749 arrideat
2954 3695 3143 3750 urbem
3167 3694 3302 3749 mihi
3331 3694 3539 3765 cepisse

1942 3780 2239 3852 Calepiam,
2279 3795 2495 3840 centum
2524 3801 2649 3842 mox
2675 3802 2797 3843 meo
2827 3787 3114 3843 habiturus
3148 3803 3267 3843 sum
3295 3787 3395 3843 sub
3416 3785 3539 3856 jure

1944 3876 2185 3931 castella.
2219 3877 2592 3949 Retrogradis,
2630 3880 2830 3951 inquit,
2862 3881 3029 3936 nolite
3054 3881 3299 3948 credere,
3324 3881 3415 3952 qui
3439 3896 3539 3938 nos

1943 3967 2121 4023 inedia
2151 3967 2411 4026 fatiscere
2433 3971 2743 4041 celebrant;
2771 3975 2991 4045 scriptis
3020 3975 3200 4046 potius
3232 3975 3367 4032 meis
3414 3989 3537 4031 ere-

1942 4059 2071 4116 ditc.
2109 4080 2127 4115 ι

2559 4158 2786 4217 CAPUT
2824 4159 2914 4217 XI.

2014 4251 2355 4328 |XXXVIIL1
2388 4254 2465 4310 De
2491 4254 2761 4311 Balduino
2792 4274 2929 4327 rege.
2970 4288 3041 4297 —
3096 4256 3211 4312 Rex
3239 4256 3405 4328 igitur
3426 4257 3535 4315 Go-

1944 4341 2205 4410 defridus,
2258 4345 2349 4399 ubi
2393 4355 2513 4416 post
2564 4348 2732 4401 vitam
2796 4347 3029 4404 nobilem
3082 4348 3291 4404 beatior
3320 4348 3536 4406 futurus

1942 4437 2199 4502 excessit,
2254 4438 2730 4510 llierosolymitani
2763 4455 3106 4510 nequaquam
3162 4442 3534 4513 temperantiae

228 4547 478 4602 mundus
527 4546 827 4609 invaditur,
857 4546 911 4601 in
950 4543 1348 4600 remotissimas
1391 4540 1631 4596 Persidis
1663 4541 1837 4611 regio-

1948 4526 2066 4595 ejus
2118 4544 2181 4583 ac
2211 4530 2523 4585 serenitatis
2576 4530 2833 4597 obliti,et
2887 4532 3214 4603 degenerare
3268 4542 3523 4592 verentes

230 4655 341 4696 nes
370 4640 621 4712 captivus
650 4638 964 4694 abducitur.
998 4636 1151 4705 Quod
1187 4635 1279 4690 ubi
1324 4631 1590 4687 Tancredi
1614 4631 1839 4688 illustris

232 4732 423 4803 attigit
452 4733 751 4796 notionem,
776 4729 1181 4802 quamprimum
1207 4743 1475 4799 occupare
1495 4725 1838 4781 Antiochiam

230 4835 519 4899 properat,
551 4826 821 4882 Laodiciae
856 4824 1122 4896 Pergama
1182 4824 1390 4891 munit;
1420 4830 1666 4891 utraeque
1691 4819 1837 4874 enim

233 4918 558 4975 Boemundo
610 4919 794 4974 munia
845 4918 1213 4990 pensitabant.
1266 4915 1580 4973 Laodiciam
1627 4912 1839 4985 pridem

231 5012 513 5068 Robertus
547 5012 961 5071 Northmannite
1007 5027 1192 5068 comes
1248 5012 1537 5078 habuerat,
1586 5011 1680 5067 sed
1717 5023 1840 5064 cum

234 5104 454 5176 prodigi
485 5104 724 5160 hominis
750 5105 1066 5160 exactiones
1095 5103 1270 5160 urbici
1302 5103 1538 5160 tolerare
1568 5116 1676 5157 non
1709 5113 1838 5171 pos-

236 5201 389 5260 sent,
417 5195 591 5266 pulsis
647 5211 875 5253 summaa
909 5196 1227 5252 custodious
1280 5196 1442 5260 arcis,
1468 5194 1584 5266 ejus
1612 5192 1841 5263 abegere

236 5286 568 5355 dominium,
593 5289 827 5360 odioque
851 5287 1020 5358 ipsius
1034 5287 1490 5358 Rothomagensis
1520 5283 1840 5353 abjuravere

238 5387 477 5435 monetae
507 5396 687 5436 usum.
713 5381 785 5435 At
814 5378 1167 5436 Bocmundus
1219 5393 1340 5433 cum
1373 5376 1532 5432 annis
1553 5375 1760 5446 aliquot
1784 5373 1839 5429 in

237 5486 468 5533 carcere
494 5472 807 5538 resedisset,
842 5473 1086 5540 tandem,
1140 5485 1263 5527 cum
1294 5477 1485 5541 pacto,
1514 5476 1627 5522 tum
1676 5482 1839 5537 pecu-

240 5568 422 5623 niaria
452 5567 826 5638 redemptione
867 5565 1179 5623 resolvitur.
1212 5563 1324 5619 Nec
1355 5560 1524 5617 multo
1551 5568 1674 5629 post
1705 5568 1840 5613 tem-

242 5675 380 5731 pore
401 5671 615 5727 exacto,
648 5660 937 5717 Antiochia
984 5658 1268 5715 Tancredo
1284 5653 1593 5716 commissa,
1624 5650 1839 5719 navigio

243 5767 300 5808 In
326 5751 554 5822 Appulia
608 5761 945 5808 transvectus
974 5753 1124 5807 venit
1177 5752 1231 5807 in
1264 5746 1570 5812 Franciam,
1612 5750 1667 5798 ct
1696 5742 1839 5798 Con-

246 5844 447 5907 stautia
491 5844 636 5915 regis
674 5843 902 5906 Philippi
967 5843 1073 5900 lilia
1119 5843 1289 5900 multo
1338 5852 1526 5897 auroa
1556 5842 1710 5909 patre
1738 5832 1840 5889 im-

1950 4617 2121 4683 ipsius
2169 4633 2511 4690 germanum,
2562 4621 2755 4676 ducem
2779 4622 3129 4687 Edessenum,
3155 4623 3335 4681 missis
3364 4625 3536 4682 inter-

1942 4710 2210 4779 pretibus,
2259 4712 2325 4765 ad
2379 4712 2522 4782 regis
2555 4710 2678 4781 jura
2708 4712 3055 4784 compellant.
3102 4714 3205 4783 Qui
3233 4716 3450 4787 quidem
3478 4716 3534 4772 in

1944 4802 2170 4869 ducatu,
2223 4805 2508 4876 splendore
2538 4818 2598 4860 se
2654 4805 2863 4873 habuit,
2909 4815 2970 4861 ut
3009 4806 3252 4879 clypeum
3308 4822 3534 4864 aureum

1943 4895 2138 4964 quovis
2166 4896 2270 4951 iter
2292 4911 2478 4968 agens,
2503 4912 2614 4967 prae
2640 4913 2701 4953 se
2729 4897 2858 4954 ferri
2906 4897 3129 4966 faceret,
3159 4899 3248 4969 qui
3296 4897 3569 4990 aquilam‘

1941 5000 2254 5057 expressam
2284 4988 2336 5041 in
2366 5002 2424 5043 se
2453 4988 2697 5044 haberet.
2739 4988 2873 5045 Erat
2906 4999 3085 5045 autem
3117 4988 3409 5044 schematis
3434 4987 3535 5042 Ar;

1944 5080 2123 5152 golici.
2182 5080 2383 5136 Morem
2440 5082 2585 5137 enim
2630 5083 2921 5154 gentilibus
2967 5097 3193 5154 gerens,
3256 5082 3535 5152 hucusque

1945 5182 2163 5241 togatus
2186 5175 2505 5242 incesserat,
2552 5176 2774 5232 barbam
2806 5176 3109 5241 remiserat,
3140 5190 3259 5232 sese
3298 5175 3530 5231 adoran-

1948 5266 2090 5323 tibus
2137 5266 2474 5337 ﬂectebatur,
2508 5270 2622 5325 solo
2664 5270 2931 5340 tapetibus
2966 5269 3151 5324 stratis
3178 5269 3528 5333 vescebatur;

1943 5368 1999 5414 at
2019 5361 2064 5414 si
2092 5362 2235 5429 quod
2274 5362 2623 5432 municipium
2677 5361 2761 5417 vel
2808 5362 2997 5417 urbem
3049 5376 3159 5417 suae
3202 5359 3422 5415 ditionis
3444 5358 3531 5414 in-

1947 5462 2143 5522 traret,
2177 5464 2303 5510 ante
2345 5454 2460 5523 ejus
2489 5455 2788 5525 gradientis
2814 5455 3150 5521 vehiculum,
3180 5455 3407 5509 duorum
3434 5464 3532 5508 ore

1943 5548 2188 5618 equitum
2237 5549 2449 5618 gemina
2499 5548 2626 5603 tuba
2680 5556 3060 5619 perstreperet.
3105 5547 3378 5619 Legationi
3402 5557 3533 5615 ergo

1944 5642 2352 5712 obtemperans,
2403 5641 2830 5713 Hierosolymam
2883 5642 3150 5712 proficisci
3199 5639 3528 5712 aggreditur.

1946 5735 2052 5791 Sed
2090 5734 2178 5790 ubi
2207 5735 2459 5805 contigua
2484 5734 2778 5807 gentilitas,
2802 5736 3096 5808 profecturi
3120 5743 3381 5805 aucupata
3406 5744 3535 5801 pro-0

1944 5830 2209 5902 positum,
2268 5828 2665 5903 contemplatur
2702 5839 2953 5900 euntem,
3013 5826 3345 5890 conscensis,
3397 5833 3529 5879 aura
