3980 6324
518 309 616 366 891

1330 303 1392 358 V.
1433 301 1760 360 GUIBERTI
1801 300 2092 357 ABBATIS
2123 299 2180 356 S.
2225 297 2462 354 MARIIE
2509 297 2596 354 DE
2637 295 3027 356 NOVIGENTO

3639 306 3722 364 8:13

518 422 622 479 sibi
641 423 916 480 incassum
943 421 1363 486 obsecundante,
1421 419 1696 485 Liburnis,
1723 435 1844 475 cum
1875 421 1980 475 dux
2007 435 2104 490 per
2129 421 2178 482 Α
2208 432 2374 472 causa
2423 415 2694 481 miraculi,
2727 415 2944 470 luminis
2969 429 3156 470 omnes
3182 429 3374 472 munus
3408 415 3635 472 unimoda
3667 441 3730 476 lfl.

517 514 760 587 ejusdem
790 515 1043 586 aequoris,
1071 512 1204 569 satis
1231 511 1490 567 mediocri
1533 511 1814 577 comitatu,
1846 526 2102 582 propera-

517 614 603 662 ret
649 620 865 672 arenas,
906 604 1238 660 ferventibus
1285 603 1472 670 remis,
1529 603 1828 673 rostrisque
1863 602 2103 656 cavanti-

516 697 619 754 bus
642 689 830 764 undas,
873 698 1088 754 obviam
1140 712 1201 752 se
1255 697 1497 767 praebere
1547 704 1888 764 concertans,
1934 693 2103 750 littori

518 787 748 846 classem
773 790 1040 860 appellere
1063 789 1392 844 maturabat.
1423 787 1588 861 450
1616 789 1685 843 At
1707 788 1835 853 dux,
1861 788 2102 843 omnium

517 881 638 949 quae
657 879 776 935 ﬁeri
805 880 1013 936 dextris
1036 881 1254 950 quirent
1315 880 1634 936 mortalibus
1661 895 1878 950 expers,
1895 893 2106 934 IIKBI‘O'

522 970 674 1026 ribus
696 971 900 1028 intimis
925 972 1105 1044 pulsat
1135 973 1496 1039 Altissimum,
1517 982 1574 1028 et
1617 973 1868 1044 proponit
1889 973 1937 1028 ei
1961 970 2106 1042 quod

518 1060 801 1118 subiturus
851 1063 1171 1118 obedienter
1215 1073 1373 1131 erat,
1427 1079 1526 1134 pro
1567 1063 1672 1118 ﬁde
1726 1062 1842 1132 ejus
1885 1064 2102 1128 tuenda,

518 1156 671 1226 regni
701 1156 998 1228 negotium.
1037 1157 1103 1212 Et
1132 1172 1281 1227 ecce,
1308 1173 1428 1227 quae
1459 1157 1760 1213 mobilitate
1790 1157 2106 1213 ferebantur

519 1252 744 1324 aligera,
777 1267 966 1318 naves,
988 1254 1215 1309 litnacea
1264 1254 1579 1309 morositate
1614 1253 1895 1318 resistunt,
1918 1260 1971 1306 et
1998 1267 2106 1321 quo

521 1343 841 1414 ampliorem
879 1345 1049 1402 tonsis
1070 1345 1241 1401 salum
1268 1345 1611 1401 verrentibus
1661 1344 1890 1415 quisque
1918 1343 2109 1398 nititur

521 1439 592 1516 ad
631 1454 965 1510 processum,
1007 1449 1178 1506 tanto,
1210 1441 1323 1516 spei
1371 1456 1482 1495 suae
1509 1440 1807 1494 mutatione
1857 1437 2108 1503 ridicula,

523 1529 818 1585 studiosius
872 1545 1048 1599 prorae
1075 1519 1400 1585 rotabantur
1439 1531 1505 1585 ad
1533 1545 1757 1599 puppes.
1783 1529 1860 1582 Ita
1908 1527 2110 1596 impro—

522 1621 714 1677 borum
769 1618 889 1676 fuso
938 1621 1234 1690 molimine,
1261 1622 1368 1678 dux
1392 1621 1583 1676 merita
1607 1607 1856 1677 libertate
1884 1620 2108 1691 potitus,

523 1712 591 1769 de
625 1713 929 1784 recipienda
977 1730 1213 1784 purpura
1262 1715 1485 1774 evidens
1520 1714 1734 1770 ccelitus
1761 1714 1989 1784 sumpsit
2013 1729 2110 1767 au-

2208 509 2446 565 tentione
2486 508 2716 578 precari.
2761 507 2872 562 Nec
2916 515 3044 562 tunc
3093 515 3210 562 crat
3236 508 3535 578 importuna
3580 511 3733 572 dilatio

2206 601 2334 672 quin
2364 601 2646 655 desideriis
2673 608 2897 655 :estuata
2925 599 3136 669 petitio,
3167 599 3332 654 alacri
3360 599 3604 658 leniretur
3628 607 3732 661 effc-

2207 705 2318 752 etu.
2349 695 2543 750 Audivi
2595 711 2624 749 a
2661 695 2931 766 personis,
2975 710 3093 765 quae
3154 694 3278 752 illuc
3330 695 3459 762 iere,
3498 700 3732 770 senilibus,

2207 789 2350 860 quod
2374 804 2612 860 papyrus
2638 789 2722 844 vel
2754 789 2986 844 lichinus
3014 787 3158 858 (nam
3187 797 3308 844 ntro
3331 800 3541 846 utantur
3567 797 3736 852 utrius~

2207 896 2312 952 que
2370 898 2475 938 non
2530 881 2678 952 novi)
2727 882 2944 953 gentilis
2991 881 3155 937 semel
3196 883 3467 953 cujusdam
3509 885 3573 940 sit
3615 888 3736 946 theca

2207 975 2473 1042 sublatus,
2531 974 2844 1045 ferrumque
2891 974 3156 1031 remansit
3207 975 3399 1042 inane;
3433 978 3740 1040 sed,coalitus

2209 1067 2422 1122 labente
2453 1067 2741 1134 miraculo,
2771 1085 2835 1123 ex
2895 1068 3042 1124 ferro
3068 1068 3248 1124 lumen
3271 1071 3508 1125 emersit.
3539 1071 3740 1144 Dumque

2208 1157 2401 1215 fraude
2448 1161 2684 1217 virtutes
2729 1162 2879 1232 cupit
2923 1177 3188 1216 enervare
3246 1177 3517 1232 supernas,
3572 1166 3738 1234 didicit,

2215 1272 2235 1306 ι
2268 1266 2458 1311 contra
2500 1271 2653 1312 suam
2705 1254 2944 1326 ipsarum
2977 1263 3244 1318 naturam,
3284 1256 3392 1309 Deo
3419 1271 3512 1311 suo
3553 1258 3742 1318 militare

2209 1359 2453 1405 naturas.
2483 1367 2501 1402 ι

2285 1439 2447 1512 [XL]
2489 1439 2566 1494 0b
2599 1449 2811 1509 peccata
2835 1438 3258 1494 Christianorum
3289 1438 3507 1508 amplius
3529 1440 3650 1494 haud
3673 1461 3740 1514 op-

2210 1540 2377 1602 paret.
2400 1561 2471 1571 —-
2493 1531 2648 1586 Anno
2675 1546 2826 1601 ergo,
2859 1544 2921 1584 ex
2953 1547 3059 1600 quo
3091 1545 3182 1584 rex
3209 1529 3462 1600 praefatus
3485 1544 3742 1603 susceperat

2214 1633 2448 1693 sceptra,
2509 1625 2778 1694 sequenti,
2833 1625 2949 1696 ejus
3003 1623 3168 1680 fuisse
3219 1625 3450 1678 traditur
3510 1625 3740 1684 difficultas

2217 1725 2365 1772 tanta
2415 1717 2662 1773 miraculi
2697 1727 2756 1772 ut
2809 1717 2900 1772 vix
2948 1717 3266 1772 imminente
3321 1727 3476 1772 nocte
3519 1720 3742 1775 orantium

523 1778 780 1882 spiciam.
807 1805 941 1862 Illud
974 1778 1060 1864 ine
1080 1778 1419 1878 prmterierat
1466 1809 1608 1878 quod
1636 1807 1863 1861 Pisanus
1884 1778 2110 1860 antistes
2144 1778 2187 1834 Β
2213 1807 2562 1878 ﬁentiumque
2609 1809 2913 1879 potuissent
2959 1817 3081 1863 vota
3115 1807 3395 1877 compleri.
3422 1807 3597 1864 Sermo
3632 1826 3739 1882 prte-

523 1894 834 1963 Daibertus,
890 1914 1011 1954 cum
1053 1898 1230 1968 aliqua
1263 1914 1373 1954 suae
1421 1899 1594 1969 plebis
1641 1899 1965 1969 frequentia,
1998 1898 2112 1966 epi—

524 2001 690 2058 scopo
727 1987 960 2058 quodam
986 1989 1159 2060 Apulo
1182 1991 1377 2046 comite
1401 1991 1828 2062 Hierosolymam
1851 1988 1964 2060 jam
1987 2003 2111 2044 cum

523 2075 862 2147 Boemundo,
887 2091 940 2137 et
962 2081 1062 2136 hoc
1087 2081 1200 2153 ipso
1232 2083 1370 2138 duce
1393 2093 1767 2154 praecesserat.

595 2169 772 2242 Regna
846 2176 1100 2245 capessite
1158 2175 1458 2231 Balduinus
1532 2177 1729 2232 Arabes
1790 2187 2009 2232 coercet.
2043 2204 2116 2216 —-

525 2255 738 2320 Primos
776 2280 904 2321 suos
937 2276 1058 2338 post
1087 2283 1250 2339 regna
1291 2278 1510 2339 accepta
1551 2269 1886 2346 procinctus,
1929 2276 1985 2324 et
2031 2267 2115 2321 in-

526 2365 612 2413 tra
686 2358 836 2414 sinus
908 2361 1220 2417 exercuisse
1293 2361 1610 2432 perhibetur
1672 2363 1953 2418 Arabicos.
2012 2359 2114 2416 Ubi

525 2451 652 2508 dum
677 2455 742 2510 ad
770 2454 919 2510 Sinai
959 2457 1159 2511 montis
1203 2471 1378 2528 usque
1408 2457 1608 2512 devexa
1649 2455 1991 2527 procederet,
2023 2468 2115 2509 re-

525 2545 668 2615 perit
711 2547 1001 2616 incultum,
1038 2558 1094 2603 et
1139 2548 1464 2620 Ethiopicis
1510 2548 1686 2604 simile
1715 2548 1996 2606 hominum
2025 2561 2119 2618 ger-

527 2651 652 2691 nns.
671 2637 899 2706 Quibus,
925 2655 1024 2710 pro
1059 2641 1258 2712 agresti
1288 2657 1386 2696 usu
1419 2655 1482 2695 ac
1509 2640 1854 2696 deformitate
1878 2637 2116 2704 insolita,

527 2728 655 2782 vita:
700 2728 924 2784 indulsit
950 2746 1167 2786 munus.
1193 2730 1268 2785 Ibi
1311 2731 1364 2784 in
1401 2729 1632 2785 ecclesia
1666 2744 1785 2798 qua:
1813 2726 2004 2783 Sancti
2033 2727 2116 2798 di:

529 2818 758 2874 cebatur
796 2821 976 2877 Aaron
1022 2823 1221 2889 oravit,
1256 2821 1348 2878 ubi
1399 2838 1494 2876 sua
1540 2821 1684 2878 Deus
1709 2836 1830 2875 cum
1875 2819 2120 2890 patribus

530 2912 756 2968 oracula
813 2912 1111 2971 celebravit
1157 2923 1211 2971 et
1233 2915 1509 2970 exercitus
1541 2913 1609 2969 de
1659 2910 2123 2968 Contradiclionis

529 3002 679 3058 fonte
700 3005 923 3074 potavit.
960 3005 1085 3073 Ubi,
1123 3006 1252 3078 quia
1279 3004 1489 3078 Moyses
1515 3005 1567 3059 in
1595 3003 1753 3059 labiis
1775 3003 2120 3070 distinxerat,

526 3091 630 3152 'nec
655 3097 823 3154 Deum
849 3115 1030 3156 coram
1085 3098 1209 3154 ﬁliis
1229 3097 1398 3155 Israel
1429 3095 1892 3160 sanctificaverat,
1918 3111 1946 3149 a
1973 3105 2118 3149 terra

530 3210 654 3248 eum
682 3193 827 3252 Deus
856 3191 1232 3264 promissionis
1263 3193 1531 3248 absentat.
1566 3192 1630 3246 Et
1662 3191 1786 3246 istic
1818 3189 2121 3261 presbyteri

528 3285 675 3341 illius
724 3286 830 3342 mei
879 3285 1134 3342 titubavit
1176 3285 1391 3356 Opinio;
1449 3298 1556 3338 non
1605 3283 1752 3338 enim
1808 3283 1977 3349 Sinai,
2028 3282 2121 3337 sed

531 3395 690 3435 mons
738 3379 814 3437 0r
856 3379 1195 3450 dignoscitur
1219 3393 1362 3443 esse,
1385 3375 1561 3431 Petrae
1583 3376 1852 3446 quondam
1881 3375 2122 3430 Arabum

533 3474 908 3531 conterminus
960 3473 1103 3539 urbi,
1135 3471 1227 3527 ubi
1258 3481 1311 3526 et
1341 3471 1524 3525 Aaron
1557 3469 1838 3524 hominem
1868 3469 2038 3536 exuit,
2071 3477 2126 3524 et

527 3555 676 3642 aqua
697 3571 764 3626 de
787 3569 980 3626 intimo
1004 3583 1276 3640 percussa:
1312 3566 1460 3638 rupis
1483 3567 1730 3638 emergit.

608 3658 906 3734 [XXXIX]
928 3659 1064 3730 Juge
1089 3657 1405 3713 miraculum
1432 3657 1814 3729 Hierosolymis
1837 3659 1900 3712 de
1929 3657 2127 3713 lumine

531 3737 785 3810 divinitus
816 3771 1056 3811 accenso.
1078 3784 1148 3792 —
1172 3752 1231 3807 In
1274 3751 1364 3807 illa
1405 3764 1592 3808 sancta
1624 3751 2124 3823 Hierosolymorum

540 3827 766 3902 civitate
791 3858 952 3904 vetus
981 3845 1252 3920 quoddam
1279 3845 1598 3902 miraculum
1629 3845 1960 3910 inoleverat;
1985 3842 2128 3913 quod

537 3949 696 3994 vetus
726 3939 930 3995 idcirco
959 3937 1190 3995 dixerim
1225 3940 1351 4009 quia
1388 3954 1456 3994 ex
1482 3953 1590 4009 quo
1617 3937 1762 3993 idem
1792 3936 1908 3991 ﬁeri
1947 3950 2129 4004 coepe-

541 4027 636 4096 rit,
668 4029 818 4086 orbis
860 4028 972 4086 fere
1015 4029 1241 4087 Latinus
1280 4031 1512 4102 ignorat.
1545 4030 1617 4085 At
1648 4045 1746 4086 nos
1786 4027 2128 4096 conjiciendo

536 4120 1085 4192 perpendimusquia,
1110 4131 1395 4192 postquam
1425 4121 1625 4178 calcari
1651 4129 1779 4176 ante
1801 4121 1918 4176 haec
1941 4128 2130 4175 nostra

538 4216 781 4281 tempora
817 4212 994 4282 erepit
1044 4228 1074 4267 a
1122 4213 1390 4285 gentibus,
1443 4213 1497 4268 id
1541 4228 1642 4283 pro
1687 4227 1908 4267 suorum
1941 4211 2032 4281 qui
2057 4211 2130 4266 ibi

537 4303 824 4374 degebant,
878 4320 975 4376 per
1000 4306 1122 4362 idve
1161 4307 1420 4377 temporis
1466 4306 1884 4372 conveniebant,
1923 4319 2130 4360 annue-

535 4396 608 4451 rit
658 4397 960 4466 Dominus;
1009 4399 1150 4469 quod
1203 4399 1454 4454 videlicet
1481 4399 1534 4454 in
1566 4398 1682 4470 ipso
1727 4399 1970 4470 paschali
1995 4398 2131 4453 Sab-

2218 1902 2310 1958 fati
2341 1902 2587 1973 praesulis
2622 1901 2798 1958 factus
2827 1901 2894 1956 ad
2916 1901 3190 1972 populum,
3223 1901 3292 1957 de
3320 1900 3633 1957 confessione
3661 1905 3743 1962 sala

2215 1993 2388 2050 licitat
2447 2002 2817 2066 peccatorum.
2888 1991 3006 2048 Rex
3071 1999 3126 2047 et
3185 1990 3381 2062 praesul
3448 1991 3739 2049 resarciendis

2215 2087 2440 2160 pacibus
2466 2087 2690 2154 instant,
2723 2086 2900 2156 siqua
2938 2083 3059 2139 ﬁdei
3115 2083 3498 2153 honestatique
3525 2099 3612 2138 non
3647 2099 3742 2139 con-

2217 2189 2440 2251 gruunt,
2453 2178 2649 2248 corrigi
2664 2177 3071 2248 promittuntur.
3087 2175 3325 2241 Interea,
3337 2183 3550 2245 urgente
3562 2176 3744 2246 negotio,

2219 2277 2329 2323 tam
2361 2268 2664 2323 enormium
2713 2268 3002 2323 criminum
3053 2265 3124 2321 ibi
3154 2280 3220 2321 eo
3271 2264 3362 2320 die
3389 2272 3469 2319 est
3497 2263 3618 2318 facta
3644 2279 3742 2319 con-

2219 2359 2404 2424 fessio,
2421 2368 2497 2423 ut,
2527 2359 2630 2414 nisi
2661 2357 2942 2430 pmnitudo
2967 2358 3311 2420 succederet,
3335 2355 3488 2426 digne
3506 2354 3607 2409 ﬁeri
3637 2353 3744 2409 vide-

2223 2461 2376 2510 retur
2398 2451 2618 2507 luminis
2641 2451 2838 2515 sancti,
2857 2450 3033 2505 ablata
3053 2448 3340 2514 dilatione,
3369 2445 3601 2501 sublatio.
3625 2443 3745 2512 Cujus

2221 2551 2404 2598 tamen
2430 2543 2596 2598 etiam
2630 2551 2779 2608 tunc,
2809 2549 2930 2613 post
2955 2541 3388 2611 correptionem,
3417 2553 3517 2592 non
3565 2549 3748 2591 remora-

2223 2645 2310 2691 tur
2339 2637 2608 2692 accensio.
2661 2635 2731 2690 At
2773 2635 2945 2692 altero
2976 2637 3206 2708 posthac
3261 2647 3425 2699 anno,
3468 2629 3638 2685 ubi.ad
3661 2643 3749 2684 eam

2222 2741 2443 2790 ventum
2471 2743 2554 2790 est
2581 2735 2771 2790 horam
2795 2751 2903 2806 qua
2953 2734 3267 2803 sepulcrum
3299 2731 3574 2805 gloriosum
3587 2727 3751 2784 flamma

2225 2825 2465 2882 caelestis
2501 2825 2760 2892 efﬁceret,
2802 2827 3184 2882 universorum
3218 2825 3440 2896 penitus
3464 2830 3575 2877 vota
3614 2816 3747 2890 suspi-

2225 2921 2398 2976 ciunt.
2428 2919 2634 2975 Grzecis
2678 2917 2843 2990 igitur
2887 2934 2952 2974 ac
2991 2917 3164 2991 Syris,
3197 2916 3476 2972 Armeniis
3507 2913 3672 2986 pariter
3701 2924 3750 2964 ac

2224 3010 2456 3078 Latinis,
2487 3013 2791 3084 quibusque
2815 3027 2912 3082 per
2946 3028 3166 3068 suarum
3196 3011 3502 3082 linguarum
3539 3007 3754 3070 idiomata,

2225 3103 2396 3159 Deum
2429 3119 2492 3160 ac
2531 3103 2648 3173 ejus
2686 3106 3116 3160 convocantibus
3147 3110 3374 3159 sanctos
3403 3118 3417 3169 ;
3447 3114 3580 3169 rege,
3616 3110 3756 3168 prote-

2230 3197 2400 3264 ribus,
2449 3206 2506 3252 et
2549 3197 2768 3270 populo,
2808 3197 3127 3270 poenitentia
3153 3195 3510 3266 cordiumque
3547 3188 3755 3264 rugitibus

2225 3288 2679 3357 prosequentibus
2707 3287 2910 3349 cleros:
2944 3287 3147 3343 misero
3193 3301 3392 3342 omnes
3433 3281 3755 3339 exulceraban-

2231 3387 2322 3432 tur
2354 3376 2573 3443 affectu,
2607 3379 2751 3449 quod
2775 3373 2838 3434 ea
2863 3378 3127 3450 urbejam
3158 3393 3189 3433 a
3224 3375 3547 3434 Christianis
3569 3373 3754 3438 obtenta,

2227 3471 2360 3527 inibi
2392 3473 2781 3542 contingebant
2837 3488 2957 3542 qua:
3001 3485 3285 3543 nunquam
3315 3467 3553 3525 evenisse
3589 3465 3670 3521 sub
3691 3477 3758 3532 pa-

2230 3563 2385 3633 ganis
2415 3563 2722 3617 audierant.

2301 3654 2523 3710 Interim
2568 3653 2888 3710 Fulcherius
2943 3653 3322 3722 Carnotensis,
3394 3658 3644 3718 assumpto
3684 3643 3756 3700 sibi

2228 3747 2554 3818 patriarchae
2575 3745 2813 3801 Daiherti
2839 3745 3142 3816 capellano,
3169 3745 3223 3800 in
3257 3752 3492 3802 montem
3523 3735 3759 3814 proficisci-

2232 3850 2320 3896 tur
2349 3840 2578 3896 Oliveti?
2604 3841 2680 3894 Ibi
2713 3841 2856 3896 enim
2893 3840 3128 3897 suboriri
3180 3823 3285 3896 Dei
3334 3841 3544 3895 lucerna
3586 3833 3756 3893 solebat.

2232 3933 2276 3989 si
2314 3933 2532 4004 quando
2562 3931 2950 4003 Hierosolymis
2974 3945 3080 3986 non
3105 3931 3319 3986 aderat.
3357 3927 3461 3986 Sed
3487 3923 3700 3988 reversis,
3722 3925 3760 3974 et

2232 4026 2308 4082 nil
2355 4035 2568 4097 gratum
2617 4025 2684 4080 ad
2732 4025 3100 4097 praestolantis
3151 4023 3400 4080 ecclesiae
3466 4016 3760 4076 referentibus

2235 4135 2418 4184 aures,
2447 4120 2725 4176 orationes
2752 4135 2781 4174 a
2811 4120 3044 4176 diversis
3070 4119 3424 4192 geminantur
3454 4115 3518 4170 ad
3539 4110 3760 4186 populum.

2233 4228 2341 4268 non
2375 4221 2555 4276 tamen
2585 4229 2704 4284 quae
2762 4229 2938 4286 aegros
2981 4213 3224 4280 foveant,
3274 4212 3371 4268 sed
3419 4209 3673 4266 incentiva:
3702 4204 3762 4256 lu-

2235 4303 2498 4374 gentium.
2531 4303 2607 4358 Ea
2639 4304 2778 4367 dies,
2817 4319 2876 4358 re
2904 4303 3124 4371 infecta,
3151 4302 3437 4358 universos
3472 4300 3522 4356 in
3551 4313 3634 4354 sua
3657 4299 3764 4350 recta

2235 4397 2479 4465 remisit;
2515 4413 2622 4454 nox
2647 4402 2864 4469 gemina
2889 4397 3071 4464 irruit,
3105 4397 3361 4468 aerisque
3385 4393 3622 4450 maestitia
3647 4399 3766 4461 gene-

535 4485 685 4554 bato,
737 4488 974 4560 sepulcri
1018 4489 1226 4560 lampas
1252 4491 1518 4547 Dominici
1563 4492 1812 4547 videatur
1840 4491 2130 4562 quotannis
2163 4527 2208 4583 Β
2236 4489 2423 4545 raliter
2450 4490 2692 4546 omnium
2725 4498 2945 4562 pectora
2975 4492 3151 4547 torsit.
3177 4491 3238 4546 In
3269 4490 3504 4547 crastino
3524 4485 3766 4542 deliberant

537 4595 768 4639 accensa
801 4582 1080 4639 divinitus.
1113 4585 1243 4640 Erat
1287 4593 1468 4641 autem
1515 4586 1568 4640 id
1598 4587 1768 4641 moris
1806 4586 1857 4639 in
1888 4587 2022 4640 urbe
2050 4594 2128 4650 ut,

537 4673 838 4731 circumitis
894 4678 1090 4748 pagani
1117 4679 1494 4734 universorum
1533 4679 1759 4747 sedibus,
1798 4679 2132 4750 singularum

539 4765 693 4824 focos
736 4783 909 4842 usque
957 4771 1024 4828 ad
1069 4771 1282 4827 favillas
1327 4772 1750 4842 exstinguerent,
1805 4781 1858 4826 et
1905 4782 2052 4828 tanta
2081 4772 2135 4826 id

541 4859 704 4917 fiebat
728 4862 796 4919 ab
819 4863 1050 4922 ethnicis
1080 4867 1353 4938 indagine,
1388 4875 1650 4937 quantum
1706 4865 1936 4936 idipsum
1978 4873 2136 4936 puta-

502 4953 702 5013 lbatur
730 4955 850 5012 ﬁeri
880 4957 1122 5016 ﬁdelium
1168 4960 1378 5025 fraude,
1417 4975 1522 5016 non
1553 4957 1676 5014 ﬁde.
1715 4956 1847 5014 Cum
1880 4974 2010 5031 ergo
2032 4960 2135 5016 hoc

539 5055 705 5111 modo
739 5056 1018 5113 Vulcanus
1070 5055 1444 5112 eliminaretur
1499 5054 1566 5108 ab
1608 5053 1828 5124 Oppido,
1879 5069 1946 5109 ea
1999 5055 2134 5108 hora

542 5159 647 5216 qua
678 5139 889 5206 nostrae
905 5147 1184 5217 religionis
1211 5146 1528 5215 obsequium
1577 5145 1789 5216 plebem
1813 5144 2135 5201 catholicam

545 5241 771 5298 solemni
794 5242 1214 5300 resurrectionis
1255 5250 1416 5312 atque
1454 5240 1838 5310 baptismatum
1874 5240 2138 5297 interesse

544 5339 768 5394 mandat
785 5337 986 5407 oﬁicio,
1011 5338 1238 5394 vidisses
1260 5352 1359 5408 per
1388 5341 1700 5396 universam
1726 5335 1957 5410 gentiles
1979 5349 2140 5392 exer-

545 5429 617 5486 tis
646 5432 998 5490 mucronibus
1027 5432 1286 5488 oberrare
1327 5431 1633 5498 basilicam,
1670 5440 2011 5502 mortemque
2037 5446 2138 5486 no-

543 5530 781 5580 strorum
830 5510 1136 5595 quibusque
1177 5523 1405 5590 minari;
1436 5538 1693 5580 cerneres
1723 5521 1847 5577 ﬁdei
1885 5532 2082 5578 nostra:
2109 5539 2140 5578 e

545 5612 766 5683 regione
812 5613 1050 5670 cultores
1078 5613 1376 5683 indigenas,
1415 5615 1563 5685 gravi
1591 5628 1757 5685 penes
1805 5613 1974 5669 Deum
2001 5629 2138 5670 moe-

545 5718 673 5762 rore
717 5708 984 5779 torqueri,
1037 5722 1132 5764 eos
1157 5723 1287 5762 vero
1314 5709 1390 5764 nil
1419 5711 1619 5776 minus,
1665 5723 1803 5780 quos
1846 5709 1911 5762 de
1941 5707 2142 5763 abditis

550 5796 740 5854 mundi
797 5797 996 5857 ﬁnibus
1040 5799 1302 5858 orationis
1348 5809 1474 5857 vota
1520 5799 1610 5858 illo
1637 5809 2027 5858 contraxerant
2055 5799 2144 5857 vel

2239 4592 2296 4636 ut
2343 4583 2409 4637 ad
2445 4582 2702 4654 templum
2752 4599 2920 4654 usque
2961 4584 3196 4649 Domini,
3231 4585 3416 4640 debito
3443 4597 3557 4638 cum
3585 4585 3767 4634 mmrore

2236 4675 2554 4746 procedant.
2586 4675 2786 4741 lerant,
2820 4675 2998 4746 gaudii
3041 4689 3270 4745 prorsus
3311 4670 3580 4729 Paschalis
3625 4667 3770 4721 imme-

2239 4783 2441 4834 mores,
2467 4768 2591 4822 dutn
2615 4767 2798 4822 nullus
2832 4767 3020 4822 habitu
3064 4749 3240 4822 differt
3295 4781 3325 4820 a
3366 4765 3451 4820 die
3475 4763 3767 4818 Parascet’eS.

2241 4873 2363 4913 cum
2405 4874 2531 4914 ecce
2573 4860 2640 4914 ab
2687 4859 2902 4915 aedituis
2946 4858 3190 4915 ecclesia:
3233 4867 3354 4928 post
3395 4855 3621 4912 euntium
3657 4857 3768 4916 ιετὶἔί

2242 4949 2550 5004 concinitur
2580 4949 2705 5020 quia
2731 4949 2875 5004 sacri
2905 4949 3240 5004 monumenti
3265 4949 3472 5017 lampas
3494 4939 3766 5000 accenditur.

2243 5040 2382 5109 QUld
2410 5038 2570 5114 451
2595 5041 2892 5096 immorer?
2920 5039 3097 5096 Tanto
3117 5056 3183 5096 eo
3205 5041 3290 5097 die
3316 5039 3510 5112 gratia,
3534 5043 3673 5091 aucto
3690 5038 3770 5084 sua“:

2235 5135 2510 5191 ubertatis
2540 5151 2604 5191 ex
2634 5136 2892 5192 dilatione
2915 5151 3196 5204 successu,
3227 5135 3464 5202 emicuit,
3509 5140 3564 5188 ut
3605 5127 3678 5184 illa
3701 5117 3770 5177 Dei

2243 5227 2462 5286 claritas
2488 5245 2594 5286 non
2620 5229 2841 5301 quidem
2872 5228 3052 5295 simul.
3077 5228 3173 5284 sed
3197 5228 3458 5292 vicissim,
3489 5225 3617 5280 intra
3637 5211 3773 5288 sepul-

2245 5324 2325 5382 cri
2349 5323 2660 5392 ecclesiam,
2696 5323 2976 5396 lampades
3003 5322 3174 5378 ferme
3207 5319 3588 5394 quinquaginta
3627 5309 3772 5377 tetige-

2244 5421 2336 5476 rit.
2373 5419 2499 5475 Haec
2525 5434 2633 5475 non
2674 5401 2836 5476 modo
2883 5419 3028 5474 inter
3057 5431 3209 5473 sacra
3239 5414 3511 5482 contigere
3546 5398 3772 5478 mysteria.

2244 5501 2431 5571 verum
2475 5529 2598 5568 cum
2640 5511 2880 5584 peractis
2918 5510 3111 5566 ofﬁciis
3142 5525 3237 5566 rex
3269 5503 3566 5577 pranderet
3593 5498 3638 5551 in
3662 5489 3772 5551 aula.

2239 5595 2459 5682 cogitur
2485 5606 2859 5678 frequentibus
2887 5605 3092 5661 nuntiis
3121 5601 3186 5658 ad
3218 5615 3354 5658 nova
3374 5594 3590 5654 videnda
3616 5585 3773 5682 lumina

2244 5702 2446 5773 rejecta
2482 5715 2814 5771 consurgere
2852 5713 3059 5754 mensa.
3093 5681 3208 5750 Dici
3251 5708 3354 5749 non
3410 5692 3579 5762 potest
3622 5676 3773 5773 quibit?

2239 5775 2584 5872 convaluerit
2612 5807 2818 5850 mceror
2863 5791 2953 5850 ille
2999 5790 3225 5860 solatiis,
3271 5800 3395 5844 cum
3433 5797 3498 5840 eo
3523 5778 3622 5849 die,
3663 5762 3774 5845 (ιιιοά
