3980 6324
294 365 403 422 899

1333 373 1556 429 casn
1581 373 1690 428 DEI
1717 373 1848 443 PER
1874 369 2214 430 FRANCOS.
2237 403 2299 414 —
2318 372 2444 429 LIB.
2472 369 2604 429 vm.

3466 376 3572 434 850

295 493 580 548 nunquam
611 482 1074 553 prazsumpserat,‘
1100 482 1243 538 intra
1303 488 1550 543 eamdem
1597 487 1807 551 urbem,
1834 487 1883 541 in
1914 488 1963 548 Α
1994 484 2113 539 nisu
2141 485 2353 540 virtutis
2391 484 2607 555 irrupit,
2634 492 2693 539 ut
2729 485 2937 556 pectori
2968 486 3137 556 ipsius
3168 486 3276 543 telo
3327 498 3575 561 transpo-

293 571 500 643 templo
544 574 780 642 Domini,
822 577 1072 632 coronari
1118 590 1212 632 rex
1260 578 1374 649 ipse
1416 582 1775 647 consenserit,
1814 582 1882 636 ob
1984 577 2091 631 sito
2141 576 2393 632 vexillum
2446 578 2588 646 quod
2650 577 2757 632 telo
2813 578 2988 633 inerat
3039 580 3242 650 pariter
3303 580 3570 649 inferret,

289 662 457 734 hujus
485 663 725 721 favorem
759 669 1018 725 muneris.

364 753 553 829 [κω]
592 757 793 813 Franci
829 761 1058 830 patriam
1106 774 1390 833 repetentes
1419 781 1453 819 a
1496 765 1683 820 Turcis
1720 768 1877 820 truci-

288 848 509 903 dantur.
542 881 611 893 --
643 850 813 923 Igitur
840 853 1060 921 Franci,
1093 856 1183 925 qui
1231 872 1444 912 sacram
1481 859 1595 914 suis
1634 860 1879 914 redeme-

290 949 416 994 rant
469 942 754 999 cruoribus
786 944 998 1011 urbem,
1031 961 1156 1001 cum
1188 948 1255 1003 ad
1285 949 1445 1004 dulce
1477 949 1671 1016 solum,
1709 950 1876 1005 visuri

287 1042 568 1101 parentes,
600 1033 740 1091 filios
766 1051 833 1092 ac
856 1053 1075 1106 uxores,
1108 1040 1289 1097 redire
1329 1044 1610 1113 gestircnt,
1639 1058 1741 1112 qua
1790 1061 1877 1097 ve-

286 1137 507 1195 nerant,
530 1144 627 1197 per
645 1130 1044 1189 mediterranea
1056 1133 1283 1199 scilicet,
1301 1135 1382 1190 fisi
1407 1134 1633 1190 forsitan
1652 1150 1878 1189 numero

285 1232 355 1274 ac
382 1220 632 1286 audacia,
657 1223 921 1291 repedare
944 1224 1264 1280 deliberant.
1298 1225 1542 1296 Cumque
1562 1241 1660 1295 per
1685 1226 1878 1282 Nicaea:

284 1326 453 1382 quam
484 1315 691 1385 pridem
724 1326 1006 1387 coeperant
1036 1318 1171 1375 fines
1199 1320 1553 1389 prmtergredi
1582 1321 1752 1375 libere
1781 1335 1873 1376 co-

285 1406 482 1476 gitant,
513 1405 700 1473 Turci,
730 1425 868 1480 quos
911 1411 1046 1465 urbe
1087 1412 1297 1467 reddita
1346 1412 1477 1469 inibi
1506 1413 1873 1482 praediximus,

281 1498 625 1568 objiciendos
652 1502 948 1573 aliquando
978 1505 1226 1572 Francis,
1259 1506 1329 1561 ab
1353 1506 1684 1576 imperatore
1715 1523 1873 1577 repo-

281 1594 445 1659 sitos,
473 1597 662 1652 obvios
686 1597 767 1652 eis
806 1599 917 1653 acri
950 1616 1111 1655 manu
1157 1616 1217 1657 se
1259 1602 1541 1667 exhibent,
1572 1610 1626 1656 et
1660 1612 1718 1657 ut
1750 1616 1870 1672 pre-

281 1687 471 1758 sbyter
502 1688 592 1744 ille
622 1704 799 1757 meus,
828 1692 932 1747 nisi
964 1693 1121 1761 falso,
1152 1693 1376 1763 fatetur,
1404 1696 1627 1751 immani
1656 1706 1873 1751 centum

281 1780 451 1833 millia
502 1781 893 1852 digladiatione
921 1787 1215 1841 trucidant.
1247 1787 1355 1843 Sed
1393 1789 1446 1843 in
1477 1789 1611 1843 tanti
1649 1804 1870 1858 expres-

276 1869 439 1926 sione
493 1874 707 1928 numeri
754 1878 1163 1932 vereor-virum
1200 1877 1330 1944 falli,
1384 1880 1509 1948 quia
1564 1895 1688 1935 eum
1738 1881 1872 1937 alias

280 1962 453 2018 etiam
492 1979 653 2033 aequo
691 1967 1081 2036 promptiorem
1124 1970 1177 2025 in
1224 1969 1701 2040 supputationibus
1740 1985 1873 2025 con-

275 2062 391 2110 stat
448 2055 660 2122 haberi,
717 2057 870 2113 verbi
908 2060 1119 2129 gratia,
1176 2075 1270 2116 eos
1311 2062 1403 2132 qui
1445 2059 1874 2133 Hierosolymam

276 2149 513 2221 profecti
561 2160 717 2218 sunt,
771 2154 1019 2224 sexagies
1051 2163 1281 2210 centena
1326 2154 1490 2210 millia
1541 2156 1706 2212 audet
1759 2157 1875 2225 ipse

275 2252 491 2301 taxare.
520 2246 616 2303 Cui
650 2246 985 2305 sufﬁcientia:
1017 2251 1184 2305 miror
1212 2251 1256 2305 si
1290 2253 1533 2306 omnium
1564 2252 1873 2321 Cisalpina-

277 2356 399 2395 rum
426 2341 684 2411 partium,
719 2342 827 2397 imo
869 2345 1036 2399 totius
1064 2343 1374 2400 Occidentis
1404 2360 1567 2416 regna
1605 2345 1871 2411 valerent,

274 2446 404 2487 cum
443 2431 680 2487 sciamus
716 2433 933 2489 indubie
961 2436 1104 2505 quod
1146 2436 1197 2492 in
1232 2438 1409 2507 primo
1455 2453 1555 2506 pro
1603 2438 1874 2493 moenibus

274 2521 473 2578 Nicaeae
500 2539 815 2595 congressu,
854 2525 943 2580 vix
993 2537 1273 2596 equestres
1326 2531 1533 2600 integre
1583 2538 1873 2600 apparatus

273 2614 594 2669 habentium
623 2625 838 2670 centum
895 2616 1059 2671 millia
1090 2616 1259 2673 fuisse
1290 2620 1595 2674 tradantur.
1628 2619 1695 2673 Et
1723 2620 1768 2675 si
1805 2621 1872 2674 de

274 2702 385 2759 illis
420 2706 582 2773 plane
619 2716 764 2775 agat,
793 2722 994 2777 eosque
1044 2708 1142 2764 sub
1191 2709 1294 2763 hac
1350 2708 1487 2765 forte
1533 2718 1869 2779 percenseat,

274 2796 370 2865 qui
411 2806 623 2852 motum
655 2799 872 2867 quidem
897 2801 1057 2854 eundi
1092 2801 1338 2868 fecerint,
1380 2801 1476 2856 sed
1505 2816 1601 2873 per
1627 2802 1869 2857 diversas

274 2903 714 2960 quaquaversum
744 2892 1072 2959 provincias,
1103 2902 1249 2949 terra
1279 2902 1335 2948 et
1364 2895 1525 2959 mari,
1558 2895 1747 2951 morbo
1790 2894 1871 2950 fa-

275 2999 494 3055 meque,
526 2984 848 3051 defecerint,
881 3000 980 3043 nec
1013 2987 1091 3043 sic
1120 2986 1366 3056 profecto
1396 2996 1558 3043 tantae
1587 2986 1868 3043 hominum

273 3076 536 3134 inﬁnitati
566 3079 876 3150 supplenda:
907 3080 1240 3137 suil‘ecerint.
1264 3081 1490 3136 Francis
1520 3095 1668 3149 ergo,
1701 3088 1761 3133 ut
1785 3080 1868 3134 di-

273 3177 423 3224 ctum
468 3177 570 3232 est,
605 3167 757 3225 ferali
786 3170 931 3227 ctede
966 3172 1289 3243 prostratis,
1339 3171 1582 3242 plerique
1608 3171 1869 3241 supersti-

274 3269 411 3325 tum,
460 3259 622 3317 rebus
668 3261 964 3320 Jerusalem
1015 3272 1362 3319 revertuntur
1395 3264 1629 3319 amissis.
1662 3264 1870 3332 Quibus

271 3354 688 3413 liberalissimus
741 3372 836 3413 rex
886 3367 942 3413 et
982 3358 1135 3413 valde
1173 3358 1479 3425 condoluit,
1524 3366 1578 3413 et
1607 3358 1867 3413 beneficia

270 3448 510 3521 plurima
546 3451 793 3520 contulit,
830 3458 887 3508 et
915 3452 1148 3509 reditum
1178 3453 1245 3509 ad
1271 3453 1502 3524 patriam
1534 3452 1709 3523 pelagi
1745 3467 1869 3508 eve-

270 3539 458 3597 ctione
483 3544 673 3599 suasit.

888 3635 1115 3693 CAPUT
1152 3635 1263 3691 Χιιν

349 3725 558 3799 [XLIL]
601 3726 758 3781 Turci
794 3729 1124 3784 debellantur
1149 3729 1214 3785 ab
1242 3728 1691 3800 Jerosolgmorum
1729 3745 1867 3800 rege-

267 3848 291 3863 -
362 3820 434 3875 At
457 3820 816 3892 Babylonicus
836 3821 1112 3893 princeps,
1144 3836 1250 3877 non
1276 3830 1384 3877 tam
1409 3822 1476 3877 de
1496 3820 1865 3893 Jerosolymo-

271 3928 396 3968 rum
442 3912 757 3977 amissione,
788 3928 949 3983 quam
975 3913 1042 3968 de
1067 3913 1401 3969 Francorum
1431 3914 1522 3984 qui
1556 3912 1687 3967 inibi
1713 3914 1867 3967 dese-

269 4002 469 4059 derant
517 4003 869 4075 contiguitate
922 4002 1238 4072 confectus,
1300 4004 1507 4059 crebris
1555 4002 1868 4075 aggreditur

269 4093 709 4165 expeditionibus
736 4109 917 4165 regem
945 4094 1162 4166 pulsare
1190 4109 1410 4160 novum,
1441 4103 1497 4149 et
1522 4109 1622 4163 per
1650 4093 1865 4148 Accba-

272 4202 376 4243 ron
403 4186 642 4243 civitatis
681 4194 897 4259 portum
945 4186 1370 4258 frequentiorem
1424 4185 1750 4241 moliebatur
1787 4185 1866 4238 in-

271 4291 516 4333 cursum.
568 4278 852 4335 Accharon
901 4287 1085 4334 autem
1150 4278 1422 4334 Robertus
1466 4277 1869 4334 Nortbmanno-

270 4382 398 4425 rum
457 4384 644 4427 comes
680 4370 987 4437 obsederat,
1022 4370 1148 4427 dum
1173 4369 1524 4441 Jerosolymze
1557 4370 1866 4425 obsidenda:

270 4458 493 4517 Domini
520 4464 793 4519 exercitus
832 4471 1120 4534 properat;
1174 4463 1268 4518 sed
1307 4464 1414 4519 dux
1460 4477 1586 4518 eum
1616 4460 1863 4518 Godefrio

1984 678 2341 739 exemptaque
2371 669 2524 724 hasta
2572 684 2601 723 a
2644 670 2869 727 vulnere
2910 672 3163 729 vexillum
3212 682 3489 729 teneretur
3516 676 3570 729 in

1982 770 2224 830 pectore.
2274 760 2390 828 Qua
2447 761 2528 813 sui
2590 776 2922 832 suorumque
2979 765 3322 822 animositate
3383 767 3570 822 hostes

1982 851 2265 908 conterriti
2300 852 2474 921 primo
2515 863 2825 919 cesserunt;
2874 856 2967 911 sed
3004 872 3102 926 pro
3131 873 3355 912 numero
3387 873 3453 912 ac
3495 858 3571 911 vi-

1984 943 2159 1008 ribus,
2201 943 2462 998 redeunte
2512 944 2643 1013 ipsis
2692 945 2940 1013 audacia,
2989 950 3189 1005 nostris
3242 950 3571 1006 unanimiter

1981 1035 2256 1105 ingruunt,
2291 1044 2346 1089 et
2375 1035 2440 1089 de
2466 1034 2589 1104 fuga
2617 1036 2859 1106 cogitare
2894 1041 3239 1109 compellunt.

2050 1127 2164 1184 lloc
2200 1127 2299 1183 sibi
2336 1127 2617 1183 infortunii
2655 1129 2920 1186 accidisse
2950 1132 3017 1185 ad
3070 1133 3121 1187 id
3162 1150 3264 1189 non
3296 1136 3410 1191 sine
3434 1152 3565 1206 pru-

1980 1225 2157 1279 dentia
2218 1223 2474 1290 retulere,
2509 1225 2653 1294 quod
2686 1239 3025 1295 nequaquam
3068 1226 3195 1280 huic
3227 1237 3373 1283 tanto
3403 1246 3569 1299 nego-

1981 1316 2055 1370 tio
2099 1322 2297 1385 prmsto
2345 1331 2565 1372 crucem
2620 1318 2956 1372 Dominicam
3013 1318 3269 1373 habuere.
3340 1322 3567 1376 Crucem

1980 1414 2162 1462 autem
2210 1406 2411 1477 ipsam,
2457 1417 2516 1462 ut
2564 1408 2763 1474 ferunt,
2814 1424 2937 1463 cum
2994 1409 3190 1465 abditis
3242 1410 3562 1479 quibusdam

1977 1495 2194 1565 lateret,
2249 1498 2325 1552 uti
2376 1498 2583 1567 pridem
2627 1498 2854 1564 lancea,
2903 1498 3055 1565 locis,
3102 1499 3241 1571 Syro
3289 1501 3566 1569 quodam,

1979 1588 2166 1644 nescio
2215 1602 2283 1644 an
2336 1589 2617 1657 Armenio,
2675 1589 2854 1646 indice
2888 1601 3225 1661 repererunt.
3280 1590 3393 1646 Tali
3437 1607 3567 1664 ergo

1977 1682 2354 1755 castigatiores
2384 1684 2579 1743 eli'ecti,
2617 1699 2723 1739 non
2760 1692 2872 1739 tam
2926 1685 3124 1742 damno
3168 1701 3331 1755 quam
3369 1696 3567 1754 coepta:

1977 1776 2222 1832 victoria:
2262 1792 2433 1841 naevo,
2472 1791 2596 1831 cum
2641 1776 2956 1849 Babylonici
3002 1778 3262 1849 principis
3294 1779 3566 1849 prioribus

1979 1884 2088 1925 non
2134 1870 2370 1941 impares
2407 1870 2577 1939 copia:
2605 1885 2726 1926 sese
2772 1871 2934 1928 tertio
2966 1872 3314 1935 obtulissent,
3345 1889 3441 1929 rex
3470 1889 3567 1945 0p-

1979 1962 2160 2025 timns,
2197 1978 2302 2033 qua
2345 1962 2515 2017 valuit
2556 1962 2883 2033 frequentia,
2917 1966 3010 2021 sed
3049 1982 3114 2022 ex
3147 1966 3258 2022 Deo
3300 1968 3562 2036 securior,

1977 2056 2239 2122 occurrit,
2290 2064 2343 2111 et
2394 2071 2494 2125 pro
2546 2055 2804 2113 facultate
2850 2056 3048 2114 locatis
3096 2060 3375 2115 ordinibus
3414 2067 3564 2115 tanta

1977 2152 2284 2206 animorum
2335 2152 2679 2208 vehementia
2728 2154 2854 2210 hinc
2898 2154 3131 2225 indeque
3187 2155 3563 2224 concurritur,

1977 2253 2149 2308 tanto,
2190 2244 2316 2299 licet
2359 2245 2515 2301 valde
2561 2246 2777 2316 impari,
2837 2247 3121 2305 carniﬁcio
3167 2264 3297 2335 pars
3332 2258 3565 2319 utraque

1974 2337 2301 2406 conciditur,
2327 2346 2388 2393 ut
2419 2353 2484 2393 ex
2510 2338 2699 2409 gentili
2729 2339 2945 2410 agmine
2974 2355 3072 2396 sex
3099 2340 3371 2406 millia,ex
3392 2339 3566 2394 Fran-

1974 2428 2054 2484 cis
2084 2438 2304 2485 centum
2337 2429 2536 2487 milites
2571 2438 2964 2487 sternerentur.
3001 2431 3070 2487 Et
3101 2432 3228 2501 quia
3262 2445 3370 2486 non
3404 2430 3561 2500 aqui-

1973 2518 2172 2587 larum,
2224 2535 2328 2575 non
2375 2523 2672 2576 draconum
2729 2521 2980 2594 insigniri
3032 2522 3304 2592 superbiis
3336 2535 3566 2578 curave-

1974 2621 2129 2679 runt,
2178 2615 2274 2667 sed
2321 2614 2544 2668 humilis
2581 2613 2842 2670 Crucitixi
2874 2614 3259 2685 opprobrium,
3305 2614 3409 2669 sibi
3439 2628 3564 2668 cru-

1970 2719 2092 2761 cem
2147 2705 2399 2761 videlicet
2452 2706 2827 2777 praetulerunt,
2880 2707 3120 2763 victores
3170 2706 3317 2762 illico
3374 2705 3562 2761 lauda-

1966 2794 2185 2855 tissime
2213 2795 2533 2864 existentes,
2567 2805 2720 2868 terga
2743 2812 2839 2853 eos
2866 2797 3064 2854 dedere
3094 2796 3492 2867 compulerunt.

2046 2885 2277 2959 [XLIIL]
2318 2887 2517 2944 Franci
2546 2890 2846 2947 Cmaream
2875 2891 3111 2946 obsident
3152 2909 3216 2947 ac
3240 2902 3563 2963 expugnant.

1976 3005 2046 3019 -ο
2078 2977 2173 3033 ωε
2196 2979 2268 3033 ita
2293 2981 2479 3049 probe,
2509 2989 2565 3035 ut
2588 2982 2837 3051 decebat,
2869 2981 3129 3052 explosis,
3155 2997 3187 3038 e
3209 2983 3436 3052 vestigio
3455 2995 3565 3052 quo

1974 3069 2401 3125 numerosiorem
2452 3073 2632 3142 potuit
2681 3072 2877 3129 conﬁat
2915 3074 3237 3141 exercitum,
3281 3084 3336 3130 et
3385 3072 3567 3131 Caesa-

1974 3175 2124 3217 ream
2152 3160 2564 3219 Paltestinorum
2605 3166 2888 3232 eximiam,
2913 3181 3020 3222 non
3043 3168 3284 3222 contuitu
3308 3158 3564 3235 millium,

1974 3256 2069 3311 sed
2098 3271 2195 3327 spe
2214 3257 2393 3327 potius
2415 3258 2611 3315 virium
2640 3260 2921 3316 obsidione
2948 3260 3243 3331 praecingit.
3281 3260 3567 3316 Accelera-

1974 3359 2065 3405 tur
2098 3350 2282 3421 itaque
2319 3350 2522 3407 fabrica
2575 3352 2975 3418 machinarum,
3027 3353 3307 3422 multiplex
3356 3352 3562 3407 circqu

1972 3458 2161 3499 muros
2194 3444 2406 3500 ballista
2440 3446 2754 3517 porrigitur.
2791 3446 2943 3514 Quod
2978 3447 3204 3500 arietem
3248 3446 3506 3510 vocitant,
3532 3458 3564 3498 a

1975 3537 2153 3594 fronte
2198 3537 2405 3593 ferrata
2448 3541 2629 3595 trabes
2673 3539 2966 3595 inducitur.
3012 3537 3335 3609 Comparata
3371 3536 3565 3591 maeni-

1972 3629 2072 3684 bus
2098 3637 2278 3685 castra
2307 3630 2614 3699 phalarum,
2645 3631 2741 3685 sed
2766 3628 2929 3702 452
2974 3644 3081 3684 non
3115 3644 3218 3683 una
3243 3628 3561 3699 procedunt,

1970 3728 2046 3787 et,
2092 3736 2374 3777 murorum
2406 3722 2828 3793 propugnaculis
2872 3721 3213 3787 assistentes,
3245 3734 3352 3774 non
3390 3720 3563 3775 solum

1970 3820 2247 3875 variorum
2304 3822 2477 3879 imbre
2532 3820 2815 3878 missilium
2871 3820 3206 3875 Sarracenos
3245 3816 3564 3889 illapidant,

1970 3912 2067 3967 sed
2092 3912 2257 3967 etiam
2300 3912 2515 3969 collatis
2561 3912 2914 3968 mucronibus
2944 3909 3234 3981 aliquando
3267 3909 3561 3963 trucidant.

1974 4002 2214 4060 Fervere
2259 4004 2330 4059 ibi
2362 4018 2620 4060 cerneres
2663 4003 2918 4059 maximis
2970 4010 3242 4057 tormenta
3273 3990 3561 4070 lapidibus,

1964 4105 2028 4152 et
2080 4113 2187 4152 non
2247 4097 2405 4152 modo
2461 4098 2723 4167 parietem
2761 4098 2904 4153 muri
2954 4112 3154 4153 vexare
3207 4093 3563 4161 forasticum,

1964 4204 2157 4245 verum
2192 4204 2420 4261 procera
2464 4190 2670 4246 acrium
2703 4189 2938 4246 molibus
2974 4190 3178 4245 ictuum
3217 4186 3454 4243 civitatis
3484 4185 3563 4239 ir-

1968 4281 2138 4336 ritare
2164 4281 2381 4350 palatia.
2414 4279 2637 4337 Pulsare
2679 4292 2840 4352 quam
2868 4278 3069 4349 smpius
3096 4278 3238 4332 aedes
3269 4291 3334 4331 ac
3361 4274 3561 4330 muenia

1968 4373 2117 4427 saxis
2138 4372 2461 4438 omiserant,
2496 4382 2551 4427 et
2594 4387 2718 4427 cum
2750 4372 2961 4440 liquore
2989 4369 3243 4440 plumbeo
3273 4367 3400 4422 ferri
3432 4380 3562 4420 can-

1969 4465 2147 4521 dentis
2204 4465 2426 4530 offulas,
2472 4474 2533 4520 ut
2580 4464 2940 4536 conﬂagretur
3003 4463 3289 4533 oppidum,
3344 4468 3563 4515 amenta

271 4553 399 4618 dus,
450 4552 829 4610 fructuosiorts
874 4554 1077 4626 negotii
1120 4553 1596 4624 contemplatione,
1640 4552 1867 4607 diduxe—
1900 4574 1944 4630 ι)
1970 4572 2191 4612 recussa
2222 4558 2555 4628 dispergunt.
2600 4557 2809 4612 interea
2843 4556 2988 4612 aries
3026 4556 3199 4611 muris
3235 4553 3477 4617 illiditur,
3507 4563 3564 4609 et

269 4656 382 4703 rat.
430 4646 792 4719 Babylonicus
840 4649 1023 4720 itaque
1071 4648 1255 4704 missis
1313 4646 1621 4715 ingentibus
1675 4645 1866 4715 copiis,

270 4752 462 4809 regem
495 4737 865 4796 Christianum
918 4739 1061 4795 bello
1102 4739 1340 4796 lacessit.
1390 4736 1494 4805 Qui
1535 4751 1634 4792 suo
1678 4735 1868 4791 humili

272 4846 466 4903 grege,
516 4832 604 4888 cui
653 4846 685 4888 a
723 4832 954 4888 Domino
984 4832 1186 4888 dicitur
1217 4850 1232 4887 :
1265 4848 1286 4884 ι
1326 4830 1448 4886 Noli
1494 4830 1686 4886 timere
1713 4827 1866 4900 (Luc.

270 4940 379 4992 xu,
412 4925 529 4997 32),
573 4945 593 4980 ι
627 4926 881 4992 conflato,
910 4935 965 4982 et
992 4927 1235 4993 aciebus,
1268 4935 1327 4980 ut
1355 4932 1588 4997 poterat,
1611 4923 1870 4980 distribu-

270 5014 370 5083 tis,
397 5024 656 5087 protanos
685 5000 944 5089 impetiit;
984 5028 1181 5075 et°nec
1212 5033 1389 5085 mora,
1424 5017 1587 5073 veluti
1614 5015 1868 5088 pecuaria

269 5107 438 5164 bruta
479 5110 767 5177 cadendo,
801 5127 907 5167 non
954 5111 1114 5167 aliter
1146 5126 1307 5181 quam
1351 5110 1726 5182 rapidissimus
1751 5107 1870 5180 pul-

270 5215 463 5258 verem
524 5205 685 5260 turbo
739 5205 1016 5277 dispersit.
1074 5204 1323 5261 Secundo
1386 5218 1576 5260 novem
1634 5202 1868 5259 militum

270 5295 449 5351 millia
498 5297 763 5366 miserat,
809 5300 1005 5369 quibus
1040 5298 1470 5368 Ethiopicorum
1516 5298 1757 5368 peditum
1798 5297 1867 5353 ad

268 5387 447 5444 millia
471 5387 584 5445 fere
604 5390 819 5462 viginti,
846 5406 1038 5446 manus
1062 5391 1329 5461 gregaria,
1355 5391 1593 5445 suberat.
1624 5390 1865 5457 Quorum

269 5483 532 5538 occursui
564 5498 660 5539 rex
691 5484 810 5554 pius
844 5487 1108 5556 equitum,
1138 5483 1402 5555 peditum,
1431 5484 1520 5537 vix
1569 5483 1712 5537 mille
1739 5497 1865 5537 coe-

269 5582 452 5651 gerat,
484 5582 542 5630 et
583 5584 786 5644 tamen,
834 5587 1037 5647 septem
1068 5574 1373 5650 agminibus
1407 5574 1603 5629 exinde
1635 5574 1865 5644 disposi-

268 5665 367 5731 tis,
422 5666 476 5721 in
513 5682 701 5724 eorum
768 5669 1200 5725 confertissimas
1252 5666 1544 5738 phalanges
1588 5668 1865 5738 magnani-

268 5774 365 5814 nta
391 5760 692 5815 securitate
715 5775 775 5816 se
796 5760 952 5815 fudit.
989 5759 1092 5817 Ubi
1119 5761 1368 5831 princeps
1383 5759 1543 5825 idem,
1576 5756 1860 5828 quemdam

263 5849 494 5911 eminus
560 5850 796 5925 equitem
837 5850 1117 5925 gentilium
1179 5851 1543 5925 conspicatus,
1590 5858 1737 5908 tanto
1766 5850 1864 5906 ad-

1975 4648 2100 4704 dum
2145 4648 2369 4704 inferius
2417 4648 2662 4705 foramen
2696 4647 2934 4715 aﬂ‘ectat,
2974 4649 3227 4705 universa
3261 4647 3565 4715 circumpo-

1971 4741 2062 4797 siti
2118 4741 2440 4797 munimenti
2489 4740 2734 4797 soliditas
2787 4740 3090 4797 fatiscendo
3141 4740 3375 4795 laxatur.
3427 4738 3563 4792 Dum

1972 4846 2109 4902 ergo
2132 4832 2328 4889 Franci
2364 4834 2614 4887 nituntur
2640 4833 2705 4888 ad
2739 4834 2949 4901 intima,
2978 4843 3033 4889 et
3059 4834 3292 4890 studium
3328 4830 3563 4887 laesionis

1973 4923 2311 4981 Sarracenos
2355 4924 2583 4995 impellit
2634 4927 2701 4981 ad
2729 4934 2940 4991 extera,
2979 4926 3153 4982 caedes
3185 4926 3421 4996 agebant
3446 4935 3564 4975 mu-

1974 5025 2117 5074 tuas.
2156 5018 2258 5075 Ubi
2288 5019 2450 5074 etiam
2490 5019 2759 5075 machinae
2778 5019 2988 5088 jactura
3020 5018 3291 5082 cadentis;
3331 5013 3562 5083 plurima

1972 5109 2042 5166 de
2071 5124 2204 5166 nece
2232 5118 2563 5177 nostrorum,
2613 5111 2826 5167 animos
2865 5110 3094 5166 diversae
3127 5106 3298 5177 partis
3321 5101 3564 5158 exsusci-

1964 5206 2071 5256 tat.
2117 5200 2405 5258 Sarraceni
2446 5216 2706 5272 namque,
2742 5214 2865 5256 cum
2897 5200 3005 5254 sint
3041 5198 3094 5251 in
3122 5194 3383 5265 expositis
3413 5191 3557 5247 acie-

1971 5292 2073 5350 bus
2132 5294 2358 5363 inertes,
2413 5294 2560 5351 intra
2609 5292 2860 5364 praesidia
2912 5289 3049 5345 mira
3089 5297 3216 5343 sunt
3263 5283 3559 5358 sagacitate

1968 5386 2216 5444 rebelles.

2038 5480 2209 5551 Igitur
2231 5462 2632 5537 dieobsidionis
2661 5476 2942 5543 vicesima,
2971 5489 3095 5531 cum
3152 5486 3249 5529 rex
3284 5471 3454 5527 fretus
3471 5468 3560 5541 ju-

1965 5581 2192 5629 ventute
2218 5573 2511 5629 lectissima
2539 5571 2837 5644 oppidanos
2856 5570 3097 5642 graviter
3118 5574 3358 5638 urgeret,
3380 5579 3413 5621 e
3436 5578 3553 5618 ma-

1968 5666 2132 5721 china
2154 5680 2309 5721 muro
2338 5675 2563 5736 repente
2595 5665 2784 5721 insilit.
2822 5663 2951 5720 Post
2989 5664 3163 5735 ipsum
3190 5660 3347 5716 miles
3371 5657 3552 5721 irruit,

1970 5760 2178 5814 hostem
2203 5758 2450 5831 fugacem
2478 5756 2702 5829 disjicit.
2744 5757 2971 5813 Francis
3016 5757 3199 5825 itaque
3236 5764 3416 5821 regem
3442 5757 3553 5803 tota

1971 5851 2254 5910 alacritate
2278 5852 2653 5926 sequentibus,
2684 5866 2781 5926 per
2808 5854 2997 5907 urbem
3028 5848 3237 5906 infinita
3267 5846 3422 5902 turba
3450 5853 3550 5914 pe-
