3980 6324
568 348 675 408 851

1430 348 1491 404 ν.
1533 345 1860 407 GUIBERTI
1897 341 2191 403 ABBATIS
2223 343 2282 400 S.
2324 344 2563 402 MARle
2609 344 2697 402 DE
2727 346 3122 407 NOVIGENTO

3663 372 3741 435 832

570 463 807 531 rimitur,
832 466 1034 521 nemini
1074 468 1332 537 parcitur,
1359 464 1460 520 nisi
1501 466 1642 534 quod
1684 464 1939 536 puellaris
1963 463 2030 519 ad
2056 462 2155 518 ob-
2179 460 2228 518 A
2255 462 2422 516 ricam
2466 461 2739 518 flaminum
2772 465 3179 535 importunitate
3208 469 3450 532 defertur.
3467 479 3615 549 Quam
3636 489 3741 553 idem

570 558 818 629 sequium
847 558 1064 614 inventa
1112 567 1375 614 servatur.
1407 557 1615 614 Passim
1649 574 1780 630 gaza
1811 558 2149 627 disquiritur,

569 660 626 707 et
669 666 773 705 non
826 652 985 705 modo
1030 666 1179 717 arca,
1208 665 1397 706 verum
1429 650 1713 705 Sarraccni
1766 651 1997 707 tacentis
2031 650 2151 720 gula

569 744 894 810 discutitur;
936 742 1122 800 fauces
1170 745 1312 801 enim
1357 759 1476 816 qum
1519 745 1809 815 glutieraut
1858 744 2148 815 Byzantea,

567 848 747 905 pugno
773 836 1135 903 succutiente,
1170 835 1446 904 rejiciunt,
1479 846 1532 891 et
1564 852 1682 907 qua:
1707 834 1878 893 ofﬁcia
1908 835 1988 890 eis
2018 833 2152 889 locis

569 923 808 980 indebita
854 937 1205 998 usurparent,
1240 928 1357 983 auri
1394 928 1592 984 frustra
1640 927 1961 983 feminarum
1992 940 2152 997 puer-

566 1018 717 1087 peria
751 1017 998 1075 fundunt.
1042 1019 1149 1073 Nec
1174 1034 1348 1084 mora,
1380 1028 1553 1089 capta:
1577 1018 1783 1074 civitati
1817 1017 2148 1073 Francorum

566 1108 800 1175 colonia,
839 1109 948 1165 illic
974 1111 1307 1176 habitatura,
1344 1111 1657 1166 dimittitur.
1690 1109 1804 1164 Non
1837 1109 2005 1163 multo
2032 1116 2152 1178 post

566 1201 851 1257 Accbaton
882 1204 1213 1273 aggreditur,
1242 1211 1295 1259 et
1328 1202 1602 1258 diuturnis
1630 1203 1996 1259 moliminibus
2026 1201 2151 1256 fati-

568 1300 783 1360 gatam,
834 1293 1050 1363 proprio
1100 1294 1199 1346 sub
1249 1293 1370 1363 jure
1434 1299 1668 1348 coercet.
1725 1291 1911 1347 Plures
1984 1292 2148 1346 etiam

569 1385 906 1453 postmodum
936 1385 1068 1439 alias
1097 1385 1303 1453 cepisse
1333 1384 1673 1454 dignoscitur
1702 1384 1902 1447 urbes;
1943 1382 2035 1437 sed
2070 1384 2144 1438 ita

568 1476 869 1531 meditullio
899 1477 1099 1531 rabida:
1128 1477 1271 1531 illius
1302 1477 1618 1547 gentilitatis
1649 1477 1944 1539 intersitas,
1968 1484 2028 1530 ut
2055 1478 2145 1532 vix

568 1568 772 1638 aliquid
801 1578 973 1623 tutum
1004 1579 1312 1624 nostrorum
1359 1570 1487 1626 inibi
1525 1570 1684 1626 liceat
1724 1576 1964 1644 cogitare
1998 1571 2145 1625 colo-

565 1660 672 1714 niis
703 1658 824 1731 [al.,
851 1659 1134 1733 colonias].
1190 1660 1520 1718 Sarracenos
1562 1672 1740 1719 tamen
1791 1665 1926 1719 bella
1969 1666 2145 1720 conti-

565 1764 672 1802 nua
726 1749 933 1805 crebris
963 1751 1098 1805 adeo
1136 1751 1379 1807 victoriis
1417 1754 1851 1823 contemptibiles
1879 1755 2144 1811 Christia-

2252 554 2484 613 insulani
2516 558 2838 629 corripiunt,
2870 560 3156 629 quemdam
3186 562 3297 631 ejus
3332 572 3543 629 comitia:
3582 583 3744 649 episco.

2249 662 2377 717 pum
2435 664 2555 704 cum
2581 650 2901 705 ollicialibus
2942 652 3175 719 caedunt,
3207 655 3292 710 diu
3326 658 3483 729 ipsam
3531 667 3743 733 deleniam

2248 742 2594 811 postmodum
2630 744 2782 798 abire
2827 744 3169 813 permittunt.
3220 747 3343 813 Qua:
3372 767 3486 809 cum
3520 760 3577 813 ad
3608 766 3742 826 virum

2250 830 2512 897 venisset,
2561 833 3009 889 incontinentiam
3042 836 3310 892 ethnicam
3354 856 3442 897 rex
3469 845 3569 915 ipse
3592 851 3746 915 habens

2248 936 2358 978 non
2395 923 2514 979 sine
2549 926 2759 980 ratione
2790 936 3116 997 suspectam,
3165 943 3194 981 a
3240 938 3357 986 toro
3398 940 3594 1006 proprio
3630 960 3746 1013 ιιιιοιι.

2252 1028 2345 1069 sus
2405 1016 2729 1083 abstentam,
2788 1027 2994 1073 mutato
3049 1019 3253 1087 habitu,
3309 1026 3475 1091 posuit
3520 1044 3622 1086 eam
3659 1051 3747 1093 cum

2220 1138 2223 1141 -
2250 1106 2618 1162 monachabus
2648 1108 2768 1164 aliis
2798 1109 2936 1179 apud
2964 1108 3179 1165 beatam
3210 1109 3426 1168 Matrem
3457 1116 3538 1177 De;
3568 1118 3750 1195 Virginis

2250 1194 2437 1251 Matris
2463 1197 2696 1252 Annam.
2726 1198 2844 1268 Ipse
2864 1213 2994 1253 vero
3024 1199 3221 1269 gaudet
3249 1201 3425 1258 vivere
3445 1205 3635 1276 ccelebs,
3658 1216 3748 1282 quia

2250 1300 2355 1339 non
2392 1295 2478 1342 est
2524 1287 2573 1342 ei
2613 1288 2927 1344 colluctatio
2956 1289 3219 1345 adversus
3248 1306 3459 1349 carnem
3488 1305 3538 1352 et
3583 1305 3749 1370 sangui-

2250 1393 2399 1441 nem,
2433 1378 2531 1434 sed
2560 1390 2750 1435 contra
2780 1381 2964 1436 mundi
2994 1389 3233 1436 rectores
3262 1382 3467 1452 (Ephes.
3493 1402 3559 1456 vt,
3586 1391 3674 1461 l2).

2320 1466 2574 1541 [XLVIL]
2594 1468 2746 1525 Miles
2766 1470 2970 1541 sagittis
2998 1471 3269 1541 confossus
3285 1482 3330 1527 et
3346 1476 3516 1543 capitis
3531 1480 3751 1541 abtciaione

2247 1560 2487 1629 martyrii
2524 1560 2753 1630 palmam
2770 1564 3077 1631 promeruit.
3097 1593 3168 1603 —-
3187 1562 3344 1619 Circa
3365 1570 3636 1636 paschalem
3660 1579 3749 1632 anni

2246 1652 2509 1719 praeteriti
2556 1652 2930 1720 festivitatem,
2984 1655 3137 1711 miles
3166 1656 3256 1712 ille
3285 1658 3591 1729 praelibatus,
3633 1682 3749 1735 quem

2248 1743 2564 1812 praefectum
2598 1744 2871 1802 Tiberiadi
2902 1748 3159 1812 diximus,
3198 1749 3285 1804 cui
3315 1750 3527 1808 victoria
3553 1756 3627 1810 illa
3662 1775 3749 1828 pro-

564 1842 650 1897 nis
703 1843 966 1900 militibus
1015 1845 1326 1912 reddidere,
1357 1854 1417 1902 ut
1461 1862 1604 1903 anno
1639 1850 1913 1918 praeterito
1951 1853 2146 1908 mirum
2177 1820 2225 1879 Β
2252 1846 2494 1903 veneri":
2555 1838 2609 1893 in
2656 1841 2891 1910 (luodam
2928 1841 3069 1897 bello
3106 1850 3415 1897 ηοδιτοτυηι
3454 1847 3579 1914 Parii
3620 1852 3750 1909 “linus

563 1936 823 2005 quiddam
852 1939 1264 2008 cognoverimus
1288 1940 1553 1997 evenisse.

1152 2027 1378 2085 CAPUT
1418 2029 1553 2086 XIII.

637 2116 871 2190 [XLIV.]
914 2118 1065 2174 Miles
1092 2119 1309 2189 quidam
1349 2122 1657 2190 protervius
1688 2140 1849 2192 quam
1881 2126 2145 2183 debuerat

561 2217 747 2263 contra
768 2224 948 2279 regem
977 2224 1095 2265 sese
1119 2210 1404 2278 habuerat,
1428 2227 1590 2283 quem
1615 2231 1709 2271 rex
1733 2218 1846 2288 ipse
1871 2218 2144 2274 Tiberiadi

560 2301 767 2356 civitati
798 2303 1131 2373 praefecerat.
1165 2306 1279 2361 Rex
1315 2320 1445 2378 ergo
1471 2308 1670 2364 citatus
1701 2309 1771 2364 ob
1802 2310 2144 2367 insolentiam

563 2391 799 2448 hominis
822 2393 921 2459 ira,
946 2395 1109 2464 jussit
1129 2413 1251 2451 eum
1274 2414 1303 2453 a
1328 2414 1438 2455 suae
1460 2400 1678 2457 ditionis
1700 2411 1840 2457 terra
1865 2405 2140 2462 recedere.

563 2480 818 2548 Quicum
860 2486 1067 2543 duobus
1117 2490 1409 2558 equitibus,
1452 2494 1580 2547 dum
1622 2494 1771 2549 abire
1800 2507 2142 2566 properaret,

564 2576 849 2648 armigeris
880 2579 1096 2635 totidem
1127 2584 1441 2649 comitatus,
1470 2587 1735 2642 maximas
1761 2588 1937 2645 subito
1959 2590 2144 2661 copias

562 2667 884 2737 gentilitatis
914 2669 1155 2727 offendit.
1202 2672 1333 2740 Qui,
1360 2689 1459 2730 suo
1487 2674 1729 2732 difﬁdens
1784 2694 2027 2744 numero,
2076 2680 2142 2736 ad

563 2758 733 2816 Deum
777 2778 906 2819 vero
947 2773 1221 2836 utcunque
1270 2776 1601 2837 respectans,
1649 2770 1867 2826 concisa
1896 2772 2140 2837 camisia,

561 2870 723 2922 quam
751 2858 1067 2913 subuculam
1095 2861 1299 2924 dicunt,
1334 2860 1502 2916 hastae
1522 2878 1621 2931 pro
1646 2862 1846 2919 vexillo
1865 2866 2138 2934 apposuit,

561 2940 853 3011 itidemque
882 2945 1060 3001 socios
1090 2946 1267 3002 facere
1292 2946 1474 3017 jussit.
1507 2947 1797 3015 Fecerunt,
1825 2959 1879 3005 et
1905 2950 2142 3006 clamore

560 3029 1147 3103 sublato,rsonipedcs
1197 3036 1500 3092 calcaribus
1557 3048 1788 3110 urgent,
1847 3040 2141 3111 obviosque

2248 1926 2599 1982 accommode
2629 1927 2775 1984 facto
2829 1930 3058 1999 capitur,
3096 1939 3153 1986 et
3185 1932 3241 1987 in
3273 1935 3541 2002 quamdam
3570 1937 3748 2007 ipsorum

2248 2017 2529 2089 gentilium
2553 2019 2766 2087 urbem,
2797 2022 2865 2076 ab
2893 2021 3024 2092 ipsis
3054 2022 3206 2079 vivus
3228 2023 3519 2080 abducitur.
3546 2026 3643 2096 Qui,
3658 2047 3749 2089 cum

2248 2114 2511 2183 sacrilega
2545 2114 2707 2187 453
2741 2116 2873 2172 inibi
2929 2117 3114 2173 nescio
3149 2133 3278 2189 quae
3322 2118 3452 2174 festa
3478 2136 3748 2195 peragerent,

2246 2208 2546 2262 exbibitum
2580 2209 2861 2278 praefatum
2894 2211 3155 2281 equitem,
3187 2213 3259 2266 de
3306 2213 3521 2282 propriae
3544 2216 3684 2285 gratia
3709 2218 3751 2272 li-

2246 2295 2331 2351 dei
2361 2296 2644 2353 dillldenda
2670 2299 3074 2371 abjurandaque
3096 2301 3448 2372 compellant.
3472 2304 3534 2359 At
3554 2306 3613 2371 is,
3636 2307 3749 2379 digna

2244 2390 2346 2446 sibi
2396 2391 2681 2446 admodum
2712 2393 2877 2448 animi
2912 2393 3295 2450 obfirmatione
3316 2403 3472 2451 tantae
3498 2398 3631 2454 nefas
3660 2400 3750 2454 abu-

2244 2483 2415 2540 sionis
2441 2484 2724 2554 abjiciens,
2763 2486 2979 2556 penitus
3016 2486 3102 2541 vel
3136 2487 3332 2543 audire
3358 2490 3648 2559 perhorruit.
3675 2491 3751 2547 Nec

2246 2592 2419 2641 mora,
2447 2577 2532 2632 vir
2559 2578 2670 2644 ille,
2715 2593 2837 2633 cum
2871 2579 3018 2634 omni
3061 2578 3173 2649 jam
3224 2581 3572 2639 nominandus
3599 2582 3748 2647 favore,

2244 2666 2563 2736 corripitur.
2593 2666 2857 2738 Alligatus
2885 2669 3082 2739 stipiti,
3108 2677 3167 2724 ut
3196 2669 3404 2739 ferunt,
3439 2687 3606 2743 campo
3625 2674 3752 2728 medio

2243 2757 2473 2825 sistitur,
2508 2775 2568 2815 ac
2602 2776 2894 2817 numeroso
2922 2763 3248 2832 sagittarum
3293 2764 3519 2834 undique
3553 2766 3751 2836 grandine

2242 2854 2568 2909 terebratur.
2624 2853 2751 2910 Inde
2797 2864 3049 2925 exempto
3079 2864 3270 2911 vertex
3301 2871 3332 2910 a
3367 2857 3531 2926 capite
3557 2871 3674 2913 serra
3695 2857 3751 2912 die

2240 2943 2466 3009 viditur,
2498 2945 2770 3016 idemque,
2820 2946 2875 3000 in
2917 2946 3137 3002 modum
3165 2948 3373 3019 poculi,
3398 2949 3506 3021 regi
3534 2948 3754 3004 Damasce-

2242 3049 2331 3098 no,
2366 3051 2394 3090 a
2426 3050 2533 3104 quo
2580 3036 2695 3092 haec
2720 3036 3067 3108 gerebantur,
3104 3038 3171 3094 ad
3216 3048 3479 3096 terrorem
3508 3050 3753 3097 nostrorum

558 3118 807 3178 feruntur
839 3124 890 3178 in
924 3126 1126 3181 hostes.
1171 3126 1274 3193 Qui
1329 3128 1504 3183 territi
1555 3130 1850 3199 repentinis
1895 3131 2137 3198 ausibus,
2167 3170 2212 3229 C
2244 3127 2397 3197 quasi
2442 3128 2639 3183 exinde
2669 3129 2906 3185 bibituro
2939 3130 3248 3186 conficitur.
3290 3131 3412 3199 Qui,
3448 3132 3540 3188 sub
3569 3132 3755 3229 infracta

558 3210 686 3267 dum
743 3214 1016 3271 aestimant
1073 3218 1216 3285 quod
1279 3221 1433 3289 quasi
1487 3222 1716 3291 praevios
1783 3232 2139 3292 sequerentur

557 3302 740 3358 multa:
783 3306 1059 3373 cohortes,
1099 3308 1279 3380 fugam
1343 3312 1551 3378 ineunt,
1601 3328 1768 3383 seque
1815 3315 1988 3370 tribus
2030 3316 2139 3371 illis

556 3394 845 3452 caedendos
868 3408 1166 3469 exponunt.
1195 3402 1417 3459 Plurimi
1448 3404 1811 3473 perimuntur,
1851 3406 2135 3476 plusquam

556 3483 704 3542 ferre
753 3488 1021 3546 suﬂiciant
1067 3494 1238 3563 spolia
1292 3496 1594 3565 rapiuntur.
1650 3496 1764 3563 Quo
1820 3508 2013 3554 eventu
2052 3500 2140 3556 ille

558 3579 798 3636 secundo
857 3587 1258 3654 compungitur,
1317 3586 1536 3658 Deoque
1581 3589 2004 3657 gratulabundus
2056 3606 2141 3647 re-

556 3674 743 3740 diens,
798 3674 911 3744 regi
961 3679 1344 3746 prosternitur,
1393 3680 1443 3735 ei
1492 3680 1833 3738 obediturum
1887 3684 2140 3753 deinceps

556 3767 790 3822 fideliter
817 3772 1121 3838 pollicetur.

628 3856 840 3931 [XLV.]
868 3858 1108 3914 Pecunia:
1123 3860 1191 3913 ad
1216 3860 1458 3917 solvenda
1488 3864 1735 3921 militibus
1759 3867 2017 3937 stipendia
2037 3867 2138 3921 mi-

558 3946 793 4000 rabiliter
820 3950 1167 4018 reperiuntur.
1196 3981 1266 3991 —-
1289 3952 1589 4022 Aliquando
1611 3955 1748 4011 idem
1777 3972 1869 4012 rex
1898 3957 2139 4026 pecuniae

554 4037 743 4105 grandi
768 4040 1159 4109 angustabatur
1188 4041 1387 4112 inopia,
1414 4051 1473 4098 ut
1500 4046 1660 4100 etiam
1688 4048 1936 4104 deessent
1960 4067 2140 4107 meus-

554 4132 676 4180 trua
724 4142 842 4196 quae
871 4129 1128 4185 militibus
1157 4132 1491 4189 debebantur
1533 4138 1819 4207 stipendia,
1864 4157 1985 4196 cum
2011 4159 2138 4201 ecce

553 4229 613 4271 se
636 4218 686 4271 ei
721 4219 976 4275 munifica
1024 4221 1348 4280 mirabiliter
1371 4226 1601 4295 praebuit
1628 4229 1806 4284 divina
1829 4230 2136 4290 clementia.

551 4304 611 4362 In
636 4317 839 4365 tantum
869 4328 1103 4384 namque
1128 4314 1239 4383 jam
1272 4318 1622 4385 vexabantur,
1650 4331 1706 4373 ut
1735 4337 1857 4375 cum
1881 4324 2138 4382 satellites

551 4413 617 4454 ac
646 4402 845 4459 milites
895 4405 1150 4461 deserere
1201 4410 1614 4465 meditarentur.
1644 4411 1778 4468 Cum
1826 4428 1973 4482 ecce,
2011 4416 2140 4488 Jop-

2242 3229 2369 3275 voto
2394 3221 2753 3277 confessionis
2805 3224 3154 3290 occumbens,
3199 3239 3272 3280 ex
3324 3226 3596 3297 praedicato
3631 3224 3757 3279 milite

2241 3313 2641 3384 prtedicandum
2684 3315 2737 3369 in
2771 3316 2966 3370 saecula
2992 3325 3294 3388 martyrem
3327 3317 3470 3373 fecit.
3496 3318 3643 3373 Isdem
3659 3315 3758 3371 Ger.

2239 3410 2423 3461 vasius
2443 3409 2758 3474 vocabatur,
2785 3410 2925 3480 apud
2954 3420 3191 3466 castrum
3217 3410 3479 3469 Basilicas
3499 3412 3607 3485 pagi
3631 3410 3755 3468 Sues-

2241 3502 2434 3557 sionici
2465 3490 2719 3558 nobiliter
2752 3504 3038 3559 oriundus.

2826 3599 3055 3656 CAPUT
3093 3600 3231 3657 XIV.

2258 3674 2263 3681 ἱ
2313 3690 2591 3765 [XLVIIL]
2620 3690 2751 3758 Qua:
2781 3692 2957 3747 retulit
2985 3690 3290 3759 Guibertus,
3316 3711 3349 3748 a
3377 3695 3497 3750 viris
3523 3694 3758 3749 sinceritate

2239 3786 2441 3856 ﬁdeque
2466 3787 2701 3855 prwditis
2745 3788 2961 3858 accepit.
3002 3819 3069 3829 —-
3093 3786 3219 3843 Haec
3247 3789 3523 3858 hactenus,
3573 3789 3664 3845 Deo
3705 3789 3761 3841 fa‘

2238 3889 2414 3944 vente,
2456 3880 2663 3950 digesta
2690 3896 2720 3933 a
2743 3880 2876 3935 viris
2900 3882 3208 3937 omnimoda
3240 3884 3482 3952 praeditis
3505 3883 3756 3938 sinceritate

2239 3969 2621 4039 comperimus.
2654 3970 2756 4038 Qui
2788 3971 2831 4026 si
2870 3972 3104 4041 uspiam,
3138 3972 3372 4030 aliorum
3408 3975 3569 4031 secuti
3604 3973 3762 4043 opinio-

2239 4076 2355 4125 nes,
2383 4059 2502 4115 falsi
2540 4076 2747 4126 sumus,
2781 4062 2961 4118 studio
2988 4078 3334 4135 nequaquam
3362 4066 3569 4123 fallendi
3592 4067 3636 4121 id
3664 4064 3757 4119 feci-

2238 4168 2377 4209 mus.
2429 4153 2644 4209 Gratlns
2680 4155 2888 4225 agimus
2928 4157 3061 4223 Deo,
3111 4158 3353 4215 civitatis
3402 4159 3543 4215 illius
3586 4166 3761 4221 sanctae,

2238 4259 2337 4315 per
2388 4254 2696 4301 nostrorum
2749 4246 2945 4313 studia,
2995 4248 3368 4319 Redemptori.
3420 4250 3535 4320 Ipse
3576 4261 3759 4317 namque

2238 4338 2426 4392 eadem
2457 4353 2579 4393 cum
2607 4338 2843 4394 obsideri
2874 4340 3151 4409 coepisset,
3202 4341 3420 4397 cuidam
3451 4342 3505 4396 in
3548 4338 3760 4396 Bethania

2238 4430 2553 4486 consistenti
2586 4433 2942 4499 anachoritae,
2975 4433 3052 4489 uti
3094 4449 3193 4503 pro
3219 4444 3376 4490 certo
3402 4436 3557 4491 nobis
3582 4434 3761 4489 relatum

549 4491 674 4560 pitu}
697 4492 922 4561 juvenes
953 4512 1075 4552 cum
1113 4498 1347 4565 lavandi,
1387 4502 1497 4556 imo
1527 4502 1743 4559 ludendi
1784 4508 1959 4577 gratia
1990 4494 2135 4566 haud

2240 4530 2342 4587 est,
2402 4522 2664 4578 revelavit
2710 4526 2985 4581 civitatem
3051 4526 3271 4598 quidem
3327 4527 3474 4583 illam
3524 4523 3763 4582 instantius

550 4584 738 4651 procul
766 4600 796 4640 a
829 4587 996 4642 maris
1022 4587 1206 4645 littore
1234 4601 1629 4663 mergerentur,
1678 4600 1958 4666 reperiunt
1998 4617 2129 4671 qua-

549 4677 673 4730 dam
694 4679 779 4732 die
802 4679 853 4732 in
883 4680 999 4751 ipso
1025 4698 1312 4738 arenarum
1339 4685 1545 4756 salique
1567 4687 1836 4760 confligio,
1864 4695 2130 4751 manticas

548 4771 759 4842 magnis
787 4775 903 4829 auri
931 4778 1256 4845 ponderibus
1289 4778 1495 4849 plenas,
1530 4798 1664 4853 quas
1696 4786 1991 4842 amiserant
2022 4787 2139 4860 Ve:

546 5059 763 5118 sperato
787 5059 842 5104 et
869 5067 1022 5106 novae
1045 5052 1443 5112 Christianitati
1472 5058 1751 5127 praebuere
1785 5060 2057 5117 solatium.

619 5142 902 5214 [XLVL]
955 5144 1063 5200 Cur
1111 5163 1325 5201 uxorem
1389 5166 1481 5204 rea:
1540 5152 1850 5221 repudiarit.
1907 5185 1977 5195 —
2023 5155 2129 5213 Sed

545 5236 799 5303 quoniam
832 5235 1113 5294 calumniae
1155 5248 1343 5310 patere
1394 5240 1747 5311 dignoscitur,
1799 5246 1925 5315 quia
1972 5249 2128 5305 uxori

543 5329 743 5384 dicitur
776 5333 988 5390 dedisse
1032 5334 1331 5405 repudium,
1364 5351 1522 5392 causa
1547 5338 1625 5395 sic
1653 5341 1901 5397 traditur.
1939 5343 2130 5401 Mulier

543 5417 660 5490 ipsa
672 5437 735 5477 ex
755 5426 972 5496 optimis
995 5436 1154 5482 terrae
1172 5428 1398 5485 oriunda
1415 5432 1723 5502 gentilibus,
1737 5444 1858 5506 post
1874 5439 2127 5495 maritum

542 5511 660 5584 ipso
673 5514 893 5583 jubente
918 5520 1344 5593 Hierosolymam
1373 5526 1618 5592 tendens,
1638 5528 1706 5582 ad
1722 5538 1935 5600 portum
1959 5545 2130 5601 usque

547 5605 731 5664 Sancti
764 5609 1054 5680 Simeonis,
1083 5617 1291 5672 marina
1324 5620 1625 5687 evectione,
1656 5622 1968 5679 devenerat.
1994 5625 2124 5692 Quae

543 5698 597 5755 in
638 5702 955 5761 celeriorem
987 5708 1058 5762 ibi
1112 5713 1372 5769 translata
1418 5716 1682 5781 carinam,
1728 5716 1855 5772 dum
1905 5734 2127 5775 cursum

544 5804 701 5851 suum
729 5796 984 5867 expedire
1009 5799 1221 5871 nititur,
1253 5805 1307 5860 in
1335 5805 1566 5863 insulam
1598 5807 1891 5879 quamdam
1913 5808 2122 5867 barba-

548 4866 701 4931 netii,
732 4882 867 4936 quos
895 4868 965 4924 ibi
1000 4872 1317 4928 constiterat
1342 4873 1569 4945 fregisse
1591 4878 1827 4934 carinas.
1858 4878 1989 4946 Quae
2016 4874 2155 4955 regii,
2192 4863 2208 4919 ἵ

546 4956 757 5025 delatae,
794 4961 1005 5015 eunetis
1040 4964 1358 5020 miraculum
1402 4966 1697 5024 ineffabile!
1733 4973 1845 5041 regi
1876 4986 2011 5038 pene
2040 4964 2152 5028 de-i

2236 4615 2612 4680 obsidendam,
2651 4614 2765 4670 solo
2812 4625 2990 4672 autem
3047 4618 3135 4674 die
3182 4617 3514 4675 Parasceves
3559 4615 3764 4673 invaden-

2235 4708 2382 4774 dam,
2407 4710 2539 4764 hora
2562 4722 2690 4764 vero
2713 4724 2818 4778 qua
2840 4710 3090 4766 Christus
3111 4713 3259 4767 cruci
3286 4712 3474 4768 illatus
3496 4719 3575 4767 est
3592 4708 3762 4779 capien-

2234 4802 2379 4867 dam,
2412 4809 2473 4855 ut
2500 4815 2559 4855 se
2589 4815 2709 4855 esse
2740 4800 3050 4858 ostenderet
3102 4804 3193 4872 qui
3232 4818 3357 4859 eam
3407 4805 3577 4859 denuo
3616 4817 3641 4855 a
3679 4798 3763 4854 suis

2204 4892 2511 4957 “aerumnis,
2562 4897 2930 4949 membrorum
2963 4910 3181 4951 suorum
3230 4896 3440 4964 dolore,
3497 4896 3761 4953 redimeret.

2231 4981 2358 5037 Haec
2383 4983 2467 5037 vir
2520 4984 2712 5050 isdem,
2763 4986 2956 5042 accitis
3011 4988 3333 5057 quibusdam
3383 4996 3581 5044 nostrae
3631 4982 3764 5055 partis

2231 5073 2586 5144 principibus,
2610 5075 2890 5141 indicavit,
2915 5092 3036 5147 quae
3055 5080 3234 5135 omnia
3260 5079 3458 5137 modus
3470 5078 3611 5134 urbis
3630 5082 3764 5144 capue

2229 5166 2499 5235 probavit.
2537 5166 2755 5223 Gratias
2804 5168 2987 5224 itidem
3039 5171 3169 5240 Deo,
3219 5172 3311 5243 qui
3359 5188 3459 5229 sua
3502 5171 3658 5235 faeta,
3691 5178 3766 5221 suo

2232 5257 2464 5330 Spiritu,
2486 5275 2581 5316 ore
2617 5260 2806 5316 nostro
2831 5265 3157 5333 composuit.

2300 5352 2589 5419 Caeterum,
2619 5354 2663 5408 si
2693 5355 2967 5424 quidpiam
3002 5358 3071 5412 ab
3106 5356 3193 5414 bis
3236 5358 3420 5416 minus
3450 5375 3568 5431 qua:
3601 5354 3767 5412 assolet

2228 5444 2403 5501 Julius
2435 5444 2618 5501 Caesar
2641 5462 2764 5502 cum
2795 5447 2978 5504 Hircio
3006 5448 3209 5521 Pansa,
3240 5452 3291 5507 in
3323 5452 3558 5509 Historia
3583 5445 3763 5512 Gallici,

2229 5536 2529 5606 Ilispanici,
2548 5537 3231 5607 Pharsalici,Alexandrini
3251 5543 3622 5615 Numidicique
3644 5539 3763 5599 belli.

2229 5628 2515 5699 diligenter
2559 5630 2836 5701 putabitur
2876 5633 3225 5703 explicatum,
3258 5634 3513 5690 nimirum
3544 5628 3765 5706 perpendi

2229 5723 2387 5778 debet
2410 5723 2630 5778 eosdem
2672 5723 2819 5793 ipsos
2849 5726 2941 5793 qui
2979 5724 3209 5782 fecerint
3260 5735 3314 5782 et
3348 5729 3443 5799 qui
3481 5724 3767 5797 scripserint

2229 5812 2385 5870 bellis
2425 5812 2753 5870 interfuisse.
2804 5813 2957 5873 Unde
2991 5818 3049 5873 lit
3088 5827 3146 5875 ut
3180 5820 3248 5876 ab
3295 5833 3487 5875 eorum
3541 5816 3765 5875 relatibus
