  <div class='ocr_page' id='page_1' title='image "/cluster/home/n/w/nwhite01/storage/ocr_20150623/156/hvd.32044010683712/422.png"; bbox 0 0 3980 6324; ppageno 0'>
   <div class='ocr_carea' id='block_1_1' title="bbox 212 312 313 373">
    <p class='ocr_par' dir='ltr' id='par_1_1' title="bbox 212 312 313 373">
     <span class='ocr_line' id='line_1_1' title="bbox 212 312 313 373; baseline -0.03 0"><span class='ocrx_word' id='word_1_1' title='bbox 212 312 313 373; x_wconf 74' lang='lat'><strong>853</strong></span> 
     </span>
    </p>
   </div>
   <div class='ocr_carea' id='block_1_2' title="bbox 1218 311 2569 373">
    <p class='ocr_par' dir='ltr' id='par_1_2' title="bbox 1218 311 2569 373">
     <span class='ocr_line' id='line_1_2' title="bbox 1218 311 2569 373; baseline 0.002 -3"><span class='ocrx_word' id='word_1_2' title='bbox 1218 354 1225 371; x_wconf 68' lang='grc' dir='ltr'>ι</span> <span class='ocrx_word' id='word_1_3' title='bbox 1294 311 1521 370; x_wconf 82' lang='lat' dir='ltr'><strong>GESTA</strong></span> <span class='ocrx_word' id='word_1_4' title='bbox 1547 312 1660 369; x_wconf 85' lang='lat' dir='ltr'><strong>DEI</strong></span> <span class='ocrx_word' id='word_1_5' title='bbox 1690 311 1824 369; x_wconf 80' lang='lat' dir='ltr'><strong>PER</strong></span> <span class='ocrx_word' id='word_1_6' title='bbox 1862 312 2201 373; x_wconf 81' lang='lat' dir='ltr'><strong>FRANCOS.</strong></span> <span class='ocrx_word' id='word_1_7' title='bbox 2237 316 2451 373; x_wconf 89' lang='lat' dir='ltr'><strong>--LlB.</strong></span> <span class='ocrx_word' id='word_1_8' title='bbox 2477 316 2569 373; x_wconf 68' lang='grc' dir='ltr'><strong>ιχ.</strong></span> 
     </span>
    </p>
   </div>
   <div class='ocr_carea' id='block_1_3' title="bbox 3392 326 3500 387">
    <p class='ocr_par' dir='ltr' id='par_1_3' title="bbox 3392 326 3500 387">
     <span class='ocr_line' id='line_1_3' title="bbox 3392 326 3500 387; baseline 0.028 -3"><span class='ocrx_word' id='word_1_9' title='bbox 3392 326 3500 387; x_wconf 67' lang='grc'><strong>854</strong></span> 
     </span>
    </p>
   </div>
   <div class='ocr_carea' id='block_1_4' title="bbox 215 430 3496 506">
    <p class='ocr_par' dir='ltr' id='par_1_4' title="bbox 215 430 3496 506">
     <span class='ocr_line' id='line_1_4' title="bbox 215 430 3496 506; baseline 0.003 -18"><span class='ocrx_word' id='word_1_10' title='bbox 215 432 351 488; x_wconf 83' lang='lat' dir='ltr'><strong>nihil</strong></span> <span class='ocrx_word' id='word_1_11' title='bbox 378 433 710 505; x_wconf 83' lang='lat' dir='ltr'><strong>excipiatur,</strong></span> <span class='ocrx_word' id='word_1_12' title='bbox 732 447 852 503; x_wconf 79' lang='lat' dir='ltr'><strong>quae</strong></span> <span class='ocrx_word' id='word_1_13' title='bbox 879 431 1208 501; x_wconf 75' lang='lat' dir='ltr'><strong>generaliter</strong></span> <span class='ocrx_word' id='word_1_14' title='bbox 1236 430 1655 500; x_wconf 86' lang='lat' dir='ltr'><strong>specialiterque</strong></span> <span class='ocrx_word' id='word_1_15' title='bbox 1678 438 1805 485; x_wconf 87' lang='lat' dir='ltr'><strong>sunt</strong></span> <span class='ocrx_word' id='word_1_16' title='bbox 1833 433 1880 489; x_wconf 84' lang='grc' dir='ltr'><strong>Α</strong></span> <span class='ocrx_word' id='word_1_17' title='bbox 1905 440 2007 496; x_wconf 88' lang='lat' dir='ltr'><strong>ret,</strong></span> <span class='ocrx_word' id='word_1_18' title='bbox 2032 433 2249 488; x_wconf 93' lang='lat' dir='ltr'><strong>collium</strong></span> <span class='ocrx_word' id='word_1_19' title='bbox 2279 449 2660 506; x_wconf 81' lang='lat' dir='ltr'><strong>praeoccupare</strong></span> <span class='ocrx_word' id='word_1_20' title='bbox 2684 436 2932 504; x_wconf 90' lang='lat' dir='ltr'><strong>vicinias,</strong></span> <span class='ocrx_word' id='word_1_21' title='bbox 2962 436 3209 494; x_wconf 92' lang='lat' dir='ltr'><strong>locorum</strong></span> <span class='ocrx_word' id='word_1_22' title='bbox 3249 453 3496 497; x_wconf 89' lang='lat' dir='ltr'><strong>summo-</strong></span> 
     </span>
    </p>
   </div>
   <div class='ocr_carea' id='block_1_5' title="bbox 218 521 1806 594">
    <p class='ocr_par' dir='ltr' id='par_1_5' title="bbox 218 521 1806 594">
     <span class='ocr_line' id='line_1_5' title="bbox 218 521 1806 594; baseline -0.003 -14"><span class='ocrx_word' id='word_1_23' title='bbox 218 534 377 580; x_wconf 87' lang='lat' dir='ltr'><strong>acta:</strong></span> <span class='ocrx_word' id='word_1_24' title='bbox 403 533 542 594; x_wconf 91' lang='lat' dir='ltr'><strong>quot</strong></span> <span class='ocrx_word' id='word_1_25' title='bbox 570 525 698 580; x_wconf 91' lang='lat' dir='ltr'><strong>hinc</strong></span> <span class='ocrx_word' id='word_1_26' title='bbox 725 522 911 587; x_wconf 86' lang='lat' dir='ltr'><strong>millia,</strong></span> <span class='ocrx_word' id='word_1_27' title='bbox 951 530 1083 592; x_wconf 87' lang='lat' dir='ltr'><strong>quot</strong></span> <span class='ocrx_word' id='word_1_28' title='bbox 1117 537 1148 578; x_wconf 92' lang='lat' dir='ltr'><strong>e</strong></span> <span class='ocrx_word' id='word_1_29' title='bbox 1185 523 1411 594; x_wconf 83' lang='lat' dir='ltr'><strong>regione</strong></span> <span class='ocrx_word' id='word_1_30' title='bbox 1441 522 1682 588; x_wconf 89' lang='lat' dir='ltr'><strong>fuerunt,</strong></span> <span class='ocrx_word' id='word_1_31' title='bbox 1713 521 1806 593; x_wconf 91' lang='lat' dir='ltr'><strong>qui</strong></span> 
     </span>
    </p>
   </div>
   <div class='ocr_carea' id='block_1_6' title="bbox 218 612 1809 688">
    <p class='ocr_par' dir='ltr' id='par_1_6' title="bbox 218 612 1809 688">
     <span class='ocr_line' id='line_1_6' title="bbox 218 612 1809 688; baseline -0.003 -17"><span class='ocrx_word' id='word_1_32' title='bbox 218 626 500 688; x_wconf 75' lang='lat' dir='ltr'><strong>praetores,</strong></span> <span class='ocrx_word' id='word_1_33' title='bbox 534 616 628 685; x_wconf 88' lang='lat' dir='ltr'><strong>qui</strong></span> <span class='ocrx_word' id='word_1_34' title='bbox 663 613 824 685; x_wconf 85' lang='lat' dir='ltr'><strong>legati</strong></span> <span class='ocrx_word' id='word_1_35' title='bbox 850 613 977 669; x_wconf 86' lang='lat' dir='ltr'><strong>huic</strong></span> <span class='ocrx_word' id='word_1_36' title='bbox 1002 613 1320 669; x_wconf 77' lang='lat' dir='ltr'><strong>distinendae</strong></span> <span class='ocrx_word' id='word_1_37' title='bbox 1346 615 1552 680; x_wconf 90' lang='lat' dir='ltr'><strong>manui,</strong></span> <span class='ocrx_word' id='word_1_38' title='bbox 1588 613 1682 684; x_wconf 86' lang='lat' dir='ltr'><strong>qui</strong></span> <span class='ocrx_word' id='word_1_39' title='bbox 1710 612 1809 668; x_wconf 87' lang='lat' dir='ltr'><strong>du-</strong></span> 
     </span>
    </p>
   </div>
   <div class='ocr_carea' id='block_1_7' title="bbox 218 703 1809 778">
    <p class='ocr_par' dir='ltr' id='par_1_7' title="bbox 218 703 1809 778">
     <span class='ocr_line' id='line_1_7' title="bbox 218 703 1809 778; baseline -0.004 -14"><span class='ocrx_word' id='word_1_40' title='bbox 218 723 336 775; x_wconf 91' lang='lat' dir='ltr'><strong>ces,</strong></span> <span class='ocrx_word' id='word_1_41' title='bbox 375 708 470 778; x_wconf 89' lang='lat' dir='ltr'><strong>qui</strong></span> <span class='ocrx_word' id='word_1_42' title='bbox 513 706 729 762; x_wconf 87' lang='lat' dir='ltr'><strong>aliunde</strong></span> <span class='ocrx_word' id='word_1_43' title='bbox 755 704 1030 777; x_wconf 85' lang='lat' dir='ltr'><strong>principes</strong></span> <span class='ocrx_word' id='word_1_44' title='bbox 1051 703 1408 773; x_wconf 81' lang='lat' dir='ltr'><strong>praefuerunt,</strong></span> <span class='ocrx_word' id='word_1_45' title='bbox 1440 705 1570 777; x_wconf 91' lang='lat' dir='ltr'><strong>quid</strong></span> <span class='ocrx_word' id='word_1_46' title='bbox 1599 703 1809 774; x_wconf 90' lang='lat' dir='ltr'><strong>equita-</strong></span> 
     </span>
    </p>
   </div>
   <div class='ocr_carea' id='block_1_8' title="bbox 220 798 1809 870">
    <p class='ocr_par' dir='ltr' id='par_1_8' title="bbox 220 798 1809 870">
     <span class='ocr_line' id='line_1_8' title="bbox 220 798 1809 870; baseline 0 -16"><span class='ocrx_word' id='word_1_47' title='bbox 220 809 329 863; x_wconf 88' lang='lat' dir='ltr'><strong>tus,</strong></span> <span class='ocrx_word' id='word_1_48' title='bbox 366 801 495 870; x_wconf 90' lang='lat' dir='ltr'><strong>quid</strong></span> <span class='ocrx_word' id='word_1_49' title='bbox 545 798 682 854; x_wconf 85' lang='lat' dir='ltr'><strong>levis</strong></span> <span class='ocrx_word' id='word_1_50' title='bbox 721 807 998 853; x_wconf 77' lang='lat' dir='ltr'><strong>armatura</strong></span> <span class='ocrx_word' id='word_1_51' title='bbox 1047 802 1343 868; x_wconf 77' lang='lat' dir='ltr'><strong>peregerit,</strong></span> <span class='ocrx_word' id='word_1_52' title='bbox 1404 807 1536 867; x_wconf 88' lang='lat' dir='ltr'><strong>quot</strong></span> <span class='ocrx_word' id='word_1_53' title='bbox 1587 798 1809 870; x_wconf 87' lang='lat' dir='ltr'><strong>spiculis</strong></span> 
     </span>
    </p>
   </div>
   <div class='ocr_carea' id='block_1_9' title="bbox 221 889 1807 961">
    <p class='ocr_par' dir='ltr' id='par_1_9' title="bbox 221 889 1807 961">
     <span class='ocr_line' id='line_1_9' title="bbox 221 889 1807 961; baseline 0 -15"><span class='ocrx_word' id='word_1_54' title='bbox 221 899 378 946; x_wconf 88' lang='lat' dir='ltr'><strong>scuta</strong></span> <span class='ocrx_word' id='word_1_55' title='bbox 421 889 673 961; x_wconf 72' lang='lat' dir='ltr'><strong>trajecta,</strong></span> <span class='ocrx_word' id='word_1_56' title='bbox 722 896 780 944; x_wconf 85' lang='lat' dir='ltr'><strong>et</strong></span> <span class='ocrx_word' id='word_1_57' title='bbox 825 898 885 943; x_wconf 90' lang='lat' dir='ltr'><strong>ut.</strong></span> <span class='ocrx_word' id='word_1_58' title='bbox 940 904 1129 945; x_wconf 90' lang='lat' dir='ltr'><strong>eorum</strong></span> <span class='ocrx_word' id='word_1_59' title='bbox 1171 889 1389 961; x_wconf 85' lang='lat' dir='ltr'><strong>proprie</strong></span> <span class='ocrx_word' id='word_1_60' title='bbox 1432 890 1615 946; x_wconf 85' lang='lat' dir='ltr'><strong>verbis</strong></span> <span class='ocrx_word' id='word_1_61' title='bbox 1662 900 1807 958; x_wconf 90' lang='lat' dir='ltr'><strong>utar,</strong></span> 
     </span>
    </p>
   </div>
   <div class='ocr_carea' id='block_1_10' title="bbox 228 982 1810 1054">
    <p class='ocr_par' dir='ltr' id='par_1_10' title="bbox 228 982 1810 1054">
     <span class='ocr_line' id='line_1_10' title="bbox 228 982 1810 1054; baseline 0.001 -19"><span class='ocrx_word' id='word_1_62' title='bbox 228 1002 247 1035; x_wconf 78' lang='grc' dir='ltr'>ι</span> <span class='ocrx_word' id='word_1_63' title='bbox 292 991 585 1054; x_wconf 87' lang='lat' dir='ltr'><strong>postquam</strong></span> <span class='ocrx_word' id='word_1_64' title='bbox 632 982 906 1049; x_wconf 88' lang='lat' dir='ltr'><strong>consules,</strong></span> <span class='ocrx_word' id='word_1_65' title='bbox 935 990 1027 1037; x_wconf 84' lang='lat' dir='ltr'><strong>aut</strong></span> <span class='ocrx_word' id='word_1_66' title='bbox 1073 995 1171 1051; x_wconf 77' lang='lat' dir='ltr'><strong>pro</strong></span> <span class='ocrx_word' id='word_1_67' title='bbox 1201 982 1514 1038; x_wconf 85' lang='lat' dir='ltr'><strong>consulibus</strong></span> <span class='ocrx_word' id='word_1_68' title='bbox 1561 983 1810 1038; x_wconf 87' lang='lat' dir='ltr'><strong>cecinere</strong></span> 
     </span>
    </p>
   </div>
   <div class='ocr_carea' id='block_1_11' title="bbox 222 1075 1812 1147">
    <p class='ocr_par' dir='ltr' id='par_1_11' title="bbox 222 1075 1812 1147">
     <span class='ocr_line' id='line_1_11' title="bbox 222 1075 1812 1147; baseline -0.001 -17"><span class='ocrx_word' id='word_1_69' title='bbox 222 1076 492 1146; x_wconf 85' lang='lat' dir='ltr'><strong>receptui,</strong></span> <span class='ocrx_word' id='word_1_70' title='bbox 509 1094 528 1127; x_wconf 76' lang='grc' dir='ltr'><strong><em>ι</em></strong></span> <span class='ocrx_word' id='word_1_71' title='bbox 568 1089 699 1146; x_wconf 87' lang='lat' dir='ltr'><strong>quot</strong></span> <span class='ocrx_word' id='word_1_72' title='bbox 730 1076 997 1146; x_wconf 88' lang='lat' dir='ltr'><strong>dirempto</strong></span> <span class='ocrx_word' id='word_1_73' title='bbox 1020 1078 1207 1147; x_wconf 82' lang='lat' dir='ltr'><strong>praelio</strong></span> <span class='ocrx_word' id='word_1_74' title='bbox 1228 1076 1338 1131; x_wconf 90' lang='lat' dir='ltr'><strong>sint</strong></span> <span class='ocrx_word' id='word_1_75' title='bbox 1361 1075 1812 1144; x_wconf 88' lang='lat' dir='ltr'><strong>desiderati,quot</strong></span> 
     </span>
    </p>
   </div>
   <div class='ocr_carea' id='block_1_12' title="bbox 221 1164 1810 1236">
    <p class='ocr_par' dir='ltr' id='par_1_12' title="bbox 221 1164 1810 1236">
     <span class='ocr_line' id='line_1_12' title="bbox 221 1164 1810 1236; baseline -0.002 -14"><span class='ocrx_word' id='word_1_76' title='bbox 221 1167 419 1222; x_wconf 83' lang='lat' dir='ltr'><strong>saucii.</strong></span> <span class='ocrx_word' id='word_1_77' title='bbox 450 1166 559 1222; x_wconf 82' lang='lat' dir='ltr'><strong>Nos</strong></span> <span class='ocrx_word' id='word_1_78' title='bbox 591 1166 683 1236; x_wconf 91' lang='lat' dir='ltr'><strong>qui</strong></span> <span class='ocrx_word' id='word_1_79' title='bbox 714 1166 832 1223; x_wconf 84' lang='lat' dir='ltr'><strong>haec</strong></span> <span class='ocrx_word' id='word_1_80' title='bbox 860 1166 1171 1234; x_wconf 82' lang='lat' dir='ltr'><strong>scribimus,</strong></span> <span class='ocrx_word' id='word_1_81' title='bbox 1203 1167 1346 1222; x_wconf 86' lang='lat' dir='ltr'><strong>sicut</strong></span> <span class='ocrx_word' id='word_1_82' title='bbox 1389 1165 1496 1219; x_wconf 89' lang='lat' dir='ltr'><strong>alia</strong></span> <span class='ocrx_word' id='word_1_83' title='bbox 1545 1164 1810 1234; x_wconf 87' lang='lat' dir='ltr'><strong>professio</strong></span> 
     </span>
    </p>
   </div>
   <div class='ocr_carea' id='block_1_13' title="bbox 222 1254 1808 1328">
    <p class='ocr_par' dir='ltr' id='par_1_13' title="bbox 222 1254 1808 1328">
     <span class='ocr_line' id='line_1_13' title="bbox 222 1254 1808 1328; baseline -0.003 -14"><span class='ocrx_word' id='word_1_84' title='bbox 222 1256 449 1322; x_wconf 83' lang='lat' dir='ltr'><strong>detinet,</strong></span> <span class='ocrx_word' id='word_1_85' title='bbox 478 1266 534 1312; x_wconf 91' lang='lat' dir='ltr'><strong>et</strong></span> <span class='ocrx_word' id='word_1_86' title='bbox 565 1273 750 1313; x_wconf 90' lang='lat' dir='ltr'><strong>rerum</strong></span> <span class='ocrx_word' id='word_1_87' title='bbox 781 1256 920 1313; x_wconf 88' lang='lat' dir='ltr'><strong>visio</strong></span> <span class='ocrx_word' id='word_1_88' title='bbox 942 1257 1144 1312; x_wconf 90' lang='lat' dir='ltr'><strong>nullam</strong></span> <span class='ocrx_word' id='word_1_89' title='bbox 1173 1257 1378 1328; x_wconf 62' lang='lat' dir='ltr'><strong>praebet</strong></span> <span class='ocrx_word' id='word_1_90' title='bbox 1415 1254 1723 1320; x_wconf 85' lang='lat' dir='ltr'><strong>audaciam,</strong></span> <span class='ocrx_word' id='word_1_91' title='bbox 1753 1254 1808 1310; x_wconf 91' lang='lat' dir='ltr'><strong>in</strong></span> 
     </span>
    </p>
   </div>
   <div class='ocr_carea' id='block_1_14' title="bbox 222 1346 1807 1419">
    <p class='ocr_par' dir='ltr' id='par_1_14' title="bbox 222 1346 1807 1419">
     <span class='ocr_line' id='line_1_14' title="bbox 222 1346 1807 1419; baseline -0.001 -17"><span class='ocrx_word' id='word_1_92' title='bbox 222 1346 507 1403; x_wconf 89' lang='lat' dir='ltr'><strong>referendo</strong></span> <span class='ocrx_word' id='word_1_93' title='bbox 530 1347 713 1403; x_wconf 89' lang='lat' dir='ltr'><strong>audita</strong></span> <span class='ocrx_word' id='word_1_94' title='bbox 742 1348 1054 1404; x_wconf 89' lang='lat' dir='ltr'><strong>censuimus</strong></span> <span class='ocrx_word' id='word_1_95' title='bbox 1078 1348 1364 1419; x_wconf 88' lang='lat' dir='ltr'><strong>aliquoties</strong></span> <span class='ocrx_word' id='word_1_96' title='bbox 1392 1346 1555 1400; x_wconf 84' lang='lat' dir='ltr'><strong>etiam</strong></span> <span class='ocrx_word' id='word_1_97' title='bbox 1586 1358 1807 1415; x_wconf 90' lang='lat' dir='ltr'><strong>parsum</strong></span> 
     </span>
    </p>
   </div>
   <div class='ocr_carea' id='block_1_15' title="bbox 221 1436 1809 1511">
    <p class='ocr_par' dir='ltr' id='par_1_15' title="bbox 221 1436 1809 1511">
     <span class='ocr_line' id='line_1_15' title="bbox 221 1436 1809 1511; baseline -0.001 -17"><span class='ocrx_word' id='word_1_98' title='bbox 221 1439 309 1494; x_wconf 91' lang='lat' dir='ltr'><strong>iri.</strong></span> <span class='ocrx_word' id='word_1_99' title='bbox 347 1439 430 1493; x_wconf 75' lang='lat' dir='ltr'><strong>Ex</strong></span> <span class='ocrx_word' id='word_1_100' title='bbox 462 1438 803 1496; x_wconf 85' lang='lat' dir='ltr'><strong>Julianorum</strong></span> <span class='ocrx_word' id='word_1_101' title='bbox 856 1440 1144 1511; x_wconf 87' lang='lat' dir='ltr'><strong>disciplina</strong></span> <span class='ocrx_word' id='word_1_102' title='bbox 1196 1439 1478 1510; x_wconf 90' lang='lat' dir='ltr'><strong>quiritum,</strong></span> <span class='ocrx_word' id='word_1_103' title='bbox 1525 1436 1809 1508; x_wconf 87' lang='lat' dir='ltr'><strong>legionarii</strong></span> 
     </span>
    </p>
   </div>
   <div class='ocr_carea' id='block_1_16' title="bbox 218 1526 1810 1600">
    <p class='ocr_par' dir='ltr' id='par_1_16' title="bbox 218 1526 1810 1600">
     <span class='ocr_line' id='line_1_16' title="bbox 218 1526 1810 1600; baseline -0.001 -17"><span class='ocrx_word' id='word_1_104' title='bbox 218 1528 442 1595; x_wconf 90' lang='lat' dir='ltr'><strong>milites,</strong></span> <span class='ocrx_word' id='word_1_105' title='bbox 469 1537 685 1597; x_wconf 82' lang='lat' dir='ltr'><strong>turmae,</strong></span> <span class='ocrx_word' id='word_1_106' title='bbox 709 1530 968 1600; x_wconf 87' lang='lat' dir='ltr'><strong>manipuli</strong></span> <span class='ocrx_word' id='word_1_107' title='bbox 988 1539 1044 1585; x_wconf 90' lang='lat' dir='ltr'><strong>et</strong></span> <span class='ocrx_word' id='word_1_108' title='bbox 1068 1530 1321 1585; x_wconf 88' lang='lat' dir='ltr'><strong>cohortes</strong></span> <span class='ocrx_word' id='word_1_109' title='bbox 1349 1542 1450 1600; x_wconf 90' lang='lat' dir='ltr'><strong>pro</strong></span> <span class='ocrx_word' id='word_1_110' title='bbox 1480 1526 1593 1582; x_wconf 90' lang='lat' dir='ltr'><strong>suis</strong></span> <span class='ocrx_word' id='word_1_111' title='bbox 1610 1528 1810 1598; x_wconf 92' lang='lat' dir='ltr'><strong>quique</strong></span> 
     </span>
    </p>
   </div>
   <div class='ocr_carea' id='block_1_17' title="bbox 215 1622 1805 1695">
    <p class='ocr_par' dir='ltr' id='par_1_17' title="bbox 215 1622 1805 1695">
     <span class='ocr_line' id='line_1_17' title="bbox 215 1622 1805 1695; baseline -0.001 -18"><span class='ocrx_word' id='word_1_112' title='bbox 215 1622 568 1689; x_wconf 84' lang='lat' dir='ltr'><strong>cogebantur,</strong></span> <span class='ocrx_word' id='word_1_113' title='bbox 586 1623 758 1695; x_wconf 87' lang='lat' dir='ltr'><strong>signis</strong></span> <span class='ocrx_word' id='word_1_114' title='bbox 785 1623 1061 1688; x_wconf 84' lang='lat' dir='ltr'><strong>assistere,</strong></span> <span class='ocrx_word' id='word_1_115' title='bbox 1088 1631 1309 1694; x_wconf 88' lang='lat' dir='ltr'><strong>propter</strong></span> <span class='ocrx_word' id='word_1_116' title='bbox 1329 1631 1635 1694; x_wconf 90' lang='lat' dir='ltr'><strong>opportuna</strong></span> <span class='ocrx_word' id='word_1_117' title='bbox 1664 1622 1805 1687; x_wconf 88' lang='lat' dir='ltr'><strong>loca,</strong></span> 
     </span>
    </p>
   </div>
   <div class='ocr_carea' id='block_1_18' title="bbox 212 1714 1809 1787">
    <p class='ocr_par' dir='ltr' id='par_1_18' title="bbox 212 1714 1809 1787">
     <span class='ocr_line' id='line_1_18' title="bbox 212 1714 1809 1787; baseline 0.002 -21"><span class='ocrx_word' id='word_1_118' title='bbox 212 1727 517 1774; x_wconf 76' lang='lat' dir='ltr'><strong>nonsecus</strong></span> <span class='ocrx_word' id='word_1_119' title='bbox 551 1730 616 1771; x_wconf 89' lang='lat' dir='ltr'><strong>ac</strong></span> <span class='ocrx_word' id='word_1_120' title='bbox 654 1716 848 1787; x_wconf 86' lang='lat' dir='ltr'><strong>oppida</strong></span> <span class='ocrx_word' id='word_1_121' title='bbox 888 1716 973 1771; x_wconf 92' lang='lat' dir='ltr'><strong>vel</strong></span> <span class='ocrx_word' id='word_1_122' title='bbox 1020 1717 1202 1781; x_wconf 90' lang='lat' dir='ltr'><strong>urbes,</strong></span> <span class='ocrx_word' id='word_1_123' title='bbox 1243 1724 1422 1771; x_wconf 87' lang='lat' dir='ltr'><strong>castra</strong></span> <span class='ocrx_word' id='word_1_124' title='bbox 1466 1716 1612 1771; x_wconf 88' lang='lat' dir='ltr'><strong>vallo</strong></span> <span class='ocrx_word' id='word_1_125' title='bbox 1642 1714 1809 1770; x_wconf 84' lang='lat' dir='ltr'><strong>turri-</strong></span> 
     </span>
    </p>
   </div>
   <div class='ocr_carea' id='block_1_19' title="bbox 208 1804 1809 1881">
    <p class='ocr_par' dir='ltr' id='par_1_19' title="bbox 208 1804 1809 1881">
     <span class='ocr_line' id='line_1_19' title="bbox 208 1804 1809 1881; baseline 0.001 -21"><span class='ocrx_word' id='word_1_126' title='bbox 208 1804 422 1876; x_wconf 88' lang='lat' dir='ltr'><strong>busque</strong></span> <span class='ocrx_word' id='word_1_127' title='bbox 447 1809 810 1881; x_wconf 75' lang='lat' dir='ltr'><strong>praecingere,</strong></span> <span class='ocrx_word' id='word_1_128' title='bbox 837 1809 930 1865; x_wconf 90' lang='lat' dir='ltr'><strong>ubi</strong></span> <span class='ocrx_word' id='word_1_129' title='bbox 960 1809 1201 1865; x_wconf 89' lang='lat' dir='ltr'><strong>acierum</strong></span> <span class='ocrx_word' id='word_1_130' title='bbox 1237 1810 1520 1879; x_wconf 87' lang='lat' dir='ltr'><strong>productio</strong></span> <span class='ocrx_word' id='word_1_131' title='bbox 1560 1808 1809 1865; x_wconf 87' lang='lat' dir='ltr'><strong>immine-</strong></span> 
     </span>
    </p>
   </div>
   <div class='ocr_carea' id='block_1_20' title="bbox 1911 525 3498 601">
    <p class='ocr_par' dir='ltr' id='par_1_20' title="bbox 1911 525 3498 601">
     <span class='ocr_line' id='line_1_20' title="bbox 1911 525 3498 601; baseline 0.006 -22"><span class='ocrx_word' id='word_1_132' title='bbox 1911 538 2042 596; x_wconf 89' lang='lat' dir='ltr'><strong>pere</strong></span> <span class='ocrx_word' id='word_1_133' title='bbox 2072 525 2385 594; x_wconf 88' lang='lat' dir='ltr'><strong>iniquitates</strong></span> <span class='ocrx_word' id='word_1_134' title='bbox 2414 526 2709 599; x_wconf 56' lang='lat' dir='ltr'><strong>excedere;</strong></span> <span class='ocrx_word' id='word_1_135' title='bbox 2756 528 2829 583; x_wconf 89' lang='lat' dir='ltr'><strong>ibi</strong></span> <span class='ocrx_word' id='word_1_136' title='bbox 2860 528 3109 584; x_wconf 89' lang='lat' dir='ltr'><strong>calonum</strong></span> <span class='ocrx_word' id='word_1_137' title='bbox 3151 530 3498 601; x_wconf 80' lang='lat' dir='ltr'><strong>lixarumque</strong></span> 
     </span>
    </p>
   </div>
   <div class='ocr_carea' id='block_1_21' title="bbox 1911 616 3495 693">
    <p class='ocr_par' dir='ltr' id='par_1_21' title="bbox 1911 616 3495 693">
     <span class='ocr_line' id='line_1_21' title="bbox 1911 616 3495 693; baseline 0.007 -22"><span class='ocrx_word' id='word_1_138' title='bbox 1911 631 2199 673; x_wconf 87' lang='lat' dir='ltr'><strong>numerosa</strong></span> <span class='ocrx_word' id='word_1_139' title='bbox 2228 616 2423 684; x_wconf 83' lang='lat' dir='ltr'><strong>ollicia,</strong></span> <span class='ocrx_word' id='word_1_140' title='bbox 2453 619 2725 677; x_wconf 80' lang='lat' dir='ltr'><strong>exercitus</strong></span> <span class='ocrx_word' id='word_1_141' title='bbox 2772 620 3164 693; x_wconf 90' lang='lat' dir='ltr'><strong>impedimenta</strong></span> <span class='ocrx_word' id='word_1_142' title='bbox 3201 625 3495 683; x_wconf 87' lang='lat' dir='ltr'><strong>ditissima.</strong></span> 
     </span>
    </p>
   </div>
   <div class='ocr_carea' id='block_1_22' title="bbox 1909 708 3497 786">
    <p class='ocr_par' dir='ltr' id='par_1_22' title="bbox 1909 708 3497 786">
     <span class='ocr_line' id='line_1_22' title="bbox 1909 708 3497 786; baseline 0.006 -22"><span class='ocrx_word' id='word_1_143' title='bbox 1909 708 1980 764; x_wconf 89' lang='lat' dir='ltr'><strong>At</strong></span> <span class='ocrx_word' id='word_1_144' title='bbox 2009 709 2168 778; x_wconf 82' lang='lat' dir='ltr'><strong>hujus</strong></span> <span class='ocrx_word' id='word_1_145' title='bbox 2194 709 2421 777; x_wconf 89' lang='lat' dir='ltr'><strong>ordinis,</strong></span> <span class='ocrx_word' id='word_1_146' title='bbox 2442 711 2550 767; x_wconf 90' lang='lat' dir='ltr'><strong>imo</strong></span> <span class='ocrx_word' id='word_1_147' title='bbox 2576 712 3019 785; x_wconf 84' lang='lat' dir='ltr'><strong>industriae,quia</strong></span> <span class='ocrx_word' id='word_1_148' title='bbox 3050 731 3187 786; x_wconf 89' lang='lat' dir='ltr'><strong>pene</strong></span> <span class='ocrx_word' id='word_1_149' title='bbox 3215 717 3295 773; x_wconf 90' lang='lat' dir='ltr'><strong>nil</strong></span> <span class='ocrx_word' id='word_1_150' title='bbox 3326 719 3497 774; x_wconf 76' lang='lat' dir='ltr'><strong>exsti-</strong></span> 
     </span>
    </p>
   </div>
   <div class='ocr_carea' id='block_1_23' title="bbox 1914 799 3494 875">
    <p class='ocr_par' dir='ltr' id='par_1_23' title="bbox 1914 799 3494 875">
     <span class='ocr_line' id='line_1_23' title="bbox 1914 799 3494 875; baseline 0.006 -20"><span class='ocrx_word' id='word_1_151' title='bbox 1914 800 1979 855; x_wconf 91' lang='lat' dir='ltr'><strong>tit</strong></span> <span class='ocrx_word' id='word_1_152' title='bbox 2018 799 2159 869; x_wconf 90' lang='lat' dir='ltr'><strong>apud</strong></span> <span class='ocrx_word' id='word_1_153' title='bbox 2206 808 2444 867; x_wconf 88' lang='lat' dir='ltr'><strong>nostros,</strong></span> <span class='ocrx_word' id='word_1_154' title='bbox 2477 816 2587 856; x_wconf 92' lang='lat' dir='ltr'><strong>non</strong></span> <span class='ocrx_word' id='word_1_155' title='bbox 2625 802 2800 858; x_wconf 85' lang='lat' dir='ltr'><strong>dicam</strong></span> <span class='ocrx_word' id='word_1_156' title='bbox 2847 802 3109 861; x_wconf 88' lang='lat' dir='ltr'><strong>Francica</strong></span> <span class='ocrx_word' id='word_1_157' title='bbox 3168 809 3494 875; x_wconf 83' lang='lat' dir='ltr'><strong>temeritate,</strong></span> 
     </span>
    </p>
   </div>
   <div class='ocr_carea' id='block_1_24' title="bbox 1911 894 3200 963">
    <p class='ocr_par' dir='ltr' id='par_1_24' title="bbox 1911 894 3200 963">
     <span class='ocr_line' id='line_1_24' title="bbox 1911 894 3200 963; baseline 0.003 -13"><span class='ocrx_word' id='word_1_158' title='bbox 1911 895 2007 950; x_wconf 89' lang='lat' dir='ltr'><strong>sed</strong></span> <span class='ocrx_word' id='word_1_159' title='bbox 2035 894 2142 948; x_wconf 85' lang='lat' dir='ltr'><strong>fide</strong></span> <span class='ocrx_word' id='word_1_160' title='bbox 2169 904 2491 963; x_wconf 78' lang='lat' dir='ltr'><strong>experrecta</strong></span> <span class='ocrx_word' id='word_1_161' title='bbox 2521 900 2577 949; x_wconf 92' lang='lat' dir='ltr'><strong>et</strong></span> <span class='ocrx_word' id='word_1_162' title='bbox 2602 894 2812 950; x_wconf 90' lang='lat' dir='ltr'><strong>viribus</strong></span> <span class='ocrx_word' id='word_1_163' title='bbox 2836 904 2961 952; x_wconf 88' lang='lat' dir='ltr'><strong>acta</strong></span> <span class='ocrx_word' id='word_1_164' title='bbox 2989 912 3078 954; x_wconf 89' lang='lat' dir='ltr'><strong>res</strong></span> <span class='ocrx_word' id='word_1_165' title='bbox 3098 907 3200 954; x_wconf 90' lang='lat' dir='ltr'><strong>est.</strong></span> 
     </span>
    </p>
   </div>
   <div class='ocr_carea' id='block_1_25' title="bbox 1984 987 3498 1063">
    <p class='ocr_par' dir='ltr' id='par_1_25' title="bbox 1984 987 3498 1063">
     <span class='ocr_line' id='line_1_25' title="bbox 1984 987 3498 1063; baseline 0.004 -20"><span class='ocrx_word' id='word_1_166' title='bbox 1984 989 2173 1043; x_wconf 87' lang='lat' dir='ltr'><strong>Dicant</strong></span> <span class='ocrx_word' id='word_1_167' title='bbox 2200 987 2291 1059; x_wconf 90' lang='lat' dir='ltr'><strong>qui</strong></span> <span class='ocrx_word' id='word_1_168' title='bbox 2319 987 2506 1042; x_wconf 90' lang='lat' dir='ltr'><strong>volunt</strong></span> <span class='ocrx_word' id='word_1_169' title='bbox 2527 987 2681 1056; x_wconf 88' lang='lat' dir='ltr'><strong>plura</strong></span> <span class='ocrx_word' id='word_1_170' title='bbox 2704 1003 2790 1043; x_wconf 93' lang='lat' dir='ltr'><strong>me</strong></span> <span class='ocrx_word' id='word_1_171' title='bbox 2808 990 3057 1047; x_wconf 87' lang='lat' dir='ltr'><strong>omisisse</strong></span> <span class='ocrx_word' id='word_1_172' title='bbox 3083 1006 3245 1061; x_wconf 87' lang='lat' dir='ltr'><strong>quam</strong></span> <span class='ocrx_word' id='word_1_173' title='bbox 3263 992 3498 1063; x_wconf 86' lang='lat' dir='ltr'><strong>scripse-</strong></span> 
     </span>
    </p>
   </div>
   <div class='ocr_carea' id='block_1_26' title="bbox 1912 1077 3497 1155">
    <p class='ocr_par' dir='ltr' id='par_1_26' title="bbox 1912 1077 3497 1155">
     <span class='ocr_line' id='line_1_26' title="bbox 1912 1077 3497 1155; baseline 0.004 -21"><span class='ocrx_word' id='word_1_174' title='bbox 1912 1078 2037 1145; x_wconf 88' lang='lat' dir='ltr'><strong>rim,</strong></span> <span class='ocrx_word' id='word_1_175' title='bbox 2078 1094 2177 1150; x_wconf 83' lang='lat' dir='ltr'><strong>ego</strong></span> <span class='ocrx_word' id='word_1_176' title='bbox 2208 1077 2375 1133; x_wconf 89' lang='lat' dir='ltr'><strong>malui</strong></span> <span class='ocrx_word' id='word_1_177' title='bbox 2426 1078 2605 1132; x_wconf 89' lang='lat' dir='ltr'><strong>minor</strong></span> <span class='ocrx_word' id='word_1_178' title='bbox 2653 1093 2775 1133; x_wconf 89' lang='lat' dir='ltr'><strong>esse</strong></span> <span class='ocrx_word' id='word_1_179' title='bbox 2802 1094 2966 1149; x_wconf 91' lang='lat' dir='ltr'><strong>quam</strong></span> <span class='ocrx_word' id='word_1_180' title='bbox 3010 1082 3231 1138; x_wconf 89' lang='lat' dir='ltr'><strong>nimius.</strong></span> <span class='ocrx_word' id='word_1_181' title='bbox 3280 1084 3338 1139; x_wconf 88' lang='lat' dir='ltr'><strong>Si</strong></span> <span class='ocrx_word' id='word_1_182' title='bbox 3390 1100 3497 1155; x_wconf 92' lang='lat' dir='ltr'><strong>qua</strong></span> 
     </span>
    </p>
   </div>
   <div class='ocr_carea' id='block_1_27' title="bbox 1911 1170 3498 1241">
    <p class='ocr_par' dir='ltr' id='par_1_27' title="bbox 1911 1170 3498 1241">
     <span class='ocr_line' id='line_1_27' title="bbox 1911 1170 3498 1241; baseline 0.003 -16"><span class='ocrx_word' id='word_1_183' title='bbox 1911 1170 2053 1227; x_wconf 89' lang='lat' dir='ltr'><strong>facta</strong></span> <span class='ocrx_word' id='word_1_184' title='bbox 2084 1170 2188 1225; x_wconf 89' lang='lat' dir='ltr'><strong>alia</strong></span> <span class='ocrx_word' id='word_1_185' title='bbox 2210 1170 2333 1241; x_wconf 90' lang='lat' dir='ltr'><strong>quis</strong></span> <span class='ocrx_word' id='word_1_186' title='bbox 2358 1170 2590 1235; x_wconf 91' lang='lat' dir='ltr'><strong>noverit,</strong></span> <span class='ocrx_word' id='word_1_187' title='bbox 2619 1171 2860 1237; x_wconf 91' lang='lat' dir='ltr'><strong>mandet,</strong></span> <span class='ocrx_word' id='word_1_188' title='bbox 2890 1170 2983 1225; x_wconf 90' lang='lat' dir='ltr'><strong>ubi</strong></span> <span class='ocrx_word' id='word_1_189' title='bbox 3011 1174 3299 1228; x_wconf 89' lang='lat' dir='ltr'><strong>scribenda</strong></span> <span class='ocrx_word' id='word_1_190' title='bbox 3326 1174 3498 1230; x_wconf 82' lang='lat' dir='ltr'><strong>libue-</strong></span> 
     </span>
    </p>
   </div>
   <div class='ocr_carea' id='block_1_28' title="bbox 1912 1260 3496 1333">
    <p class='ocr_par' dir='ltr' id='par_1_28' title="bbox 1912 1260 3496 1333">
     <span class='ocr_line' id='line_1_28' title="bbox 1912 1260 3496 1333; baseline 0.001 -15"><span class='ocrx_word' id='word_1_191' title='bbox 1912 1263 2004 1318; x_wconf 91' lang='lat' dir='ltr'><strong>rit.</strong></span> <span class='ocrx_word' id='word_1_192' title='bbox 2036 1260 2390 1317; x_wconf 89' lang='lat' dir='ltr'><strong>Gratulemur</strong></span> <span class='ocrx_word' id='word_1_193' title='bbox 2428 1261 2540 1316; x_wconf 86' lang='lat' dir='ltr'><strong>Deo</strong></span> <span class='ocrx_word' id='word_1_194' title='bbox 2586 1260 2861 1332; x_wconf 85' lang='lat' dir='ltr'><strong>tantisque</strong></span> <span class='ocrx_word' id='word_1_195' title='bbox 2896 1261 3211 1325; x_wconf 88' lang='lat' dir='ltr'><strong>victoribus,</strong></span> <span class='ocrx_word' id='word_1_196' title='bbox 3244 1263 3337 1333; x_wconf 93' lang='lat' dir='ltr'><strong>qui</strong></span> <span class='ocrx_word' id='word_1_197' title='bbox 3378 1262 3496 1320; x_wconf 88' lang='lat' dir='ltr'><strong>fru-</strong></span> 
     </span>
    </p>
   </div>
   <div class='ocr_carea' id='block_1_29' title="bbox 1912 1352 3500 1424">
    <p class='ocr_par' dir='ltr' id='par_1_29' title="bbox 1912 1352 3500 1424">
     <span class='ocr_line' id='line_1_29' title="bbox 1912 1352 3500 1424; baseline 0.001 -15"><span class='ocrx_word' id='word_1_198' title='bbox 1912 1353 2196 1409; x_wconf 78' lang='lat' dir='ltr'><strong>mentariae</strong></span> <span class='ocrx_word' id='word_1_199' title='bbox 2240 1354 2319 1408; x_wconf 86' lang='lat' dir='ltr'><strong>rei</strong></span> <span class='ocrx_word' id='word_1_200' title='bbox 2369 1353 2575 1424; x_wconf 90' lang='lat' dir='ltr'><strong>inopia,</strong></span> <span class='ocrx_word' id='word_1_201' title='bbox 2622 1352 2782 1408; x_wconf 90' lang='lat' dir='ltr'><strong>fossis</strong></span> <span class='ocrx_word' id='word_1_202' title='bbox 2807 1352 3385 1408; x_wconf 88' lang='lat' dir='ltr'><strong>didiceruntvictitare</strong></span> <span class='ocrx_word' id='word_1_203' title='bbox 3412 1371 3500 1410; x_wconf 86' lang='lat' dir='ltr'><strong>ra-</strong></span> 
     </span>
    </p>
   </div>
   <div class='ocr_carea' id='block_1_30' title="bbox 1914 1445 3500 1517">
    <p class='ocr_par' dir='ltr' id='par_1_30' title="bbox 1914 1445 3500 1517">
     <span class='ocr_line' id='line_1_30' title="bbox 1914 1445 3500 1517; baseline -0.001 -14"><span class='ocrx_word' id='word_1_204' title='bbox 1914 1448 2142 1503; x_wconf 90' lang='lat' dir='ltr'><strong>dicibus.</strong></span> <span class='ocrx_word' id='word_1_205' title='bbox 2186 1446 2245 1501; x_wconf 87' lang='lat' dir='ltr'><strong>Si</strong></span> <span class='ocrx_word' id='word_1_206' title='bbox 2276 1448 2397 1517; x_wconf 88' lang='lat' dir='ltr'><strong>quis</strong></span> <span class='ocrx_word' id='word_1_207' title='bbox 2440 1447 2506 1502; x_wconf 92' lang='lat' dir='ltr'><strong>de</strong></span> <span class='ocrx_word' id='word_1_208' title='bbox 2545 1447 2895 1514; x_wconf 89' lang='lat' dir='ltr'><strong>Parthorum,</strong></span> <span class='ocrx_word' id='word_1_209' title='bbox 2947 1462 3083 1517; x_wconf 90' lang='lat' dir='ltr'><strong>quos</strong></span> <span class='ocrx_word' id='word_1_210' title='bbox 3116 1445 3331 1502; x_wconf 83' lang='lat' dir='ltr'><strong>.Turcos</strong></span> <span class='ocrx_word' id='word_1_211' title='bbox 3357 1445 3500 1501; x_wconf 81' lang='lat' dir='ltr'><strong>dixi-</strong></span> 
     </span>
    </p>
   </div>
   <div class='ocr_carea' id='block_1_31' title="bbox 1912 1537 3499 1610">
    <p class='ocr_par' dir='ltr' id='par_1_31' title="bbox 1912 1537 3499 1610">
     <span class='ocr_line' id='line_1_31' title="bbox 1912 1537 3499 1610; baseline -0.001 -15"><span class='ocrx_word' id='word_1_212' title='bbox 1912 1548 2163 1605; x_wconf 88' lang='lat' dir='ltr'><strong>mus,aut</strong></span> <span class='ocrx_word' id='word_1_213' title='bbox 2187 1537 2415 1594; x_wconf 89' lang='lat' dir='ltr'><strong>Caucasi</strong></span> <span class='ocrx_word' id='word_1_214' title='bbox 2444 1539 2663 1594; x_wconf 89' lang='lat' dir='ltr'><strong>nomine</strong></span> <span class='ocrx_word' id='word_1_215' title='bbox 2690 1539 2948 1610; x_wconf 85' lang='lat' dir='ltr'><strong>ambigat,</strong></span> <span class='ocrx_word' id='word_1_216' title='bbox 2991 1538 3236 1593; x_wconf 90' lang='lat' dir='ltr'><strong>Solinum</strong></span> <span class='ocrx_word' id='word_1_217' title='bbox 3283 1540 3359 1594; x_wconf 89' lang='lat' dir='ltr'><strong>De</strong></span> <span class='ocrx_word' id='word_1_218' title='bbox 3387 1554 3499 1595; x_wconf 86' lang='lat' dir='ltr'><strong>me-</strong></span> 
     </span>
    </p>
   </div>
   <div class='ocr_carea' id='block_1_32' title="bbox 1913 1628 3491 1701">
    <p class='ocr_par' dir='ltr' id='par_1_32' title="bbox 1913 1628 3491 1701">
     <span class='ocr_line' id='line_1_32' title="bbox 1913 1628 3491 1701; baseline 0.003 -18"><span class='ocrx_word' id='word_1_219' title='bbox 1913 1628 2289 1696; x_wconf 89' lang='lat' dir='ltr'><strong>morabilibus,</strong></span> <span class='ocrx_word' id='word_1_220' title='bbox 2333 1629 2649 1700; x_wconf 88' lang='lat' dir='ltr'><strong>Pompeium</strong></span> <span class='ocrx_word' id='word_1_221' title='bbox 2702 1629 2938 1701; x_wconf 88' lang='lat' dir='ltr'><strong>Trogum</strong></span> <span class='ocrx_word' id='word_1_222' title='bbox 2994 1629 3062 1684; x_wconf 92' lang='lat' dir='ltr'><strong>de</strong></span> <span class='ocrx_word' id='word_1_223' title='bbox 3112 1631 3322 1701; x_wconf 85' lang='lat' dir='ltr'><strong>origine</strong></span> <span class='ocrx_word' id='word_1_224' title='bbox 3370 1630 3491 1688; x_wconf 84' lang='lat' dir='ltr'><strong>Par-</strong></span> 
     </span>
    </p>
   </div>
   <div class='ocr_carea' id='block_1_33' title="bbox 1914 1718 3298 1789">
    <p class='ocr_par' dir='ltr' id='par_1_33' title="bbox 1914 1718 3298 1789">
     <span class='ocr_line' id='line_1_33' title="bbox 1914 1718 3298 1789; baseline 0.002 -15"><span class='ocrx_word' id='word_1_225' title='bbox 1914 1720 2082 1789; x_wconf 88' lang='lat' dir='ltr'><strong>thica,</strong></span> <span class='ocrx_word' id='word_1_226' title='bbox 2110 1718 2402 1775; x_wconf 82' lang='lat' dir='ltr'><strong>Jordanem</strong></span> <span class='ocrx_word' id='word_1_227' title='bbox 2430 1720 2720 1777; x_wconf 86' lang='lat' dir='ltr'><strong>Gothicqu</strong></span> <span class='ocrx_word' id='word_1_228' title='bbox 2750 1722 2818 1779; x_wconf 87' lang='lat' dir='ltr'><strong>de</strong></span> <span class='ocrx_word' id='word_1_229' title='bbox 2842 1721 3039 1778; x_wconf 76' lang='lat' dir='ltr'><strong>Baetica</strong></span> <span class='ocrx_word' id='word_1_230' title='bbox 3067 1730 3298 1787; x_wconf 80' lang='lat' dir='ltr'><strong>relegat.</strong></span> 
     </span>
    </p>
   </div>
   <div class='ocr_carea' id='block_1_34' title="bbox 1153 1939 2647 2013">
    <p class='ocr_par' dir='ltr' id='par_1_34' title="bbox 1153 1939 2647 2013">
     <span class='ocr_line' id='line_1_34' title="bbox 1153 1939 2647 2013; baseline 0 -16"><span class='ocrx_word' id='word_1_231' title='bbox 1153 1940 1290 1997; x_wconf 79' lang='lat' dir='ltr'><strong>Deus</strong></span> <span class='ocrx_word' id='word_1_232' title='bbox 1317 1958 1438 2013; x_wconf 86' lang='lat' dir='ltr'><strong>ergo</strong></span> <span class='ocrx_word' id='word_1_233' title='bbox 1469 1942 1680 1997; x_wconf 82' lang='lat' dir='ltr'><strong>tandem</strong></span> <span class='ocrx_word' id='word_1_234' title='bbox 1702 1942 1789 2012; x_wconf 86' lang='lat' dir='ltr'><strong>pio</strong></span> <span class='ocrx_word' id='word_1_235' title='bbox 1816 1939 1987 1995; x_wconf 81' lang='lat' dir='ltr'><strong>labori</strong></span> <span class='ocrx_word' id='word_1_236' title='bbox 2012 1939 2160 1995; x_wconf 78' lang='lat' dir='ltr'><strong>limes</strong></span> <span class='ocrx_word' id='word_1_237' title='bbox 2198 1940 2436 1995; x_wconf 74' lang='lat' dir='ltr'><strong>assistat.</strong></span> <span class='ocrx_word' id='word_1_238' title='bbox 2459 1939 2647 1997; x_wconf 84' lang='lat' dir='ltr'><strong>Amen.</strong></span> 
     </span>
    </p>
   </div>
   <div class='ocr_carea' id='block_1_35' title="bbox 1174 2069 2586 2113">
    <p class='ocr_par' dir='ltr' id='par_1_35' title="bbox 1174 2069 2586 2113">
     <span class='ocr_line' id='line_1_35' title="bbox 1174 2069 2586 2113; baseline -0.001 -2"><span class='ocrx_word' id='word_1_239' title='bbox 1174 2072 1425 2113; x_wconf 75' lang='lat' dir='ltr'><strong>EXPLICIT</strong></span> <span class='ocrx_word' id='word_1_240' title='bbox 1463 2074 1622 2113; x_wconf 77' lang='lat' dir='ltr'><strong>LIBER</strong></span> <span class='ocrx_word' id='word_1_241' title='bbox 1643 2073 1739 2113; x_wconf 81' lang='lat' dir='ltr'><strong>Vlll</strong></span> <span class='ocrx_word' id='word_1_242' title='bbox 1770 2070 2055 2113; x_wconf 67' lang='lat' dir='ltr'><strong>GESTORUM</strong></span> <span class='ocrx_word' id='word_1_243' title='bbox 2076 2070 2165 2111; x_wconf 77' lang='lat' dir='ltr'><strong>DEI</strong></span> <span class='ocrx_word' id='word_1_244' title='bbox 2197 2071 2299 2110; x_wconf 70' lang='lat' dir='ltr'><strong>PER</strong></span> <span class='ocrx_word' id='word_1_245' title='bbox 2329 2069 2586 2112; x_wconf 70' lang='lat' dir='ltr'><strong>FRANCOB.</strong></span> 
     </span>
    </p>
   </div>
   <div class='ocr_carea' id='block_1_36' title="bbox 203 2190 3480 2230">
    <p class='ocr_par' dir='ltr' id='par_1_36' title="bbox 203 2190 3480 2230">
     <span class='ocr_line' id='line_1_36' title="bbox 203 2190 3480 2230; baseline 0.002 -10"><span class='ocrx_word' id='word_1_246' title='bbox 203 2190 3480 2230; x_wconf 54' lang='lat' dir='ltr'><strong>mw</strong></span> 
     </span>
    </p>
   </div>
   <div class='ocr_carea' id='block_1_37' title="bbox 1331 2288 2360 2475">
    <p class='ocr_par' dir='ltr' id='par_1_37' title="bbox 1331 2288 2360 2475">
     <span class='ocr_line' id='line_1_37' title="bbox 1331 2288 2360 2475; baseline 0 -29"><span class='ocrx_word' id='word_1_247' title='bbox 1331 2329 1747 2446; x_wconf 84' lang='lat' dir='ltr'><strong>LIBER</strong></span> <span class='ocrx_word' id='word_1_248' title='bbox 1829 2288 2360 2475; x_wconf 81' lang='lat' dir='ltr'><strong>NONUS,</strong></span> 
     </span>
    </p>
   </div>
   <div class='ocr_carea' id='block_1_38' title="bbox 1369 2549 2300 2610">
    <p class='ocr_par' dir='ltr' id='par_1_38' title="bbox 1369 2549 2300 2610">
     <span class='ocr_line' id='line_1_38' title="bbox 1369 2549 2300 2610; baseline 0.002 -3"><span class='ocrx_word' id='word_1_249' title='bbox 1369 2550 1454 2607; x_wconf 71' lang='lat' dir='ltr'><strong>AB</strong></span> <span class='ocrx_word' id='word_1_250' title='bbox 1487 2550 1648 2608; x_wconf 82' lang='lat' dir='ltr'><strong>ALIO</strong></span> <span class='ocrx_word' id='word_1_251' title='bbox 1673 2549 1930 2609; x_wconf 85' lang='lat' dir='ltr'><strong>EDITUS</strong></span> <span class='ocrx_word' id='word_1_252' title='bbox 1967 2551 2300 2610; x_wconf 80' lang='lat' dir='ltr'><strong>AUCTORE</strong></span> 
     </span>
    </p>
   </div>
   <div class='ocr_carea' id='block_1_39' title="bbox 256 2849 3494 2943">
    <p class='ocr_par' dir='ltr' id='par_1_39' title="bbox 256 2849 3494 2943">
     <span class='ocr_line' id='line_1_39' title="bbox 256 2849 3494 2943; baseline 0.004 -24"><span class='ocrx_word' id='word_1_253' title='bbox 256 2867 342 2919; x_wconf 89' lang='lat' dir='ltr'><strong>De</strong></span> <span class='ocrx_word' id='word_1_254' title='bbox 397 2862 676 2918; x_wconf 86' lang='lat' dir='ltr'><strong>Balduino</strong></span> <span class='ocrx_word' id='word_1_255' title='bbox 729 2877 869 2933; x_wconf 83' lang='lat' dir='ltr'><strong>rege.</strong></span> <span class='ocrx_word' id='word_1_256' title='bbox 928 2860 1124 2917; x_wconf 88' lang='lat' dir='ltr'><strong>Pacem</strong></span> <span class='ocrx_word' id='word_1_257' title='bbox 1172 2861 1269 2916; x_wconf 86' lang='lat' dir='ltr'><strong>init</strong></span> <span class='ocrx_word' id='word_1_258' title='bbox 1314 2876 1431 2915; x_wconf 86' lang='lat' dir='ltr'><strong>cum</strong></span> <span class='ocrx_word' id='word_1_259' title='bbox 1478 2863 1793 2932; x_wconf 79' lang='lat' dir='ltr'><strong>imperatore</strong></span> <span class='ocrx_word' id='word_1_260' title='bbox 1823 2849 1872 2910; x_wconf 82' lang='grc' dir='ltr'><strong>Β</strong></span> <span class='ocrx_word' id='word_1_261' title='bbox 1902 2870 2025 2923; x_wconf 92' lang='lat' dir='ltr'><strong>dem</strong></span> <span class='ocrx_word' id='word_1_262' title='bbox 2071 2868 2391 2940; x_wconf 86' lang='lat' dir='ltr'><strong>sponsiones</strong></span> <span class='ocrx_word' id='word_1_263' title='bbox 2435 2881 2783 2929; x_wconf 89' lang='lat' dir='ltr'><strong>sacramento</strong></span> <span class='ocrx_word' id='word_1_264' title='bbox 2834 2874 3259 2943; x_wconf 83' lang='lat' dir='ltr'><strong>ﬁrmaverimus,</strong></span> <span class='ocrx_word' id='word_1_265' title='bbox 3310 2880 3494 2935; x_wconf 57' lang='lat' dir='ltr'><strong>vinclis</strong></span> 
     </span>
    </p>
   </div>
   <div class='ocr_carea' id='block_1_40' title="bbox 185 2954 1795 3027">
    <p class='ocr_par' dir='ltr' id='par_1_40' title="bbox 185 2954 1795 3027">
     <span class='ocr_line' id='line_1_40' title="bbox 185 2954 1795 3027; baseline 0.001 -16"><span class='ocrx_word' id='word_1_266' title='bbox 185 2956 554 3027; x_wconf 80' lang='lat' dir='ltr'><strong>Babylonico.</strong></span> <span class='ocrx_word' id='word_1_267' title='bbox 578 2987 651 2997; x_wconf 97' lang='lat'>—</span> <span class='ocrx_word' id='word_1_268' title='bbox 688 2956 850 3012; x_wconf 84' lang='lat' dir='ltr'><strong>Anno</strong></span> <span class='ocrx_word' id='word_1_269' title='bbox 876 2954 1171 3011; x_wconf 85' lang='lat' dir='ltr'><strong>Dominicae</strong></span> <span class='ocrx_word' id='word_1_270' title='bbox 1199 2956 1595 3011; x_wconf 88' lang='lat' dir='ltr'><strong>lucarnationis</strong></span> <span class='ocrx_word' id='word_1_271' title='bbox 1621 2957 1795 3012; x_wconf 88' lang='lat' dir='ltr'><strong>mille-</strong></span> 
     </span>
    </p>
   </div>
   <div class='ocr_carea' id='block_1_41' title="bbox 184 3046 1800 3120">
    <p class='ocr_par' dir='ltr' id='par_1_41' title="bbox 184 3046 1800 3120">
     <span class='ocr_line' id='line_1_41' title="bbox 184 3046 1800 3120; baseline 0.002 -18"><span class='ocrx_word' id='word_1_272' title='bbox 184 3048 336 3102; x_wconf 75' lang='lat' dir='ltr'><strong>simo</strong></span> <span class='ocrx_word' id='word_1_273' title='bbox 366 3047 681 3103; x_wconf 88' lang='lat' dir='ltr'><strong>centesimo</strong></span> <span class='ocrx_word' id='word_1_274' title='bbox 704 3046 1045 3115; x_wconf 91' lang='lat' dir='ltr'><strong>duodecimo,</strong></span> <span class='ocrx_word' id='word_1_275' title='bbox 1084 3063 1181 3103; x_wconf 80' lang='lat' dir='ltr'><strong>rex</strong></span> <span class='ocrx_word' id='word_1_276' title='bbox 1224 3048 1521 3104; x_wconf 91' lang='lat' dir='ltr'><strong>Balduinus</strong></span> <span class='ocrx_word' id='word_1_277' title='bbox 1553 3065 1800 3120; x_wconf 67' lang='lat' dir='ltr'><strong>saepenu-</strong></span> 
     </span>
    </p>
   </div>
   <div class='ocr_carea' id='block_1_42' title="bbox 182 3138 1795 3198">
    <p class='ocr_par' dir='ltr' id='par_1_42' title="bbox 182 3138 1795 3198">
     <span class='ocr_line' id='line_1_42' title="bbox 182 3138 1795 3198; baseline 0.002 -5"><span class='ocrx_word' id='word_1_278' title='bbox 182 3153 352 3193; x_wconf 81' lang='lat' dir='ltr'><strong>mero</strong></span> <span class='ocrx_word' id='word_1_279' title='bbox 407 3138 976 3195; x_wconf 27' lang='lat' dir='ltr'><strong>hostibusllacessitis</strong></span> <span class='ocrx_word' id='word_1_280' title='bbox 1046 3139 1246 3195; x_wconf 89' lang='lat' dir='ltr'><strong>multas</strong></span> <span class='ocrx_word' id='word_1_281' title='bbox 1297 3140 1795 3198; x_wconf 85' lang='lat' dir='ltr'><strong>Ascalonicensium</strong></span> 
     </span>
    </p>
   </div>
   <div class='ocr_carea' id='block_1_43' title="bbox 179 3232 1799 3305">
    <p class='ocr_par' dir='ltr' id='par_1_43' title="bbox 179 3232 1799 3305">
     <span class='ocr_line' id='line_1_43' title="bbox 179 3232 1799 3305; baseline 0.001 -18"><span class='ocrx_word' id='word_1_282' title='bbox 179 3240 417 3301; x_wconf 84' lang='lat' dir='ltr'><strong>strages</strong></span> <span class='ocrx_word' id='word_1_283' title='bbox 452 3233 710 3299; x_wconf 87' lang='lat' dir='ltr'><strong>dederat;</strong></span> <span class='ocrx_word' id='word_1_284' title='bbox 743 3232 838 3287; x_wconf 90' lang='lat' dir='ltr'><strong>sed</strong></span> <span class='ocrx_word' id='word_1_285' title='bbox 868 3233 1147 3301; x_wconf 86' lang='lat' dir='ltr'><strong>quoniam,</strong></span> <span class='ocrx_word' id='word_1_286' title='bbox 1176 3249 1296 3302; x_wconf 82' lang='lat' dir='ltr'><strong>quae</strong></span> <span class='ocrx_word' id='word_1_287' title='bbox 1338 3234 1668 3305; x_wconf 88' lang='lat' dir='ltr'><strong>largirentur</strong></span> <span class='ocrx_word' id='word_1_288' title='bbox 1703 3251 1799 3305; x_wconf 86' lang='lat' dir='ltr'><strong>pe-</strong></span> 
     </span>
    </p>
   </div>
   <div class='ocr_carea' id='block_1_44' title="bbox 177 3325 1799 3397">
    <p class='ocr_par' dir='ltr' id='par_1_44' title="bbox 177 3325 1799 3397">
     <span class='ocr_line' id='line_1_44' title="bbox 177 3325 1799 3397; baseline 0.002 -17"><span class='ocrx_word' id='word_1_289' title='bbox 177 3326 438 3397; x_wconf 68' lang='lat' dir='ltr'><strong>regrinae</strong></span> <span class='ocrx_word' id='word_1_290' title='bbox 464 3325 696 3393; x_wconf 65' lang='lat' dir='ltr'><strong>militiae,</strong></span> <span class='ocrx_word' id='word_1_291' title='bbox 725 3326 979 3382; x_wconf 88' lang='lat' dir='ltr'><strong>donativa</strong></span> <span class='ocrx_word' id='word_1_292' title='bbox 1001 3326 1335 3393; x_wconf 83' lang='lat' dir='ltr'><strong>defecerant,</strong></span> <span class='ocrx_word' id='word_1_293' title='bbox 1362 3344 1431 3382; x_wconf 91' lang='lat' dir='ltr'><strong>ne</strong></span> <span class='ocrx_word' id='word_1_294' title='bbox 1448 3343 1629 3383; x_wconf 89' lang='lat' dir='ltr'><strong>rerum</strong></span> <span class='ocrx_word' id='word_1_295' title='bbox 1660 3343 1799 3397; x_wconf 76' lang='lat' dir='ltr'><strong>prte-</strong></span> 
     </span>
    </p>
   </div>
   <div class='ocr_carea' id='block_1_45' title="bbox 177 3417 1799 3488">
    <p class='ocr_par' dir='ltr' id='par_1_45' title="bbox 177 3417 1799 3488">
     <span class='ocr_line' id='line_1_45' title="bbox 177 3417 1799 3488; baseline 0.002 -16"><span class='ocrx_word' id='word_1_296' title='bbox 177 3417 342 3474; x_wconf 76' lang='lat' dir='ltr'><strong>clare</strong></span> <span class='ocrx_word' id='word_1_297' title='bbox 375 3428 663 3488; x_wconf 91' lang='lat' dir='ltr'><strong>gestarum</strong></span> <span class='ocrx_word' id='word_1_298' title='bbox 716 3419 886 3476; x_wconf 84' lang='lat' dir='ltr'><strong>facies</strong></span> <span class='ocrx_word' id='word_1_299' title='bbox 935 3428 1237 3475; x_wconf 89' lang='lat' dir='ltr'><strong>mutaretur</strong></span> <span class='ocrx_word' id='word_1_300' title='bbox 1286 3419 1516 3474; x_wconf 91' lang='lat' dir='ltr'><strong>nimium</strong></span> <span class='ocrx_word' id='word_1_301' title='bbox 1575 3421 1799 3476; x_wconf 89' lang='lat' dir='ltr'><strong>vereba-</strong></span> 
     </span>
    </p>
   </div>
   <div class='ocr_carea' id='block_1_46' title="bbox 176 3511 1798 3585">
    <p class='ocr_par' dir='ltr' id='par_1_46' title="bbox 176 3511 1798 3585">
     <span class='ocr_line' id='line_1_46' title="bbox 176 3511 1798 3585; baseline 0.004 -21"><span class='ocrx_word' id='word_1_302' title='bbox 176 3517 294 3577; x_wconf 89' lang='lat' dir='ltr'><strong>tur,</strong></span> <span class='ocrx_word' id='word_1_303' title='bbox 326 3511 405 3566; x_wconf 91' lang='lat' dir='ltr'><strong>de</strong></span> <span class='ocrx_word' id='word_1_304' title='bbox 442 3511 822 3581; x_wconf 87' lang='lat' dir='ltr'><strong>suspendenda</strong></span> <span class='ocrx_word' id='word_1_305' title='bbox 845 3512 1268 3578; x_wconf 87' lang='lat' dir='ltr'><strong>necessitudine,</strong></span> <span class='ocrx_word' id='word_1_306' title='bbox 1293 3513 1474 3585; x_wconf 82' lang='lat' dir='ltr'><strong>sagaci</strong></span> <span class='ocrx_word' id='word_1_307' title='bbox 1500 3513 1798 3571; x_wconf 86' lang='lat' dir='ltr'><strong>intentione</strong></span> 
     </span>
    </p>
   </div>
   <div class='ocr_carea' id='block_1_47' title="bbox 172 3604 1797 3680">
    <p class='ocr_par' dir='ltr' id='par_1_47' title="bbox 172 3604 1797 3680">
     <span class='ocr_line' id='line_1_47' title="bbox 172 3604 1797 3680; baseline 0.004 -24"><span class='ocrx_word' id='word_1_308' title='bbox 172 3611 529 3673; x_wconf 84' lang='lat' dir='ltr'><strong>pertractat,</strong></span> <span class='ocrx_word' id='word_1_309' title='bbox 585 3604 828 3659; x_wconf 91' lang='lat' dir='ltr'><strong>adhibito</strong></span> <span class='ocrx_word' id='word_1_310' title='bbox 880 3605 1221 3676; x_wconf 91' lang='lat' dir='ltr'><strong>propensiori</strong></span> <span class='ocrx_word' id='word_1_311' title='bbox 1277 3607 1583 3677; x_wconf 86' lang='lat' dir='ltr'><strong>principum</strong></span> <span class='ocrx_word' id='word_1_312' title='bbox 1632 3606 1797 3680; x_wconf 65' lang='grc'><strong>454</strong></span> 
     </span>
    </p>
   </div>
   <div class='ocr_carea' id='block_1_48' title="bbox 174 3694 1793 3771">
    <p class='ocr_par' dir='ltr' id='par_1_48' title="bbox 174 3694 1793 3771">
     <span class='ocr_line' id='line_1_48' title="bbox 174 3694 1793 3771; baseline 0.003 -20"><span class='ocrx_word' id='word_1_313' title='bbox 174 3695 461 3751; x_wconf 90' lang='lat' dir='ltr'><strong>consilio.</strong></span> <span class='ocrx_word' id='word_1_314' title='bbox 490 3694 609 3751; x_wconf 88' lang='lat' dir='ltr'><strong>Non</strong></span> <span class='ocrx_word' id='word_1_315' title='bbox 635 3711 802 3771; x_wconf 82' lang='lat' dir='ltr'><strong>parva</strong></span> <span class='ocrx_word' id='word_1_316' title='bbox 828 3712 1065 3767; x_wconf 88' lang='lat' dir='ltr'><strong>namque</strong></span> <span class='ocrx_word' id='word_1_317' title='bbox 1100 3697 1298 3768; x_wconf 85' lang='lat' dir='ltr'><strong>legatio</strong></span> <span class='ocrx_word' id='word_1_318' title='bbox 1346 3698 1793 3768; x_wconf 88' lang='lat' dir='ltr'><strong>Sarracenorum,</strong></span> 
     </span>
    </p>
   </div>
   <div class='ocr_carea' id='block_1_49' title="bbox 170 3787 1795 3863">
    <p class='ocr_par' dir='ltr' id='par_1_49' title="bbox 170 3787 1795 3863">
     <span class='ocr_line' id='line_1_49' title="bbox 170 3787 1795 3863; baseline 0.001 -21"><span class='ocrx_word' id='word_1_319' title='bbox 170 3802 362 3842; x_wconf 86' lang='lat' dir='ltr'><strong>causa</strong></span> <span class='ocrx_word' id='word_1_320' title='bbox 386 3787 801 3858; x_wconf 69' lang='lat' dir='ltr'><strong>expostulandre</strong></span> <span class='ocrx_word' id='word_1_321' title='bbox 826 3789 995 3860; x_wconf 88' lang='lat' dir='ltr'><strong>pacis,</strong></span> <span class='ocrx_word' id='word_1_322' title='bbox 1021 3803 1086 3844; x_wconf 91' lang='lat' dir='ltr'><strong>ea</strong></span> <span class='ocrx_word' id='word_1_323' title='bbox 1128 3797 1450 3860; x_wconf 85' lang='lat' dir='ltr'><strong>tempestate</strong></span> <span class='ocrx_word' id='word_1_324' title='bbox 1484 3790 1795 3863; x_wconf 84' lang='lat' dir='ltr'><strong>Hierosoly-</strong></span> 
     </span>
    </p>
   </div>
   <div class='ocr_carea' id='block_1_50' title="bbox 172 3878 1794 3953">
    <p class='ocr_par' dir='ltr' id='par_1_50' title="bbox 172 3878 1794 3953">
     <span class='ocr_line' id='line_1_50' title="bbox 172 3878 1794 3953; baseline 0.004 -19"><span class='ocrx_word' id='word_1_325' title='bbox 172 3880 285 3935; x_wconf 87' lang='lat' dir='ltr'><strong>mis</strong></span> <span class='ocrx_word' id='word_1_326' title='bbox 313 3878 859 3935; x_wconf 87' lang='lat' dir='ltr'><strong>convenerat.Unde</strong></span> <span class='ocrx_word' id='word_1_327' title='bbox 879 3880 1087 3949; x_wconf 87' lang='lat' dir='ltr'><strong>justam</strong></span> <span class='ocrx_word' id='word_1_328' title='bbox 1106 3891 1278 3949; x_wconf 88' lang='lat' dir='ltr'><strong>ratus,</strong></span> <span class='ocrx_word' id='word_1_329' title='bbox 1297 3899 1460 3953; x_wconf 87' lang='lat' dir='ltr'><strong>quam</strong></span> <span class='ocrx_word' id='word_1_330' title='bbox 1489 3898 1519 3939; x_wconf 89' lang='lat' dir='ltr'><strong>a</strong></span> <span class='ocrx_word' id='word_1_331' title='bbox 1545 3884 1794 3941; x_wconf 91' lang='lat' dir='ltr'><strong>barbaris</strong></span> 
     </span>
    </p>
   </div>
   <div class='ocr_carea' id='block_1_51' title="bbox 172 3972 1794 4047">
    <p class='ocr_par' dir='ltr' id='par_1_51' title="bbox 172 3972 1794 4047">
     <span class='ocr_line' id='line_1_51' title="bbox 172 3972 1794 4047; baseline 0.004 -19"><span class='ocrx_word' id='word_1_332' title='bbox 172 3974 518 4045; x_wconf 81' lang='lat' dir='ltr'><strong>rogabatur,</strong></span> <span class='ocrx_word' id='word_1_333' title='bbox 568 3972 692 4028; x_wconf 90' lang='lat' dir='ltr'><strong>belli</strong></span> <span class='ocrx_word' id='word_1_334' title='bbox 719 3973 1091 4040; x_wconf 85' lang='lat' dir='ltr'><strong>amissionem,</strong></span> <span class='ocrx_word' id='word_1_335' title='bbox 1145 3975 1367 4033; x_wconf 82' lang='lat' dir='ltr'><strong>directae</strong></span> <span class='ocrx_word' id='word_1_336' title='bbox 1424 3977 1679 4047; x_wconf 82' lang='lat' dir='ltr'><strong>legationi</strong></span> <span class='ocrx_word' id='word_1_337' title='bbox 1736 3988 1794 4035; x_wconf 91' lang='lat' dir='ltr'><strong>ut</strong></span> 
     </span>
    </p>
   </div>
   <div class='ocr_carea' id='block_1_52' title="bbox 172 4070 1790 4140">
    <p class='ocr_par' dir='ltr' id='par_1_52' title="bbox 172 4070 1790 4140">
     <span class='ocr_line' id='line_1_52' title="bbox 172 4070 1790 4140; baseline 0.002 -18"><span class='ocrx_word' id='word_1_338' title='bbox 172 4078 436 4138; x_wconf 87' lang='lat' dir='ltr'><strong>utraque</strong></span> <span class='ocrx_word' id='word_1_339' title='bbox 485 4081 611 4136; x_wconf 92' lang='lat' dir='ltr'><strong>pars</strong></span> <span class='ocrx_word' id='word_1_340' title='bbox 667 4078 971 4138; x_wconf 76' lang='lat' dir='ltr'><strong>opportuno</strong></span> <span class='ocrx_word' id='word_1_341' title='bbox 1031 4070 1318 4125; x_wconf 89' lang='lat' dir='ltr'><strong>conveniat</strong></span> <span class='ocrx_word' id='word_1_342' title='bbox 1374 4070 1494 4127; x_wconf 91' lang='lat' dir='ltr'><strong>loco</strong></span> <span class='ocrx_word' id='word_1_343' title='bbox 1551 4073 1790 4140; x_wconf 89' lang='lat' dir='ltr'><strong>indicit,</strong></span> 
     </span>
    </p>
   </div>
   <div class='ocr_carea' id='block_1_53' title="bbox 175 4158 1791 4230">
    <p class='ocr_par' dir='ltr' id='par_1_53' title="bbox 175 4158 1791 4230">
     <span class='ocr_line' id='line_1_53' title="bbox 175 4158 1791 4230; baseline 0.005 -19"><span class='ocrx_word' id='word_1_344' title='bbox 175 4177 192 4211; x_wconf 77' lang='grc' dir='ltr'>ι</span> <span class='ocrx_word' id='word_1_345' title='bbox 238 4173 491 4230; x_wconf 66' lang='lat' dir='ltr'><strong>aequum</strong></span> <span class='ocrx_word' id='word_1_346' title='bbox 547 4158 601 4213; x_wconf 89' lang='lat' dir='ltr'><strong>in</strong></span> <span class='ocrx_word' id='word_1_347' title='bbox 632 4174 921 4230; x_wconf 88' lang='lat' dir='ltr'><strong>regnorum</strong></span> <span class='ocrx_word' id='word_1_348' title='bbox 954 4159 1150 4217; x_wconf 84' lang='lat' dir='ltr'><strong>finibus</strong></span> <span class='ocrx_word' id='word_1_349' title='bbox 1181 4170 1417 4218; x_wconf 88' lang='lat' dir='ltr'><strong>tractare</strong></span> <span class='ocrx_word' id='word_1_350' title='bbox 1464 4164 1531 4219; x_wconf 85' lang='lat' dir='ltr'><strong>de</strong></span> <span class='ocrx_word' id='word_1_351' title='bbox 1586 4163 1791 4220; x_wconf 84' lang='lat' dir='ltr'><strong>foedere</strong></span> 
     </span>
    </p>
   </div>
   <div class='ocr_carea' id='block_1_54' title="bbox 167 4251 1791 4328">
    <p class='ocr_par' dir='ltr' id='par_1_54' title="bbox 167 4251 1791 4328">
     <span class='ocr_line' id='line_1_54' title="bbox 167 4251 1791 4328; baseline 0.002 -21"><span class='ocrx_word' id='word_1_352' title='bbox 167 4253 343 4322; x_wconf 84' lang='lat' dir='ltr'><strong>pacis</strong></span> <span class='ocrx_word' id='word_1_353' title='bbox 390 4270 409 4302; x_wconf 75' lang='grc' dir='ltr'><strong>ι</strong></span> <span class='ocrx_word' id='word_1_354' title='bbox 456 4251 790 4307; x_wconf 85' lang='lat' dir='ltr'><strong>existimans.</strong></span> <span class='ocrx_word' id='word_1_355' title='bbox 822 4252 1078 4325; x_wconf 83' lang='lat' dir='ltr'><strong>Regressi</strong></span> <span class='ocrx_word' id='word_1_356' title='bbox 1110 4256 1281 4311; x_wconf 90' lang='lat' dir='ltr'><strong>nuntii</strong></span> <span class='ocrx_word' id='word_1_357' title='bbox 1302 4256 1605 4328; x_wconf 90' lang='lat' dir='ltr'><strong>principem</strong></span> <span class='ocrx_word' id='word_1_358' title='bbox 1630 4272 1791 4313; x_wconf 91' lang='lat' dir='ltr'><strong>suum</strong></span> 
     </span>
    </p>
   </div>
   <div class='ocr_carea' id='block_1_55' title="bbox 168 4345 1791 4420">
    <p class='ocr_par' dir='ltr' id='par_1_55' title="bbox 168 4345 1791 4420">
     <span class='ocr_line' id='line_1_55' title="bbox 168 4345 1791 4420; baseline 0.002 -18"><span class='ocrx_word' id='word_1_359' title='bbox 168 4346 479 4403; x_wconf 84' lang='lat' dir='ltr'><strong>mandatis</strong></span> <span class='ocrx_word' id='word_1_360' title='bbox 510 4345 818 4415; x_wconf 88' lang='lat' dir='ltr'><strong>instruunt;</strong></span> <span class='ocrx_word' id='word_1_361' title='bbox 851 4349 1068 4419; x_wconf 90' lang='lat' dir='ltr'><strong>placent</strong></span> <span class='ocrx_word' id='word_1_362' title='bbox 1108 4349 1300 4405; x_wconf 75' lang='lat' dir='ltr'><strong>delata:</strong></span> <span class='ocrx_word' id='word_1_363' title='bbox 1344 4351 1646 4420; x_wconf 89' lang='lat' dir='ltr'><strong>pactiones,</strong></span> <span class='ocrx_word' id='word_1_364' title='bbox 1695 4351 1791 4405; x_wconf 91' lang='lat' dir='ltr'><strong>de-</strong></span> 
     </span>
    </p>
   </div>
   <div class='ocr_carea' id='block_1_56' title="bbox 169 4442 1792 4517">
    <p class='ocr_par' dir='ltr' id='par_1_56' title="bbox 169 4442 1792 4517">
     <span class='ocr_line' id='line_1_56' title="bbox 169 4442 1792 4517; baseline -0.001 -18"><span class='ocrx_word' id='word_1_365' title='bbox 169 4443 456 4499; x_wconf 86' lang='lat' dir='ltr'><strong>nuntiata</strong></span> <span class='ocrx_word' id='word_1_366' title='bbox 486 4442 831 4511; x_wconf 58' lang='lat' dir='ltr'><strong>pratstolatur</strong></span> <span class='ocrx_word' id='word_1_367' title='bbox 858 4444 991 4500; x_wconf 88' lang='lat' dir='ltr'><strong>dies.</strong></span> <span class='ocrx_word' id='word_1_368' title='bbox 1025 4443 1141 4511; x_wconf 85' lang='lat' dir='ltr'><strong>Qua</strong></span> <span class='ocrx_word' id='word_1_369' title='bbox 1163 4444 1513 4511; x_wconf 85' lang='lat' dir='ltr'><strong>adventante,</strong></span> <span class='ocrx_word' id='word_1_370' title='bbox 1538 4445 1792 4517; x_wconf 85' lang='lat' dir='ltr'><strong>designa-</strong></span> 
     </span>
    </p>
   </div>
   <div class='ocr_carea' id='block_1_57' title="bbox 168 4531 1794 4606">
    <p class='ocr_par' dir='ltr' id='par_1_57' title="bbox 168 4531 1794 4606">
     <span class='ocr_line' id='line_1_57' title="bbox 168 4531 1794 4606; baseline 0.002 -18"><span class='ocrx_word' id='word_1_371' title='bbox 168 4544 262 4590; x_wconf 91' lang='lat' dir='ltr'><strong>tus</strong></span> <span class='ocrx_word' id='word_1_372' title='bbox 320 4533 401 4588; x_wconf 86' lang='lat' dir='ltr'><strong>ab</strong></span> <span class='ocrx_word' id='word_1_373' title='bbox 446 4531 694 4602; x_wconf 83' lang='lat' dir='ltr'><strong>utrisque</strong></span> <span class='ocrx_word' id='word_1_374' title='bbox 724 4534 1061 4606; x_wconf 88' lang='lat' dir='ltr'><strong>principibus</strong></span> <span class='ocrx_word' id='word_1_375' title='bbox 1090 4535 1275 4591; x_wconf 89' lang='lat' dir='ltr'><strong>aditur</strong></span> <span class='ocrx_word' id='word_1_376' title='bbox 1316 4534 1488 4592; x_wconf 92' lang='lat' dir='ltr'><strong>locus.</strong></span> <span class='ocrx_word' id='word_1_377' title='bbox 1525 4535 1638 4592; x_wconf 79' lang='lat' dir='ltr'><strong>Nec</strong></span> <span class='ocrx_word' id='word_1_378' title='bbox 1678 4552 1794 4591; x_wconf 91' lang='lat' dir='ltr'><strong>mo-</strong></span> 
     </span>
    </p>
   </div>
   <div class='ocr_carea' id='block_1_58' title="bbox 168 4627 1793 4701">
    <p class='ocr_par' dir='ltr' id='par_1_58' title="bbox 168 4627 1793 4701">
     <span class='ocr_line' id='line_1_58' title="bbox 168 4627 1793 4701; baseline 0.002 -20"><span class='ocrx_word' id='word_1_379' title='bbox 168 4628 300 4684; x_wconf 87' lang='lat' dir='ltr'><strong>dica</strong></span> <span class='ocrx_word' id='word_1_380' title='bbox 355 4632 676 4680; x_wconf 88' lang='lat' dir='ltr'><strong>nostrarum</strong></span> <span class='ocrx_word' id='word_1_381' title='bbox 728 4627 965 4697; x_wconf 89' lang='lat' dir='ltr'><strong>partium</strong></span> <span class='ocrx_word' id='word_1_382' title='bbox 1002 4627 1633 4685; x_wconf 37' lang='lat' dir='ltr'><strong>cum’Christianissimo</strong></span> <span class='ocrx_word' id='word_1_383' title='bbox 1664 4645 1793 4701; x_wconf 88' lang='lat' dir='ltr'><strong>rege</strong></span> 
     </span>
    </p>
   </div>
   <div class='ocr_carea' id='block_1_59' title="bbox 170 4716 1792 4791">
    <p class='ocr_par' dir='ltr' id='par_1_59' title="bbox 170 4716 1792 4791">
     <span class='ocr_line' id='line_1_59' title="bbox 170 4716 1792 4791; baseline 0.002 -18"><span class='ocrx_word' id='word_1_384' title='bbox 170 4716 437 4776; x_wconf 85' lang='lat' dir='ltr'><strong>accessit</strong></span> <span class='ocrx_word' id='word_1_385' title='bbox 466 4716 805 4787; x_wconf 90' lang='lat' dir='ltr'><strong>frequentia;</strong></span> <span class='ocrx_word' id='word_1_386' title='bbox 837 4717 1026 4774; x_wconf 89' lang='lat' dir='ltr'><strong>Gentis</strong></span> <span class='ocrx_word' id='word_1_387' title='bbox 1054 4734 1183 4775; x_wconf 91' lang='lat' dir='ltr'><strong>vero</strong></span> <span class='ocrx_word' id='word_1_388' title='bbox 1226 4718 1466 4791; x_wconf 63' lang='lat' dir='ltr'><strong>profante</strong></span> <span class='ocrx_word' id='word_1_389' title='bbox 1512 4736 1635 4776; x_wconf 91' lang='lat' dir='ltr'><strong>cum</strong></span> <span class='ocrx_word' id='word_1_390' title='bbox 1694 4736 1792 4776; x_wconf 91' lang='lat' dir='ltr'><strong>suo</strong></span> 
     </span>
    </p>
   </div>
   <div class='ocr_carea' id='block_1_60' title="bbox 168 4807 1793 4881">
    <p class='ocr_par' dir='ltr' id='par_1_60' title="bbox 168 4807 1793 4881">
     <span class='ocr_line' id='line_1_60' title="bbox 168 4807 1793 4881; baseline 0.001 -16"><span class='ocrx_word' id='word_1_391' title='bbox 168 4807 532 4865; x_wconf 79' lang='lat' dir='ltr'><strong>adrniraviso</strong></span> <span class='ocrx_word' id='word_1_392' title='bbox 567 4807 821 4864; x_wconf 89' lang='lat' dir='ltr'><strong>immanis</strong></span> <span class='ocrx_word' id='word_1_393' title='bbox 867 4810 1092 4866; x_wconf 88' lang='lat' dir='ltr'><strong>emersit</strong></span> <span class='ocrx_word' id='word_1_394' title='bbox 1119 4811 1471 4881; x_wconf 84' lang='lat' dir='ltr'><strong>pepulositas.</strong></span> <span class='ocrx_word' id='word_1_395' title='bbox 1498 4809 1615 4867; x_wconf 85' lang='lat' dir='ltr'><strong>Non</strong></span> <span class='ocrx_word' id='word_1_396' title='bbox 1636 4811 1793 4866; x_wconf 87' lang='lat' dir='ltr'><strong>valde</strong></span> 
     </span>
    </p>
   </div>
   <div class='ocr_carea' id='block_1_61' title="bbox 167 4898 1789 4972">
    <p class='ocr_par' dir='ltr' id='par_1_61' title="bbox 167 4898 1789 4972">
     <span class='ocr_line' id='line_1_61' title="bbox 167 4898 1789 4972; baseline 0.001 -15"><span class='ocrx_word' id='word_1_397' title='bbox 167 4899 409 4972; x_wconf 88' lang='lat' dir='ltr'><strong>procul,</strong></span> <span class='ocrx_word' id='word_1_398' title='bbox 440 4913 473 4954; x_wconf 91' lang='lat' dir='ltr'><strong>c</strong></span> <span class='ocrx_word' id='word_1_399' title='bbox 514 4898 736 4969; x_wconf 84' lang='lat' dir='ltr'><strong>regione</strong></span> <span class='ocrx_word' id='word_1_400' title='bbox 784 4902 869 4958; x_wconf 91' lang='lat' dir='ltr'><strong>his</strong></span> <span class='ocrx_word' id='word_1_401' title='bbox 898 4912 953 4958; x_wconf 89' lang='lat' dir='ltr'><strong>et</strong></span> <span class='ocrx_word' id='word_1_402' title='bbox 984 4902 1091 4959; x_wconf 92' lang='lat' dir='ltr'><strong>illis</strong></span> <span class='ocrx_word' id='word_1_403' title='bbox 1114 4904 1562 4969; x_wconf 90' lang='lat' dir='ltr'><strong>consistentibus,</strong></span> <span class='ocrx_word' id='word_1_404' title='bbox 1594 4904 1789 4960; x_wconf 89' lang='lat' dir='ltr'><strong>barba-</strong></span> 
     </span>
    </p>
   </div>
   <div class='ocr_carea' id='block_1_62' title="bbox 168 4989 1790 5065">
    <p class='ocr_par' dir='ltr' id='par_1_62' title="bbox 168 4989 1790 5065">
     <span class='ocr_line' id='line_1_62' title="bbox 168 4989 1790 5065; baseline 0.003 -18"><span class='ocrx_word' id='word_1_405' title='bbox 168 5009 268 5049; x_wconf 81' lang='lat' dir='ltr'><strong>rus</strong></span> <span class='ocrx_word' id='word_1_406' title='bbox 307 4990 443 5060; x_wconf 83' lang='lat' dir='ltr'><strong>regi</strong></span> <span class='ocrx_word' id='word_1_407' title='bbox 480 4989 968 5063; x_wconf 88' lang='lat' dir='ltr'><strong>llierosolymitauo</strong></span> <span class='ocrx_word' id='word_1_408' title='bbox 994 5009 1092 5064; x_wconf 89' lang='lat' dir='ltr'><strong>per</strong></span> <span class='ocrx_word' id='word_1_409' title='bbox 1116 4996 1441 5065; x_wconf 90' lang='lat' dir='ltr'><strong>interpretes</strong></span> <span class='ocrx_word' id='word_1_410' title='bbox 1470 4996 1693 5051; x_wconf 88' lang='lat' dir='ltr'><strong>mandat</strong></span> <span class='ocrx_word' id='word_1_411' title='bbox 1730 5004 1790 5052; x_wconf 91' lang='lat' dir='ltr'><strong>ut</strong></span> 
     </span>
    </p>
   </div>
   <div class='ocr_carea' id='block_1_63' title="bbox 167 5080 1787 5158">
    <p class='ocr_par' dir='ltr' id='par_1_63' title="bbox 167 5080 1787 5158">
     <span class='ocr_line' id='line_1_63' title="bbox 167 5080 1787 5158; baseline 0.004 -19"><span class='ocrx_word' id='word_1_412' title='bbox 167 5100 323 5156; x_wconf 87' lang='lat' dir='ltr'><strong>quas</strong></span> <span class='ocrx_word' id='word_1_413' title='bbox 352 5080 487 5136; x_wconf 88' lang='lat' dir='ltr'><strong>velit</strong></span> <span class='ocrx_word' id='word_1_414' title='bbox 523 5081 803 5151; x_wconf 88' lang='lat' dir='ltr'><strong>pactiones</strong></span> <span class='ocrx_word' id='word_1_415' title='bbox 848 5085 1047 5153; x_wconf 89' lang='lat' dir='ltr'><strong>edicat,</strong></span> <span class='ocrx_word' id='word_1_416' title='bbox 1101 5101 1160 5142; x_wconf 91' lang='lat' dir='ltr'><strong>se</strong></span> <span class='ocrx_word' id='word_1_417' title='bbox 1207 5102 1422 5158; x_wconf 92' lang='lat' dir='ltr'><strong>quoque</strong></span> <span class='ocrx_word' id='word_1_418' title='bbox 1461 5089 1787 5145; x_wconf 89' lang='lat' dir='ltr'><strong>omnimodis</strong></span> 
     </span>
    </p>
   </div>
   <div class='ocr_carea' id='block_1_64' title="bbox 165 5176 1783 5251">
    <p class='ocr_par' dir='ltr' id='par_1_64' title="bbox 165 5176 1783 5251">
     <span class='ocr_line' id='line_1_64' title="bbox 165 5176 1783 5251; baseline 0.001 -19"><span class='ocrx_word' id='word_1_419' title='bbox 165 5182 606 5233; x_wconf 77' lang='lat' dir='ltr'><strong>exsecuturum.</strong></span> <span class='ocrx_word' id='word_1_420' title='bbox 658 5178 796 5232; x_wconf 91' lang='lat' dir='ltr'><strong>Tum</strong></span> <span class='ocrx_word' id='word_1_421' title='bbox 846 5192 975 5232; x_wconf 88' lang='lat' dir='ltr'><strong>vero</strong></span> <span class='ocrx_word' id='word_1_422' title='bbox 1004 5176 1166 5233; x_wconf 77' lang='lat' dir='ltr'><strong>Rex:</strong></span> <span class='ocrx_word' id='word_1_423' title='bbox 1210 5198 1228 5230; x_wconf 76' lang='grc' dir='ltr'>ι</span> <span class='ocrx_word' id='word_1_424' title='bbox 1261 5178 1367 5233; x_wconf 91' lang='lat' dir='ltr'><strong>Pro</strong></span> <span class='ocrx_word' id='word_1_425' title='bbox 1418 5196 1536 5247; x_wconf 91' lang='lat' dir='ltr'><strong>suo,</strong></span> <span class='ocrx_word' id='word_1_426' title='bbox 1589 5181 1783 5251; x_wconf 90' lang='lat' dir='ltr'><strong>inquit,</strong></span> 
     </span>
    </p>
   </div>
   <div class='ocr_carea' id='block_1_65' title="bbox 167 5266 1785 5333">
    <p class='ocr_par' dir='ltr' id='par_1_65' title="bbox 167 5266 1785 5333">
     <span class='ocr_line' id='line_1_65' title="bbox 167 5266 1785 5333; baseline 0.003 -13"><span class='ocrx_word' id='word_1_427' title='bbox 167 5269 313 5333; x_wconf 88' lang='lat' dir='ltr'><strong>ritu,</strong></span> <span class='ocrx_word' id='word_1_428' title='bbox 379 5266 562 5322; x_wconf 85' lang='lat' dir='ltr'><strong>virum</strong></span> <span class='ocrx_word' id='word_1_429' title='bbox 618 5268 753 5323; x_wconf 88' lang='lat' dir='ltr'><strong>satis</strong></span> <span class='ocrx_word' id='word_1_430' title='bbox 793 5268 1105 5323; x_wconf 89' lang='lat' dir='ltr'><strong>censorium</strong></span> <span class='ocrx_word' id='word_1_431' title='bbox 1152 5269 1456 5324; x_wconf 89' lang='lat' dir='ltr'><strong>audivimus</strong></span> <span class='ocrx_word' id='word_1_432' title='bbox 1506 5279 1559 5325; x_wconf 89' lang='lat' dir='ltr'><strong>et</strong></span> <span class='ocrx_word' id='word_1_433' title='bbox 1627 5269 1785 5325; x_wconf 87' lang='lat' dir='ltr'><strong>malle</strong></span> 
     </span>
    </p>
   </div>
   <div class='ocr_carea' id='block_1_66' title="bbox 163 5357 1786 5431">
    <p class='ocr_par' dir='ltr' id='par_1_66' title="bbox 163 5357 1786 5431">
     <span class='ocr_line' id='line_1_66' title="bbox 163 5357 1786 5431; baseline 0.001 -16"><span class='ocrx_word' id='word_1_434' title='bbox 163 5359 391 5425; x_wconf 84' lang='lat' dir='ltr'><strong>occidi,</strong></span> <span class='ocrx_word' id='word_1_435' title='bbox 423 5373 588 5428; x_wconf 83' lang='lat' dir='ltr'><strong>quam</strong></span> <span class='ocrx_word' id='word_1_436' title='bbox 629 5360 859 5431; x_wconf 88' lang='lat' dir='ltr'><strong>prodere</strong></span> <span class='ocrx_word' id='word_1_437' title='bbox 881 5357 974 5429; x_wconf 89' lang='lat' dir='ltr'><strong>jus</strong></span> <span class='ocrx_word' id='word_1_438' title='bbox 1004 5359 1140 5415; x_wconf 83' lang='lat' dir='ltr'><strong>datae</strong></span> <span class='ocrx_word' id='word_1_439' title='bbox 1167 5360 1497 5416; x_wconf 83' lang='lat' dir='ltr'><strong>securitatis.</strong></span> <span class='ocrx_word' id='word_1_440' title='bbox 1529 5362 1605 5416; x_wconf 91' lang='lat' dir='ltr'><strong>De</strong></span> <span class='ocrx_word' id='word_1_441' title='bbox 1634 5378 1786 5417; x_wconf 88' lang='lat' dir='ltr'><strong>com-</strong></span> 
     </span>
    </p>
   </div>
   <div class='ocr_carea' id='block_1_67' title="bbox 163 5448 1783 5524">
    <p class='ocr_par' dir='ltr' id='par_1_67' title="bbox 163 5448 1783 5524">
     <span class='ocr_line' id='line_1_67' title="bbox 163 5448 1783 5524; baseline 0.004 -20"><span class='ocrx_word' id='word_1_442' title='bbox 163 5448 471 5507; x_wconf 86' lang='lat' dir='ltr'><strong>meatibus</strong></span> <span class='ocrx_word' id='word_1_443' title='bbox 524 5459 997 5520; x_wconf 88' lang='lat' dir='ltr'><strong>mercatorumque</strong></span> <span class='ocrx_word' id='word_1_444' title='bbox 1036 5450 1312 5507; x_wconf 85' lang='lat' dir='ltr'><strong>mercibus</strong></span> <span class='ocrx_word' id='word_1_445' title='bbox 1348 5460 1492 5507; x_wconf 89' lang='lat' dir='ltr'><strong>terra</strong></span> <span class='ocrx_word' id='word_1_446' title='bbox 1534 5453 1783 5524; x_wconf 86' lang='lat' dir='ltr'><strong>marique</strong></span> 
     </span>
    </p>
   </div>
   <div class='ocr_carea' id='block_1_68' title="bbox 160 5541 1782 5617">
    <p class='ocr_par' dir='ltr' id='par_1_68' title="bbox 160 5541 1782 5617">
     <span class='ocr_line' id='line_1_68' title="bbox 160 5541 1782 5617; baseline 0.006 -23"><span class='ocrx_word' id='word_1_447' title='bbox 160 5542 436 5606; x_wconf 85' lang='lat' dir='ltr'><strong>tuendis,</strong></span> <span class='ocrx_word' id='word_1_448' title='bbox 459 5541 526 5597; x_wconf 89' lang='lat' dir='ltr'><strong>de</strong></span> <span class='ocrx_word' id='word_1_449' title='bbox 550 5541 815 5613; x_wconf 88' lang='lat' dir='ltr'><strong>lignorum</strong></span> <span class='ocrx_word' id='word_1_450' title='bbox 842 5545 1213 5601; x_wconf 87' lang='lat' dir='ltr'><strong>vectatoribus</strong></span> <span class='ocrx_word' id='word_1_451' title='bbox 1257 5560 1363 5599; x_wconf 89' lang='lat' dir='ltr'><strong>non</strong></span> <span class='ocrx_word' id='word_1_452' title='bbox 1394 5546 1782 5617; x_wconf 89' lang='lat' dir='ltr'><strong>inquietandis,</strong></span> 
     </span>
    </p>
   </div>
   <div class='ocr_carea' id='block_1_69' title="bbox 158 5630 1777 5706">
    <p class='ocr_par' dir='ltr' id='par_1_69' title="bbox 158 5630 1777 5706">
     <span class='ocr_line' id='line_1_69' title="bbox 158 5630 1777 5706; baseline 0.005 -19"><span class='ocrx_word' id='word_1_453' title='bbox 158 5634 229 5692; x_wconf 83' lang='lat' dir='ltr'><strong>de</strong></span> <span class='ocrx_word' id='word_1_454' title='bbox 296 5631 600 5688; x_wconf 90' lang='lat' dir='ltr'><strong>nocturnis</strong></span> <span class='ocrx_word' id='word_1_455' title='bbox 646 5630 1128 5705; x_wconf 90' lang='lat' dir='ltr'><strong>frequentibusquc</strong></span> <span class='ocrx_word' id='word_1_456' title='bbox 1174 5635 1473 5691; x_wconf 89' lang='lat' dir='ltr'><strong>latrociniis</strong></span> <span class='ocrx_word' id='word_1_457' title='bbox 1515 5640 1777 5706; x_wconf 82' lang='lat' dir='ltr'><strong>vetandis,</strong></span> 
     </span>
    </p>
   </div>
   <div class='ocr_carea' id='block_1_70' title="bbox 152 5724 1776 5797">
    <p class='ocr_par' dir='ltr' id='par_1_70' title="bbox 152 5724 1776 5797">
     <span class='ocr_line' id='line_1_70' title="bbox 152 5724 1776 5797; baseline 0.004 -15"><span class='ocrx_word' id='word_1_458' title='bbox 152 5725 228 5786; x_wconf 86' lang='lat' dir='ltr'><strong>de</strong></span> <span class='ocrx_word' id='word_1_459' title='bbox 261 5724 641 5783; x_wconf 79' lang='lat' dir='ltr'><strong>dilfundenda</strong></span> <span class='ocrx_word' id='word_1_460' title='bbox 685 5728 881 5795; x_wconf 88' lang='lat' dir='ltr'><strong>passim</strong></span> <span class='ocrx_word' id='word_1_461' title='bbox 920 5744 1073 5797; x_wconf 88' lang='lat' dir='ltr'><strong>pace,</strong></span> <span class='ocrx_word' id='word_1_462' title='bbox 1114 5728 1274 5786; x_wconf 86' lang='lat' dir='ltr'><strong>ﬁdem</strong></span> <span class='ocrx_word' id='word_1_463' title='bbox 1326 5747 1390 5785; x_wconf 89' lang='lat' dir='ltr'><strong>ac</strong></span> <span class='ocrx_word' id='word_1_464' title='bbox 1430 5733 1776 5788; x_wconf 79' lang='lat' dir='ltr'><strong>securitatem</strong></span> 
     </span>
    </p>
   </div>
   <div class='ocr_carea' id='block_1_71' title="bbox 144 5818 1775 5900">
    <p class='ocr_par' dir='ltr' id='par_1_71' title="bbox 144 5818 1775 5900">
     <span class='ocr_line' id='line_1_71' title="bbox 144 5818 1775 5900; baseline 0.006 -25"><span class='ocrx_word' id='word_1_465' title='bbox 144 5833 268 5883; x_wconf 78' lang='lat' dir='ltr'><strong>suo</strong></span> <span class='ocrx_word' id='word_1_466' title='bbox 294 5821 424 5878; x_wconf 85' lang='lat' dir='ltr'><strong>ritu</strong></span> <span class='ocrx_word' id='word_1_467' title='bbox 453 5818 541 5874; x_wconf 88' lang='lat' dir='ltr'><strong>vel</strong></span> <span class='ocrx_word' id='word_1_468' title='bbox 569 5834 721 5876; x_wconf 89' lang='lat' dir='ltr'><strong>more</strong></span> <span class='ocrx_word' id='word_1_469' title='bbox 752 5821 1061 5891; x_wconf 77' lang='lat' dir='ltr'><strong>confirmet;</strong></span> <span class='ocrx_word' id='word_1_470' title='bbox 1097 5834 1152 5879; x_wconf 89' lang='lat' dir='ltr'><strong>ct</strong></span> <span class='ocrx_word' id='word_1_471' title='bbox 1194 5840 1314 5882; x_wconf 90' lang='lat' dir='ltr'><strong>cum</strong></span> <span class='ocrx_word' id='word_1_472' title='bbox 1348 5825 1482 5900; x_wconf 89' lang='lat' dir='ltr'><strong>ipsis</strong></span> <span class='ocrx_word' id='word_1_473' title='bbox 1511 5842 1607 5883; x_wconf 88' lang='lat' dir='ltr'><strong>nos</strong></span> <span class='ocrx_word' id='word_1_474' title='bbox 1654 5843 1775 5885; x_wconf 86' lang='lat' dir='ltr'><strong>eas-</strong></span> 
     </span>
    </p>
   </div>
   <div class='ocr_carea' id='block_1_72' title="bbox 1900 2961 3498 3038">
    <p class='ocr_par' dir='ltr' id='par_1_72' title="bbox 1900 2961 3498 3038">
     <span class='ocr_line' id='line_1_72' title="bbox 1900 2961 3498 3038; baseline 0.006 -23"><span class='ocrx_word' id='word_1_475' title='bbox 1900 2969 2043 3015; x_wconf 90' lang='lat' dir='ltr'><strong>ctam</strong></span> <span class='ocrx_word' id='word_1_476' title='bbox 2091 2961 2372 3017; x_wconf 76' lang='lat' dir='ltr'><strong>ccelestem</strong></span> <span class='ocrx_word' id='word_1_477' title='bbox 2429 2964 2478 3018; x_wconf 92' lang='lat' dir='ltr'><strong>ei</strong></span> <span class='ocrx_word' id='word_1_478' title='bbox 2529 2967 2621 3035; x_wconf 92' lang='lat' dir='ltr'><strong>qui</strong></span> <span class='ocrx_word' id='word_1_479' title='bbox 2675 2966 2852 3023; x_wconf 89' lang='lat' dir='ltr'><strong>foedus</strong></span> <span class='ocrx_word' id='word_1_480' title='bbox 2925 2968 3232 3038; x_wconf 84' lang='lat' dir='ltr'><strong>corruperit</strong></span> <span class='ocrx_word' id='word_1_481' title='bbox 3300 2967 3498 3038; x_wconf 86' lang='lat' dir='ltr'><strong>impre-</strong></span> 
     </span>
    </p>
   </div>
   <div class='ocr_carea' id='block_1_73' title="bbox 1898 3052 3494 3129">
    <p class='ocr_par' dir='ltr' id='par_1_73' title="bbox 1898 3052 3494 3129">
     <span class='ocr_line' id='line_1_73' title="bbox 1898 3052 3494 3129; baseline 0.004 -23"><span class='ocrx_word' id='word_1_482' title='bbox 1898 3052 2166 3107; x_wconf 85' lang='lat' dir='ltr'><strong>cabimur.</strong></span> <span class='ocrx_word' id='word_1_483' title='bbox 2222 3072 2240 3104; x_wconf 76' lang='grc' dir='ltr'><strong><em>ι</em></strong></span> <span class='ocrx_word' id='word_1_484' title='bbox 2300 3052 2418 3120; x_wconf 89' lang='lat' dir='ltr'><strong>Quo</strong></span> <span class='ocrx_word' id='word_1_485' title='bbox 2472 3055 2659 3126; x_wconf 92' lang='lat' dir='ltr'><strong>dicto,</strong></span> <span class='ocrx_word' id='word_1_486' title='bbox 2706 3057 2862 3113; x_wconf 88' lang='lat' dir='ltr'><strong>favor</strong></span> <span class='ocrx_word' id='word_1_487' title='bbox 2913 3060 3201 3129; x_wconf 89' lang='lat' dir='ltr'><strong>utrobique</strong></span> <span class='ocrx_word' id='word_1_488' title='bbox 3250 3059 3494 3127; x_wconf 91' lang='lat' dir='ltr'><strong>tollitur,</strong></span> 
     </span>
    </p>
   </div>
   <div class='ocr_carea' id='block_1_74' title="bbox 1897 3144 3491 3221">
    <p class='ocr_par' dir='ltr' id='par_1_74' title="bbox 1897 3144 3491 3221">
     <span class='ocr_line' id='line_1_74' title="bbox 1897 3144 3491 3221; baseline 0.004 -23"><span class='ocrx_word' id='word_1_489' title='bbox 1897 3144 2191 3215; x_wconf 88' lang='lat' dir='ltr'><strong>statimque</strong></span> <span class='ocrx_word' id='word_1_490' title='bbox 2216 3145 2492 3216; x_wconf 86' lang='lat' dir='ltr'><strong>principes</strong></span> <span class='ocrx_word' id='word_1_491' title='bbox 2519 3149 2722 3205; x_wconf 91' lang='lat' dir='ltr'><strong>mutuis</strong></span> <span class='ocrx_word' id='word_1_492' title='bbox 2746 3164 2864 3207; x_wconf 90' lang='lat' dir='ltr'><strong>sese</strong></span> <span class='ocrx_word' id='word_1_493' title='bbox 2892 3165 3145 3221; x_wconf 79' lang='lat' dir='ltr'><strong>recepere</strong></span> <span class='ocrx_word' id='word_1_494' title='bbox 3181 3149 3491 3221; x_wconf 87' lang='lat' dir='ltr'><strong>colloquiis.</strong></span> 
     </span>
    </p>
   </div>
   <div class='ocr_carea' id='block_1_75' title="bbox 1972 3232 3499 3311">
    <p class='ocr_par' dir='ltr' id='par_1_75' title="bbox 1972 3232 3499 3311">
     <span class='ocr_line' id='line_1_75' title="bbox 1972 3232 3499 3311; baseline 0.005 -24"><span class='ocrx_word' id='word_1_495' title='bbox 1972 3232 2160 3289; x_wconf 83' lang='lat' dir='ltr'><strong>Urbem</strong></span> <span class='ocrx_word' id='word_1_496' title='bbox 2192 3235 2579 3308; x_wconf 76' lang='lat' dir='ltr'><strong>Jerosolymam</strong></span> <span class='ocrx_word' id='word_1_497' title='bbox 2628 3242 2916 3310; x_wconf 79' lang='lat' dir='ltr'><strong>imperator</strong></span> <span class='ocrx_word' id='word_1_498' title='bbox 2968 3243 3078 3311; x_wconf 82' lang='lat' dir='ltr'><strong>ipse</strong></span> <span class='ocrx_word' id='word_1_499' title='bbox 3127 3241 3499 3311; x_wconf 80' lang='lat' dir='ltr'><strong>fraudulenter</strong></span> 
     </span>
    </p>
   </div>
   <div class='ocr_carea' id='block_1_76' title="bbox 1896 3327 3498 3407">
    <p class='ocr_par' dir='ltr' id='par_1_76' title="bbox 1896 3327 3498 3407">
     <span class='ocr_line' id='line_1_76' title="bbox 1896 3327 3498 3407; baseline 0.004 -25"><span class='ocrx_word' id='word_1_500' title='bbox 1896 3327 2093 3382; x_wconf 79' lang='lat' dir='ltr'><strong>invisit.</strong></span> <span class='ocrx_word' id='word_1_501' title='bbox 2122 3357 2193 3367; x_wconf 93' lang='lat'><strong>——</strong></span> <span class='ocrx_word' id='word_1_502' title='bbox 2222 3327 2322 3384; x_wconf 90' lang='lat' dir='ltr'><strong>Ubi</strong></span> <span class='ocrx_word' id='word_1_503' title='bbox 2347 3327 2459 3399; x_wconf 88' lang='lat' dir='ltr'><strong>jam</strong></span> <span class='ocrx_word' id='word_1_504' title='bbox 2497 3333 2720 3403; x_wconf 87' lang='lat' dir='ltr'><strong>majoris</strong></span> <span class='ocrx_word' id='word_1_505' title='bbox 2743 3332 2953 3389; x_wconf 74' lang='lat' dir='ltr'><strong>ﬁduciae</strong></span> <span class='ocrx_word' id='word_1_506' title='bbox 2982 3335 3125 3405; x_wconf 89' lang='lat' dir='ltr'><strong>apud</strong></span> <span class='ocrx_word' id='word_1_507' title='bbox 3156 3350 3341 3407; x_wconf 85' lang='lat' dir='ltr'><strong>regem</strong></span> <span class='ocrx_word' id='word_1_508' title='bbox 3369 3337 3498 3391; x_wconf 90' lang='lat' dir='ltr'><strong>bar-</strong></span> 
     </span>
    </p>
   </div>
   <div class='ocr_carea' id='block_1_77' title="bbox 1896 3420 3498 3497">
    <p class='ocr_par' dir='ltr' id='par_1_77' title="bbox 1896 3420 3498 3497">
     <span class='ocr_line' id='line_1_77' title="bbox 1896 3420 3498 3497; baseline 0.004 -22"><span class='ocrx_word' id='word_1_509' title='bbox 1896 3420 2061 3475; x_wconf 84' lang='lat' dir='ltr'><strong>barus</strong></span> <span class='ocrx_word' id='word_1_510' title='bbox 2092 3421 2299 3475; x_wconf 84' lang='lat' dir='ltr'><strong>aditum</strong></span> <span class='ocrx_word' id='word_1_511' title='bbox 2353 3421 2608 3479; x_wconf 89' lang='lat' dir='ltr'><strong>invenit:</strong></span> <span class='ocrx_word' id='word_1_512' title='bbox 2662 3444 2682 3477; x_wconf 86' lang='grc'><em>‹</em></span> <span class='ocrx_word' id='word_1_513' title='bbox 2736 3425 3031 3493; x_wconf 83' lang='lat' dir='ltr'><strong>Quoniam,</strong></span> <span class='ocrx_word' id='word_1_514' title='bbox 3079 3426 3277 3497; x_wconf 87' lang='lat' dir='ltr'><strong>inquit,</strong></span> <span class='ocrx_word' id='word_1_515' title='bbox 3327 3427 3498 3483; x_wconf 89' lang='lat' dir='ltr'><strong>armis</strong></span> 
     </span>
    </p>
   </div>
   <div class='ocr_carea' id='block_1_78' title="bbox 1898 3508 3495 3585">
    <p class='ocr_par' dir='ltr' id='par_1_78' title="bbox 1898 3508 3495 3585">
     <span class='ocr_line' id='line_1_78' title="bbox 1898 3508 3495 3585; baseline 0.006 -20"><span class='ocrx_word' id='word_1_516' title='bbox 1898 3508 2125 3579; x_wconf 74' lang='lat' dir='ltr'><strong>abiectis</strong></span> <span class='ocrx_word' id='word_1_517' title='bbox 2153 3512 2421 3568; x_wconf 91' lang='lat' dir='ltr'><strong>bellorum</strong></span> <span class='ocrx_word' id='word_1_518' title='bbox 2450 3530 2645 3571; x_wconf 89' lang='lat' dir='ltr'><strong>causas</strong></span> <span class='ocrx_word' id='word_1_519' title='bbox 2669 3515 2937 3573; x_wconf 89' lang='lat' dir='ltr'><strong>interdum</strong></span> <span class='ocrx_word' id='word_1_520' title='bbox 2963 3519 3287 3585; x_wconf 85' lang='lat' dir='ltr'><strong>exemimus,</strong></span> <span class='ocrx_word' id='word_1_521' title='bbox 3321 3518 3495 3575; x_wconf 85' lang='lat' dir='ltr'><strong>multa</strong></span> 
     </span>
    </p>
   </div>
   <div class='ocr_carea' id='block_1_79' title="bbox 1898 3602 3496 3683">
    <p class='ocr_par' dir='ltr' id='par_1_79' title="bbox 1898 3602 3496 3683">
     <span class='ocr_line' id='line_1_79' title="bbox 1898 3602 3496 3683; baseline 0.008 -29"><span class='ocrx_word' id='word_1_522' title='bbox 1898 3602 2031 3656; x_wconf 89' lang='lat' dir='ltr'><strong>mihi</strong></span> <span class='ocrx_word' id='word_1_523' title='bbox 2058 3604 2291 3659; x_wconf 75' lang='lat' dir='ltr'><strong>accessit</strong></span> <span class='ocrx_word' id='word_1_524' title='bbox 2320 3604 2752 3679; x_wconf 83' lang='lat' dir='ltr'><strong>Hierosolymam</strong></span> <span class='ocrx_word' id='word_1_525' title='bbox 2776 3609 2992 3665; x_wconf 84' lang='lat' dir='ltr'><strong>videndi</strong></span> <span class='ocrx_word' id='word_1_526' title='bbox 3023 3610 3212 3677; x_wconf 89' lang='lat' dir='ltr'><strong>libido,</strong></span> <span class='ocrx_word' id='word_1_527' title='bbox 3242 3612 3395 3683; x_wconf 91' lang='lat' dir='ltr'><strong>quia,</strong></span> <span class='ocrx_word' id='word_1_528' title='bbox 3427 3625 3496 3667; x_wconf 85' lang='lat' dir='ltr'><strong>ex</strong></span> 
     </span>
    </p>
   </div>
   <div class='ocr_carea' id='block_1_80' title="bbox 1896 3700 3496 3771">
    <p class='ocr_par' dir='ltr' id='par_1_80' title="bbox 1896 3700 3496 3771">
     <span class='ocr_line' id='line_1_80' title="bbox 1896 3700 3496 3771; baseline 0.005 -22"><span class='ocrx_word' id='word_1_529' title='bbox 1896 3708 1962 3750; x_wconf 90' lang='lat' dir='ltr'><strong>eo</strong></span> <span class='ocrx_word' id='word_1_530' title='bbox 1990 3703 2234 3765; x_wconf 86' lang='lat' dir='ltr'><strong>tempore</strong></span> <span class='ocrx_word' id='word_1_531' title='bbox 2277 3710 2387 3765; x_wconf 88' lang='lat' dir='ltr'><strong>quo</strong></span> <span class='ocrx_word' id='word_1_532' title='bbox 2437 3712 2560 3751; x_wconf 89' lang='lat' dir='ltr'><strong>eam</strong></span> <span class='ocrx_word' id='word_1_533' title='bbox 2599 3700 2892 3771; x_wconf 81' lang='lat' dir='ltr'><strong>expugnati</strong></span> <span class='ocrx_word' id='word_1_534' title='bbox 2942 3715 2974 3754; x_wconf 87' lang='lat' dir='ltr'><strong>a</strong></span> <span class='ocrx_word' id='word_1_535' title='bbox 3027 3700 3253 3757; x_wconf 87' lang='lat' dir='ltr'><strong>Francis</strong></span> <span class='ocrx_word' id='word_1_536' title='bbox 3309 3700 3496 3757; x_wconf 87' lang='lat' dir='ltr'><strong>amisi-</strong></span> 
     </span>
    </p>
   </div>
   <div class='ocr_carea' id='block_1_81' title="bbox 1899 3789 3493 3856">
    <p class='ocr_par' dir='ltr' id='par_1_81' title="bbox 1899 3789 3493 3856">
     <span class='ocr_line' id='line_1_81' title="bbox 1899 3789 3493 3856; baseline 0.004 -13"><span class='ocrx_word' id='word_1_537' title='bbox 1899 3804 2059 3856; x_wconf 92' lang='lat' dir='ltr'><strong>mus,</strong></span> <span class='ocrx_word' id='word_1_538' title='bbox 2112 3789 2321 3845; x_wconf 89' lang='lat' dir='ltr'><strong>meliori</strong></span> <span class='ocrx_word' id='word_1_539' title='bbox 2371 3799 2516 3846; x_wconf 90' lang='lat' dir='ltr'><strong>statu</strong></span> <span class='ocrx_word' id='word_1_540' title='bbox 2575 3792 2930 3849; x_wconf 87' lang='lat' dir='ltr'><strong>reformatam</strong></span> <span class='ocrx_word' id='word_1_541' title='bbox 2978 3796 3305 3851; x_wconf 89' lang='lat' dir='ltr'><strong>audivimus.</strong></span> <span class='ocrx_word' id='word_1_542' title='bbox 3354 3795 3493 3852; x_wconf 90' lang='lat' dir='ltr'><strong>Cum</strong></span> 
     </span>
    </p>
   </div>
   <div class='ocr_carea' id='block_1_82' title="bbox 1898 3880 3491 3957">
    <p class='ocr_par' dir='ltr' id='par_1_82' title="bbox 1898 3880 3491 3957">
     <span class='ocr_line' id='line_1_82' title="bbox 1898 3880 3491 3957; baseline 0.006 -24"><span class='ocrx_word' id='word_1_543' title='bbox 1898 3880 2258 3950; x_wconf 89' lang='lat' dir='ltr'><strong>quantislibet</strong></span> <span class='ocrx_word' id='word_1_544' title='bbox 2311 3882 2473 3938; x_wconf 91' lang='lat' dir='ltr'><strong>sociis</strong></span> <span class='ocrx_word' id='word_1_545' title='bbox 2538 3882 2679 3938; x_wconf 87' lang='lat' dir='ltr'><strong>infra</strong></span> <span class='ocrx_word' id='word_1_546' title='bbox 2730 3885 2921 3940; x_wconf 84' lang='lat' dir='ltr'><strong>urbem</strong></span> <span class='ocrx_word' id='word_1_547' title='bbox 2977 3886 3190 3942; x_wconf 87' lang='lat' dir='ltr'><strong>admitti</strong></span> <span class='ocrx_word' id='word_1_548' title='bbox 3237 3888 3491 3957; x_wconf 87' lang='lat' dir='ltr'><strong>deposco.</strong></span> 
     </span>
    </p>
   </div>
   <div class='ocr_carea' id='block_1_83' title="bbox 1896 3971 3490 4043">
    <p class='ocr_par' dir='ltr' id='par_1_83' title="bbox 1896 3971 3490 4043">
     <span class='ocr_line' id='line_1_83' title="bbox 1896 3971 3490 4043; baseline 0.004 -17"><span class='ocrx_word' id='word_1_549' title='bbox 1896 3971 2050 4027; x_wconf 83' lang='lat' dir='ltr'><strong>illam</strong></span> <span class='ocrx_word' id='word_1_550' title='bbox 2084 3980 2290 4027; x_wconf 87' lang='lat' dir='ltr'><strong>tantum</strong></span> <span class='ocrx_word' id='word_1_551' title='bbox 2333 3974 2572 4039; x_wconf 86' lang='lat' dir='ltr'><strong>videam,</strong></span> <span class='ocrx_word' id='word_1_552' title='bbox 2605 3984 2660 4031; x_wconf 89' lang='lat' dir='ltr'><strong>et</strong></span> <span class='ocrx_word' id='word_1_553' title='bbox 2697 3976 2921 4043; x_wconf 86' lang='lat' dir='ltr'><strong>vidisse,</strong></span> <span class='ocrx_word' id='word_1_554' title='bbox 2955 3977 3090 4032; x_wconf 84' lang='lat' dir='ltr'><strong>satis</strong></span> <span class='ocrx_word' id='word_1_555' title='bbox 3118 3976 3253 4032; x_wconf 88' lang='lat' dir='ltr'><strong>mihi</strong></span> <span class='ocrx_word' id='word_1_556' title='bbox 3282 3977 3490 4033; x_wconf 89' lang='lat' dir='ltr'><strong>factum</strong></span> 
     </span>
    </p>
   </div>
   <div class='ocr_carea' id='block_1_84' title="bbox 1895 4064 3495 4141">
    <p class='ocr_par' dir='ltr' id='par_1_84' title="bbox 1895 4064 3495 4141">
     <span class='ocr_line' id='line_1_84' title="bbox 1895 4064 3495 4141; baseline 0.003 -22"><span class='ocrx_word' id='word_1_557' title='bbox 1895 4065 2161 4135; x_wconf 86' lang='lat' dir='ltr'><strong>pensabo.</strong></span> <span class='ocrx_word' id='word_1_558' title='bbox 2220 4084 2237 4116; x_wconf 84' lang='grc'><em>‹</em></span> <span class='ocrx_word' id='word_1_559' title='bbox 2274 4064 2382 4120; x_wconf 83' lang='lat' dir='ltr'><strong>Nec</strong></span> <span class='ocrx_word' id='word_1_560' title='bbox 2432 4067 2614 4123; x_wconf 87' lang='lat' dir='ltr'><strong>renuit</strong></span> <span class='ocrx_word' id='word_1_561' title='bbox 2662 4082 2757 4123; x_wconf 83' lang='lat' dir='ltr'><strong>rex</strong></span> <span class='ocrx_word' id='word_1_562' title='bbox 2790 4109 2805 4134; x_wconf 88' lang='lat'><strong>,</strong></span> <span class='ocrx_word' id='word_1_563' title='bbox 2860 4070 3071 4141; x_wconf 88' lang='lat' dir='ltr'><strong>quippe</strong></span> <span class='ocrx_word' id='word_1_564' title='bbox 3107 4085 3269 4139; x_wconf 87' lang='lat' dir='ltr'><strong>quem</strong></span> <span class='ocrx_word' id='word_1_565' title='bbox 3322 4067 3495 4125; x_wconf 91' lang='lat' dir='ltr'><strong>dolosi</strong></span> 
     </span>
    </p>
   </div>
   <div class='ocr_carea' id='block_1_85' title="bbox 1895 4156 3495 4234">
    <p class='ocr_par' dir='ltr' id='par_1_85' title="bbox 1895 4156 3495 4234">
     <span class='ocr_line' id='line_1_85' title="bbox 1895 4156 3495 4234; baseline 0.006 -25"><span class='ocrx_word' id='word_1_566' title='bbox 1895 4156 2265 4212; x_wconf 89' lang='lat' dir='ltr'><strong>fraudulentia</strong></span> <span class='ocrx_word' id='word_1_567' title='bbox 2286 4157 2524 4214; x_wconf 88' lang='lat' dir='ltr'><strong>hominis</strong></span> <span class='ocrx_word' id='word_1_568' title='bbox 2551 4159 2773 4216; x_wconf 88' lang='lat' dir='ltr'><strong>latebat.</strong></span> <span class='ocrx_word' id='word_1_569' title='bbox 2792 4160 2926 4217; x_wconf 90' lang='lat' dir='ltr'><strong>Tota</strong></span> <span class='ocrx_word' id='word_1_570' title='bbox 2972 4162 3283 4234; x_wconf 85' lang='lat' dir='ltr'><strong>regreditur</strong></span> <span class='ocrx_word' id='word_1_571' title='bbox 3323 4165 3495 4219; x_wconf 86' lang='lat' dir='ltr'><strong>Asca-</strong></span> 
     </span>
    </p>
   </div>
   <div class='ocr_carea' id='block_1_86' title="bbox 1821 4221 3491 4325">
    <p class='ocr_par' dir='ltr' id='par_1_86' title="bbox 1821 4221 3491 4325">
     <span class='ocr_line' id='line_1_86' title="bbox 1821 4221 3491 4325; baseline 0.007 -25"><span class='ocrx_word' id='word_1_572' title='bbox 1821 4221 1862 4279; x_wconf 71' lang='lat' dir='ltr'><strong><em>C</em></strong></span> <span class='ocrx_word' id='word_1_573' title='bbox 1894 4245 2074 4303; x_wconf 89' lang='lat' dir='ltr'><strong>Ionem</strong></span> <span class='ocrx_word' id='word_1_574' title='bbox 2119 4249 2481 4305; x_wconf 87' lang='lat' dir='ltr'><strong>barbarorum</strong></span> <span class='ocrx_word' id='word_1_575' title='bbox 2513 4266 2725 4307; x_wconf 89' lang='lat' dir='ltr'><strong>manus.</strong></span> <span class='ocrx_word' id='word_1_576' title='bbox 2769 4254 3147 4309; x_wconf 85' lang='lat' dir='ltr'><strong>Admiravisus</strong></span> <span class='ocrx_word' id='word_1_577' title='bbox 3199 4257 3491 4325; x_wconf 88' lang='lat' dir='ltr'><strong>perpaucis</strong></span> 
     </span>
    </p>
   </div>
   <div class='ocr_carea' id='block_1_87' title="bbox 1895 4342 3490 4417">
    <p class='ocr_par' dir='ltr' id='par_1_87' title="bbox 1895 4342 3490 4417">
     <span class='ocr_line' id='line_1_87' title="bbox 1895 4342 3490 4417; baseline 0.006 -23"><span class='ocrx_word' id='word_1_578' title='bbox 1895 4342 2144 4407; x_wconf 83' lang='lat' dir='ltr'><strong>retentis,</strong></span> <span class='ocrx_word' id='word_1_579' title='bbox 2179 4358 2360 4413; x_wconf 87' lang='lat' dir='ltr'><strong>regem</strong></span> <span class='ocrx_word' id='word_1_580' title='bbox 2388 4358 2562 4413; x_wconf 91' lang='lat' dir='ltr'><strong>usque</strong></span> <span class='ocrx_word' id='word_1_581' title='bbox 2589 4343 3017 4417; x_wconf 84' lang='lat' dir='ltr'><strong>Hierosolymam</strong></span> <span class='ocrx_word' id='word_1_582' title='bbox 3049 4348 3362 4403; x_wconf 82' lang='lat' dir='ltr'><strong>comitatur.</strong></span> <span class='ocrx_word' id='word_1_583' title='bbox 3413 4349 3490 4404; x_wconf 86' lang='lat' dir='ltr'><strong>Ea</strong></span> 
     </span>
    </p>
   </div>
   <div class='ocr_carea' id='block_1_88' title="bbox 1897 4433 3491 4503">
    <p class='ocr_par' dir='ltr' id='par_1_88' title="bbox 1897 4433 3491 4503">
     <span class='ocr_line' id='line_1_88' title="bbox 1897 4433 3491 4503; baseline 0.006 -16"><span class='ocrx_word' id='word_1_584' title='bbox 1897 4433 2116 4487; x_wconf 90' lang='lat' dir='ltr'><strong>interim</strong></span> <span class='ocrx_word' id='word_1_585' title='bbox 2147 4433 2233 4488; x_wconf 91' lang='lat' dir='ltr'><strong>die</strong></span> <span class='ocrx_word' id='word_1_586' title='bbox 2263 4433 2551 4489; x_wconf 90' lang='lat' dir='ltr'><strong>siluerunt.</strong></span> <span class='ocrx_word' id='word_1_587' title='bbox 2610 4435 2666 4489; x_wconf 88' lang='lat' dir='ltr'><strong>In</strong></span> <span class='ocrx_word' id='word_1_588' title='bbox 2726 4436 3051 4503; x_wconf 90' lang='lat' dir='ltr'><strong>crastinum,</strong></span> <span class='ocrx_word' id='word_1_589' title='bbox 3108 4440 3211 4493; x_wconf 92' lang='lat' dir='ltr'><strong>sub</strong></span> <span class='ocrx_word' id='word_1_590' title='bbox 3265 4439 3491 4496; x_wconf 90' lang='lat' dir='ltr'><strong>honoris</strong></span> 
     </span>
    </p>
   </div>
   <div class='ocr_carea' id='block_1_89' title="bbox 1894 4526 3485 4599">
    <p class='ocr_par' dir='ltr' id='par_1_89' title="bbox 1894 4526 3485 4599">
     <span class='ocr_line' id='line_1_89' title="bbox 1894 4526 3485 4599; baseline 0.003 -17"><span class='ocrx_word' id='word_1_591' title='bbox 1894 4526 2119 4582; x_wconf 90' lang='lat' dir='ltr'><strong>obtentu</strong></span> <span class='ocrx_word' id='word_1_592' title='bbox 2162 4527 2482 4596; x_wconf 87' lang='lat' dir='ltr'><strong>quibusdam</strong></span> <span class='ocrx_word' id='word_1_593' title='bbox 2532 4535 2841 4583; x_wconf 90' lang='lat' dir='ltr'><strong>nostrorum</strong></span> <span class='ocrx_word' id='word_1_594' title='bbox 2872 4528 3195 4599; x_wconf 90' lang='lat' dir='ltr'><strong>proceribus</strong></span> <span class='ocrx_word' id='word_1_595' title='bbox 3224 4530 3485 4599; x_wconf 85' lang='lat' dir='ltr'><strong>vallatus,</strong></span> 
     </span>
    </p>
   </div>
   <div class='ocr_carea' id='block_1_90' title="bbox 1895 4619 3488 4691">
    <p class='ocr_par' dir='ltr' id='par_1_90' title="bbox 1895 4619 3488 4691">
     <span class='ocr_line' id='line_1_90' title="bbox 1895 4619 3488 4691; baseline 0.001 -15"><span class='ocrx_word' id='word_1_596' title='bbox 1895 4635 2005 4676; x_wconf 90' lang='lat' dir='ltr'><strong>non</strong></span> <span class='ocrx_word' id='word_1_597' title='bbox 2048 4619 2209 4674; x_wconf 91' lang='lat' dir='ltr'><strong>modo</strong></span> <span class='ocrx_word' id='word_1_598' title='bbox 2236 4627 2601 4689; x_wconf 88' lang='lat' dir='ltr'><strong>spectaturus,</strong></span> <span class='ocrx_word' id='word_1_599' title='bbox 2633 4633 2824 4674; x_wconf 89' lang='lat' dir='ltr'><strong>verum</strong></span> <span class='ocrx_word' id='word_1_600' title='bbox 2861 4620 3246 4691; x_wconf 82' lang='lat' dir='ltr'><strong>exploraturus</strong></span> <span class='ocrx_word' id='word_1_601' title='bbox 3294 4623 3488 4678; x_wconf 88' lang='lat' dir='ltr'><strong>urbem</strong></span> 
     </span>
    </p>
   </div>
   <div class='ocr_carea' id='block_1_91' title="bbox 1894 4710 3487 4787">
    <p class='ocr_par' dir='ltr' id='par_1_91' title="bbox 1894 4710 3487 4787">
     <span class='ocr_line' id='line_1_91' title="bbox 1894 4710 3487 4787; baseline 0.001 -17"><span class='ocrx_word' id='word_1_602' title='bbox 1894 4713 2160 4787; x_wconf 89' lang='lat' dir='ltr'><strong>procedit.</strong></span> <span class='ocrx_word' id='word_1_603' title='bbox 2197 4710 2300 4767; x_wconf 91' lang='lat' dir='ltr'><strong>Ubi</strong></span> <span class='ocrx_word' id='word_1_604' title='bbox 2331 4711 2530 4784; x_wconf 90' lang='lat' dir='ltr'><strong>templa</strong></span> <span class='ocrx_word' id='word_1_605' title='bbox 2565 4711 2653 4768; x_wconf 93' lang='lat' dir='ltr'><strong>vel</strong></span> <span class='ocrx_word' id='word_1_606' title='bbox 2678 4712 2939 4770; x_wconf 89' lang='lat' dir='ltr'><strong>ecclesias</strong></span> <span class='ocrx_word' id='word_1_607' title='bbox 2974 4712 3264 4786; x_wconf 83' lang='lat' dir='ltr'><strong>fulgentes,</strong></span> <span class='ocrx_word' id='word_1_608' title='bbox 3293 4730 3487 4773; x_wconf 87' lang='lat' dir='ltr'><strong>eversa</strong></span> 
     </span>
    </p>
   </div>
   <div class='ocr_carea' id='block_1_92' title="bbox 1893 4803 3487 4876">
    <p class='ocr_par' dir='ltr' id='par_1_92' title="bbox 1893 4803 3487 4876">
     <span class='ocr_line' id='line_1_92' title="bbox 1893 4803 3487 4876; baseline 0.001 -14"><span class='ocrx_word' id='word_1_609' title='bbox 1893 4819 2115 4863; x_wconf 90' lang='lat' dir='ltr'><strong>suorum</strong></span> <span class='ocrx_word' id='word_1_610' title='bbox 2166 4803 2387 4874; x_wconf 88' lang='lat' dir='ltr'><strong>antiqua</strong></span> <span class='ocrx_word' id='word_1_611' title='bbox 2429 4804 2674 4872; x_wconf 89' lang='lat' dir='ltr'><strong>delubra,</strong></span> <span class='ocrx_word' id='word_1_612' title='bbox 2727 4804 3034 4863; x_wconf 84' lang='lat' dir='ltr'><strong>destructas</strong></span> <span class='ocrx_word' id='word_1_613' title='bbox 3084 4823 3229 4876; x_wconf 89' lang='lat' dir='ltr'><strong>aras,</strong></span> <span class='ocrx_word' id='word_1_614' title='bbox 3282 4818 3487 4864; x_wconf 90' lang='lat' dir='ltr'><strong>statum</strong></span> 
     </span>
    </p>
   </div>
   <div class='ocr_carea' id='block_1_93' title="bbox 1892 4893 3487 4969">
    <p class='ocr_par' dir='ltr' id='par_1_93' title="bbox 1892 4893 3487 4969">
     <span class='ocr_line' id='line_1_93' title="bbox 1892 4893 3487 4969; baseline 0.003 -18"><span class='ocrx_word' id='word_1_615' title='bbox 1892 4897 2043 4952; x_wconf 87' lang='lat' dir='ltr'><strong>urbis</strong></span> <span class='ocrx_word' id='word_1_616' title='bbox 2094 4909 2245 4951; x_wconf 89' lang='lat' dir='ltr'><strong>more</strong></span> <span class='ocrx_word' id='word_1_617' title='bbox 2279 4893 2591 4953; x_wconf 89' lang='lat' dir='ltr'><strong>Christiano</strong></span> <span class='ocrx_word' id='word_1_618' title='bbox 2633 4898 2976 4955; x_wconf 91' lang='lat' dir='ltr'><strong>immutatum</strong></span> <span class='ocrx_word' id='word_1_619' title='bbox 3026 4901 3182 4969; x_wconf 89' lang='lat' dir='ltr'><strong>vidit,</strong></span> <span class='ocrx_word' id='word_1_620' title='bbox 3241 4901 3368 4957; x_wconf 90' lang='lat' dir='ltr'><strong>felle</strong></span> <span class='ocrx_word' id='word_1_621' title='bbox 3420 4903 3487 4957; x_wconf 91' lang='lat' dir='ltr'><strong>de</strong></span> 
     </span>
    </p>
   </div>
   <div class='ocr_carea' id='block_1_94' title="bbox 1891 4987 3484 5063">
    <p class='ocr_par' dir='ltr' id='par_1_94' title="bbox 1891 4987 3484 5063">
     <span class='ocr_line' id='line_1_94' title="bbox 1891 4987 3484 5063; baseline 0.004 -22"><span class='ocrx_word' id='word_1_622' title='bbox 1891 4988 2061 5043; x_wconf 91' lang='lat' dir='ltr'><strong>nimio</strong></span> <span class='ocrx_word' id='word_1_623' title='bbox 2102 4987 2431 5059; x_wconf 82' lang='lat' dir='ltr'><strong>lacrymasse</strong></span> <span class='ocrx_word' id='word_1_624' title='bbox 2480 4989 2819 5058; x_wconf 88' lang='lat' dir='ltr'><strong>perhibetur.</strong></span> <span class='ocrx_word' id='word_1_625' title='bbox 2865 4990 3050 5047; x_wconf 79' lang='lat' dir='ltr'><strong>Nostri</strong></span> <span class='ocrx_word' id='word_1_626' title='bbox 3099 4993 3336 5060; x_wconf 86' lang='lat' dir='ltr'><strong>quidem,</strong></span> <span class='ocrx_word' id='word_1_627' title='bbox 3389 4993 3484 5063; x_wconf 91' lang='lat' dir='ltr'><strong>qui</strong></span> 
     </span>
    </p>
   </div>
   <div class='ocr_carea' id='block_1_95' title="bbox 1892 5079 3482 5153">
    <p class='ocr_par' dir='ltr' id='par_1_95' title="bbox 1892 5079 3482 5153">
     <span class='ocr_line' id='line_1_95' title="bbox 1892 5079 3482 5153; baseline 0.004 -17"><span class='ocrx_word' id='word_1_628' title='bbox 1892 5079 2029 5136; x_wconf 91' lang='lat' dir='ltr'><strong>nihil</strong></span> <span class='ocrx_word' id='word_1_629' title='bbox 2066 5080 2192 5134; x_wconf 89' lang='lat' dir='ltr'><strong>mali</strong></span> <span class='ocrx_word' id='word_1_630' title='bbox 2245 5081 2311 5135; x_wconf 90' lang='lat' dir='ltr'><strong>de</strong></span> <span class='ocrx_word' id='word_1_631' title='bbox 2334 5080 2479 5143; x_wconf 71' lang='lat' dir='ltr'><strong>,viro</strong></span> <span class='ocrx_word' id='word_1_632' title='bbox 2509 5083 2947 5153; x_wconf 79' lang='lat' dir='ltr'><strong>suSpicabantur,</strong></span> <span class='ocrx_word' id='word_1_633' title='bbox 2998 5083 3263 5152; x_wconf 88' lang='lat' dir='ltr'><strong>ejusmodi</strong></span> <span class='ocrx_word' id='word_1_634' title='bbox 3295 5084 3482 5143; x_wconf 84' lang='lat' dir='ltr'><strong>ﬂetum</strong></span> 
     </span>
    </p>
   </div>
   <div class='ocr_carea' id='block_1_96' title="bbox 1890 5176 3478 5248">
    <p class='ocr_par' dir='ltr' id='par_1_96' title="bbox 1890 5176 3478 5248">
     <span class='ocr_line' id='line_1_96' title="bbox 1890 5176 3478 5248; baseline 0.002 -17"><span class='ocrx_word' id='word_1_635' title='bbox 1890 5176 2151 5247; x_wconf 88' lang='lat' dir='ltr'><strong>pietatem</strong></span> <span class='ocrx_word' id='word_1_636' title='bbox 2190 5178 2551 5233; x_wconf 65' lang='lat' dir='ltr'><strong>mstimavcre.</strong></span> <span class='ocrx_word' id='word_1_637' title='bbox 2603 5178 2830 5233; x_wconf 90' lang='lat' dir='ltr'><strong>Demum</strong></span> <span class='ocrx_word' id='word_1_638' title='bbox 2886 5179 2954 5232; x_wconf 86' lang='lat' dir='ltr'><strong>ad</strong></span> <span class='ocrx_word' id='word_1_639' title='bbox 3009 5192 3237 5248; x_wconf 86' lang='lat' dir='ltr'><strong>regem:</strong></span> <span class='ocrx_word' id='word_1_640' title='bbox 3283 5195 3304 5230; x_wconf 72' lang='grc' dir='ltr'><strong><em>ι</em></strong></span> <span class='ocrx_word' id='word_1_641' title='bbox 3336 5177 3478 5246; x_wconf 84' lang='grc' dir='ltr'><strong>Νοη,</strong></span> 
     </span>
    </p>
   </div>
   <div class='ocr_carea' id='block_1_97' title="bbox 1890 5268 3475 5340">
    <p class='ocr_par' dir='ltr' id='par_1_97' title="bbox 1890 5268 3475 5340">
     <span class='ocr_line' id='line_1_97' title="bbox 1890 5268 3475 5340; baseline 0.002 -19"><span class='ocrx_word' id='word_1_642' title='bbox 1890 5268 2086 5337; x_wconf 90' lang='lat' dir='ltr'><strong>inquit,</strong></span> <span class='ocrx_word' id='word_1_643' title='bbox 2118 5268 2329 5323; x_wconf 86' lang='lat' dir='ltr'><strong>delatus</strong></span> <span class='ocrx_word' id='word_1_644' title='bbox 2366 5277 2563 5324; x_wconf 75' lang='lat' dir='ltr'><strong>vestrce</strong></span> <span class='ocrx_word' id='word_1_645' title='bbox 2615 5270 2802 5340; x_wconf 63' lang='lat' dir='ltr'><strong>glorim</strong></span> <span class='ocrx_word' id='word_1_646' title='bbox 2858 5283 2958 5323; x_wconf 91' lang='lat' dir='ltr'><strong>nos</strong></span> <span class='ocrx_word' id='word_1_647' title='bbox 3013 5268 3209 5323; x_wconf 89' lang='lat' dir='ltr'><strong>delusit</strong></span> <span class='ocrx_word' id='word_1_648' title='bbox 3261 5283 3475 5336; x_wconf 88' lang='lat' dir='ltr'><strong>rumor,</strong></span> 
     </span>
    </p>
   </div>
   <div class='ocr_carea' id='block_1_98' title="bbox 1888 5359 3480 5431">
    <p class='ocr_par' dir='ltr' id='par_1_98' title="bbox 1888 5359 3480 5431">
     <span class='ocr_line' id='line_1_98' title="bbox 1888 5359 3480 5431; baseline -0.001 -14"><span class='ocrx_word' id='word_1_649' title='bbox 1888 5375 2012 5417; x_wconf 89' lang='lat' dir='ltr'><strong>cum</strong></span> <span class='ocrx_word' id='word_1_650' title='bbox 2083 5361 2292 5431; x_wconf 88' lang='lat' dir='ltr'><strong>potiora</strong></span> <span class='ocrx_word' id='word_1_651' title='bbox 2369 5377 2533 5431; x_wconf 90' lang='lat' dir='ltr'><strong>quam</strong></span> <span class='ocrx_word' id='word_1_652' title='bbox 2585 5360 2863 5415; x_wconf 89' lang='lat' dir='ltr'><strong>audieram</strong></span> <span class='ocrx_word' id='word_1_653' title='bbox 2922 5361 3035 5428; x_wconf 90' lang='lat' dir='ltr'><strong>ipse</strong></span> <span class='ocrx_word' id='word_1_654' title='bbox 3088 5359 3249 5415; x_wconf 91' lang='lat' dir='ltr'><strong>modo</strong></span> <span class='ocrx_word' id='word_1_655' title='bbox 3307 5359 3480 5416; x_wconf 91' lang='lat' dir='ltr'><strong>oculis</strong></span> 
     </span>
    </p>
   </div>
   <div class='ocr_carea' id='block_1_99' title="bbox 1889 5451 3479 5525">
    <p class='ocr_par' dir='ltr' id='par_1_99' title="bbox 1889 5451 3479 5525">
     <span class='ocr_line' id='line_1_99' title="bbox 1889 5451 3479 5525; baseline 0 -16"><span class='ocrx_word' id='word_1_656' title='bbox 1889 5453 2291 5523; x_wconf 75' lang='lat' dir='ltr'><strong>usurpaverint.</strong></span> <span class='ocrx_word' id='word_1_657' title='bbox 2354 5452 2518 5509; x_wconf 86' lang='lat' dir='ltr'><strong>Plane</strong></span> <span class='ocrx_word' id='word_1_658' title='bbox 2577 5451 2858 5525; x_wconf 84' lang='lat' dir='ltr'><strong>profiteor,</strong></span> <span class='ocrx_word' id='word_1_659' title='bbox 2914 5467 3228 5523; x_wconf 90' lang='lat' dir='ltr'><strong>quanquam</strong></span> <span class='ocrx_word' id='word_1_660' title='bbox 3277 5461 3479 5510; x_wconf 67' lang='lat' dir='ltr'><strong>nostra:</strong></span> 
     </span>
    </p>
   </div>
   <div class='ocr_carea' id='block_1_100' title="bbox 1885 5543 3475 5617">
    <p class='ocr_par' dir='ltr' id='par_1_100' title="bbox 1885 5543 3475 5617">
     <span class='ocr_line' id='line_1_100' title="bbox 1885 5543 3475 5617; baseline 0.001 -18"><span class='ocrx_word' id='word_1_661' title='bbox 1885 5546 2027 5616; x_wconf 85' lang='lat' dir='ltr'><strong>parti</strong></span> <span class='ocrx_word' id='word_1_662' title='bbox 2053 5546 2316 5612; x_wconf 86' lang='lat' dir='ltr'><strong>derogare</strong></span> <span class='ocrx_word' id='word_1_663' title='bbox 2338 5545 2547 5609; x_wconf 88' lang='lat' dir='ltr'><strong>videar,</strong></span> <span class='ocrx_word' id='word_1_664' title='bbox 2577 5543 2747 5600; x_wconf 90' lang='lat' dir='ltr'><strong>multo</strong></span> <span class='ocrx_word' id='word_1_665' title='bbox 2776 5559 2939 5615; x_wconf 88' lang='lat' dir='ltr'><strong>quam</strong></span> <span class='ocrx_word' id='word_1_666' title='bbox 2985 5547 3186 5600; x_wconf 88' lang='lat' dir='ltr'><strong>nostris</strong></span> <span class='ocrx_word' id='word_1_667' title='bbox 3217 5548 3475 5617; x_wconf 89' lang='lat' dir='ltr'><strong>tempori-</strong></span> 
     </span>
    </p>
   </div>
   <div class='ocr_carea' id='block_1_101' title="bbox 1888 5639 3474 5709">
    <p class='ocr_par' dir='ltr' id='par_1_101' title="bbox 1888 5639 3474 5709">
     <span class='ocr_line' id='line_1_101' title="bbox 1888 5639 3474 5709; baseline -0.001 -13"><span class='ocrx_word' id='word_1_668' title='bbox 1888 5642 2008 5709; x_wconf 88' lang='lat' dir='ltr'><strong>bus,</strong></span> <span class='ocrx_word' id='word_1_669' title='bbox 2043 5641 2230 5695; x_wconf 88' lang='lat' dir='ltr'><strong>urbem</strong></span> <span class='ocrx_word' id='word_1_670' title='bbox 2265 5656 2409 5695; x_wconf 87' lang='lat' dir='ltr'><strong>nunc</strong></span> <span class='ocrx_word' id='word_1_671' title='bbox 2440 5639 2681 5695; x_wconf 84' lang='lat' dir='ltr'><strong>feliciora</strong></span> <span class='ocrx_word' id='word_1_672' title='bbox 2726 5640 2976 5696; x_wconf 89' lang='lat' dir='ltr'><strong>obtinere</strong></span> <span class='ocrx_word' id='word_1_673' title='bbox 3015 5640 3373 5696; x_wconf 86' lang='lat' dir='ltr'><strong>incrementa.</strong></span> <span class='ocrx_word' id='word_1_674' title='bbox 3401 5640 3474 5695; x_wconf 83' lang='lat' dir='ltr'><strong>At</strong></span> 
     </span>
    </p>
   </div>
   <div class='ocr_carea' id='block_1_102' title="bbox 1888 5734 3472 5806">
    <p class='ocr_par' dir='ltr' id='par_1_102' title="bbox 1888 5734 3472 5806">
     <span class='ocr_line' id='line_1_102' title="bbox 1888 5734 3472 5806; baseline -0.002 -16"><span class='ocrx_word' id='word_1_675' title='bbox 1888 5749 1988 5790; x_wconf 89' lang='lat' dir='ltr'><strong>nos</strong></span> <span class='ocrx_word' id='word_1_676' title='bbox 2014 5734 2394 5788; x_wconf 77' lang='lat' dir='ltr'><strong>muniﬁcentiae</strong></span> <span class='ocrx_word' id='word_1_677' title='bbox 2426 5741 2619 5790; x_wconf 61' lang='lat' dir='ltr'><strong>vestrm</strong></span> <span class='ocrx_word' id='word_1_678' title='bbox 2670 5735 3061 5806; x_wconf 86' lang='lat' dir='ltr'><strong>respondentes</strong></span> <span class='ocrx_word' id='word_1_679' title='bbox 3092 5775 3106 5801; x_wconf 92' lang='lat'><strong>,</strong></span> <span class='ocrx_word' id='word_1_680' title='bbox 3159 5735 3287 5789; x_wconf 91' lang='lat' dir='ltr'><strong>huic</strong></span> <span class='ocrx_word' id='word_1_681' title='bbox 3336 5734 3472 5788; x_wconf 85' lang='lat' dir='ltr'><strong>satis</strong></span> 
     </span>
    </p>
   </div>
   <div class='ocr_carea' id='block_1_103' title="bbox 1886 5825 3476 5901">
    <p class='ocr_par' dir='ltr' id='par_1_103' title="bbox 1886 5825 3476 5901">
     <span class='ocr_line' id='line_1_103' title="bbox 1886 5825 3476 5901; baseline 0.001 -15"><span class='ocrx_word' id='word_1_682' title='bbox 1886 5828 2297 5900; x_wconf 87' lang='lat' dir='ltr'><strong>cooperabimur</strong></span> <span class='ocrx_word' id='word_1_683' title='bbox 2330 5826 2533 5899; x_wconf 79' lang='lat' dir='ltr'><strong>gloriae.</strong></span> <span class='ocrx_word' id='word_1_684' title='bbox 2587 5826 2729 5898; x_wconf 89' lang='lat' dir='ltr'><strong>Opes</strong></span> <span class='ocrx_word' id='word_1_685' title='bbox 2758 5827 3064 5901; x_wconf 76' lang='lat' dir='ltr'><strong>advectare</strong></span> <span class='ocrx_word' id='word_1_686' title='bbox 3113 5825 3476 5898; x_wconf 69' lang='lat' dir='ltr'><strong>Babylonicas</strong></span> 
     </span>
    </p>
   </div>
  </div>
