3980 6324
559 297 668 360 835

1478 277 1800 339 GUIBERTI
1838 277 2130 336 ABBATIS
2153 277 2212 338 S.
2245 277 2485 336 ΜΑΒΙΑΞ
2515 277 2603 334 DE
2640 273 3036 334 NOVIGENTO

3651 299 3730 363 836

559 417 895 468 mercatores
913 405 996 463 eis
1018 417 1116 476 per
1141 414 1291 458 mare
1313 398 1635 460 direximus,
1663 407 1802 464 quas
1833 394 1968 450 satis
1995 397 2140 448 tenui
2170 399 2218 457 Α
2247 394 2598 452 Dissimulata
2629 400 2808 447 tamen
2839 391 3191 456 conscientia,
3229 393 3364 450 mille
3409 398 3620 464 homines
3638 425 3730 477 cum

557 502 736 575 pretio
759 495 1137 554 distrahendas
1186 492 1316 546 huic
1364 487 1484 541 urbi
1536 485 1864 553 inferemus;
1911 498 2142 553 quarum

559 595 776 663 copiosa
820 589 1081 644 varietate
1131 598 1242 654 quo
1284 580 1515 650 amplius
1556 577 1830 648 indigetis,
1878 591 1942 631 eo
1993 576 2146 633 vobis

558 694 817 759 perpetuo
847 679 1158 754 profuturas
1189 675 1472 730 noveritis.
1517 691 1535 723 ι
1595 671 1844 734 Dixerat,
1891 679 1945 724 et
1977 669 2142 740 regiis

558 778 802 835 munitus
823 770 1199 842 stipatoribus,
1239 767 1310 821 ad
1337 781 1431 820 sua
1461 778 1632 834 usque
1661 761 1960 818 reducitur.

631 869 761 940 Regi
793 864 1176 934 Hierosolyma:
1197 869 1477 916 struuntur
1497 857 1725 912 incidire.
1766 885 1839 898 —
1867 853 1979 911 Nec
2011 868 2146 910 cun-

563 971 764 1029 ctatus,
795 958 994 1015 libellis
1026 953 1366 1011 transmissis
1390 951 1688 1023 principem
1729 947 2021 1020 Babylonis
2048 963 2145 1018 per

561 1053 926 1110 internuntios
972 1049 1254 1106 adoritur:
1309 1065 1330 1098 ι
1375 1043 1514 1101 Cum
1547 1051 1740 1098 vestrae
1794 1040 2146 1097 sublimitatis

559 1159 782 1210 nomen,
812 1142 1051 1197 delatum
1073 1141 1274 1208 ubique
1305 1145 1592 1200 terrarum,
1627 1141 1710 1189 tot
1743 1133 1992 1203 gentibus
2021 1140 2136 1188 ter-

559 1239 670 1293 rori
703 1235 1003 1300 incumbat,
1036 1233 1180 1304 quod
1201 1229 1500 1286 Christiani
1534 1228 1752 1281 advenae
1788 1225 1938 1294 regni
1973 1225 2142 1281 vestri

560 1329 699 1384 fines
746 1325 1138 1390 mu—tiiaverint,
1185 1331 1390 1379 aeterno
1437 1318 1679 1386 subjacet
1733 1318 1946 1388 pudori.
2000 1317 2142 1373 Ecce

561 1435 692 1492 pars
723 1419 956 1473 maxima
985 1414 1295 1488 Babylonici
1338 1411 1570 1480 imperii,
1631 1409 1872 1464 externis
1918 1407 2141 1466 subacta

560 1514 792 1585 legibus,
827 1510 1074 1579 antiquis
1101 1507 1296 1562 ritibus
1339 1504 1620 1560 numinum
1665 1502 1858 1566 sacris,
1906 1500 2032 1556 luxu
2089 1509 2148 1556 et

558 1607 836 1674 voluptate
869 1615 975 1672 qua
1004 1600 1083 1654 uti
1133 1597 1441 1654 solebamus
1488 1603 1664 1650 vacat.
1715 1593 1923 1649 Vereor
1976 1592 2144 1648 iratos

561 1696 711 1758 deos,
749 1707 852 1748 nec
897 1691 1230 1746 Mathomum
1282 1687 1422 1742 velle
1479 1681 1835 1756 patrocinari.
1890 1681 2044 1754 Quod
2095 1679 2144 1738 si

557 1785 766 1840 viribus
797 1781 1071 1850 armisque
1117 1776 1411 1846 resumptis
1451 1773 1791 1830 Christianos
1823 1787 1852 1825 a
1894 1780 2040 1825 terra
2089 1777 2144 1824 et
2178 1785 2221 1842 Β

561 1877 786 1930 urbibus
814 1887 1002 1928 arcere
1027 1869 1328 1933 volueritis,
1362 1875 1418 1923 et
1465 1865 1541 1922 (lii
1578 1881 1675 1922 vos
1729 1862 2040 1929 exaudient,
2093 1870 2148 1917 et

560 1967 866 2023 Hathomus
887 1963 1262 2034 opitulabitur.
1295 1960 1458 2017 Ferte
1487 1973 1666 2030 opem,
1710 1957 1878 2012 armis
1908 1955 2146 2011 camelos

560 2069 820 2134 onerate,
870 2066 1205 2112 armatorum
1262 2052 1616 2108 nihilominus
1663 2049 1928 2120 quotlibet
1982 2046 2147 2102 millia

561 2151 796 2221 dirigite.
832 2148 1120 2204 Biennaies
1146 2161 1176 2201 a
1209 2141 1860 2216 regeﬂierosoiymitano
1898 2139 2152 2195 inducias

563 2241 922 2306 obtinuimus,
957 2238 1148 2293 urbem
1191 2235 1364 2306 ipsam
1404 2232 1768 2298 immunitam,
1817 2229 1954 2286 levis
1999 2228 2148 2284 viros

561 2341 875 2391 armaturae.
924 2329 1074 2384 fusos
1104 2325 1422 2382 auxiliarios
1446 2323 1702 2384 vidimus.
1733 2321 1912 2392 Opum
1940 2327 2149 2376 vestra-

559 2439 681 2480 rum
714 2435 942 2478 munera
982 2426 1392 2488 mercatumque
1437 2414 1514 2470 illi
1567 2412 1982 2485 repromisimus
2013 2452 2028 2477 ,
2083 2419 2144 2465 ut

554 2529 690 2588 erga
721 2528 821 2569 nos
849 2513 902 2567 in
931 2509 1078 2566 nullo
1118 2514 1399 2580 suspectos
1425 2520 1520 2562 eos
1549 2505 1926 2560 redderemus.
1960 2501 2019 2558 Si
2047 2515 2147 2572 pro

561 2607 857 2679 mercibus,
879 2618 1160 2668 armorum
1187 2601 1432 2659 sarcinas
1457 2600 1567 2656 illis
1595 2597 1926 2663 direxeritis,
1969 2595 2146 2651 facilis

561 2707 702 2777 apud
733 2719 830 2758 vos
872 2702 978 2756 erit
1030 2693 1199 2770 ipsia‘s
1243 2691 1454 2768 jactura
1501 2686 1668 2743 urbis.
1703 2707 1722 2740 ι
1759 2687 1854 2742 His
1886 2686 2143 2755 acceptis,

561 2816 824 2878 tyrannus
843 2816 940 2872 spe
968 2800 1238 2856 dictorum
1265 2792 1632 2851 animabatur.
1666 2783 1945 2840 Mirareris
1993 2783 2147 2838 deni-

560 2876 667 2968 que
704 2893 933 2949 militum
983 2889 1282 2953 audaciam,
1322 2900 1594 2942 armorum
1629 2876 1988 2953 quantitatem
2050 2889 2147 2928 va-

563 2971 812 3056 riumque
843 2985 1127 3055 fulgorem,
1167 2988 1539 3037 armentorum
1567 2974 1993 3043 victualiumque
2016 2965 2144 3027 infi-

561 3080 810 3143 nitatem,
853 3076 971 3132 auri
1010 3084 1441 3140 cmterarumque
1479 3084 1641 3140 opum
1684 3065 2139 3130 immensitatem;

2247 485 2552 554 quingentis
2595 481 2826 540 sarcinis
2864 480 3284 553 Hierosolymam
3326 486 3480 546 duxit.
3521 496 3732 562 Distribu.

2247 580 2420 649 tisque
2447 579 2697 651 singulis,
2721 593 2842 648 qua:
2872 577 3010 632 turri
3040 575 3208 632 David
3240 581 3472 653 contigua
3491 601 3640 660 erant,
3662 597 3734 656 ho.

2244 673 2548 744 spitalibus,
2579 673 2894 728 Mallionius-
2911 671 2968 728 in
2989 669 3262 734 Arabiam,
3306 674 3392 729 ubi
3429 691 3512 736 rex
3541 689 3734 746 moraba.

2244 775 2351 832 tur,
2377 765 2526 820 venit
2550 782 2564 819 :
2601 782 2622 817 ι
2652 763 2810 828 Sunt,
2835 763 3030 834 inquit,
3057 762 3428 836 Hierosolymis
3453 769 3733 843 funestissimi

2244 867 2598 926 mercatores,
2623 859 2716 928 qui
2749 857 2908 913 nobis
2931 871 3037 912 uon
3067 870 3250 927 opum,
3275 859 3364 914 sed
3389 875 3626 926 armorum
3650 889 3736 931 sar.

2243 952 2396 1010 cinas
2416 950 2736 1006 attulerunt.
2779 949 2846 1004 Et
2891 948 2998 1004 nisi
3022 948 3132 1004 cito
3179 948 3507 1022 subveniatis,
3553 958 3735 1024 futuram

2244 1039 2412 1096 timeo
2430 1037 2770 1095 eversionem
2795 1044 2850 1092 et
2873 1034 3050 1106 gentis
3067 1042 3124 1090 et
3146 1035 3314 1092 urbis.
3347 1055 3365 1090 ι

2316 1167 2532 1224 Omisso
2591 1165 2755 1236 igitur
2809 1179 2907 1220 rex
2951 1162 3186 1234 negotio,
3227 1161 3291 1216 ad
3334 1165 3506 1222 urbem
3546 1169 3740 1234 festinato

2249 1257 2586 1329 regreditur,
2615 1263 2668 1311 et
2695 1253 3156 1310 commeatoribus
3180 1255 3432 1323 evocatis,
3460 1258 3562 1315 foro
3585 1279 3740 1326 merces

2244 1351 2438 1424 exponi
2467 1349 2645 1420 jussit.
2681 1348 2832 1416 Quod
2883 1347 2956 1402 illi
2993 1346 3139 1402 nullo
3169 1347 3325 1404 modo
3345 1349 3607 1422 fieriposse
3633 1359 3739 1417 dice-

2245 1443 2399 1528 bant,
2430 1442 2604 1496 donec
2632 1440 2668 1494 ii
2697 1454 2832 1509 quos
2861 1447 3258 1508 praecesserant
3295 1440 3377 1496 vel
3423 1444 3546 1499 socii
3578 1448 3645 1501 vel
3673 1452 3740 1506 do-

2246 1533 2377 1588 mini
2415 1531 2704 1592 venalium,
2730 1529 3108 1596 adventarent,
3133 1531 3560 1604 vehementerque
3582 1541 3741 1598 resiste-

2245 1622 2398 1679 bant.
2430 1621 2550 1676 Mox
2580 1619 3169 1688 autem_rex,omnibus
3196 1623 3446 1678 custodias
3473 1628 3739 1699 mancipatis,

2247 1715 2484 1771 reserari
2516 1714 2758 1770 sarcinas
2800 1713 2948 1768 feeit.
2991 1711 3134 1780 Quid
3175 1713 3372 1782 plura?
3417 1715 3480 1771 Et
3509 1717 3674 1790 fulgore
3705 1733 3743 1780 et

2247 1825 2446 1881 genere
2501 1814 2871 1880 apparuerunt
2913 1821 3066 1861 arma
3104 1807 3238 1861 satis
3286 1807 3604 1877 spectabilia;
3641 1813 3743 1868 inter

2247 1919 2367 1974 quae
2418 1901 2584 1959 etiam
2645 1916 2900 1972 reperere
2953 1900 3244 1956 classicum
3297 1915 3426 1956 auro
3488 1906 3742 1976 gemmisque

2248 2004 2302 2052 et
2341 1996 2581 2051 novitate
2621 1994 2804 2065 operis
2833 1993 3066 2064 insigne.
3128 2011 3148 2045 ι
3187 1991 3336 2058 Haec,
3366 1994 3438 2048 ait
3482 2009 3581 2061 rex,
3601 1999 3741 2052 merci-

2249 2085 2432 2140 monia
2455 2092 2510 2139 et
2534 2082 2841 2154 periculosa
2884 2083 3017 2138 satis
3045 2089 3172 2136 sunt
3203 2090 3262 2138 et
3286 2082 3448 2137 utilia.
3487 2083 3741 2153 Periculosa,

2250 2177 2294 2232 si
2333 2182 2637 2247 praeparato
2665 2175 2807 2230 malo
2835 2189 2945 2230 non
2975 2175 3304 2240 resistimus,
3337 2174 3497 2241 utilia,
3523 2176 3625 2246 quia
3657 2177 3743 2232 belli

2249 2270 2550 2342 proderunt
2573 2269 2781 2324 usibus.
2812 2266 2990 2338 Super
3021 2267 3106 2322 bis
3147 2266 3317 2336 igitur
3347 2266 3486 2320 vobis
3529 2267 3636 2336 ipsis
3657 2282 3745 2323 con-

2250 2365 2432 2430 sulite,
2480 2377 2514 2418 ο
2537 2362 2642 2417 viri
2669 2361 2855 2416 fortes.
2899 2379 2919 2412 ι
2953 2359 3036 2415 Ad
3079 2360 3194 2414 haec
3225 2358 3532 2414 Eustachius
3553 2358 3744 2414 Casurae

2251 2471 2456 2524 comes,
2504 2453 2828 2525 respondit:
2880 2469 2900 2503 ι
2937 2449 3033 2506 His
3081 2451 3477 2521 quamprimum
3518 2452 3743 2522 productis,

2248 2563 2440 2606 omnes
2485 2549 2739 2604 damnate
2795 2544 3083 2615 capitibus.
3135 2542 3321 2599 Unum
3367 2543 3452 2612 qui
3503 2543 3568 2598 rei
3607 2545 3744 2599 seriem

2249 2639 2510 2706 declaret,
2542 2645 2838 2693 reservate.
2884 2654 2903 2687 ι
2954 2634 3073 2702 Quo
3124 2633 3295 2701 facto,
3346 2634 3432 2688 uni
3483 2636 3746 2691 securitatem

2249 2734 2373 2788 vitae
2396 2731 2682 2797 dederunt,
2712 2729 2757 2784 si
2779 2736 2976 2783 cuncta
3008 2743 3075 2783 ex
3102 2727 3299 2783 o‘rdine
3323 2727 3529 2797 pandat.
3558 2728 3638 2794 Qui
3667 2735 3746 2783 ait:

2251 2843 2274 2877 ε
2319 2824 2446 2881 Ideo
2473 2837 2622 2877 arma
2659 2819 2892 2876 sarcinis
2916 2818 3264 2900 inclusimus,
3298 2826 3358 2872 ut
3380 2832 3472 2873 vos
3495 2819 3640 2888 specie
3662 2817 3750 2890 [ειη

2249 2914 2365 2987 spe]
2398 2912 2668 2970 venalium
2723 2908 3116 2981 deciperemus.
3171 2908 3242 2964 Et
3290 2909 3407 2964 ideo
3435 2908 3747 2978 prmcessimus,

2253 3015 2310 3066 ut
2339 3013 2458 3064 arte
2493 3002 2710 3059 conscia
2741 3008 2946 3055 turrem
2975 3007 3028 3056 et
3061 3007 3280 3068 portam
3327 2999 3606 3072 contiguam
3640 3011 3753 3053 exer-

2250 3102 2383 3158 citui
2423 3106 2674 3164 venturo,
2719 3101 2904 3158 noctu,
2932 3092 3085 3148 vobis
3133 3092 3424 3163 soporatis,
3477 3089 3752 3161 aperiremus.

563 3187 684 3241 qua:
712 3169 890 3225 omnia
924 3177 1130 3262 ma“er
1157 3171 1345 3236 parata
1373 3160 1601 3217 navmus
1628 3160 2002 3230 imponumur’
2044 3169 2146 3210 nec
2173 3154 2217 3217 Ο
2593 3154 2900 3260 ingressuri
2933 3196 3038 3241 non
3087 3154 3270 3247 erant,
3318 3154 3482 3237 donec
3507 3154 3756 3236 adveniente

562 3264 733 3320 multo
783 3271 906 3335 post
954 3258 1278 3316 Ascalonam
1314 3261 1677 3326 exponuntur.

635 3355 960 3426 Deleguntur
985 3369 1046 3407 ac
1071 3348 1430 3405 dissolvuntur
1456 3343 1666 3398 insidia:
1693 3341 1800 3412 regi
1824 3348 2046 3411 paratw.
2077 3368 2149 3380 —

565 3451 792 3505 Domum
826 3461 950 3502 cum
975 3444 1090 3502 dies
1113 3437 1518 3498 transmittendi
1559 3435 1758 3506 negotii
1788 3432 2150 3505 repromissus

563 3543 816 3604 instaret,
844 3535 1011 3592 mittit
1044 3535 1110 3590 ad
1135 3548 1317 3605 regem
1359 3538 1644 3602 tyrannus,
1669 3535 1724 3580 et
1750 3526 1817 3581 ad
1845 3523 2150 3580 conducen-

570 3634 666 3689 das
706 3644 934 3695 merces,
977 3626 1272 3697 quemlibet
1317 3639 1347 3677 a
1411 3621 1582 3676 latere
1645 3617 1786 3688 regis
1821 3613 2147 3686 expostulat.

569 3725 676 3780 Sed
699 3737 764 3777 eo
795 3730 1036 3791 tempore
1067 3731 1162 3771 rex
1187 3713 1330 3786 apud
1355 3713 1530 3768 Cavas
1559 3717 1818 3773 castrum,
1861 3706 1915 3760 in
1950 3703 2152 3759 Arabia

570 3816 750 3876 situm,
793 3817 1157 3869 concesserat.
1205 3807 1320 3861 Hoc
1367 3820 1476 3860 non
1514 3803 1669 3858 valde
1716 3799 1905 3871 procul
1955 3812 1986 3850 a
2022 3796 2149 3851 Sina

575 3915 757 3964 monte
788 3905 856 3959 ad
887 3903 1169 3975 regionem
1199 3897 1457 3953 tuendam
1484 3899 1901 3958 construxerat;
1949 3904 2073 3943 nam
2102 3895 2156 3941 et

573 4015 639 4055 eo
672 4011 840 4068 usque
865 4008 1092 4066 regnum
1120 3989 1465 4047 dilataverat.
1494 3985 1738 4053 Denique
1784 3978 2155 4052 procurando-

571 4106 692 4147 rum
721 4087 984 4157 regalium
1039 4083 1166 4136 dum
1194 4095 1292 4136 rex
1323 4080 1558 4143 abesset,
1590 4076 1676 4130 vir
1709 4074 1928 4142 quidam
1958 4069 2156 4124 fidelis-

574 4184 765 4245 simus,
823 4187 881 4232 et
928 4170 1204 4247 vigilantis
1257 4167 1480 4241 ingenii,
1532 4161 1924 4234 Hierosolymis
1980 4158 2158 4214 cilicio

572 4273 931 4344 fungebatur;
984 4263 1138 4335 cujus
1173 4277 1368 4334 purum
1413 4273 1613 4316 nomen
1657 4257 2010 4328 ignorantes,
2052 4266 2157 4320 qua

573 4342 761 4420 nescio
799 4357 1087 4416 occasione
1137 4351 1471 4408 Mathonium
1509 4344 1848 4419 agnominari
1889 4342 2158 4414 comperi—

575 4474 718 4514 mus.
757 4455 876 4520 Hic,
911 4449 1200 4523 aliquando
1221 4464 1251 4502 a
1275 4443 1601 4503 Christianis
1627 4451 1818 4512 captus
1843 4439 2158 4494 adolescens

2252 3281 2594 3354 crepusculo,
2627 3279 2913 3334 classicum
2937 3277 3040 3332 sibi
3063 3284 3279 3342 notum,
3304 3272 3371 3330 de
3393 3285 3616 3342 supremo
3639 3269 3756 3322 turris

2255 3375 2524 3431 audirent.
2553 3371 2671 3426 Non
2701 3378 2883 3425 autem
2911 3383 3034 3423 cum
3070 3369 3300 3438 impetu,
3326 3366 3419 3421 sed
3445 3357 3692 3436 sigillatim,
3717 3369 3757 3414 ut

2252 3477 2380 3539 pote
2412 3468 2668 3521 inermes.
2705 3462 2897 3519 Turris
2921 3477 3053 3517 vero
3088 3477 3119 3516 a
3165 3461 3484 3532 quibusdam
3511 3453 3757 3518 obtinenda,

2255 3564 2323 3618 ab
2349 3562 2470 3616 aliis
2490 3573 2706 3631 quoque
2729 3557 2796 3612 ad
2819 3555 3052 3612 exitium
3070 3564 3318 3610 vestrum
3349 3553 3522 3609 statim
3538 3551 3636 3606 haec
3651 3560 3760 3602 arma

2255 3653 2539 3711 sumenda.
2579 3672 2596 3706 ι
2630 3651 2727 3706 llis
2755 3649 2956 3705 auditis
2979 3656 3314 3718 acceptoque
3361 3645 3587 3712 consilio,
3626 3641 3759 3698 Eusta-

2255 3737 2410 3803 Chius
2436 3745 2548 3800 ait:
2585 3763 2603 3796 ‹
2643 3743 2757 3799 Hoc
2787 3742 2961 3798 solum
2983 3741 3131 3797 omni
3152 3745 3405 3810 superest
3432 3737 3759 3799 meditamento,

2256 3850 2316 3894 ut
2345 3854 2442 3894 nos
2470 3838 2575 3892 illis
2611 3834 2858 3892 eamdem
2888 3835 3064 3890 vicem
3090 3832 3413 3889 referamus.

2327 3974 2494 4044 Igitur
2518 3986 2642 4027 cum
2679 3970 2860 4026 omnis
2887 3969 3248 4025 barbarorum
3276 3966 3597 4026 convenisset
3615 3960 3764 4018 exerci-

2258 4077 2365 4132 tus,
2389 4067 2632 4120 irruente
2664 4071 2822 4118 nocte
2845 4062 2992 4118 circa
3022 4062 3212 4118 urbem
3236 4077 3362 4117 cum
3391 4052 3765 4132 magnoconsedit

2258 4159 2494 4216 silentio.
2536 4156 2854 4212 Nostrorum
2883 4162 3064 4209 autem
3095 4169 3225 4224 pars
3272 4151 3506 4208 maxima
3534 4146 3664 4204 novis
3683 4143 3766 4199 illo-

2260 4267 2378 4306 rum
2408 4248 2522 4320 (ὃῦ)
2559 4247 2725 4302 armis
2764 4245 2993 4310 munita,
3026 4253 3239 4316 portam
3270 4241 3596 4300 observabat.
3633 4239 3684 4290 At
3707 4232 3768 4286 ubi

2262 4343 2609 4398 illucescente
2633 4355 2661 4394 a
2687 4338 3000 4394 custodibus
3022 4339 3187 4391 turris
3211 4337 3495 4391 classicum
3522 4327 3634 4386 illud
3664 4328 3770 4381 inso-

2262 4437 2400 4502 nuit,
2429 4447 2690 4503 aperuere
2722 4440 2957 4503 portam.
2983 4431 3134 4486 Tunc
3157 4429 3304 4485 lento
3335 4419 3772 4492 introibantgradU.

575 4549 1013 4620 baptismumque
1043 4543 1292 4613 adeptus,
1325 4547 1384 4592 ut
1428 4535 1672 4604 corporis
1703 4535 1898 4605 gratia,
1934 4533 2006 4586 ita
2053 4544 2163 4584 mo-
2191 4529 2238 4584 D
2265 4548 2363 4587 nec
2391 4531 2460 4586 ab
2489 4529 2718 4582 invicem
2747 4527 3199 4597 impediebantur.
3236 4523 3490 4578 Admisso
3525 4526 3655 4574 certa
3683 4524 3776 4580 sup-

577 4642 796 4699 ralitate
826 4647 1090 4709 suscepta:
1111 4630 1466 4707 professionis
1490 4636 1830 4683 excreverat.
1864 4623 2018 4678 Hunc
2059 4623 2163 4677 ita-

579 4750 685 4807 que
707 4731 1060 4805 ‘potissimum
1105 4727 1250 4782 cives
1277 4722 1724 4791 angariaverunt,
1754 4730 1821 4771 eo
1845 4713 1988 4784 quod
2020 4721 2164 4768 esset

576 4803 824 4882 barbarae
845 4823 1038 4893 linguae
1067 4813 1450 4888 peritissimus.
1495 4810 1706 4864 Interea
1734 4805 1874 4876 apud
1907 4803 2169 4859 Sarrace-

578 4936 678 4976 nos
705 4914 1066 4974 fraudulentia
1101 4909 1222 4965 talis
1250 4904 1688 4966 maehinabatur,
1717 4909 1778 4953 ut
1823 4912 1930 4952 non
1968 4896 2166 4951 milites

580 5014 775 5084 eos'qui
796 5011 1150 5070 advenerant,
1166 4999 1329 5076 455
1348 4997 1441 5054 sed
1458 4994 1844 5066 negotiatores,
1861 5005 1968 5046 non
1991 5004 2163 5051 arma,

581 5107 675 5162 sed
702 5081 916 5161 venalia
947 5099 1068 5170 quis
1097 5096 1371 5151 aestimare
1397 5095 1598 5160 posset,
1623 5100 1688 5140 ex
1722 5083 1919 5155 quibus
1941 5081 2168 5138 sarcina:

583 5190 1320 5268 componunturquingentze.
1351 5183 1468 5249 Quo
1497 5179 1814 5251 perveniens
1839 5175 2165 5238 Mathonius,

586 5291 824 5349 olliciose
865 5283 1183 5356 suscipitur,
1213 5287 1269 5333 et
1324 5289 1500 5344 neque
1526 5271 1790 5330 conviviis
1834 5284 2024 5325 eorum
2075 5273 2169 5320 aut

587 5383 832 5442 conciliis
853 5383 1302 5445 arcetur,utpotc
1329 5377 1420 5442 qui
1473 5367 1767 5440 putabatur
1807 5363 1949 5435 quod
1980 5374 2165 5417 eorum

589 5492 698 5533 non
734 5474 1058 5546 intelligeret
1102 5481 1399 5524 sermones.
1449 5463 1515 5518 Et
1561 5462 1687 5516 dum
1735 5457 1940 5522 sedulo,
1990 5454 2171 5508 minus

589 5571 827 5641 providis
857 5580 1045 5624 eorum
1072 5558 1466 5619 eouveuticulis
1493 5569 1610 5610 sese
1640 5554 1980 5622 insuspectus
2006 5549 2173 5601 inter-

594 5638 728 5720 serit.
809 5675 948 5734 quos
1001 5658 1402 5717 deliberarent,
1459 5647 1623 5731 facile
1671 5642 1955 5716 perpendit
1999 5638 2170 5696 dolos.

663 5791 780 5863 (35)
818 5789 1108 5856 Hucusque
1146 5779 1384 5838 ineditis.

2263 4625 2540 4697 putatione
2583 4620 2890 4676 millenario
2937 4616 3184 4670 elausere
3225 4623 3468 4685 portam,
3523 4606 3777 4669 sublatoque

2267 4721 2498 4778 tumultu
2529 4717 2741 4789 profani
2791 4713 3203 4769 truncabantur.
3234 4707 3390 4777 Quod
3428 4718 3545 4762 cum
3567 4698 3781 4756 audissem

2267 4813 2515 4869 forenses
2545 4823 2672 4865 suos
2699 4808 2754 4862 in
2782 4814 3093 4861 nostrorum
3132 4801 3432 4873 perniciem
3462 4792 3675 4869 grassari
3694 4798 3780 4842 cre-

2270 4904 2488 4959 (lebant.
2541 4900 2830 4969 Postquam
2877 4911 3009 4951 vero
3055 4895 3170 4950 sole
3219 4892 3342 4947 fuso
3383 4888 3500 4945 dies
3545 4875 3781 4940 incanduit,

2271 5000 2448 5051 sciens
2475 5007 2570 5047 rex
2598 5007 2703 5045 non
2737 5004 2858 5044 esse
2892 4995 3066 5041 tutum
3095 4981 3398 5039 innumeris
3427 4989 3616 5050 paucos
3639 4979 3785 5025 occur-

2268 5104 2410 5153 rere,
2441 5099 2702 5141 caesorum
2733 5083 2910 5152 capita
2943 5080 3123 5135 fundis
3149 5093 3212 5132 ac
3243 5073 3554 5153 balearibus
3579 5057 3784 5132 torqueri.

2271 5175 2642 5250 atquejactari
2663 5174 2830 5245 jussit
2853 5173 2906 5227 in
2937 5178 3139 5235 castra,
3169 5178 3226 5222 ut
3255 5151 3659 5221 suorumterriti
3683 5163 3787 5206 mor—

2267 5239 2412 5331 tibils
2438 5239 2504 5326 ad
2545 5239 2725 5340 fugam
2764 5273 3106 5338 cogerentur.
3134 5263 3250 5330 Qun
3280 5259 3426 5313 facto
3457 5260 3627 5310 tantus
3653 5239 3788 5300 multi-

2259 5371 2512 5452 .tudinem
2537 5365 2735 5421 invasit
2759 5364 2956 5419 horror
2987 5367 3045 5414 ut
3074 5357 3248 5414 subito
3275 5354 3345 5408 ab
3381 5353 3462 5407 eis
3488 5345 3704 5403 omnium
3731 5349 3790 5387 re-

2275 5477 2392 5518 rum
2422 5457 2682 5514 memoria
2715 5463 2926 5525 praeter
2956 5451 3142 5520 fugam
3194 5445 3498 5506 recederet,
3527 5437 3790 5525 lucrulmllle

2276 5559 2532 5626 putarent
2567 5549 2610 5604 si
2669 5548 2750 5602 vel
2787 5545 2942 5615 equis
2971 5539 3278 5597 conscensis
3321 5537 3669 5591 elaberentur.
3697 5515 3793 5586 Qui.

2277 5619 2379 5704 bus
2429 5639 2782 5714 fugientibus,
2836 5635 3144 5703 nostrisque
3179 5627 3548 5699 sequentibus,
3583 5623 3706 5674 tanta
3727 5619 3794 5663 e1-

3893 5233 3895 5280 l

3891 0 3895 50 ”
