3980 6324
238 316 331 372 8ὅῖ

1227 295 1315 349 on
1365 296 1515 350 VlTA
1538 256 1684 353 sua
1719 300 1900 355 LIBRI
1940 300 2141 358 mss.
2180 329 2252 342 -
2277 298 2404 356 LIB.
2434 300 2474 356 ι.

3387 308 3491 367 858

234 426 368 485 stitit
395 428 721 492 paganorum
788 410 1133 468 mortiﬁcatio
1181 419 1241 466 ut
1278 426 1449 483 usque
1489 416 1806 470 Ascalonem
1836 420 1881 479 Α
1911 422 2140 486 quantas
2162 413 2229 471 de
2272 412 2517 469 tentoriis
2558 409 2865 485 Babyloniae
2891 411 3042 485 {opes
3086 416 3254 471 nostri
3302 428 3488 475 sustu-

232 520 605 592 persequentes
634 506 884 562 omnibus
908 506 1200 576 peremptis
1230 506 1322 560 vix
1342 505 1454 576 jam
1493 506 1800 563 invenirent

234 621 384 682 quem
434 607 853 674 prosternerent.
913 597 1137 655 Reversi
1186 599 1371 669 itaque
1415 615 1539 655 cum
1588 615 1799 656 summa

228 695 554 771 jubilationis
602 691 760 746 laude
810 690 1066 758 victores,
1102 691 1245 747 sicut
1291 692 1469 748 testati
1523 706 1649 749 sunt
1705 694 1799 763 qui

1909 506 2041 562 lere.
2064 506 2213 560 Hanc
2242 506 2355 561 suis
2378 505 2628 583 Christus
2662 506 2894 562 inimicis
2922 505 3313 577 confusionem,
3343 510 3487 566 hanc

1908 600 2021 654 suis
2044 597 2290 652 ﬁdelibus
2312 598 2539 653 contulit
2567 597 2873 665 victoriam,
2890 613 3011 654 cum
3038 607 3090 654 et
3115 599 3233 656 illos
3249 600 3484 671 dejicere

1906 689 2076 745 voluit
2104 688 2155 742 in
2181 688 2430 759 laqueum
2455 690 2614 761 quem
2646 691 3007 761 tetenderant,
3044 701 3099 748 et
3127 692 3227 750 ltos
3252 708 3283 748 a
3327 694 3485 749 malis

231 791 533 853 adfuerunt,
549 785 664 857 jam
686 799 781 840 cor
802 785 1076 848 meditari.
1106 785 1189 841 vel
1226 785 1410 858 lingua
1455 787 1643 857 nequit
1669 786 1797 854 fari,
1905 795 2230 837 conservare
2265 795 2385 851 quae
2408 796 2513 836 non
2538 794 2971 852 promeruerant.

1744 940 1901 981 FINIS.

236 1057 3479 1108 p—n————-——-—————————-—-———-————————-————-—————-d

1188 1180 1632 1294 VEN.
1694 1176 2581 1292 GUIBEBTI

473 1426 672 1553 DE
770 1418 1162 1556 VITA
1260 1415 1569 1551 SUA
1684 1415 2046 1547 SIVE
2147 1415 3211 1556 MONODIARUM

1408 1673 1788 1791 LIBRI
1868 1672 2221 1791 TRES

1364 2023 1719 2114 LIBER
1786 2021 2262 2114 PRIMUS

1244 2220 1303 2278 l'n
1341 2235 1452 2294 quo
1486 2217 1834 2291 potissimum
1872 2216 1941 2273 de
1978 2217 2152 2289 ipsius
2187 2219 2301 2277 vita
2338 2220 2539 2293 agitur.

700 2482 929 2542 CAPUT
975 2480 1267 2540 PRIMUM.

242 2578 591 2652 εδδ-θέρει
614 2578 773 2633 trium
793 2586 1026 2632 statuunt
1044 2576 1168 2631 vita:
1187 2590 1299 2631 sum
1316 2583 1625 2645 peccata.—
1638 2574 1784 2630 Con-

193 2671 341 2728 ﬁteor
353 2671 702 2743 amplitudini
719 2679 846 2736 tuae,
862 2670 1022 2734 Deus,
1037 2667 1368 2723 inﬁnitorum
1380 2683 1628 2724 errorum
1643 2682 1785 2722 meo-

193 2782 305 2821 rum
318 2767 610 2831 decursus,
630 2773 684 2821 et
697 2764 1059 2821 creberrimos
1069 2763 1134 2818 ad
1148 2763 1516 2819 miserationis
1530 2761 1779 2827 internae,

192 2874 319 2929 quos
357 2868 546 2915 tamen
586 2858 882 2930 inspirasti,
920 2870 1193 2913 recursus.
1221 2854 1503 2911 Conﬁteor
1532 2855 1783 2925 pueritiae

191 2952 581 3019 aejuventutis
608 2966 740 3007 mea:
765 2950 929 3019 mala,
951 2950 1130 3005 adhuc
1158 2949 1325 3005 etiam
1349 2949 1402 3003 in
1433 2956 1648 3003 matura
1673 2949 1779 3003 hac

184 3052 333 3099 aetate
358 3045 683 3108 aestuantia,
740 3052 797 3099 et
844 3044 1146 3101 inveterata
1196 3042 1525 3113 pravitatum
1576 3041 1774 3107 studia,

186 3138 403 3194 necdum
438 3139 556 3193 sub
602 3135 881 3207 defatigati
933 3135 1182 3205 corporis
1223 3144 1441 3203 torpore
1480 3132 1773 3188 cessantia.

184 3228 424 3298 Quoties,
461 3230 726 3295 Domine,
772 3226 1439 3298 perseverantissimarum
1487 3224 1778 3293 impurita-

182 3330 291 3377 tum
314 3336 579 3378 mearum
603 3321 880 3387 recordor,
912 3329 968 3375 et
997 3316 1235 3389 qualiter
1262 3332 1361 3387 pro
1381 3316 1587 3372 eisdem
1626 3331 1781 3371 com-

183 3416 340 3485 pungi
401 3427 631 3482 semper
675 3411 967 3466 donaveris
1004 3410 1346 3474 reminiscor,
1382 3406 1781 3478 patientissima

184 3512 273 3558 tua
314 3504 371 3558 in
396 3520 486 3559 me
525 3503 754 3569 viscera,
801 3516 966 3572 supra
1015 3516 1179 3571 quam
1204 3500 1429 3571 cogitari
1459 3501 1647 3570 possit,
1680 3500 1779 3555 ad-

183 3594 370 3649 miror.
406 3593 465 3649 Si
503 3593 856 3663 compunctio
896 3600 953 3647 et
995 3591 1258 3647 orationis
1306 3590 1530 3646 aﬁ‘ectus
1572 3606 1779 3661 nequa«

180 3699 341 3755 quam
366 3687 493 3741 sine
531 3694 621 3740 tua
642 3685 874 3755 spiritali
906 3683 1179 3740 infusione
1202 3683 1490 3749 habentur,
1504 3686 1777 3755 quomodo

182 3784 287 3829 tam
316 3776 625 3847 dignanter
653 3775 796 3829 illabi
842 3782 1190 3846 peccatorum
1222 3773 1531 3843 pectoribus
1554 3775 1775 3844 pateris,

1791 2530 1797 2537 .
1892 2498 2119 2540 emanas
2143 2482 2395 2539 omnibus
2425 2484 2648 2553 debeas,
2699 2488 3053 2559 planetquod
3098 2490 3339 2547 omnium
3390 2497 3480 2550 est

1875 2575 2119 2645 singulis
2146 2575 2586 2655 non‘praecludis.

1875 2656 1885 2747 ξ
1966 2668 2195 2737 semper
2224 2682 2355 2737 ergo
2375 2679 2702 2737 peecans,et
2728 2670 2871 2725 inter
2899 2673 3231 2741 peccandum
3259 2689 3478 2746 semper

1891 2762 1959 2816 ad
2009 2770 2061 2815 te
2093 2758 2331 2825 rediens,
2360 2775 2427 2815 an
2460 2760 2531 2829 pii
2576 2760 2761 2833 fugax,
2796 2762 3012 2832 piumve
3040 2765 3318 2832 deserens,
3347 2782 3473 2823 cum

1891 2854 1958 2907 ad
1986 2852 2240 2922 pietatem
2272 2866 2586 2917 recurrere,
2630 2853 2820 2922 perdet
2871 2854 3046 2924 pietas
3093 2858 3235 2927 quod
3282 2866 3385 2925 est,
3417 2866 3476 2915 et

1891 2944 2055 2999 etiam
2081 2941 2379 2998 oﬁ‘ensione
2421 2943 2703 3013 multiplici
2736 2946 2955 3011 obruta,
2988 2947 3294 3004 invenietur
3324 2950 3472 3007 inso-

1889 3034 2041 3088 lens?
2064 3031 2255 3088 Nonne
2301 3033 2397 3087 tibi
2432 3035 2631 3089 dicitur
2665 3034 2789 3103 q'uia
2834 3051 2942 3090 non
2969 3038 3273 3094 continebis
3305 3039 3359 3094 in
3388 3040 3471 3097 ira

1890 3133 1981 3180 tua
2011 3123 2410 3179 misericordias
2438 3126 2592 3180 tuas?
2632 3125 2802 3194 (Psal.
2851 3143 3034 3194 sxxvr,
3070 3130 3177 3200 10.)
3227 3131 3337 3188 Has
3363 3146 3473 3189 non

1888 3212 2051 3269 modo
2077 3214 2132 3269 in
2154 3215 2537 3285 praesenti,sed
2568 3216 2620 3269 in
2648 3225 2910 3272 aeternum
2944 3217 3155 3277 futuras
3177 3222 3317 3277 idem
3342 3236 3471 3277 can-

1888 3312 1986 3359 tat.
2024 3304 2105 3359 Tu
2135 3305 2242 3359 scis
2264 3305 2389 3375 quia
2422 3321 2527 3361 non
2560 3306 2680 3361 ideo
2706 3323 2869 3377 pecco
2895 3311 3039 3378 quod
3076 3319 3127 3366 te
3154 3312 3472 3368 misericor-

1888 3397 2009 3451 dem
2029 3398 2326 3462 sentio,sed
2347 3412 2538 3453 secure
2560 3398 2820 3468 proﬁteor
2845 3408 2895 3454 te
2922 3400 3042 3457 ideo
3056 3403 3465 3459 misericordem

1886 3488 2016 3554 dici,
2074 3490 2220 3559 quod
2257 3490 2332 3544 sis
2383 3490 2594 3543 veniam
2646 3490 3046 3558 postulantibus
3098 3501 3316 3561 praesto.
3351 3491 3470 3549 Non

1886 3590 1941 3636 te
1976 3580 2267 3636 miserante
2294 3580 2619 3651 abutor(’°),
2664 3582 2881 3651 quoties
2926 3597 3022 3652 per
3054 3584 3317 3653 peccandi
3363 3600 3465 3640 ne-

1886 3676 2197 3731 cessitatem
2223 3690 2451 3745 peccare
2479 3675 2776 3745 compellor
2794 3718 2806 3742 ,
2837 3690 3022 3733 verum
3045 3678 3271 3749 profana
3299 3680 3465 3737 nimis

1886 3776 2030 3821 esset
2053 3767 2262 3832 abusio,
2292 3768 2357 3831 si,
2393 3767 2518 3837 quia
2550 3767 2823 3837 perfacilis
2844 3778 2965 3839 post
2994 3766 3277 3839 peccatum
3310 3773 3377 3828 ad
3418 3783 3475 3830 te

177 3876 231 3921 et
254 3868 470 3923 aversis
524 3882 554 3920 a
594 3876 665 3931 te,
696 3867 805 3921 imo
835 3876 888 3920 te
916 3866 1277 3931 irritantibus,
1316 3873 1520 3920 tantam
1547 3866 1779 3936 gratiam
1806 3874 1854 3938 ο
1885 3867 1968 3915 est
1998 3858 2225 3923 reditus,
2256 3872 2469 3927 semper
2513 3874 2600 3912 me
2626 3859 2885 3927 peccandi
2926 3860 3154 3918 delectet
3188 3878 3465 3920 excessus.

178 3958 497 4030 dilargiris?
531 3958 612 4013 Tu
641 3957 769 4023 scis,
823 3958 1126 4028 paternitas
1172 3972 1368 4027 magna
1398 3956 1581 4021 nimis,
1614 3972 1779 4026 quam

173 4049 451 4104 obstinata
506 4048 770 4104 adversus
801 4063 894 4104 eos
923 4048 1017 4119 qui
1054 4046 1314 4103 offensam
1358 4056 1596 4103 nostram
1644 4047 1781 4102 inci~

177 4139 332 4205 dunt,
364 4143 547 4197 corda
574 4142 829 4212 gerimus,
861 4148 917 4196 et
957 4141 1024 4196 iis
1065 4140 1157 4210 qui
1188 4139 1357 4196 semel
1377 4150 1469 4195 aut
1497 4140 1781 4209 pluraliter

176 4231 229 4285 in
256 4250 383 4300 nos,
432 4241 538 4289 aut
564 4234 764 4301 vultus,
793 4242 887 4290 aut
926 4234 1092 4290 verba
1131 4234 1396 4301 tulerunt,
1435 4248 1600 4304 quam
1637 4249 1781 4304 aegre

174 4325 541 4382 remittimus.

242 4416 315 4473 At
354 4427 416 4473 tu
453 4432 571 4473 non
618 4417 779 4475 modo
828 4416 976 4488 pius,
1027 4424 1086 4471 at
1130 4428 1260 4472 vero
1300 4417 1414 4486 ipsa
1442 4416 1634 4485 pietas,
1672 4416 1779 4471 imo

170 4507 292 4578 ejus
326 4509 518 4579 origo.
549 4506 809 4574 Quicum
843 4506 1253 4579 generalissime
1297 4507 1664 4576 progrediaris
1709 4508 1779 4563 ad

166 4612 369 4654 omnes
395 4637 414 4664 ,
491 4609 675 4653 nonne
726 4596 961 4669 singulis
1022 4596 1228 4668 poteris
1283 4610 1405 4651 esse
1455 4596 1780 4652 subiciens?

168 4689 424 4757 Quidni?
484 4688 622 4746 Cum
676 4691 917 4747 mundus
960 4691 1017 4746 in
1072 4690 1169 4748 Dei
1223 4689 1528 4761 ignorantia
1572 4691 1781 4761 positus

162 4791 340 4850 esset,
366 4798 506 4839 cum
535 4783 591 4838 in
621 4783 866 4840 tenebris
906 4798 970 4840 ac
997 4784 1191 4840 mortis
1221 4785 1413 4841 umbra
1440 4792 1779 4851 versaretur,

164 4887 295 4929 cum
326 4884 507 4931 nocte
552 4888 711 4930 suum
744 4883 1041 4945 peragente
1067 4891 1282 4932 cursum
1327 4874 1599 4932 silentium
1630 4891 1781 4932 com-

161 4981 339 5023 mune
378 4975 622 5035 teneret,
652 4967 814 5036 cujus
841 4968 1053 5034 merito,
1082 4966 1234 5037 cujus
1277 4983 1405 5023 voce
1434 4969 1605 5040 potuit
1631 4985 1782 5025 corn:

162 5048 366 5127 pellari
417 5058 618 5114 Sermo
655 5056 1010 5128 omnipotens
1058 5067 1200 5124 tuus,
1234 5068 1293 5113 ut
1344 5074 1376 5113 a
1426 5059 1593 5130 regali
1652 5062 1779 5118 sede

162 5145 439 5202 veniret?
469 5145 620 5218 (Sap.
644 5145 919 5212 “111,14,
950 5145 1060 5217 15.)
1086 5146 1153 5201 Ει
1181 5148 1271 5218 qui
1305 5148 1571 5204 universa:
1593 5150 1781 5205 huma-

1882 3948 2059 4003 Pecco
2085 3948 2377 4019 siquidem,
2403 3949 2522 4015 sed,
2551 3949 2761 4004 ratione
2788 3948 2951 4021 557
2984 3962 3221 4022 recepta,
3252 3954 3308 4009 in
3334 3954 3472 4011 δαε-

1885 4049 2032 4096 ctum
2062 4041 2243 4097 cordis
2286 4041 2544 4097 transisse
2574 4057 2660 4096 me
2708 4042 2954 4111 paenitet,
2996 4053 3214 4116 tamque
3255 4057 3471 4105 sterco-

1886 4133 2029 4189 rosis
2055 4133 2303 4201 cophinis
2332 4150 2486 4191 mens
2517 4135 2757 4205 graviter
2781 4135 2949 4190 invita
2986 4140 3323 4196 succumbit.’

1956 4226 2063 4281 Sed
2091 4226 2230 4280 inter
2260 4226 2357 4281 has
2388 4226 2731 4296 quotidianas
2765 4228 3116 4298 aegritudines
3152 4232 3470 4303 qualiscun-

1884 4332 1990 4387 que
2023 4317 2435 4373 resurrectionis
2467 4333 2499 4373 a
2536 4318 2688 4388 lapsu
2723 4319 2849 4389 quid
2878 4318 3151 4377 facerem?
3183 4322 3349 4379 Multo
3377 4340 3472 4380 sa-

1884 4409 2007 4464 nius
2052 4423 2229 4463 nonne
2268 4418 2352 4465 est
2397 4411 2453 4465 in
2510 4420 2561 4465 te
2605 4412 2674 4466 ad
2716 4419 2925 4481 tempus
2971 4413 3124 4479 eniti,
3178 4413 3233 4468 in
3285 4421 3337 4469 te
3385 4416 3471 4472 vel

1884 4511 2261 4558 momentanee
2304 4501 2592 4572 respirare,
2638 4517 2802 4573 quam
2845 4517 3069 4572 prorsus
3115 4517 3225 4559 non
3273 4506 3470 4560 memi-

1884 4595 2030 4650 nisse
2079 4594 2299 4649 remedii
2351 4603 2407 4650 et
2435 4594 2502 4648 de
2544 4595 2717 4664 gratia
2763 4596 3091 4666 desperare?
3122 4596 3189 4652 Et
3225 4599 3355 4669 quid
3385 4610 3473 4658 est

1886 4686 2195 4755 desperare,
2226 4685 2329 4741 nisi
2367 4685 2420 4740 in
2449 4686 2625 4740 omnis
2654 4685 2840 4758 ﬂagitii
2878 4687 3221 4745 volutabrum
3254 4704 3377 4747 sese
3402 4707 3471 4747 ex

1885 4779 2271 4835 deliberatione
2297 4779 2599 4850 projicere?
2632 4779 2733 4837 Ubi
2762 4781 2907 4837 enim
2943 4783 3095 4838 carni
3136 4783 3251 4854 jam
3289 4784 3468 4839 nulla-

1887 4881 2044 4929 tenus
2066 4872 2286 4943 spiritus
2309 4872 2628 4938 reluctatur,
2658 4883 2712 4929 et
2742 4872 2976 4931 infelicis
2994 4876 3188 4931 anima:
3216 4860 3471 4932 substano

1888 4965 1962 5020 tia
2019 4963 2353 5034 voluptatum
2412 4964 2690 5035 dispendio
2746 4965 3081 5038 proﬁigatur.
3140 4966 3191 5021 ls
3244 4975 3327 5020 est
3377 4968 3470 5035 qui

1890 5072 2153 5127 aquarum
2186 5064 2502 5125 tempestate
2532 5056 2887 5127 demergitur,
2903 5057 3171 5127 profundo
3192 5055 3468 5123 sorbetur,

1888 5150 1954 5204 ad
1995 5148 2209 5220 reprobi
2257 5147 2531 5205 cumulum
2576 5164 2771 5206 sensus
2812 5164 2873 5205 os
2907 5150 3139 5218 desuper
3181 5148 3330 5219 putei
3353 5162 3471 5218 por-

158 5237 372 5293 uitatis
407 5238 740 5310 negligentia
777 5238 914 5309 quin
952 5239 1229 5295 misereris
1259 5248 1385 5294 tunc
1429 5241 1638 5296 obstrui
1674 5258 1781 5298 non
1814 5244 1860 5300 D
1887 5247 2128 5310 urgetur.

157 5335 431 5396 poteras,
466 5328 662 5383 mirum
692 5344 805 5384 non
847 5327 891 5383 si
939 5344 1065 5398 erga
1109 5345 1277 5384 unum
1321 5332 1572 5401 quamvis
1617 5348 1781 5387 enor-
1958 5332 2094 5385 Dum
2147 5343 2298 5401 ergo,
2344 5328 2487 5384 Deus
2525 5328 2687 5393 bone,
2725 5336 2847 5397 post
2891 5326 2989 5382 has
3040 5325 3311 5382 interioris
3361 5326 3470 5383 mei

156 5418 340 5473 miter
368 5428 726 5487 peccatorem
754 5418 1179 5476 miserabundus
1203 5422 1551 5477 existas.Non
1564 5439 1780 5493 possum
1886 5424 2121 5480 hominis
2168 5420 2514 5477 temulentias
2543 5419 2610 5474 ad
2657 5427 2711 5475 te
2746 5419 3026 5488 resipisco,
3057 5418 3140 5475 sin
3178 5417 3312 5474 alias
3347 5433 3473 5489 pro-

158 5506 365 5564 dicere
400 5511 549 5577 quod
584 5511 799 5567 facilius
826 5510 1060 5582 singulis
1102 5512 1436 5578 miserearis,
1468 5528 1630 5583 (“tam
1661 5529 1777 5568 om-
1887 5516 2030 5579 ﬁcio,
2067 5514 2257 5569 saltem
2305 5510 2520 5566 interim
2566 5525 2905 5581 nequaquam
2949 5525 2980 5565 a
3021 5509 3125 5565 mei
3163 5510 3469 5580 cognitione

155 5597 364 5663 nibus,
394 5613 524 5654 cum
554 5603 841 5673 utrobique
878 5601 978 5657 tibi
1033 5611 1246 5658 constet
1283 5603 1336 5658 in
1388 5604 1532 5659 nullo
1564 5604 1783 5662 claudas
1888 5609 2102 5665 deﬁcio.
2132 5606 2411 5673 Quomodo
2439 5605 2582 5660 enim
2612 5604 2680 5660 ad
2710 5605 2783 5659 tui
2812 5605 3056 5661 notitiam
3093 5604 3466 5668 sciutillarem,

160 5687 263 5757 |[.,
299 5690 535 5764 clauda]
570 5694 818 5762 facilitas,
860 5694 1013 5751 facili
1057 5696 1199 5751 enim
1252 5694 1465 5753 facilius
1506 5699 1780 5770 quidpiam
1892 5705 1936 5760 si
1991 5702 2057 5756 ad
2111 5717 2195 5755 me
2246 5699 2532 5756 videndum
2584 5699 2925 5755 caacutirem?
2976 5698 3032 5755 Si
3084 5698 3262 5770 plane,
3310 5694 3465 5763 juxta

154 5787 319 5853 apud
349 5795 415 5842 te
447 5799 679 5847 nonest.
718 5790 860 5851 Fons
910 5806 1039 5850 cum
1097 5792 1193 5855 sis.
1222 5802 1276 5848 et
1323 5794 1413 5862 (’5)
1470 5810 1593 5850 cum
1639 5794 1781 5865 quod
1889 5792 2175 5851 Jeremiam
2207 5830 2223 5859 ,
2287 5791 2370 5847 vir
2432 5807 2552 5848 sum
2612 5790 2801 5848 videns
2855 5797 3224 5863 paupertatem
3290 5800 3465 5843 meam

932 5920 977 5976 Δ
