4012 6346
523 331 631 391 839

1392 318 1451 375 γ.
1480 316 1809 376 GUIBERTI
1847 309 2141 372 ABBATIS
2181 309 2239 365 S.
2281 310 2523 368 MARI/E
2555 313 2643 369 DE
2675 311 3081 383 NOVIGENTO

3708 325 3813 384 8&0

519 444 741 519 (Τιινεη.
781 458 860 507 ιη,
915 440 1005 512 l);
1053 450 1391 505 consequens
1420 441 1504 489 est
1552 443 1612 488 ut
1654 448 1718 487 ea
1767 432 1962 501 quibus
2020 426 2110 480 illa
2136 422 2383 486 Aforma
2422 435 2623 495 quanto
2660 428 3027 498 appetibilior,
3071 426 3119 481 si
3165 437 3357 484 contra
3403 431 3671 487 lenocinia
3713 436 3813 491 dir

521 540 836 612 suppleatur
864 542 1097 606 egestas,
1125 530 1351 587 solerter
1376 528 1681 598 exquiram.
1720 525 1787 580 Et
1813 540 1843 579 e
1873 525 2105 589 diverso,

521 637 571 693 si
602 649 705 690 non
732 631 902 687 sciero
929 627 1056 699 quid
1088 626 1154 681 sil
1177 626 1401 689 bonum,
1431 622 1574 677 unde
1595 619 1796 675 malum
1821 618 1904 672 vel
1928 631 2104 685 nosse,

520 734 714 783 nedum
758 721 1030 779 exsecrari
1072 719 1306 791 potero?
1368 716 1427 772 Si
1483 714 1943 788 pulchritudinem
1998 727 2105 766 non

520 817 805 882 noverim,
853 829 1131 886 nunquam
1159 812 1461 867 foeditatem
1507 810 1726 873 horreo.
1770 806 1905 873 Quia
1948 805 2109 876 igitur

519 917 808 977 utrumque
835 913 1072 970 constat,
1102 913 1163 959 ut
1189 918 1284 975 per
1322 900 1428 957 mei
1456 900 1704 956 notitiam
1731 906 1873 953 tuam
1903 905 2104 968 petam,

517 1011 573 1061 et
600 1000 785 1057 fruens
831 1009 942 1065 tua,
990 999 1136 1053 illico
1184 1011 1304 1053 mea
1346 1010 1458 1051 non
1504 1009 1740 1059 caream,
1781 992 2001 1063 dignum
2044 1005 2109 1045 ac

520 1092 863 1163 singulariter
893 1090 1131 1147 salutare
1161 1097 1245 1144 est
1285 1096 1345 1142 ut
1381 1087 1687 1143 obscuritas
1725 1084 1949 1139 rationis
1974 1098 2106 1138 meae

517 1202 613 1258 per
640 1183 947 1257 hujusmodi
977 1180 1344 1238 confessiones
1366 1180 1555 1235 crebra
1582 1178 1656 1232 tui
1682 1176 1901 1231 luminis
1930 1175 2108 1246 inqui-

518 1279 718 1335 sitione
752 1286 1012 1349 tergatur,
1037 1292 1145 1345 quo
1174 1274 1445 1332 stabiliter
1488 1273 1776 1338 illustrata,
1831 1284 2105 1340 nunquam

521 1371 775 1441 deinceps
801 1385 832 1426 a
863 1383 921 1426 se
950 1369 1248 1426 nesciatur.

1142 1459 1368 1521 CAPUT
1405 1458 1461 1514 ll.

589 1551 849 1622 Beneﬁcia
886 1553 987 1607 sibi
1022 1571 1056 1607 a
1094 1552 1203 1608 Deo
1235 1552 1423 1607 collata
1462 1560 1750 1614 memorat;
1788 1552 1951 1622 deque
1980 1552 2105 1622 ipsis

530 1644 727 1715 gratias
753 1646 880 1716 agit.
902 1676 972 1685 —
990 1645 1086 1701 Est
1112 1644 1294 1717 itaque
1317 1645 1550 1716 primum
1593 1645 1841 1701 confiteri
1869 1647 1965 1703 tibi
1987 1661 2106 1716 qua:

525 1736 654 1791 mihi
704 1737 998 1794 contuleris
1036 1737 1319 1805 beneficia,
1370 1746 1429 1791 ut
1474 1740 1807 1809 perpendant
1846 1740 1934 1809 qui
1990 1739 2105 1796 htec

2214 519 2403 585 ruerit,
2439 528 2586 576 tanto
2614 520 2939 575 omnimodze
2985 520 3139 575 titulo
3189 520 3363 578 laudis
3404 526 3669 579 evectior.
3700 526 3817 582 Sal-

2211 607 2405 665 lustius
2425 609 2648 682 Crispus
2679 611 2784 668 nisi
2821 611 2990 667 solam
3031 614 3149 669 sine
3180 615 3424 671 moribus
3453 615 3817 686 pulchritudi-

2210 715 2332 756 nem
2368 701 2513 757 laudi
2554 702 2821 771 duxisset,
2852 720 3135 776 nunquam
3183 707 3249 762 de
3294 708 3515 765 Aurelia
3561 710 3817 767 Orestilla

2210 794 2435 850 dixisset
2462 813 2473 847 :
2505 814 2525 848 ι
2557 796 2616 851 In
2646 812 2776 867 qua,
2825 799 2924 864 ait,
2963 806 3163 869 praeter
3206 799 3438 855 formam
3469 803 3545 856 nil
3575 819 3817 874 unquam

2208 886 2382 943 bonus
2423 887 2679 945 laudavit.
2719 909 2739 941 ι
2773 891 2832 948 Si
2862 892 3096 948 formam
3140 892 3281 963 ejus,
3320 910 3485 966 quam
3512 896 3741 965 excipit,
3786 914 3817 952 a

2208 976 2352 1033 bono
2378 978 2586 1035 laudari
2617 984 2837 1050 asserit,
2866 982 2995 1054 quia
3027 994 3207 1041 tamen
3236 986 3290 1041 in
3322 988 3535 1043 caeteris
3560 988 3815 1044 omnibus

2210 1078 2425 1139 turpem
2452 1072 2606 1140 dicit,
2637 1089 2833 1131 secure
2872 1090 2973 1146 pro
3015 1076 3275 1131 Sallustio
3321 1076 3516 1148 loquor
3572 1078 3655 1134 sic
3695 1095 3815 1135 sen-

2209 1162 2368 1231 sisse,
2400 1179 2499 1220 ceu
2522 1164 2749 1233 diceret,
2779 1166 2941 1237 digne
2980 1168 3108 1224 dote
3134 1177 3347 1225 natura:
3380 1184 3415 1224 a
3459 1169 3580 1226 Deo
3622 1185 3814 1242 appro.

2206 1254 2347 1321 hari,
2375 1255 2499 1311 licet
2527 1272 2646 1311 eam
2675 1267 2888 1313 constet
2916 1258 3199 1329 adjectivis
3227 1261 3564 1330 quibuslibet
3588 1263 3814 1334 impuri-

2194 1345 2409 1418 ‘tatibus
2438 1347 2676 1417 impiari.
2714 1348 2991 1405 Laudatur
3021 1350 3207 1422 itaque
3244 1351 3301 1406 in
3340 1350 3485 1406 idolo
3521 1350 3812 1422 cujuslibet

2208 1440 2457 1496 materiei
2485 1442 2732 1512 partibus
2762 1442 2999 1512 propriis
3022 1443 3198 1499 forma
3221 1445 3579 1512 conveniens,
3609 1454 3665 1499 et
3687 1445 3812 1501 licet

2209 1533 2410 1590 idolum
2446 1535 2514 1591 ab
2552 1536 2830 1607 Apostolo,
2862 1546 3128 1606 quantum
3171 1547 3383 1609 spectat
3409 1539 3480 1594 ad
3520 1538 3709 1605 ﬁdem,
3738 1541 3809 1596 nil

2185 1629 2508 1705 appelletur
2538 1629 2591 1701 (Ι
2621 1628 2746 1685 Cor.
2796 1646 2916 1698 vut,
2961 1630 3175 1702 4),1nec
3216 1633 3501 1704 quidpiam
3529 1634 3808 1704 profanius

2207 1720 2488 1791 habeatur,
2533 1735 2712 1781 tamen
2739 1725 2830 1781 illa
2857 1726 3227 1783 membrorum
3262 1736 3390 1797 apta
3436 1729 3684 1786 diductio
3706 1746 3802 1786 non

519 1833 713 1889 lecturi
758 1834 866 1888 sint
906 1831 1092 1887 famuli
1129 1832 1227 1899 tui,
1256 1803 1417 1898 Deus,
1456 1803 1617 1902 quam
1653 1834 1725 1887 sit
1763 1803 1992 1889 crudelis
2022 1834 2105 1888 in-
2134 1803 2181 1864 Β
2208 1815 2306 1873 abs
2338 1832 2396 1873 re
2428 1817 2698 1873 landum-

517 1925 790 2000 gratitudo
827 1939 966 1981 mea.
1000 1924 1057 1979 Si
1092 1924 1235 1980 enim
1272 1940 1379 1979 non
1408 1923 1511 1978 alia
1553 1939 1716 1995 quam
1748 1941 1868 1996 qua:
1895 1927 2106 1982 caeteris

517 2018 816 2091 impartiris
864 2017 1175 2073 hominibus
1214 2018 1347 2073 mihi
1396 2021 1721 2089 praehuisses
1750 2059 1764 2085 ,
1811 2034 1992 2075 nonne
2040 2033 2105 2074 ea

518 2127 638 2184 qua:
660 2110 856 2167 mereri
884 2118 1163 2181 potueram
1202 2114 1663 2170 transcendisses?
1687 2113 1953 2169 Addidisti
1988 2113 2107 2184 plu-

516 2202 651 2261 rima
695 2217 815 2274 quat
862 2216 931 2256 ex
975 2211 1063 2259 tuo
1110 2203 1476 2273 praedicabilia
1521 2213 1667 2271 sunt,
1707 2205 1785 2259 nil
1823 2213 2004 2260 autem
2037 2220 2106 2260 ex

519 2312 660 2366 meo,
690 2305 744 2353 et
770 2295 874 2351 alia
903 2296 1098 2368 quibus
1126 2297 1584 2368 supersedendum
1614 2313 1831 2354 censeo.
1863 2295 1922 2352 Si
1959 2298 2104 2354 enim

516 2407 708 2463 genus,
736 2407 864 2463 Opes
886 2400 940 2447 et
971 2391 1166 2456 forma,
1198 2398 1257 2444 ut
1281 2397 1476 2445 caetera
1501 2390 1547 2446 si
1576 2406 1682 2460 qua
1720 2398 1847 2445 sunt
1870 2398 2099 2457 taceam,

517 2492 593 2551 te,
624 2485 872 2551 Domine,
895 2493 1116 2539 auctore
1145 2483 1360 2547 dantur,
1394 2483 1540 2538 nulla
1570 2483 1709 2553 apud
1745 2484 1915 2538 bonos
1945 2483 2105 2539 laude

516 2574 783 2642 feruntur,
810 2574 915 2629 nisi
942 2575 1170 2640 cum,ab
1194 2574 1279 2629 his
1320 2574 1516 2644 quibus
1541 2589 1571 2628 a
1602 2583 1653 2627 te
1678 2573 1802 2628 data
1833 2583 1980 2642 sunt,
2004 2576 2104 2631 sub

515 2666 699 2735 regula
732 2665 1032 2721 honestatis
1071 2673 1367 2731 arcentur,_
1397 2671 1492 2719 aut
1534 2666 1757 2734 prorsus
1784 2666 2104 2736 contempti-

516 2759 644 2815 bilia
671 2773 769 2829 pro
794 2774 905 2814 suae
930 2757 1061 2813 vitio
1083 2757 1460 2813 mutabilitatis
1483 2754 1769 2812 habentur.
1793 2757 1929 2824 Quid
1957 2757 2103 2813 enim

518 2849 589 2903 ad
615 2861 701 2903 me
726 2847 791 2902 de
820 2847 906 2902 his
936 2861 1053 2917 qua:
1078 2846 1224 2902 solas
1249 2848 1363 2903 suis
1392 2846 1664 2903 coloribus
1688 2855 1850 2917 atque
1874 2848 2107 2904 nomini-

517 2937 617 2994 hus
660 2952 852 2994 causas
899 2937 1132 2994 lascivia:
1181 2938 1556 3009 superbiaeque
1592 2939 1934 3005 ministrant;
1984 2954 2106 3010 qua:

515 3026 594 3083 sic
623 3028 796 3083 media
828 3036 973 3094 sunt,
1014 3036 1073 3083 ut
1110 3044 1210 3099 pro
1241 3031 1500 3085 mentium
1539 3030 1728 3086 habitu
1754 3030 2101 3087 circumferri

515 3119 582 3175 ad
605 3121 804 3176 bonum
840 3120 1149 3193 malumque
1179 3133 1416 3192 queant;
1450 3138 1573 3193 quae
1613 3133 1762 3180 tanto
1791 3135 1917 3180 sunt
1954 3125 2107 3180 ﬂexi-

517 3208 707 3266 hilitati
734 3211 915 3267 addita
938 3222 1143 3283 quanto
1171 3229 1271 3285 pro
1300 3215 1383 3271 sui
1414 3216 1792 3273 transibilitate
1816 3220 2106 3289 suspecta?

516 3297 692 3372 Super
716 3304 913 3373 quibus
942 3305 987 3360 si
1021 3306 1123 3361 alia
1155 3307 1293 3363 ratio
1338 3323 1445 3363 non
1485 3318 1821 3377 occurreret,
1853 3310 1943 3365 illa
1973 3312 2107 3368 satis

515 3402 677 3460 esset,
711 3395 854 3466 quod
894 3411 1070 3468 neque
1112 3413 1281 3469 genus
1307 3413 1484 3470 neque
1514 3401 1747 3471 speciem
1784 3402 1904 3472 quis
1952 3418 2105 3459 suam

516 3482 830 3553 elaboravit,
869 3497 924 3543 et
970 3488 1025 3543 in
1054 3488 1141 3545 his
1167 3489 1475 3560 specialiter
1507 3506 1613 3547 non
1641 3490 1805 3547 habet
1831 3492 1974 3561 quod
1996 3508 2107 3548 non

518 3578 809 3646 acceperit.

590 3663 729 3720 Sunt
773 3666 877 3722 alia
926 3669 1174 3738 quedam
1220 3670 1416 3742 quibus
1455 3673 1820 3742 adipiscendis
1866 3674 2105 3731 humana

518 3754 806 3825 aliquando
837 3759 1015 3814 studia
1060 3762 1345 3831 cooperari
1387 3771 1635 3833 possunt,
1667 3764 1746 3818 uti
1790 3772 1916 3818 sunt
1951 3779 2107 3834 opes,

520 3844 594 3898 uti
631 3845 865 3916 ingenia,
892 3858 1028 3905 teste
1060 3850 1385 3909 Salomone:
1423 3873 1441 3905 ς
1476 3854 1727 3922 Ferrum,
1757 3856 1953 3927 inquit,
1984 3872 2107 3912 cum

521 3943 760 3991 retusum
808 3937 993 4007 fuerit,
1038 3942 1208 3998 multo
1247 3944 1433 4000 labore
1475 3954 1773 4001 exacuetur
1811 3946 1983 4016 (Eccl.
2035 3964 2106 4017 κ,

522 4024 633 4094 10).
668 4044 687 4079 ›
723 4026 877 4093 Quod
912 4037 1081 4097 totum
1119 4041 1176 4086 ct
1219 4033 1394 4102 ipsum
1422 4036 1586 4089 etiam
1628 4050 1694 4091 ex
1735 4036 1878 4091 facili
1931 4053 2110 4094 asser-

523 4117 669 4174 tione
694 4129 957 4188 cassatur,
986 4124 1112 4193 quia
1136 4124 1240 4179 nisi
1269 4126 1532 4181 rationem
1553 4128 1669 4195 lux,
1694 4143 1814 4198 quae
1840 4129 2110 4185 illuminat

520 4224 735 4266 omnem
754 4212 1027 4268 hominem
1045 4214 1101 4268 in
1114 4214 1257 4271 hunc
1268 4218 1527 4273 mundum
1545 4220 1850 4275 venientem
1867 4221 2049 4293 (Joan.
2064 4239 2105 4290 1,

520 4302 577 4374 9)
625 4303 852 4372 imbuat,
900 4315 957 4362 et
1001 4306 1147 4364 fores
1182 4310 1565 4369 doctrinarum‘
1590 4313 1838 4371 Christus
1871 4316 2110 4374 scientia:

520 4396 690 4453 clavis
736 4400 961 4470 aperiat,
1008 4401 1141 4458 nulli
1192 4401 1417 4461 dubium
1455 4409 1597 4477 quod
1638 4409 1815 4464 omnis
1854 4410 2112 4481 magister

520 4490 741 4548 auribus
789 4494 996 4552 stolidis
1049 4513 1245 4555 vanum
1303 4510 1579 4557 certamen
1626 4502 1921 4573 impendat.
1970 4504 2112 4575 Ergo

520 4584 758 4651 prudens
811 4588 1039 4659 quisque
1081 4592 1374 4663 quidquam
1425 4592 1528 4650 sibi
1582 4602 1782 4665 praeter
1826 4604 2107 4665 peccatum

523 4688 783 4745 arrogare
812 4679 1060 4752 desipiat.

595 4762 833 4822 Guiberti
855 4780 1025 4827 mater
1046 4774 1267 4844 pulchra
1286 4785 1334 4832 et
1364 4779 1642 4835 virtutibus
1672 4789 1881 4836 ornata.
1912 4810 1982 4821 —-
2003 4780 2110 4838 Sed

523 4856 611 4914 his
635 4858 872 4929 omissis,
908 4877 1022 4918 rem
1074 4876 1305 4937 coeptam
1342 4880 1671 4941 repetamus.
1719 4866 1994 4941 Dixeram,
2024 4875 2113 4945 pie

523 4959 581 5007 et
620 4960 826 5021 sancte,
868 4957 1013 5027 quod
1050 4958 1121 5015 de
1166 4961 1274 5017 tuis
1326 4963 1420 5019 tibi
1472 4965 1750 5022 beneﬁciis
1787 4968 2109 5040 gratularer.

522 5040 767 5101 Primum
802 5048 1256 5123 potissimumque
1311 5054 1492 5127 itaque
1555 5059 1758 5130 gratias
1815 5076 1918 5132 ago
1970 5062 2113 5130 quod

522 5133 837 5205 pulchram,
882 5140 976 5195 sed
1018 5151 1257 5212 castam,
1302 5149 1603 5206 modestam
1655 5151 1789 5207 mihi
1844 5161 2112 5223 matrem,

526 5228 1101 5307 timoratissimamque
1154 5240 1469 5298 contuleris.
1532 5242 1825 5300 Pulchram
1873 5247 2114 5316 profecto

526 5321 661 5377 satis
687 5324 1041 5392 [saeculariter
1082 5343 1147 5386 ac
1184 5330 1365 5403 inepte
1405 5334 1770 5405 protuleram,
1814 5336 1916 5392 nisi
1955 5347 2115 5395 certae

529 5410 620 5483 [f.,
663 5416 831 5490 certe]
862 5420 1129 5479 castitatis
1170 5426 1514 5482 severissima
1561 5426 1740 5484 fronte
1778 5429 1881 5486 hoc
1919 5446 2116 5488 nomen

525 5503 693 5560 inane
722 5506 1045 5569 tlrmassem.
1094 5514 1248 5571 Sicut
1273 5532 1405 5574 sane
1445 5519 1501 5575 in
1532 5520 1754 5576 omnino
1789 5523 2117 5592 pauperibus

524 5597 731 5669 jejunia
782 5602 1035 5663 videntur
1084 5613 1392 5683 extortitia,
1443 5616 1635 5685 quibus
1679 5631 1785 5672 non
1830 5628 2119 5689 suppetunt

530 5692 779 5749 ciborum
808 5696 1085 5771 suffragia,
1116 5713 1173 5758 et
1193 5704 1313 5762 ideo
1342 5708 1519 5764 minus
1546 5709 1864 5775 laudabilia;
1897 5712 2117 5784 frugali-

533 5789 619 5839 tas
645 5793 825 5844 autem
852 5788 1077 5847 divitum
1108 5810 1206 5864 pro
1246 5812 1343 5854 sua
1383 5799 1545 5855 habet
1573 5802 1721 5869 copia
1753 5801 2007 5874 pretium,
2038 5804 2117 5861 sic

2281 1905 2633 1963 Pulchritudo
2681 1909 3001 1966 extollenda.
3022 1938 3097 1953 ο·-
3133 1911 3201 1967 Et
3229 1920 3381 1969 certe
3414 1914 3673 1983 quamvis
3697 1930 3801 1970 mo-

2209 2010 2495 2059 mentanca
2546 2003 2890 2074 pulchritudo
2951 2006 3023 2060 sit
3082 2008 3406 2076 sanguinum
3456 2007 3797 2062 instabilitate

2208 2097 2497 2171 vertihilis,
2525 2099 2821 2154 secundum
2853 2107 3171 2155 consuetum
3203 2100 3520 2171 imaginarii
3544 2100 3670 2156 boni
3693 2115 3802 2155 mo-

2208 2185 2369 2253 dum,
2408 2188 2549 2244 bona
2601 2189 2789 2261 negari
2841 2205 2949 2245 non
3000 2198 3197 2262 potest.
3255 2188 3315 2245 Si
3357 2192 3509 2246 enim
3553 2191 3803 2262 quidquid

2207 2280 2541 2337 aeternaliter
2560 2296 2588 2335 a
2615 2280 2728 2337 Deo
2751 2282 3056 2339 institutum
3081 2291 3184 2350 est,
3208 2283 3504 2354 pulchrum
3524 2294 3637 2351 est,
3657 2300 3806 2340 omne

2206 2374 2339 2432 illud
2364 2378 2508 2448 quod
2539 2378 2911 2448 teniporaliter
2938 2379 3239 2451 speciosum
3274 2387 3379 2445 est,
3418 2388 3649 2434 aeterna:
3675 2379 3805 2436 illius

2205 2470 2408 2540 speciei
2448 2471 2605 2541 quasi
2640 2472 2915 2541 speculum
2946 2481 3051 2528 est.
3102 2491 3121 2525 ‹
3170 2472 3468 2545 lnvisihilia
3518 2472 3675 2528 enim
3718 2473 3804 2529 Dei

2204 2574 2304 2630 per
2330 2576 2394 2616 ea
2424 2575 2545 2631 quae
2578 2560 2723 2618 facta
2750 2573 2901 2630 sunt,
2919 2562 3195 2619 intellecta
3216 2563 3661 2632 conspiciuntur,
3693 2582 3713 2616 ι
3738 2565 3807 2618 ait

2206 2652 2498 2723 Apostolus
2544 2652 2724 2724 (Rom.
2769 2671 2811 2719 1,
2859 2654 2972 2725 20).
3023 2653 3215 2724 Augeli
3266 2669 3488 2725 quoque
3529 2654 3805 2711 hominum

2208 2745 2589 2815 conspectibus
2609 2745 2777 2818 458
2796 2761 2855 2802 se
2875 2747 3200 2817 praebentes,
3232 2732 3415 2803 vultus
3435 2761 3662 2818 semper
3680 2756 3808 2802 attu-

2206 2834 2322 2892 lere
2350 2835 2704 2893 clarissimos.
2736 2836 2889 2893 Unde
2914 2852 3056 2893 uxor
3074 2837 3311 2893 .Manue:
3343 2856 3365 2890 ι
3398 2835 3585 2903 Venit,
3615 2839 3805 2909 inquit,

2207 2928 2293 2983 vir
2327 2928 2426 2985 Dei
2467 2929 2537 2984 ad
2577 2944 2667 2985 me
2711 2930 3015 3001 angelicum
3043 2929 3251 2987 habens
3280 2930 3492 2986 vultum
3515 2930 3662 3002 (Iud.
3685 2947 3806 2997 χιιι,

2208 3021 2287 3090 6).
2316 3041 2335 3075 1
2367 3021 2495 3078 lude
2519 3036 2550 3078 e
2572 3022 2797 3079 diverso
2824 3024 3120 3089 daemones,
3149 3023 3264 3094 qui,
3282 3021 3441 3093 juxta
3474 3024 3642 3095 primi
3667 3022 3809 3079 Petri

2210 3127 2421 3180 vocem,
2452 3133 2470 3166 ι
2500 3116 2601 3171 sub
2625 3114 2856 3187 caligine
2896 3116 2967 3170 ad
3009 3116 3151 3171 diem
3194 3116 3379 3187 magni
3408 3114 3616 3194 ‘judicii
3644 3130 3809 3169 reser-

2212 3217 2409 3262 vantur
2438 3206 2525 3278 (Il
2556 3206 2702 3262 Petr.
2746 3223 2809 3275 11,
2849 3209 2949 3274 i7;
2978 3207 3111 3263 Jud.
3147 3208 3258 3280 12),
3298 3227 3316 3261 1
3354 3207 3600 3263 vultibus
3646 3208 3812 3264 solent

2210 3314 2474 3372 apparere
2496 3300 2813 3368 teterrimis,
2847 3316 2953 3356 non
2981 3317 3105 3357 cum
3121 3356 3128 3365 ,
3145 3318 3204 3358 se
3232 3302 3505 3359 fallaciter
3526 3302 3813 3373 transﬁgu-

2210 3403 2337 3449 rant
2366 3394 2419 3449 in
2449 3394 2671 3465 angelos
2700 3393 2837 3450 lucis
2863 3393 2950 3465 (II
2981 3395 3105 3450 Cor.
3136 3412 3215 3464 x1,
3240 3395 3351 3467 M),
3384 3414 3405 3449 ι
3438 3411 3544 3452 nec
3573 3396 3632 3451 id
3661 3396 3813 3466 plane

2209 3488 2430 3557 injuria,
2475 3496 2662 3558 utpote
2704 3487 2797 3558 qui
2838 3488 3147 3545 concivium
3177 3490 3442 3547 nobilium
3478 3490 3814 3548 desciverea

2210 3578 2403 3649 gloria.

2280 3672 2362 3725 Ad
2391 3671 2496 3727 hoc
2532 3671 2699 3726 etiam
2743 3680 2931 3728 nostra
2972 3673 3270 3730 electorum
3302 3676 3555 3745 corporis
3582 3674 3815 3731 claritati

2210 3760 2412 3818 Christi
2439 3763 2825 3833 conﬂguranda
2852 3764 3111 3820 dicuntur
3135 3764 3307 3836 (Phil.
3333 3766 3551 3837 111,21),
3574 3775 3638 3821 ut
3663 3766 3816 3821 [mdi-

2210 3864 2315 3922 tas,
2348 3871 2468 3926 quae
2494 3872 2624 3914 casu
2660 3874 2754 3914 seu
2786 3859 3025 3914 naturali
3051 3860 3407 3930 corruptione
3447 3859 3812 3924 contrahitur,

2209 3949 2278 4003 ad
2303 3948 2544 4017 regulam
2576 3949 2946 4020 transfigurati
2982 3950 3039 4006 in
3071 3960 3258 4009 monte
3296 3951 3396 4008 Dei
3426 3951 3553 4007 Filii
3588 3953 3817 4023 corrigi—

2210 4050 2318 4097 tur.
2354 4041 2411 4097 Si
2442 4042 2608 4113 igitur
2658 4044 2875 4099 interna
2923 4044 3257 4115 exemplaria
3306 4045 3534 4115 pulchra
3572 4054 3631 4099 et
3680 4044 3818 4099 bona

2210 4141 2357 4199 sunt,
2387 4133 2694 4204 quicunque
2715 4137 3060 4206 praetendunt
3085 4135 3403 4207 imaginem,
3428 4135 3675 4190 maxime
3695 4149 3815 4190 cum

2210 4227 2279 4282 ah
2304 4242 2493 4283 eorum
2516 4228 2707 4284 ordine
2740 4245 2848 4285 non
2878 4231 3209 4301 discrepant,
3238 4228 3384 4284 unde
3405 4228 3668 4299 pulchra,
3694 4228 3817 4283 inde

2211 4330 2268 4379 et
2289 4324 2431 4380 bona
2458 4334 2606 4381 sunt.
2630 4325 2833 4398 Nempe
2861 4335 2917 4383 et
2945 4327 3061 4396 ipse
3097 4326 3160 4381 Β.
3202 4326 3542 4398 Augustinus
3569 4329 3626 4384 in
3657 4330 3815 4393 libro,

2213 4416 2272 4472 ni
2295 4416 2477 4485 fallor,
2510 4419 2586 4475 De
2615 4420 2863 4477 doctrina
2894 4418 3230 4487 Christiana,
3275 4419 3481 4476 dixisse
3517 4422 3814 4479 recolitur:

2222 4524 2243 4559 ι
2275 4506 2431 4576 Quod
2468 4509 2514 4565 is
2555 4510 2647 4580 qui
2700 4510 2986 4579 pulchrum
3033 4511 3199 4567 habet
3248 4524 3446 4579 corpus
3495 4520 3553 4567 et
3609 4522 3818 4584 turpem

2216 4598 2474 4665 animam,
2506 4600 2679 4671 magis
2700 4600 2963 4673 lugendus
2987 4611 3072 4658 est
3097 4617 3264 4674 quam
3285 4604 3331 4660 si
3355 4603 3562 4661 ftedum
3590 4605 3821 4661 haberet

2214 4698 2270 4745 et
2314 4705 2531 4763 corpus.
2569 4711 2587 4744 ι
2626 4691 2683 4749 Si
2732 4709 2862 4766 ergo
2907 4696 3116 4766 species
3161 4695 3290 4767 jure
3340 4698 3538 4755 vitiosa
3578 4699 3815 4770 lugetur,

2214 4783 2461 4855 profecto
2486 4785 2705 4842 indubie
2724 4786 2868 4844 bona
2895 4803 2984 4844 res
3008 4797 3110 4855 est,
3132 4804 3257 4859 quae
3277 4792 3565 4861 pravitatis
3591 4791 3817 4862 alicujus

2216 4881 2567 4938 ammistionc
2600 4884 2987 4956 corrumpitur,
3028 4893 3122 4940 aut
3154 4894 3345 4943 tenore
3377 4888 3689 4944 honestatis
3728 4902 3816 4941 au-

2216 4983 2395 5045 getur.

2286 5066 2446 5122 Gesta
2472 5070 2657 5125 matris
2684 5069 2931 5125 laudibus
2952 5072 3387 5142 prosequitur.—
3408 5070 3634 5128 Gratias
3660 5071 3815 5142 igitur

2216 5157 2339 5228 tibi,
2366 5160 2527 5227 Deus,
2556 5160 2649 5231 qui
2693 5160 3112 5231 praestillaveras
3142 5163 3328 5218 decori
3370 5162 3489 5233 ejus
3522 5165 3810 5228 virtutem;

2216 5250 2361 5308 illius
2420 5254 2564 5309 enim
2626 5253 2962 5310 habitudinis
3017 5254 3257 5326 gravitas
3324 5256 3491 5312 totius
3558 5256 3814 5312 vanitatis

2216 5353 2429 5415 poterat
2480 5346 2756 5402 insinuare
2786 5355 3204 5417 contemptum,
3250 5347 3537 5403 oculorum
3583 5361 3814 5419 namque

2216 5438 2451 5509 pondus,
2474 5440 2672 5494 raritas
2702 5439 2988 5510 eloquendi
3032 5454 3095 5495 ac
3120 5439 3279 5496 faciei
3309 5451 3556 5496 motuum
3586 5440 3812 5498 diﬂicul-

2220 5539 2325 5599 tas,
2352 5533 2576 5588 minime
2616 5532 2926 5589 levitatibus
2975 5533 3302 5589 intuentium
3341 5536 3699 5591 obseeundat.
3736 5533 3811 5589 Tu

2219 5623 2349 5690 scis,
2381 5624 2753 5694 Omnipotens,
2780 5635 3037 5695 tanquam
3066 5626 3323 5697 primaevo
3346 5626 3515 5697 ipsius
3544 5628 3621 5683 tui
3646 5626 3808 5682 nomic

2218 5715 2303 5770 nis
2340 5699 2579 5771 indidisti
2614 5726 2840 5784 metum,
2873 5726 3131 5787 tanquam
3164 5718 3423 5775 adversus
3457 5721 3644 5775 omnia
3670 5718 3807 5775 leuo-

2219 5806 2363 5863 cinia
2386 5809 2552 5865 animi
2582 5808 2954 5868 rebellionem.
2986 5808 3125 5869 Nota
3145 5810 3289 5884 quod
3316 5810 3407 5873 vix
3426 5821 3523 5871 aut
3548 5825 3803 5883 nusquam
