4012 6346
145 389 245 446 ευ

1133 377 1224 440 DE
1262 383 1414 440 VITA
1459 383 1592 441 SUA
1627 377 1801 439 LIBRI
1827 379 2024 439 TRES.
2065 415 2132 425 -
2168 380 2290 438 LIB.
2333 384 2372 438 l.

3291 385 3398 442 842

143 501 289 555 inter
323 509 532 566 magum
571 495 919 566 professionis
967 495 1192 551 feminas
1232 497 1518 567 reperitur,
1546 511 1714 566 quan-
1748 501 1796 551 Α
1832 506 2058 566 negatur
2121 496 2300 551 exitus
2325 534 2340 560 ,
2406 493 2791 568 compassnonis
2844 498 3093 554 omnibus
3149 500 3402 558 materias

139 599 262 644 tum
299 589 438 656 apud
469 603 526 642 se
552 595 643 642 tuo
665 589 805 644 dono
825 587 1126 652 continens,
1153 598 1358 644 tantum
1389 589 1724 644 incontinen-

143 678 292 732 tibus
329 675 431 729 fuit
474 690 636 745 parca
673 675 976 730 detrahere.
1021 674 1088 728 Et
1128 689 1249 730 cum
1287 677 1354 730 ab
1387 675 1591 730 exteris
1634 681 1727 727 aut

147 767 460 824 domesticis
516 767 800 836 aliquoties
853 767 1152 836 hujusmodi
1202 767 1378 821 fabula
1427 773 1722 830 notaretur,

146 857 266 927 ipsa
297 856 490 919 averti,
525 856 642 925 ipsa
673 855 953 922 absistere,
981 863 1034 910 et
1077 856 1170 911 tali
1219 857 1296 911 sic
1325 856 1570 910 susurrio
1597 855 1724 908 irri-

147 949 276 1014 tari,
322 962 386 1002 ac
431 947 475 1002 si
513 963 607 1002 sua
659 947 825 1016 ipsius
867 961 1094 1016 persona
1145 948 1347 1018 pariter
1390 954 1722 1016 carperetur.

153 1039 326 1092 Verax
373 1039 534 1102 Deus,
568 1044 622 1090 tu
668 1037 807 1090 nosti
854 1037 996 1106 quod
1035 1051 1138 1090 non
1186 1050 1272 1091 me
1310 1035 1453 1105 cogit
1496 1034 1563 1087 ad
1611 1034 1727 1086 haec

145 1131 434 1184 referenda
481 1130 753 1200 privatus,
801 1137 987 1198 utpote
1033 1127 1222 1182 matris
1265 1142 1435 1189 amor,
1473 1126 1568 1180 sed
1614 1137 1724 1177 rem

91 1256 104 1267 -
147 1221 336 1276 haberi
360 1221 642 1290 plusquam
659 1235 898 1274 meorum
923 1220 1205 1275 verborum
1221 1217 1504 1271 efﬁcientia
1528 1217 1721 1285 possit:

137 1320 300 1380 certe
329 1325 448 1365 cum
488 1320 712 1366 creteros
742 1310 952 1381 generis
995 1309 1096 1364 mei
1132 1315 1223 1361 aut
1251 1306 1512 1361 animales
1551 1315 1606 1359 et
1635 1305 1726 1359 Dei

145 1406 389 1472 ignaros,
434 1411 524 1456 aut
569 1401 760 1457 efferes
786 1401 953 1456 armis
993 1409 1046 1454 et
1075 1400 1298 1455 Cinitlm
1328 1413 1469 1462 reos,
1501 1397 1726 1451 multum

145 1511 281 1550 vero
307 1509 401 1549 eos
431 1493 544 1548 fieri
572 1509 601 1547 a
635 1502 704 1557 te,
736 1493 837 1548 nisi
866 1493 1159 1560 granditer,
1198 1500 1256 1544 ut
1287 1490 1508 1552 assoles,
1539 1503 1727 1544 eorum

146 1585 479 1646 miserearis,
529 1593 794 1639 extorres.
840 1583 943 1638 Sed
976 1585 1040 1639 de
1086 1585 1192 1638 vita
1238 1582 1354 1652 ejus
1381 1581 1729 1652 opportunior

147 1676 376 1731 forsitan
404 1673 456 1729 in
481 1676 584 1730 hoc
611 1690 774 1747 opere
797 1691 916 1732 sese
941 1675 1094 1732 locus
1115 1677 1340 1746 aperiet,
1358 1673 1476 1744 jam
1505 1659 1729 1728 acceda-

149 1782 276 1821 mus
303 1765 370 1820 ad
401 1773 604 1820 nostrat

783 1851 1008 1911 CAPUT
1047 1854 1129 1910 111.

217 1937 298 2000 Ex
344 1944 466 2008 hac,
519 1945 759 2014 inquam,
804 1946 881 2000 uti
927 1948 1094 2002 credo
1130 1931 1183 2004 et
1227 1964 1404 2018 spero,
1445 1951 1728 2005 verissima

139 2031 283 2086 mihi
325 2032 568 2086 omnium
607 2047 742 2102 quos
786 2035 970 2103 genuit
997 2035 1130 2105 ipsa,
1165 2036 1454 2092 deterrimo
1493 2037 1729 2092 tribuisti

143 2122 325 2180 nasci.
356 2122 543 2180 Proles
572 2125 687 2194 ejus
715 2124 962 2180 bifariam
991 2135 1262 2196 postrema
1287 2126 1394 2189 fui,
1425 2127 1734 2181 decedenti-

144 2214 252 2270 bus
275 2215 420 2271 enim
449 2216 548 2272 sub
579 2231 676 2288 spe
706 2217 929 2273 meliore
970 2219 1261 2291 germanis,
1290 2234 1391 2290 ego
1420 2219 1525 2272 vita
1555 2219 1732 2272 omni-

144 2307 326 2362 modis
369 2309 746 2377 desperatione
803 2324 1107 2382 supersum.
1157 2311 1214 2365 in
1259 2310 1344 2365 his
1385 2310 1560 2363 adhuc
1603 2309 1732 2363 mihi

143 2398 331 2469 egenti
376 2399 565 2472 malis,
611 2407 672 2460 tet
729 2404 846 2474 ejus
888 2403 1105 2468 merito,
1143 2409 1267 2473 post
1310 2399 1490 2455 Jesum
1529 2409 1583 2455 et
1611 2399 1734 2453 Jcsu

150 2499 382 2552 muttiant
413 2506 736 2566 sanctosque
773 2495 914 2564 ejus,
965 2509 1089 2564 spes
1134 2493 1447 2549 salvationis
1484 2491 1734 2545 universa

153 2589 375 2643 resedit.
408 2589 533 2644 Scio
561 2603 773 2658 nem-pe,
800 2602 902 2642 nec
930 2585 1235 2640 discredere
1264 2583 1345 2638 fas
1375 2589 1474 2643 est,
1513 2590 1572 2634 ut
1601 2581 1740 2634 sicut

157 2693 244 2734 me
261 2680 311 2733 in
331 2680 526 2734 sarculo
544 2681 716 2750 posita
733 2678 948 2733 charius
968 2676 1175 2741 habuit,
1193 2674 1392 2731 clarius
1413 2673 1575 2728 coluit
1593 2671 1738 2742 (erga

154 2768 301 2823 enim
326 2777 568 2836 extreme
592 2781 748 2824 natos
766 2775 966 2822 matres
989 2765 1334 2820 aﬂ‘ectuosius
1357 2764 1541 2833 agunt)
1571 2762 1742 2833 magis

153 2860 270 2914 Deo
319 2875 556 2930 praesens
599 2875 704 2914 non
758 2858 1002 2929 negligit.
1050 2856 1191 2925 Ignis
1238 2856 1393 2926 plane
1438 2855 1528 2927 ΗΖ,
1560 2852 1740 2924 plena]

155 2953 251 3006 Dei
295 2967 360 3008 ea
411 2967 440 3006 a
484 2952 766 3023 juventute
820 2951 997 3006 fuerat
1035 2949 1090 3003 in
1143 2949 1293 3014 Sion,
1339 2964 1461 3004 cum
1511 2961 1580 3002 ne
1617 2948 1744 3002 dor-

162 3043 382 3097 miendo
415 3043 655 3113 quidem,
709 3041 906 3096 nedum
961 3039 1250 3109 vigilando,
1301 3037 1604 3093 sollicitudo
1641 3031 1746 3091 mei

159 3134 210 3186 in
257 3131 374 3200 ejus
416 3136 594 3188 animo
625 3133 889 3187 cessabat.
921 3133 991 3186 At
1029 3147 1172 3186 nunc
1213 3139 1387 3185 morte
1429 3131 1530 3185 sibi
1576 3131 1744 3195 obita,

157 3223 450 3278 interstitio
478 3222 656 3277 carnis
688 3223 936 3290 abrupto,
975 3221 1088 3276 scio
1115 3221 1164 3274 in
1195 3219 1528 3274 Hierusalem
1557 3229 1746 3289 poten-

154 3313 266 3366 tius
299 3327 462 3380 quam
497 3311 602 3366 dici
649 3319 812 3381 queat
857 3310 1068 3365 fervere
1111 3311 1403 3372 caminum,
1446 3297 1778 3379 prmsertiur

149 3418 282 3457 cum
309 3402 419 3456 illic
462 3402 572 3456 Deo
602 3403 780 3472 plena,
809 3417 954 3456 meas
983 3402 1036 3455 iu
1067 3401 1262 3470 quibus
1293 3401 1477 3454 volvor
1501 3401 1746 3454 miserius

157 3507 264 3546 non
299 3492 528 3562 ignoret,
556 3500 610 3546 et
641 3500 790 3546 tanto
820 3491 949 3545 mihi
992 3490 1289 3553 aberranti,
1322 3489 1446 3544 licet
1485 3489 1631 3555 felix,
1665 3490 1746 3542 in-

155 3593 361 3653 gemat,
386 3591 586 3650 quanto
615 3597 644 3635 a
671 3582 782 3636 suis
807 3596 925 3650 quae
971 3582 1128 3636 toties
1177 3581 1542 3650 ingeminabat
1568 3581 1746 3636 moni-

157 3677 250 3739 tis,
266 3672 505 3728 muribus
527 3681 689 3743 atque
715 3673 1060 3743 vcstigiis'me
1083 3674 1390 3728 exorbitare
1414 3675 1743 3729 considerat.

225 3770 393 3824 Pater
415 3777 468 3823 et
503 3767 729 3824 Domine
760 3768 922 3834 Deus,
955 3768 1044 3836 qui
1091 3782 1158 3822 ex
1189 3767 1293 3822 hac
1323 3782 1428 3822 non
1457 3767 1743 3833 fallaciter,

155 3863 256 3919 sed
292 3878 418 3919 vere
455 3871 593 3919 bona
639 3861 771 3916 mihi
802 3860 1032 3928 qualiter
1071 3869 1126 3915 et
1158 3869 1417 3930 quantum
1441 3859 1582 3913 nosti
1608 3859 1747 3913 malo

153 3956 423 4026 originem
451 3953 712 4019 tribuisti,
739 3967 888 4022 spem
928 3965 1142 4020 quoque
1170 3951 1222 4004 in
1248 3949 1363 4018 ejus
1393 3950 1522 4004 mihi
1555 3952 1748 4004 merito

149 4046 459 4118 praebuisti,
485 4061 644 4116 quam
679 4053 859 4098 tamen
888 4041 1197 4096 nullatenus
1228 4040 1429 4095 habere
1455 4053 1749 4108 praesume-

155 4153 296 4204 rem,
335 4137 438 4192 nisi
466 4139 533 4192 ad
566 4145 616 4191 te
646 4150 714 4190 ex
742 4134 847 4189 mei
879 4134 1071 4188 timore
1099 4132 1327 4202 peccati,
1365 4130 1750 4200 aliquantisper

151 4228 260 4285 sub
293 4238 381 4283 tua
408 4228 578 4298 gratia
625 4226 972 4296 respirarem.
1003 4225 1260 4280 lnduxisti
1303 4226 1506 4294 pariter
1552 4232 1606 4280 et
1650 4223 1750 4277 mi-

151 4335 283 4376 sero
319 4320 471 4374 cordi
513 4333 634 4374 meo
682 4317 866 4372 nescio
910 4318 955 4372 si
1008 4332 1156 4387 spem
1204 4325 1300 4370 aut
1343 4315 1747 4372 similitudinem

147 4411 295 4480 spei,
341 4410 482 4479 quod
523 4407 775 4464 videlicet
812 4417 1177 4472 sacrosancto,
1225 4405 1646 4476 supereminenti
1695 4413 1750 4459 et

1826 584 2106 640 afferebat.
2139 585 2262 641 Dies
2289 596 2405 640 erat
2443 601 2572 656 quo,
2597 595 2796 656 praeter
2835 587 3093 653 solemne,
3123 591 3265 659 quod
3293 591 3408 648 sin.

1825 675 2085 744 gularitcr
2128 684 2183 730 et
2230 690 2328 730 suo
2382 685 2620 744 tempore
2661 676 2963 732 celebratur
2998 676 3251 742 ofIicium,
3287 694 3406 750 qua:

1824 779 1924 834 pro
1951 764 2308 818 familiaribus
2353 766 2568 820 actitari
2618 767 2796 821 solent
2832 766 3003 823 ofﬁcia
3045 784 3150 824 non
3182 768 3401 824 fiebant.

1827 859 1996 912 lnitur
2039 872 2106 911 ex
2155 857 2480 912 necessitate
2529 858 2838 923 consilium,
2893 868 2946 914 et
2997 859 3065 914 ad
3115 860 3408 916 Dominica:

1826 948 2014 1004 Matris
2043 948 2215 1002 altare
2259 948 2622 1014 concurritur,
2665 959 2721 1004 et
2756 951 2823 1004 ad
2859 965 2977 1005 eam
3005 968 3123 1022 quae
3152 952 3262 1007 sola
3295 951 3408 1007 sive

1827 1039 1991 1092 etiam
2040 1037 2202 1108 Virgo
2258 1052 2470 1108 semper
2517 1038 2697 1093 futura
2749 1051 3052 1110 pepererat,
3103 1042 3410 1111 huiusmodi

1827 1137 1950 1183 vota
1992 1139 2314 1198 promuntur
2345 1144 2411 1184 ac
2439 1129 2726 1185 oblationis
2770 1132 2887 1186 vice
2939 1133 2990 1186 id
3041 1136 3278 1190 muneris
3309 1138 3410 1205 pire

1828 1218 2204 1274 Dominaearte
2233 1221 2546 1291 imponitur,
2575 1221 2715 1291 quod
2744 1221 2992 1278 videlicet
3030 1223 3072 1276 si
3107 1235 3293 1292 partus
3323 1226 3413 1282 ille

1827 1321 2080 1366 cessusset
2113 1313 2165 1366 in
2208 1312 2528 1380 masculum,
2558 1312 2667 1369 Deo
2692 1321 2748 1369 et
2777 1313 2878 1369 sibi
2906 1313 3262 1370 obsecuturos
3305 1317 3415 1372 cle-

1827 1404 2018 1459 ricatui
2048 1405 2385 1460 traderetur:
2418 1407 2500 1460 sin
2532 1407 2787 1472 deterior,
2812 1407 3136 1476 professioni
3159 1423 3414 1480 congruae

1830 1495 2204 1550 mandaretur.
2239 1494 2404 1567 559
2433 1494 2542 1552 Nec
2573 1511 2724 1551 mora
2756 1496 3120 1568 languidulum
3160 1501 3418 1568 quiddam

1830 1585 2004 1640 instar
2051 1587 2399 1641 aborritionis
2447 1586 2578 1658 [lege
2633 1585 2956 1658 abortionis]
3002 1587 3314 1655 effunditur,
3361 1598 3420 1645 et

1829 1675 1970 1744 quod
2002 1674 2177 1730 fusum
2221 1685 2338 1731 erat
2383 1676 2450 1730 ad
2492 1685 2726 1744 tempus,
2768 1685 2827 1728 ut
2867 1689 2966 1744 par
3011 1685 3127 1730 erat
3168 1675 3419 1746 abiectis.

1829 1764 2000 1829 simo,
2052 1765 2118 1820 de
2177 1765 2422 1820 absoluta
2484 1765 2656 1821 solum
2718 1774 2893 1821 matre
2955 1767 3235 1836 gaudetur.
3287 1767 3420 1822 Erat

1759 1836 1804 1894 Β
1833 1855 1972 1910 illius
1999 1856 2306 1910 homunculi
2349 1870 2540 1912 recens
2583 1854 2715 1910 editi
2757 1855 2893 1910 adeo
2923 1856 3229 1910 miseranda
3267 1857 3422 1912 exili-

1832 1954 1934 2012 tas,
1965 1953 2024 1999 ut
2047 1945 2356 2000 cadaveruli
2387 1944 2831 2016 extemporaliter
2869 1944 2980 2000 nati
3025 1946 3234 2016 species
3263 1955 3424 2017 puta-

1830 2047 2012 2102 retur;
2048 2037 2099 2091 in
2130 2045 2362 2102 tantum,
2387 2047 2446 2090 ut
2487 2037 2675 2092 ldualo
2703 2037 2872 2092 ferme
2913 2037 3106 2106 Aprili,
3133 2036 3305 2106 junci,
3330 2035 3424 2106 qui

1834 2127 1885 2180 in
1921 2142 1984 2182 ea
2032 2129 2284 2182 oriuntur
2315 2129 2538 2198 regione
2578 2138 2887 2198 pcrtenues,
2916 2129 3151 2200 digitulis
3189 2143 3426 2200 appone-

1835 2228 2040 2284 rentur,
2099 2229 2157 2273 ut
2210 2220 2640 2290 corpulentiores
2687 2220 3016 2275 viderentur.
3063 2221 3138 2276 Ea
3185 2221 3299 2292 ipsa
3335 2220 3426 2276 die

1836 2309 1960 2362 dum
1991 2309 2272 2366 salutifero
2305 2310 2439 2365 fonti
2472 2312 2729 2375 inferrer,
2767 2311 2959 2366 mulier
2987 2313 3258 2381 quaedam,
3281 2312 3426 2382 quod

1839 2401 1966 2454 mihi
1997 2416 2167 2471 puero
2211 2411 2266 2456 ct
2308 2400 2396 2473 U-r
2444 2402 2633 2473 etiam]
2669 2402 2782 2472 jam
2825 2402 3150 2458 adolescenti
3182 2418 3427 2472 saepenu-

1841 2505 1990 2546 mero
2014 2491 2120 2560 joci
2156 2506 2320 2545 causa
2363 2491 2592 2546 relatum
2639 2502 2753 2558 est,
2800 2492 2868 2548 de
2911 2508 3072 2546 manu
3111 2494 3324 2548 rotabat
3367 2494 3424 2548 in

1841 2594 2058 2632 manum
2097 2595 2180 2635 me
2210 2581 2578 2636 transferens:
2606 2581 2880 2637 Hunccine
2905 2582 3169 2637 victurum
3201 2583 3422 2653 putatis,

1842 2684 2001 2738 quem
2052 2685 2220 2739 prope.
2265 2679 2462 2726 natura
2517 2671 2772 2727 deficiens
2832 2673 3161 2728 emembrcm
3218 2673 3423 2738 edidit,

1843 2769 1898 2814 ct
1923 2761 2092 2831 magis
2120 2760 2428 2816 lincamcnti
2451 2763 2579 2832 quid
2601 2764 2774 2820 simile
2795 2779 2954 2832 quam
2981 2779 3177 2834 corpus
3200 2765 3391 2820 dedit?

1915 2851 2044 2918 Qua:
2075 2853 2276 2920 omnia,
2301 2853 2530 2910 Creator
2560 2871 2732 2922 meus,
2765 2854 2926 2923 hujus
2956 2855 3090 2922 mei,
3114 2871 3220 2925 quo
3247 2858 3425 2912 vivere

1847 2946 2035 3000 videor
2057 2954 2252 3004 status.
2283 2955 2535 3016 portenta
2565 2947 2734 3002 fuere.
2771 2947 3022 3017 Nunquid
3059 2947 3156 3014 tui,
3181 2948 3425 3014 Domine,

1849 3035 2056 3090 servitii
2088 3035 2141 3089 in
2174 3051 2258 3090 me
2293 3035 2517 3106 reperiri
2557 3038 2732 3104 potuit
2761 3038 2991 3092 veritas?
3019 3037 3103 3092 Nil
3134 3038 3186 3092 in
3218 3047 3270 3093 te
3296 3038 3424 3092 soli-

1851 3127 1998 3192 dum,
2029 3125 2102 3180 nil
2147 3127 2199 3180 in
2252 3134 2302 3180 te
2333 3136 2588 3182 constans
2614 3128 2806 3194 habui;
2831 3129 2876 3183 si
2903 3129 3030 3198 quid
3059 3129 3116 3184 in
3159 3129 3427 3184 evidentia

1853 3218 1999 3273 visus
2029 3233 2148 3272 sum
2171 3218 2482 3272 exhibuisse
2509 3219 2714 3288 operis,
2752 3220 2980 3274 intentio
3010 3220 3284 3274 multoties
3312 3220 3407 3274 red

1849 3308 1984 3362 didit
2013 3308 2190 3361 minus
2231 3316 2380 3362 recta
2419 3317 2698 3378 pertenue.
2729 3309 2847 3364 Dixi
2882 3309 3006 3375 tibi,
3032 3324 3242 3364 summa
3274 3310 3400 3364 boni
3430 3333 3437 3340 -

1849 3399 2026 3470 guitas
2061 3397 2232 3461 Deus,
2264 3400 2406 3468 quod
2455 3415 2641 3469 spem,
2673 3410 2761 3454 aut
2793 3401 2905 3470 spei
2943 3401 3432 3472 quantttlaccunqiie

1849 3491 2124 3560 specimen
2159 3506 2224 3545 ex
2256 3499 2362 3544 tam
2395 3492 2672 3562 gaudiosaa
2710 3492 2818 3546 diei
2856 3493 3258 3563 prmstolatione
3298 3495 3434 3550 mihi

1849 3590 1976 3637 nato
2006 3597 2070 3637 ac
2101 3591 2324 3646 renato,
2355 3582 2448 3637 sed
2495 3591 2550 3637 et
2590 3584 2830 3638 omnium
2883 3593 3002 3654 post
3046 3583 3216 3639 Deum
3248 3583 3436 3640 oblato

1850 3675 2050 3744 reginae
2075 3674 2391 3730 contuleris.
2434 3673 2657 3730 Domine
2684 3675 2849 3739 Deus,
2879 3689 3057 3730 nonne
3083 3689 3149 3730 ex
3178 3689 3242 3730 ea
3261 3689 3433 3745 quam

1848 3763 1980 3818 mihi
2015 3763 2204 3818 dedisti
2235 3764 2444 3819 ratione
2464 3762 2576 3832 jam
2602 3764 2819 3834 colligo.
2845 3765 2970 3834 quia
2996 3765 3111 3819 dies
3135 3766 3436 3821 nativitatis

1849 3854 2187 3911 infructuose
2222 3855 2532 3912 viventibus
2575 3855 2650 3910 nil
2681 3856 2867 3911 utilius
2897 3853 3053 3910 afl’ert
3089 3871 3251 3926 quam
3285 3871 3434 3910 mor-

1851 3947 1954 4001 tis?
1979 3947 2036 4001 Si
2061 3956 2296 4012 constat,
2321 3958 2376 4003 et
2406 3947 2773 4004 irrevincibile
2801 3955 2917 4012 est,
2946 3947 3074 4017 quia
3122 3947 3266 4002 nulla
3306 3962 3435 4018 pos-

1851 4047 1979 4093 sunt
2002 4040 2194 4093 merita
2221 4039 2335 4094 dies
2360 4041 2704 4110 praecessisse
2738 4041 2970 4101 nativos,
2999 4049 3225 4109 possunt
3251 4047 3435 4094 autem

1851 4129 2225 4185 defunctivos:
2257 4129 2312 4184 Si
2347 4132 2627 4202 contingat
2649 4133 2748 4187 sub
2779 4133 2920 4186 bono
2950 4132 3113 4185 vitam
3144 4147 3248 4186 non
3283 4140 3403 4185 tran

1851 4217 1986 4285 sigi,
2025 4215 2225 4280 fateor,
2278 4216 2354 4270 nil
2401 4217 2623 4271 omnino
2669 4217 2970 4286 proderunt
3015 4215 3237 4286 gloriosi
3299 4215 3440 4274 dies.

1851 4305 1990 4360 sicut
2018 4320 2119 4360 nec
2145 4304 2360 4368 natalis,
2388 4313 2444 4359 et
2471 4306 2676 4360 mortis.

1923 4397 1980 4450 Si
2009 4395 2152 4450 enim
2181 4409 2370 4448 verum
2395 4403 2503 4459 est,
2530 4395 2653 4464 quia
2679 4395 2794 4462 ipse
2828 4394 2957 4449 fecit
2987 4409 3096 4459 me,
3122 4403 3176 4448 et
3207 4408 3310 4448 non
3336 4407 3438 4462 ego

149 4501 488 4557 Christianis
517 4501 772 4557 omnibus
796 4498 1204 4570 exoptatissimo
1233 4498 1320 4552 die
1349 4496 1498 4551 nasci
1537 4496 1665 4549 mihi
1695 4504 1748 4550 et
1777 4518 1827 4577 ι)
1855 4489 1968 4559 ipse
1997 4503 2103 4552 me,
2134 4487 2386 4555 diemque
2407 4500 2512 4539 non
2538 4486 2822 4554 praestitui,
2850 4501 2950 4541 nec
2982 4495 3037 4539 ut
3069 4485 3440 4556 prmfigeretur

153 4593 374 4647 renasci
419 4593 581 4646 etiam
621 4589 908 4646 indulsisti.
959 4588 1148 4643 Totam
1189 4588 1357 4644 ferme
1390 4587 1750 4658 Quadragesi-

151 4700 306 4738 mam
355 4685 455 4738 sub
491 4683 642 4737 nimii
682 4683 882 4737 doloris
922 4681 1205 4736 insolentia
1241 4681 1547 4750 parturiens
1580 4689 1750 4734 mater

153 4785 423 4841 exegerat
449 4772 610 4843 (quos
637 4773 799 4826 etiam
831 4787 1061 4839 angores
1089 4773 1218 4826 mihi
1255 4772 1430 4836 devio,
1461 4780 1510 4826 et
1545 4770 1750 4826 lubrica

151 4863 496 4918 consectanti
529 4903 546 4926 ,
612 4862 769 4915 toties
823 4861 1190 4930 improperare
1247 4859 1474 4929 solebat)
1537 4860 1750 4914 tandem

155 4956 408 5011 solemne
436 4955 754 5018 Sabbatum,
775 4953 951 5023 vigilia
975 4953 1184 5008 scilicet
1212 4951 1486 5014 Paschalis
1507 4953 1748 5007 emicuit.

232 5047 431 5102 Graves
462 5049 727 5102 cruciatus
766 5047 819 5099 in
852 5045 994 5098 illius
1038 5054 1191 5112 partu
1221 5044 1433 5112 pertulit
1472 5054 1658 5098 mater.
1689 5043 1750 5098 Β.

165 5139 409 5211 Virginis
465 5139 673 5193 servitio
726 5137 1079 5204 mancipatur.
1139 5133 1332 5188 Recens
1391 5145 1545 5188 natus
1601 5151 1754 5203 quam

154 5232 340 5286 terrui:
371 5246 588 5299 corpore
617 5229 736 5298 fuit.
767 5257 836 5269 —
864 5227 1098 5280 Diutinis
1123 5239 1252 5296 ergo
1278 5224 1610 5280 cruciatibus
1638 5227 1755 5296 agi-

158 5335 300 5388 tata,
331 5333 389 5378 et
420 5325 551 5377 hora
586 5322 984 5392 propinquante
1025 5316 1348 5372 tortionibus
1374 5317 1753 5387 augmentatis,

155 5432 290 5472 cum
322 5418 391 5471 .in
437 5424 650 5486 partum
695 5413 948 5468 nataliter
978 5409 1070 5484 [[.,
1107 5409 1451 5479 naturaliter]
1484 5418 1759 5479 putaretur

153 5511 441 5575 cnititnm,
470 5508 640 5580 magis
675 5522 890 5563 sursum
921 5505 986 5560 ad
1017 5505 1130 5574 ejus
1158 5502 1452 5574 praecordia
1485 5511 1760 5572 retorque-

157 5605 280 5658 bar.
312 5601 432 5657 Jam
462 5610 694 5670 patrem,
721 5602 926 5654 amicos
954 5613 1018 5653 ac
1050 5603 1301 5666 parentes
1330 5594 1572 5648 funestus
1598 5606 1760 5662 super

158 5709 402 5765 utroque
432 5707 638 5748 maeror
667 5692 986 5756 obtriverat,
1020 5690 1146 5760 quia
1175 5689 1301 5744 dum
1340 5687 1496 5742 matri
1526 5693 1759 5740 mortem

158 5789 347 5858 proles
395 5785 681 5850 accelerat,
735 5784 904 5855 prolis
952 5783 1201 5839 similiter
1239 5781 1484 5846 exitium,
1533 5779 1658 5833 dum
1708 5776 1759 5831 ei

421 5907 695 5965 PA'I‘ROL.
729 5903 936 5962 CLVI.

1854 4579 2086 4643 emerui,
2124 4578 2356 4634 collatus
2398 4592 2426 4630 a
2477 4577 2587 4633 Deo
2638 4592 2743 4632 non
2785 4593 2931 4646 spem
2961 4620 2974 4643 ,
3025 4593 3131 4632 non
3175 4578 3437 4633 honorem

1854 4670 1982 4724 mihi
2013 4668 2238 4740 prtebet,
2267 4667 2368 4722 nisi
2401 4667 2508 4722 dici
2550 4667 2866 4738 religionem
2903 4681 3256 4740 prosequens,
3280 4669 3436 4740 quid-

1855 4761 1982 4831 quid
2023 4760 2113 4814 die
2161 4758 2528 4828 portenditur,
2568 4773 2690 4814 mea
2730 4758 2841 4812 vita
2883 4762 3244 4816 commendet.
3277 4761 3434 4816 Tunc

1854 4850 2014 4921 plane
2041 4858 2285 4904 nostrum
2315 4848 2494 4902 natale
2535 4863 2600 4902 ex
2637 4847 2831 4902 festiva
2882 4849 3144 4917 temporis
3171 4849 3432 4918 qualitate

1854 4942 2201 5008 claresceret,
2230 4942 2273 4995 si
2302 4941 2540 4995 studium
2573 4950 2773 4996 nostra:
2803 4939 3034 4994 actionis
3069 4941 3335 5007 suspirata
3367 4942 3434 4996 ad

1859 5034 2126 5103 integrum
2167 5032 2368 5086 virtute
2396 5046 2455 5088 se
2492 5041 2722 5101 regeret,
2755 5041 2810 5087 et
2834 5032 3090 5086 introitus
3137 5031 3305 5098 gloria
3343 5033 3436 5086 ho-

1859 5127 1988 5180 mini
2039 5127 2234 5182 merito
2278 5125 2553 5180 videretur
2603 5124 2832 5186 indulta,
2883 5125 2928 5177 si
2972 5136 3329 5194 perseverans
3382 5123 3436 5176 in

1858 5219 2112 5288 aequitate
2141 5217 2355 5272 animus
2392 5217 2516 5270 vitae
2549 5215 2877 5286 glorificaret
2916 5213 3099 5268 exitia.
3133 5214 3188 5268 Si
3221 5211 3435 5275 Petrus,

1860 5318 1954 5363 aut
1983 5308 2182 5363 Paulus
2203 5309 2440 5372 vociter;
2473 5309 2516 5360 si
2547 5307 2825 5376 Remigius
2861 5314 2954 5360 aut
2977 5304 3231 5361 Nicolaus
3257 5306 3440 5377 appcla

1860 5402 1959 5468 ler,
1993 5417 2099 5456 non
2125 5401 2279 5465 mihi,
2310 5408 2370 5454 ut
2395 5399 2603 5469 poetice
2630 5397 2860 5467 loquar:

2037 5493 2278 5547 Proderit
2305 5509 2337 5545 a
2368 5507 2558 5560 magno
2581 5491 2856 5544 dimissum
2887 5506 3074 5544 nomen
3106 5489 3228 5545 Iulo
3253 5506 3272 5546 :

1931 5585 2048 5641 Nisi
2096 5584 2345 5648 illorum,
2387 5596 2525 5650 quos
2573 5581 2911 5652 providentia
2959 5581 3088 5636 fecit
3138 5582 3307 5646 mihi,
3348 5597 3443 5637 seu

1862 5679 2077 5754 fortuna
2108 5674 2476 5747 cognomines,
2508 5673 2779 5744 sagaciter
2804 5673 3050 5744 exempla
3082 5673 3441 5742 resoulpsero.

1862 5777 2022 5841 Ecce,
2050 5774 2194 5830 Deus
2225 5785 2398 5830 meus.
2425 5767 2696 5846 quomodo
2722 5768 2944 5826 reﬂatur
2981 5768 3244 5838 quidquid
3276 5776 3443 5822 tume-

2817 5878 2962 5943 '27
