  <div class='ocr_page' id='page_1' title='image "/cluster/home/n/w/nwhite01/storage/ocr_20150623/156/hvd.32044010683712/427.png"; bbox 0 0 4012 6346; ppageno 0'>
   <div class='ocr_carea' id='block_1_1' title="bbox 686 358 789 412">
    <p class='ocr_par' dir='ltr' id='par_1_1' title="bbox 686 358 789 412">
     <span class='ocr_line' id='line_1_1' title="bbox 686 358 789 412; baseline 0.01 -1"><span class='ocrx_word' id='word_1_1' title='bbox 686 358 789 412; x_wconf 69' lang='grc' dir='ltr'><strong>8ὶὸ</strong></span> 
     </span>
    </p>
   </div>
   <div class='ocr_carea' id='block_1_2' title="bbox 1571 324 3794 416">
    <p class='ocr_par' dir='ltr' id='par_1_2' title="bbox 1571 324 3794 416">
     <span class='ocr_line' id='line_1_2' title="bbox 1571 324 3794 416; baseline -0.002 -12"><span class='ocrx_word' id='word_1_2' title='bbox 1571 350 1634 405; x_wconf 85' lang='lat' dir='ltr'><strong>v.</strong></span> <span class='ocrx_word' id='word_1_3' title='bbox 1677 348 2004 408; x_wconf 80' lang='lat' dir='ltr'><strong>GUtBEﬁTl</strong></span> <span class='ocrx_word' id='word_1_4' title='bbox 2038 324 2324 404; x_wconf 68' lang='lat' dir='ltr'><strong>annuis</strong></span> <span class='ocrx_word' id='word_1_5' title='bbox 2365 346 2421 403; x_wconf 91' lang='lat' dir='ltr'><strong>s.</strong></span> <span class='ocrx_word' id='word_1_6' title='bbox 2458 344 2695 400; x_wconf 67' lang='lat' dir='ltr'><strong>itania;</strong></span> <span class='ocrx_word' id='word_1_7' title='bbox 2736 344 2825 399; x_wconf 73' lang='lat' dir='ltr'><strong>ne</strong></span> <span class='ocrx_word' id='word_1_8' title='bbox 2867 341 3259 401; x_wconf 76' lang='lat' dir='ltr'><strong>NOVIGENTO</strong></span> <span class='ocrx_word' id='word_1_9' title='bbox 3734 358 3794 416; x_wconf 64' lang='grc' dir='ltr'><strong>δα</strong></span> 
     </span>
    </p>
   </div>
   <div class='ocr_carea' id='block_1_3' title="bbox 690 452 3797 534">
    <p class='ocr_par' dir='ltr' id='par_1_3' title="bbox 690 452 3797 534">
     <span class='ocr_line' id='line_1_3' title="bbox 690 452 3797 534; baseline -0.001 -13"><span class='ocrx_word' id='word_1_10' title='bbox 690 470 781 522; x_wconf 91' lang='lat' dir='ltr'><strong>bat</strong></span> <span class='ocrx_word' id='word_1_11' title='bbox 814 468 865 522; x_wconf 93' lang='lat' dir='ltr'><strong>in</strong></span> <span class='ocrx_word' id='word_1_12' title='bbox 890 468 1065 522; x_wconf 89' lang='lat' dir='ltr'><strong>anima</strong></span> <span class='ocrx_word' id='word_1_13' title='bbox 1096 480 1229 531; x_wconf 86' lang='lat' dir='ltr'><strong>mea,</strong></span> <span class='ocrx_word' id='word_1_14' title='bbox 1261 463 1525 534; x_wconf 89' lang='lat' dir='ltr'><strong>quomodo</strong></span> <span class='ocrx_word' id='word_1_15' title='bbox 1552 461 1749 531; x_wconf 88' lang='lat' dir='ltr'><strong>poterit</strong></span> <span class='ocrx_word' id='word_1_16' title='bbox 1775 458 2091 527; x_wconf 88' lang='lat' dir='ltr'><strong>ﬁoccipcndi</strong></span> <span class='ocrx_word' id='word_1_17' title='bbox 2118 459 2258 527; x_wconf 90' lang='lat' dir='ltr'><strong>quod</strong></span> <span class='ocrx_word' id='word_1_18' title='bbox 2288 462 2336 521; x_wconf 80' lang='grc' dir='ltr'><strong>Α</strong></span> <span class='ocrx_word' id='word_1_19' title='bbox 2363 456 2568 524; x_wconf 84' lang='lat' dir='ltr'><strong>Magnis</strong></span> <span class='ocrx_word' id='word_1_20' title='bbox 2600 456 2781 524; x_wconf 98' lang='lat' dir='ltr'><strong>itaque</strong></span> <span class='ocrx_word' id='word_1_21' title='bbox 2808 454 2956 508; x_wconf 91' lang='lat' dir='ltr'><strong>curis</strong></span> <span class='ocrx_word' id='word_1_22' title='bbox 2986 453 3074 508; x_wconf 89' lang='lat' dir='ltr'><strong>illa</strong></span> <span class='ocrx_word' id='word_1_23' title='bbox 3103 463 3192 507; x_wconf 89' lang='lat' dir='ltr'><strong>tua</strong></span> <span class='ocrx_word' id='word_1_24' title='bbox 3224 466 3348 507; x_wconf 90' lang='lat' dir='ltr'><strong>vere</strong></span> <span class='ocrx_word' id='word_1_25' title='bbox 3387 452 3527 510; x_wconf 88' lang='lat' dir='ltr'><strong>vidua</strong></span> <span class='ocrx_word' id='word_1_26' title='bbox 3550 473 3619 515; x_wconf 89' lang='lat' dir='ltr'><strong>me</strong></span> <span class='ocrx_word' id='word_1_27' title='bbox 3642 468 3797 522; x_wconf 64' lang='lat' dir='ltr'><strong>nutrivit.</strong></span> 
     </span>
    </p>
   </div>
   <div class='ocr_carea' id='block_1_4' title="bbox 689 554 1530 613">
    <p class='ocr_par' dir='ltr' id='par_1_4' title="bbox 689 554 1530 613">
     <span class='ocr_line' id='line_1_4' title="bbox 689 554 1530 613; baseline -0.008 0"><span class='ocrx_word' id='word_1_28' title='bbox 689 559 741 613; x_wconf 90' lang='lat' dir='ltr'><strong>in</strong></span> <span class='ocrx_word' id='word_1_29' title='bbox 775 558 971 612; x_wconf 88' lang='lat' dir='ltr'><strong>fastum</strong></span> <span class='ocrx_word' id='word_1_30' title='bbox 1008 558 1288 611; x_wconf 76' lang='lat' dir='ltr'><strong>videbatur</strong></span> <span class='ocrx_word' id='word_1_31' title='bbox 1314 554 1530 609; x_wconf 80' lang='lat' dir='ltr'><strong>extendi</strong></span> 
     </span>
    </p>
   </div>
   <div class='ocr_carea' id='block_1_5' title="bbox 755 639 2261 717">
    <p class='ocr_par' dir='ltr' id='par_1_5' title="bbox 755 639 2261 717">
     <span class='ocr_line' id='line_1_5' title="bbox 755 639 2261 717; baseline -0.007 -14"><span class='ocrx_word' id='word_1_32' title='bbox 755 649 999 717; x_wconf 72' lang='lat' dir='ltr'><strong>Dciparaz</strong></span> <span class='ocrx_word' id='word_1_33' title='bbox 1026 657 1261 716; x_wconf 86' lang='lat' dir='ltr'><strong>acceptas</strong></span> <span class='ocrx_word' id='word_1_34' title='bbox 1310 646 1461 714; x_wconf 77' lang='lat' dir='ltr'><strong>refert</strong></span> <span class='ocrx_word' id='word_1_35' title='bbox 1512 654 1710 712; x_wconf 79' lang='lat' dir='ltr'><strong>gratias</strong></span> <span class='ocrx_word' id='word_1_36' title='bbox 1754 653 1957 694; x_wconf 88' lang='lat' dir='ltr'><strong>auctor.</strong></span> <span class='ocrx_word' id='word_1_37' title='bbox 1997 670 2065 679; x_wconf 91' lang='lat'><strong>—-</strong></span> <span class='ocrx_word' id='word_1_38' title='bbox 2095 639 2186 701; x_wconf 88' lang='lat' dir='ltr'><strong>Et,</strong></span> <span class='ocrx_word' id='word_1_39' title='bbox 2230 652 2261 691; x_wconf 86' lang='lat'><strong>0</strong></span> 
     </span>
    </p>
   </div>
   <div class='ocr_carea' id='block_1_6' title="bbox 687 730 2260 806">
    <p class='ocr_par' dir='ltr' id='par_1_6' title="bbox 687 730 2260 806">
     <span class='ocr_line' id='line_1_6' title="bbox 687 730 2260 806; baseline -0.007 -14"><span class='ocrx_word' id='word_1_40' title='bbox 687 738 871 793; x_wconf 90' lang='lat' dir='ltr'><strong>mundi</strong></span> <span class='ocrx_word' id='word_1_41' title='bbox 904 747 959 792; x_wconf 86' lang='lat' dir='ltr'><strong>et</strong></span> <span class='ocrx_word' id='word_1_42' title='bbox 984 738 1241 792; x_wconf 70' lang='lat' dir='ltr'><strong>cmlorum</strong></span> <span class='ocrx_word' id='word_1_43' title='bbox 1267 746 1386 806; x_wconf 89' lang='lat' dir='ltr'><strong>post</strong></span> <span class='ocrx_word' id='word_1_44' title='bbox 1409 736 1625 790; x_wconf 89' lang='lat' dir='ltr'><strong>unicum</strong></span> <span class='ocrx_word' id='word_1_45' title='bbox 1654 743 1802 787; x_wconf 91' lang='lat' dir='ltr'><strong>tuum</strong></span> <span class='ocrx_word' id='word_1_46' title='bbox 1828 730 2072 795; x_wconf 88' lang='lat' dir='ltr'><strong>Domina,</strong></span> <span class='ocrx_word' id='word_1_47' title='bbox 2101 744 2260 797; x_wconf 91' lang='lat' dir='ltr'><strong>quam</strong></span> 
     </span>
    </p>
   </div>
   <div class='ocr_carea' id='block_1_7' title="bbox 686 818 2256 894">
    <p class='ocr_par' dir='ltr' id='par_1_7' title="bbox 686 818 2256 894">
     <span class='ocr_line' id='line_1_7' title="bbox 686 818 2256 894; baseline -0.005 -15"><span class='ocrx_word' id='word_1_48' title='bbox 686 828 824 880; x_wconf 82' lang='lat' dir='ltr'><strong>bene</strong></span> <span class='ocrx_word' id='word_1_49' title='bbox 857 835 1167 892; x_wconf 85' lang='lat' dir='ltr'><strong>senserunt,</strong></span> <span class='ocrx_word' id='word_1_50' title='bbox 1200 826 1288 894; x_wconf 89' lang='lat' dir='ltr'><strong>qui</strong></span> <span class='ocrx_word' id='word_1_51' title='bbox 1322 839 1407 878; x_wconf 92' lang='lat' dir='ltr'><strong>me</strong></span> <span class='ocrx_word' id='word_1_52' title='bbox 1436 824 1534 879; x_wconf 85' lang='lat' dir='ltr'><strong>sub</strong></span> <span class='ocrx_word' id='word_1_53' title='bbox 1566 822 1653 875; x_wconf 90' lang='lat' dir='ltr'><strong>illa</strong></span> <span class='ocrx_word' id='word_1_54' title='bbox 1686 820 1779 876; x_wconf 84' lang='lat' dir='ltr'><strong>tibi</strong></span> <span class='ocrx_word' id='word_1_55' title='bbox 1817 818 2138 874; x_wconf 83' lang='lat' dir='ltr'><strong>necessitate</strong></span> <span class='ocrx_word' id='word_1_56' title='bbox 2164 830 2256 871; x_wconf 84' lang='lat' dir='ltr'><strong>vo-</strong></span> 
     </span>
    </p>
   </div>
   <div class='ocr_carea' id='block_1_8' title="bbox 685 907 2258 983">
    <p class='ocr_par' dir='ltr' id='par_1_8' title="bbox 685 907 2258 983">
     <span class='ocr_line' id='line_1_8' title="bbox 685 907 2258 983; baseline -0.003 -18"><span class='ocrx_word' id='word_1_57' title='bbox 685 916 910 969; x_wconf 81' lang='lat' dir='ltr'><strong>verunt!</strong></span> <span class='ocrx_word' id='word_1_58' title='bbox 939 915 1023 979; x_wconf 90' lang='lat' dir='ltr'><strong>Et,</strong></span> <span class='ocrx_word' id='word_1_59' title='bbox 1056 929 1088 968; x_wconf 92' lang='grc' dir='ltr'>ο</span> <span class='ocrx_word' id='word_1_60' title='bbox 1116 930 1275 983; x_wconf 87' lang='lat' dir='ltr'><strong>quam</strong></span> <span class='ocrx_word' id='word_1_61' title='bbox 1324 913 1515 966; x_wconf 91' lang='lat' dir='ltr'><strong>melius</strong></span> <span class='ocrx_word' id='word_1_62' title='bbox 1560 912 1674 981; x_wconf 89' lang='lat' dir='ltr'><strong>ipse</strong></span> <span class='ocrx_word' id='word_1_63' title='bbox 1720 909 2038 974; x_wconf 86' lang='lat' dir='ltr'><strong>sensissem,</strong></span> <span class='ocrx_word' id='word_1_64' title='bbox 2076 907 2118 963; x_wconf 89' lang='lat' dir='ltr'><strong>si</strong></span> <span class='ocrx_word' id='word_1_65' title='bbox 2148 922 2258 973; x_wconf 86' lang='lat' dir='ltr'><strong>cor,</strong></span> 
     </span>
    </p>
   </div>
   <div class='ocr_carea' id='block_1_9' title="bbox 683 1000 2264 1074">
    <p class='ocr_par' dir='ltr' id='par_1_9' title="bbox 683 1000 2264 1074">
     <span class='ocr_line' id='line_1_9' title="bbox 683 1000 2264 1074; baseline -0.004 -16"><span class='ocrx_word' id='word_1_66' title='bbox 683 1006 795 1074; x_wconf 90' lang='lat' dir='ltr'><strong>jam</strong></span> <span class='ocrx_word' id='word_1_67' title='bbox 828 1007 1041 1060; x_wconf 89' lang='lat' dir='ltr'><strong>adultus</strong></span> <span class='ocrx_word' id='word_1_68' title='bbox 1089 1007 1188 1059; x_wconf 87' lang='lat' dir='ltr'><strong>sub</strong></span> <span class='ocrx_word' id='word_1_69' title='bbox 1237 1004 1379 1058; x_wconf 91' lang='lat' dir='ltr'><strong>illius</strong></span> <span class='ocrx_word' id='word_1_70' title='bbox 1428 1017 1641 1072; x_wconf 86' lang='lat' dir='ltr'><strong>semper</strong></span> <span class='ocrx_word' id='word_1_71' title='bbox 1672 1001 1780 1056; x_wconf 91' lang='lat' dir='ltr'><strong>voti</strong></span> <span class='ocrx_word' id='word_1_72' title='bbox 1808 1000 2095 1065; x_wconf 79' lang='lat' dir='ltr'><strong>sententia,</strong></span> <span class='ocrx_word' id='word_1_73' title='bbox 2136 1012 2264 1053; x_wconf 86' lang='lat' dir='ltr'><strong>con-</strong></span> 
     </span>
    </p>
   </div>
   <div class='ocr_carea' id='block_1_10' title="bbox 686 1089 2265 1163">
    <p class='ocr_par' dir='ltr' id='par_1_10' title="bbox 686 1089 2265 1163">
     <span class='ocr_line' id='line_1_10' title="bbox 686 1089 2265 1163; baseline -0.006 -11"><span class='ocrx_word' id='word_1_74' title='bbox 686 1097 1042 1152; x_wconf 81' lang='lat' dir='ltr'><strong>struxissem!</strong></span> <span class='ocrx_word' id='word_1_75' title='bbox 1078 1095 1217 1149; x_wconf 84' lang='lat' dir='ltr'><strong>Ecce</strong></span> <span class='ocrx_word' id='word_1_76' title='bbox 1241 1109 1326 1148; x_wconf 91' lang='lat' dir='ltr'><strong>me</strong></span> <span class='ocrx_word' id='word_1_77' title='bbox 1353 1094 1444 1147; x_wconf 91' lang='lat' dir='ltr'><strong>tibi</strong></span> <span class='ocrx_word' id='word_1_78' title='bbox 1476 1093 1733 1163; x_wconf 90' lang='lat' dir='ltr'><strong>proﬁteor</strong></span> <span class='ocrx_word' id='word_1_79' title='bbox 1770 1092 1924 1161; x_wconf 90' lang='lat' dir='ltr'><strong>quasi</strong></span> <span class='ocrx_word' id='word_1_80' title='bbox 1957 1089 2265 1161; x_wconf 78' lang='lat' dir='ltr'><strong>specialiter</strong></span> 
     </span>
    </p>
   </div>
   <div class='ocr_carea' id='block_1_11' title="bbox 690 1180 2265 1253">
    <p class='ocr_par' dir='ltr' id='par_1_11' title="bbox 690 1180 2265 1253">
     <span class='ocr_line' id='line_1_11' title="bbox 690 1180 2265 1253; baseline -0.007 -7"><span class='ocrx_word' id='word_1_81' title='bbox 690 1192 831 1246; x_wconf 89' lang='lat' dir='ltr'><strong>dono</strong></span> <span class='ocrx_word' id='word_1_82' title='bbox 870 1190 1074 1253; x_wconf 91' lang='lat' dir='ltr'><strong>datum,</strong></span> <span class='ocrx_word' id='word_1_83' title='bbox 1108 1202 1207 1243; x_wconf 92' lang='lat' dir='ltr'><strong>nec</strong></span> <span class='ocrx_word' id='word_1_84' title='bbox 1234 1202 1263 1241; x_wconf 89' lang='lat' dir='ltr'><strong>a</strong></span> <span class='ocrx_word' id='word_1_85' title='bbox 1288 1202 1373 1241; x_wconf 91' lang='lat' dir='ltr'><strong>me</strong></span> <span class='ocrx_word' id='word_1_86' title='bbox 1409 1195 1587 1240; x_wconf 90' lang='lat' dir='ltr'><strong>tamen</strong></span> <span class='ocrx_word' id='word_1_87' title='bbox 1625 1185 1722 1240; x_wconf 86' lang='lat' dir='ltr'><strong>tibi</strong></span> <span class='ocrx_word' id='word_1_88' title='bbox 1752 1182 1979 1239; x_wconf 86' lang='lat' dir='ltr'><strong>diﬁiteor</strong></span> <span class='ocrx_word' id='word_1_89' title='bbox 2008 1180 2265 1250; x_wconf 80' lang='lat' dir='ltr'><strong>sacrilege</strong></span> 
     </span>
    </p>
   </div>
   <div class='ocr_carea' id='block_1_12' title="bbox 678 1272 2261 1351">
    <p class='ocr_par' dir='ltr' id='par_1_12' title="bbox 678 1272 2261 1351">
     <span class='ocr_line' id='line_1_12' title="bbox 678 1272 2261 1351; baseline -0.007 -14"><span class='ocrx_word' id='word_1_90' title='bbox 678 1282 913 1351; x_wconf 73' lang='lat' dir='ltr'><strong>saepius,</strong></span> <span class='ocrx_word' id='word_1_91' title='bbox 940 1296 1002 1335; x_wconf 88' lang='lat' dir='ltr'><strong>ac</strong></span> <span class='ocrx_word' id='word_1_92' title='bbox 1028 1280 1265 1334; x_wconf 87' lang='lat' dir='ltr'><strong>scienter</strong></span> <span class='ocrx_word' id='word_1_93' title='bbox 1290 1278 1545 1332; x_wconf 90' lang='lat' dir='ltr'><strong>ablatum.</strong></span> <span class='ocrx_word' id='word_1_94' title='bbox 1575 1276 1760 1331; x_wconf 86' lang='lat' dir='ltr'><strong>Nonne</strong></span> <span class='ocrx_word' id='word_1_95' title='bbox 1780 1290 1866 1329; x_wconf 92' lang='lat' dir='ltr'><strong>me</strong></span> <span class='ocrx_word' id='word_1_96' title='bbox 1898 1275 1988 1328; x_wconf 84' lang='lat' dir='ltr'><strong>tibi</strong></span> <span class='ocrx_word' id='word_1_97' title='bbox 2045 1272 2261 1338; x_wconf 81' lang='lat' dir='ltr'><strong>abstuli,</strong></span> 
     </span>
    </p>
   </div>
   <div class='ocr_carea' id='block_1_13' title="bbox 691 1362 2263 1438">
    <p class='ocr_par' dir='ltr' id='par_1_13' title="bbox 691 1362 2263 1438">
     <span class='ocr_line' id='line_1_13' title="bbox 691 1362 2263 1438; baseline -0.005 -16"><span class='ocrx_word' id='word_1_98' title='bbox 691 1369 783 1438; x_wconf 87' lang='lat' dir='ltr'><strong>qui</strong></span> <span class='ocrx_word' id='word_1_99' title='bbox 815 1369 1119 1422; x_wconf 78' lang='lat' dir='ltr'><strong>voluntates</strong></span> <span class='ocrx_word' id='word_1_100' title='bbox 1149 1367 1342 1421; x_wconf 86' lang='lat' dir='ltr'><strong>fetidas</strong></span> <span class='ocrx_word' id='word_1_101' title='bbox 1370 1376 1458 1421; x_wconf 91' lang='lat' dir='ltr'><strong>tuo</strong></span> <span class='ocrx_word' id='word_1_102' title='bbox 1487 1366 1638 1420; x_wconf 91' lang='lat' dir='ltr'><strong>odori</strong></span> <span class='ocrx_word' id='word_1_103' title='bbox 1664 1364 1870 1435; x_wconf 61' lang='lat' dir='ltr'><strong>prattuli</strong></span> <span class='ocrx_word' id='word_1_104' title='bbox 1891 1365 1912 1417; x_wconf 94' lang='lat'><strong>?</strong></span> <span class='ocrx_word' id='word_1_105' title='bbox 1937 1363 2133 1417; x_wconf 69' lang='lat' dir='ltr'><strong>Verum</strong></span> <span class='ocrx_word' id='word_1_106' title='bbox 2163 1362 2263 1417; x_wconf 90' lang='lat' dir='ltr'><strong>etsi</strong></span> 
     </span>
    </p>
   </div>
   <div class='ocr_carea' id='block_1_14' title="bbox 686 1454 2262 1518">
    <p class='ocr_par' dir='ltr' id='par_1_14' title="bbox 686 1454 2262 1518">
     <span class='ocr_line' id='line_1_14' title="bbox 686 1454 2262 1518; baseline -0.006 -5"><span class='ocrx_word' id='word_1_107' title='bbox 686 1459 965 1514; x_wconf 88' lang='lat' dir='ltr'><strong>multoties</strong></span> <span class='ocrx_word' id='word_1_108' title='bbox 994 1458 1093 1512; x_wconf 88' lang='lat' dir='ltr'><strong>hac</strong></span> <span class='ocrx_word' id='word_1_109' title='bbox 1127 1472 1211 1512; x_wconf 92' lang='lat' dir='ltr'><strong>me</strong></span> <span class='ocrx_word' id='word_1_110' title='bbox 1242 1457 1336 1511; x_wconf 89' lang='lat' dir='ltr'><strong>tibi</strong></span> <span class='ocrx_word' id='word_1_111' title='bbox 1371 1455 1559 1510; x_wconf 83' lang='lat' dir='ltr'><strong>fraude</strong></span> <span class='ocrx_word' id='word_1_112' title='bbox 1598 1455 1847 1518; x_wconf 83' lang='lat' dir='ltr'><strong>subduxi,</strong></span> <span class='ocrx_word' id='word_1_113' title='bbox 1878 1454 1944 1507; x_wconf 88' lang='lat' dir='ltr'><strong>ad</strong></span> <span class='ocrx_word' id='word_1_114' title='bbox 1986 1462 2036 1508; x_wconf 90' lang='lat' dir='ltr'><strong>te</strong></span> <span class='ocrx_word' id='word_1_115' title='bbox 2066 1461 2262 1517; x_wconf 88' lang='lat' dir='ltr'><strong>tamen,</strong></span> 
     </span>
    </p>
   </div>
   <div class='ocr_carea' id='block_1_15' title="bbox 691 1543 2266 1619">
    <p class='ocr_par' dir='ltr' id='par_1_15' title="bbox 691 1543 2266 1619">
     <span class='ocr_line' id='line_1_15' title="bbox 691 1543 2266 1619; baseline -0.007 -13"><span class='ocrx_word' id='word_1_116' title='bbox 691 1560 746 1606; x_wconf 91' lang='lat' dir='ltr'><strong>et</strong></span> <span class='ocrx_word' id='word_1_117' title='bbox 776 1565 873 1619; x_wconf 90' lang='lat' dir='ltr'><strong>per</strong></span> <span class='ocrx_word' id='word_1_118' title='bbox 896 1558 947 1605; x_wconf 90' lang='lat' dir='ltr'><strong>te</strong></span> <span class='ocrx_word' id='word_1_119' title='bbox 977 1549 1044 1604; x_wconf 92' lang='lat' dir='ltr'><strong>ad</strong></span> <span class='ocrx_word' id='word_1_120' title='bbox 1074 1549 1166 1603; x_wconf 91' lang='lat' dir='ltr'><strong>Dei</strong></span> <span class='ocrx_word' id='word_1_121' title='bbox 1194 1548 1393 1615; x_wconf 79' lang='lat' dir='ltr'><strong>Patris;</strong></span> <span class='ocrx_word' id='word_1_122' title='bbox 1422 1555 1476 1604; x_wconf 79' lang='lat' dir='ltr'><strong>‘et</strong></span> <span class='ocrx_word' id='word_1_123' title='bbox 1509 1554 1656 1603; x_wconf 71' lang='lat' dir='ltr'><strong>tuum</strong></span> <span class='ocrx_word' id='word_1_124' title='bbox 1688 1546 1904 1602; x_wconf 69' lang='lat' dir='ltr'><strong>atticum</strong></span> <span class='ocrx_word' id='word_1_125' title='bbox 1930 1544 2089 1613; x_wconf 91' lang='lat' dir='ltr'><strong>hujus</strong></span> <span class='ocrx_word' id='word_1_126' title='bbox 2118 1543 2266 1598; x_wconf 85' lang='lat' dir='ltr'><strong>obla-</strong></span> 
     </span>
    </p>
   </div>
   <div class='ocr_carea' id='block_1_16' title="bbox 686 1635 2261 1704">
    <p class='ocr_par' dir='ltr' id='par_1_16' title="bbox 686 1635 2261 1704">
     <span class='ocr_line' id='line_1_16' title="bbox 686 1635 2261 1704; baseline -0.004 -12"><span class='ocrx_word' id='word_1_127' title='bbox 686 1638 854 1692; x_wconf 78' lang='lat' dir='ltr'><strong>tionis</strong></span> <span class='ocrx_word' id='word_1_128' title='bbox 889 1637 1083 1691; x_wconf 88' lang='lat' dir='ltr'><strong>intuitu</strong></span> <span class='ocrx_word' id='word_1_129' title='bbox 1106 1636 1349 1704; x_wconf 72' lang='lat' dir='ltr'><strong>securius</strong></span> <span class='ocrx_word' id='word_1_130' title='bbox 1376 1636 1680 1699; x_wconf 86' lang='lat' dir='ltr'><strong>recucurri;</strong></span> <span class='ocrx_word' id='word_1_131' title='bbox 1716 1647 1770 1690; x_wconf 89' lang='lat' dir='ltr'><strong>et</strong></span> <span class='ocrx_word' id='word_1_132' title='bbox 1796 1650 1915 1689; x_wconf 85' lang='lat' dir='ltr'><strong>cum</strong></span> <span class='ocrx_word' id='word_1_133' title='bbox 1945 1635 2013 1688; x_wconf 91' lang='lat' dir='ltr'><strong>ob</strong></span> <span class='ocrx_word' id='word_1_134' title='bbox 2044 1640 2261 1704; x_wconf 87' lang='lat' dir='ltr'><strong>peccata</strong></span> 
     </span>
    </p>
   </div>
   <div class='ocr_carea' id='block_1_17' title="bbox 682 1726 2265 1793">
    <p class='ocr_par' dir='ltr' id='par_1_17' title="bbox 682 1726 2265 1793">
     <span class='ocr_line' id='line_1_17' title="bbox 682 1726 2265 1793; baseline -0.001 -11"><span class='ocrx_word' id='word_1_135' title='bbox 682 1728 884 1783; x_wconf 87' lang='lat' dir='ltr'><strong>millies</strong></span> <span class='ocrx_word' id='word_1_136' title='bbox 918 1727 1155 1793; x_wconf 65' lang='lat' dir='ltr'><strong>recidiva</strong></span> <span class='ocrx_word' id='word_1_137' title='bbox 1199 1730 1548 1791; x_wconf 89' lang='lat' dir='ltr'><strong>tabcsccrcm,</strong></span> <span class='ocrx_word' id='word_1_138' title='bbox 1582 1727 1844 1782; x_wconf 85' lang='lat' dir='ltr'><strong>securitas</strong></span> <span class='ocrx_word' id='word_1_139' title='bbox 1884 1726 2014 1779; x_wconf 89' lang='lat' dir='ltr'><strong>mihi</strong></span> <span class='ocrx_word' id='word_1_140' title='bbox 2059 1726 2125 1779; x_wconf 93' lang='lat' dir='ltr'><strong>de</strong></span> <span class='ocrx_word' id='word_1_141' title='bbox 2164 1726 2265 1780; x_wconf 90' lang='lat' dir='ltr'><strong>tuis</strong></span> 
     </span>
    </p>
   </div>
   <div class='ocr_carea' id='block_1_18' title="bbox 687 1792 2337 1889">
    <p class='ocr_par' dir='ltr' id='par_1_18' title="bbox 687 1792 2337 1889">
     <span class='ocr_line' id='line_1_18' title="bbox 687 1792 2337 1889; baseline -0.001 -18"><span class='ocrx_word' id='word_1_142' title='bbox 687 1820 1029 1889; x_wconf 61' lang='lat' dir='ltr'><strong>inexhaustis</strong></span> <span class='ocrx_word' id='word_1_143' title='bbox 1091 1821 1390 1875; x_wconf 85' lang='lat' dir='ltr'><strong>visceribus</strong></span> <span class='ocrx_word' id='word_1_144' title='bbox 1448 1819 1805 1881; x_wconf 90' lang='lat' dir='ltr'><strong>nascebatur,</strong></span> <span class='ocrx_word' id='word_1_145' title='bbox 1853 1817 2259 1871; x_wconf 82' lang='lat' dir='ltr'><strong>miserationum</strong></span> <span class='ocrx_word' id='word_1_146' title='bbox 2298 1792 2337 1849; x_wconf 69' lang='grc' dir='ltr'><strong>Β</strong></span> 
     </span>
    </p>
   </div>
   <div class='ocr_carea' id='block_1_19' title="bbox 687 1908 2263 1981">
    <p class='ocr_par' dir='ltr' id='par_1_19' title="bbox 687 1908 2263 1981">
     <span class='ocr_line' id='line_1_19' title="bbox 687 1908 2263 1981; baseline -0.006 -13"><span class='ocrx_word' id='word_1_147' title='bbox 687 1917 902 1968; x_wconf 74' lang='lat' dir='ltr'><strong>trrar‘um</strong></span> <span class='ocrx_word' id='word_1_148' title='bbox 944 1912 1284 1981; x_wconf 89' lang='lat' dir='ltr'><strong>antiquarum</strong></span> <span class='ocrx_word' id='word_1_149' title='bbox 1310 1908 1589 1963; x_wconf 89' lang='lat' dir='ltr'><strong>beneﬁciis</strong></span> <span class='ocrx_word' id='word_1_150' title='bbox 1620 1908 1950 1962; x_wconf 89' lang='lat' dir='ltr'><strong>adtnonebar</strong></span> <span class='ocrx_word' id='word_1_151' title='bbox 1980 1914 2039 1959; x_wconf 79' lang='grc' dir='ltr'><strong>ιιι</strong></span> <span class='ocrx_word' id='word_1_152' title='bbox 2075 1920 2263 1973; x_wconf 84' lang='lat' dir='ltr'><strong>spera-</strong></span> 
     </span>
    </p>
   </div>
   <div class='ocr_carea' id='block_1_20' title="bbox 682 1996 2266 2072">
    <p class='ocr_par' dir='ltr' id='par_1_20' title="bbox 682 1996 2266 2072">
     <span class='ocr_line' id='line_1_20' title="bbox 682 1996 2266 2072; baseline -0.005 -13"><span class='ocrx_word' id='word_1_153' title='bbox 682 2019 825 2059; x_wconf 81' lang='lat' dir='ltr'><strong>rem.</strong></span> <span class='ocrx_word' id='word_1_154' title='bbox 878 2004 984 2059; x_wconf 89' lang='lat' dir='ltr'><strong>Sed</strong></span> <span class='ocrx_word' id='word_1_155' title='bbox 1030 2001 1159 2072; x_wconf 89' lang='lat' dir='ltr'><strong>quid</strong></span> <span class='ocrx_word' id='word_1_156' title='bbox 1209 2001 1368 2067; x_wconf 90' lang='lat' dir='ltr'><strong>illttd,</strong></span> <span class='ocrx_word' id='word_1_157' title='bbox 1426 1998 1808 2069; x_wconf 85' lang='lat' dir='ltr'><strong>antiquarum?</strong></span> <span class='ocrx_word' id='word_1_158' title='bbox 1864 1996 1964 2051; x_wconf 87' lang='lat' dir='ltr'><strong>Tot</strong></span> <span class='ocrx_word' id='word_1_159' title='bbox 2012 2005 2266 2065; x_wconf 76' lang='lat' dir='ltr'><strong>expertus</strong></span> 
     </span>
    </p>
   </div>
   <div class='ocr_carea' id='block_1_21' title="bbox 687 2087 2263 2162">
    <p class='ocr_par' dir='ltr' id='par_1_21' title="bbox 687 2087 2263 2162">
     <span class='ocr_line' id='line_1_21' title="bbox 687 2087 2263 2162; baseline -0.008 -13"><span class='ocrx_word' id='word_1_160' title='bbox 687 2111 841 2160; x_wconf 91' lang='lat' dir='ltr'><strong>sum,</strong></span> <span class='ocrx_word' id='word_1_161' title='bbox 895 2102 950 2147; x_wconf 91' lang='lat' dir='ltr'><strong>et</strong></span> <span class='ocrx_word' id='word_1_162' title='bbox 996 2092 1235 2162; x_wconf 87' lang='lat' dir='ltr'><strong>quotidie</strong></span> <span class='ocrx_word' id='word_1_163' title='bbox 1284 2090 1536 2159; x_wconf 82' lang='lat' dir='ltr'><strong>experior</strong></span> <span class='ocrx_word' id='word_1_164' title='bbox 1591 2087 1995 2141; x_wconf 89' lang='lat' dir='ltr'><strong>miserationum</strong></span> <span class='ocrx_word' id='word_1_165' title='bbox 2050 2096 2263 2140; x_wconf 90' lang='lat' dir='ltr'><strong>tuarum</strong></span> 
     </span>
    </p>
   </div>
   <div class='ocr_carea' id='block_1_22' title="bbox 686 2173 2262 2246">
    <p class='ocr_par' dir='ltr' id='par_1_22' title="bbox 686 2173 2262 2246">
     <span class='ocr_line' id='line_1_22' title="bbox 686 2173 2262 2246; baseline -0.007 -8"><span class='ocrx_word' id='word_1_166' title='bbox 686 2182 1049 2246; x_wconf 85' lang='lat' dir='ltr'><strong>assiduitates,</strong></span> <span class='ocrx_word' id='word_1_167' title='bbox 1078 2188 1154 2234; x_wconf 85' lang='lat' dir='ltr'><strong>tot</strong></span> <span class='ocrx_word' id='word_1_168' title='bbox 1176 2178 1319 2233; x_wconf 84' lang='lat' dir='ltr'><strong>evasi</strong></span> <span class='ocrx_word' id='word_1_169' title='bbox 1352 2177 1617 2246; x_wconf 79' lang='lat' dir='ltr'><strong>lapsuum,</strong></span> <span class='ocrx_word' id='word_1_170' title='bbox 1651 2184 1701 2229; x_wconf 90' lang='lat' dir='ltr'><strong>te</strong></span> <span class='ocrx_word' id='word_1_171' title='bbox 1724 2175 2011 2239; x_wconf 82' lang='lat' dir='ltr'><strong>eximente,</strong></span> <span class='ocrx_word' id='word_1_172' title='bbox 2037 2173 2262 2242; x_wconf 84' lang='lat' dir='ltr'><strong>captivi-</strong></span> 
     </span>
    </p>
   </div>
   <div class='ocr_carea' id='block_1_23' title="bbox 682 2260 2262 2335">
    <p class='ocr_par' dir='ltr' id='par_1_23' title="bbox 682 2260 2262 2335">
     <span class='ocr_line' id='line_1_23' title="bbox 682 2260 2262 2335; baseline -0.01 -7"><span class='ocrx_word' id='word_1_173' title='bbox 682 2282 857 2335; x_wconf 26' lang='lat' dir='ltr'><strong>vtates,</strong></span> <span class='ocrx_word' id='word_1_174' title='bbox 905 2280 963 2323; x_wconf 92' lang='lat' dir='ltr'><strong>ut</strong></span> <span class='ocrx_word' id='word_1_175' title='bbox 992 2270 1058 2325; x_wconf 92' lang='lat' dir='ltr'><strong>de</strong></span> <span class='ocrx_word' id='word_1_176' title='bbox 1102 2268 1375 2322; x_wconf 78' lang='lat' dir='ltr'><strong>veteribus</strong></span> <span class='ocrx_word' id='word_1_177' title='bbox 1415 2265 1527 2332; x_wconf 90' lang='lat' dir='ltr'><strong>jam</strong></span> <span class='ocrx_word' id='word_1_178' title='bbox 1576 2278 1796 2333; x_wconf 85' lang='lat' dir='ltr'><strong>prorsus</strong></span> <span class='ocrx_word' id='word_1_179' title='bbox 1850 2272 2028 2315; x_wconf 86' lang='lat' dir='ltr'><strong>tacere</strong></span> <span class='ocrx_word' id='word_1_180' title='bbox 2078 2260 2262 2325; x_wconf 83' lang='lat' dir='ltr'><strong>libent,</strong></span> 
     </span>
    </p>
   </div>
   <div class='ocr_carea' id='block_1_24' title="bbox 686 2352 2265 2422">
    <p class='ocr_par' dir='ltr' id='par_1_24' title="bbox 686 2352 2265 2422">
     <span class='ocr_line' id='line_1_24' title="bbox 686 2352 2265 2422; baseline -0.009 -4"><span class='ocrx_word' id='word_1_181' title='bbox 686 2365 777 2419; x_wconf 88' lang='lat' dir='ltr'><strong>ubi</strong></span> <span class='ocrx_word' id='word_1_182' title='bbox 807 2370 955 2417; x_wconf 89' lang='lat' dir='ltr'><strong>tanta</strong></span> <span class='ocrx_word' id='word_1_183' title='bbox 987 2359 1370 2419; x_wconf 88' lang='lat' dir='ltr'><strong>liberationum</strong></span> <span class='ocrx_word' id='word_1_184' title='bbox 1396 2354 1666 2409; x_wconf 87' lang='lat' dir='ltr'><strong>aﬁluentia</strong></span> <span class='ocrx_word' id='word_1_185' title='bbox 1702 2360 1872 2422; x_wconf 84' lang='lat' dir='ltr'><strong>regat.</strong></span> <span class='ocrx_word' id='word_1_186' title='bbox 1904 2352 1967 2405; x_wconf 82' lang='lat' dir='ltr'><strong>Et</strong></span> <span class='ocrx_word' id='word_1_187' title='bbox 1994 2365 2113 2404; x_wconf 91' lang='lat' dir='ltr'><strong>cum</strong></span> <span class='ocrx_word' id='word_1_188' title='bbox 2142 2364 2265 2419; x_wconf 88' lang='lat' dir='ltr'><strong>pec-</strong></span> 
     </span>
    </p>
   </div>
   <div class='ocr_carea' id='block_1_25' title="bbox 687 2442 2264 2510">
    <p class='ocr_par' dir='ltr' id='par_1_25' title="bbox 687 2442 2264 2510">
     <span class='ocr_line' id='line_1_25' title="bbox 687 2442 2264 2510; baseline -0.011 0"><span class='ocrx_word' id='word_1_189' title='bbox 687 2464 932 2510; x_wconf 84' lang='lat' dir='ltr'><strong>catorum</strong></span> <span class='ocrx_word' id='word_1_190' title='bbox 962 2454 1274 2507; x_wconf 85' lang='lat' dir='ltr'><strong>iterationes</strong></span> <span class='ocrx_word' id='word_1_191' title='bbox 1306 2463 1500 2505; x_wconf 82' lang='lat' dir='ltr'><strong>saevam</strong></span> <span class='ocrx_word' id='word_1_192' title='bbox 1534 2445 1680 2503; x_wconf 84' lang='lat' dir='ltr'><strong>cordi</strong></span> <span class='ocrx_word' id='word_1_193' title='bbox 1714 2459 1832 2499; x_wconf 85' lang='lat' dir='ltr'><strong>meo</strong></span> <span class='ocrx_word' id='word_1_194' title='bbox 1858 2442 2264 2496; x_wconf 84' lang='lat' dir='ltr'><strong>obdurationem</strong></span> 
     </span>
    </p>
   </div>
   <div class='ocr_carea' id='block_1_26' title="bbox 686 2531 2265 2617">
    <p class='ocr_par' dir='ltr' id='par_1_26' title="bbox 686 2531 2265 2617">
     <span class='ocr_line' id='line_1_26' title="bbox 686 2531 2265 2617; baseline -0.009 -17"><span class='ocrx_word' id='word_1_195' title='bbox 686 2546 1015 2617; x_wconf 88' lang='lat' dir='ltr'><strong>parturiant,</strong></span> <span class='ocrx_word' id='word_1_196' title='bbox 1048 2544 1199 2614; x_wconf 88' lang='lat' dir='ltr'><strong>quasi</strong></span> <span class='ocrx_word' id='word_1_197' title='bbox 1238 2541 1562 2595; x_wconf 85' lang='lat' dir='ltr'><strong>naturaliter</strong></span> <span class='ocrx_word' id='word_1_198' title='bbox 1595 2539 1863 2609; x_wconf 86' lang='lat' dir='ltr'><strong>ingenitus</strong></span> <span class='ocrx_word' id='word_1_199' title='bbox 1899 2552 1985 2590; x_wconf 91' lang='lat' dir='ltr'><strong>me</strong></span> <span class='ocrx_word' id='word_1_200' title='bbox 2018 2534 2161 2589; x_wconf 86' lang='lat' dir='ltr'><strong>illico</strong></span> <span class='ocrx_word' id='word_1_201' title='bbox 2198 2531 2265 2585; x_wconf 90' lang='lat' dir='ltr'><strong>ad</strong></span> 
     </span>
    </p>
   </div>
   <div class='ocr_carea' id='block_1_27' title="bbox 688 2625 2265 2690">
    <p class='ocr_par' dir='ltr' id='par_1_27' title="bbox 688 2625 2265 2690">
     <span class='ocr_line' id='line_1_27' title="bbox 688 2625 2265 2690; baseline -0.008 -2"><span class='ocrx_word' id='word_1_202' title='bbox 688 2646 744 2688; x_wconf 84' lang='lat' dir='ltr'><strong>te</strong></span> <span class='ocrx_word' id='word_1_203' title='bbox 781 2650 1030 2690; x_wconf 90' lang='lat' dir='ltr'><strong>recursus</strong></span> <span class='ocrx_word' id='word_1_204' title='bbox 1056 2632 1306 2687; x_wconf 88' lang='lat' dir='ltr'><strong>emollit:</strong></span> <span class='ocrx_word' id='word_1_205' title='bbox 1338 2640 1541 2685; x_wconf 90' lang='lat' dir='ltr'><strong>etcum</strong></span> <span class='ocrx_word' id='word_1_206' title='bbox 1572 2642 1636 2682; x_wconf 76' lang='lat' dir='ltr'><strong>ex</strong></span> <span class='ocrx_word' id='word_1_207' title='bbox 1686 2627 1788 2680; x_wconf 89' lang='lat' dir='ltr'><strong>mei</strong></span> <span class='ocrx_word' id='word_1_208' title='bbox 1826 2625 2069 2680; x_wconf 90' lang='lat' dir='ltr'><strong>contuitu</strong></span> <span class='ocrx_word' id='word_1_209' title='bbox 2108 2632 2164 2678; x_wconf 88' lang='lat' dir='ltr'><strong>et</strong></span> <span class='ocrx_word' id='word_1_210' title='bbox 2199 2639 2265 2677; x_wconf 81' lang='lat' dir='ltr'><strong>ex</strong></span> 
     </span>
    </p>
   </div>
   <div class='ocr_carea' id='block_1_28' title="bbox 688 2716 2267 2785">
    <p class='ocr_par' dir='ltr' id='par_1_28' title="bbox 688 2716 2267 2785">
     <span class='ocr_line' id='line_1_28' title="bbox 688 2716 2267 2785; baseline -0.008 -4"><span class='ocrx_word' id='word_1_211' title='bbox 688 2741 934 2782; x_wconf 88' lang='lat' dir='ltr'><strong>mearum</strong></span> <span class='ocrx_word' id='word_1_212' title='bbox 978 2722 1409 2779; x_wconf 79' lang='lat' dir='ltr'><strong>consideratione</strong></span> <span class='ocrx_word' id='word_1_213' title='bbox 1468 2733 1831 2774; x_wconf 68' lang='lat' dir='ltr'><strong>aerumnarum</strong></span> <span class='ocrx_word' id='word_1_214' title='bbox 1885 2730 2021 2785; x_wconf 88' lang='lat' dir='ltr'><strong>pene</strong></span> <span class='ocrx_word' id='word_1_215' title='bbox 2079 2716 2267 2785; x_wconf 90' lang='lat' dir='ltr'><strong>despe-</strong></span> 
     </span>
    </p>
   </div>
   <div class='ocr_carea' id='block_1_29' title="bbox 690 2807 2265 2883">
    <p class='ocr_par' dir='ltr' id='par_1_29' title="bbox 690 2807 2265 2883">
     <span class='ocr_line' id='line_1_29' title="bbox 690 2807 2265 2883; baseline -0.008 -11"><span class='ocrx_word' id='word_1_216' title='bbox 690 2817 861 2872; x_wconf 90' lang='lat' dir='ltr'><strong>rando</strong></span> <span class='ocrx_word' id='word_1_217' title='bbox 908 2815 1172 2878; x_wconf 89' lang='lat' dir='ltr'><strong>deﬁciam,</strong></span> <span class='ocrx_word' id='word_1_218' title='bbox 1226 2813 1379 2883; x_wconf 88' lang='lat' dir='ltr'><strong>quasi</strong></span> <span class='ocrx_word' id='word_1_219' title='bbox 1424 2811 1584 2865; x_wconf 85' lang='lat' dir='ltr'><strong>velim</strong></span> <span class='ocrx_word' id='word_1_220' title='bbox 1631 2808 1794 2864; x_wconf 90' lang='lat' dir='ltr'><strong>nolim</strong></span> <span class='ocrx_word' id='word_1_221' title='bbox 1840 2807 2044 2862; x_wconf 89' lang='lat' dir='ltr'><strong>innasci</strong></span> <span class='ocrx_word' id='word_1_222' title='bbox 2094 2808 2265 2862; x_wconf 86' lang='lat' dir='ltr'><strong>sentio</strong></span> 
     </span>
    </p>
   </div>
   <div class='ocr_carea' id='block_1_30' title="bbox 691 2898 2264 2971">
    <p class='ocr_par' dir='ltr' id='par_1_30' title="bbox 691 2898 2264 2971">
     <span class='ocr_line' id='line_1_30' title="bbox 691 2898 2264 2971; baseline -0.008 -8"><span class='ocrx_word' id='word_1_223' title='bbox 691 2910 885 2964; x_wconf 86' lang='lat' dir='ltr'><strong>animae</strong></span> <span class='ocrx_word' id='word_1_224' title='bbox 931 2908 1139 2962; x_wconf 70' lang='lat' dir='ltr'><strong>miserae</strong></span> <span class='ocrx_word' id='word_1_225' title='bbox 1167 2906 1233 2959; x_wconf 90' lang='lat' dir='ltr'><strong>ad</strong></span> <span class='ocrx_word' id='word_1_226' title='bbox 1275 2913 1325 2958; x_wconf 87' lang='lat' dir='ltr'><strong>te</strong></span> <span class='ocrx_word' id='word_1_227' title='bbox 1354 2901 1652 2971; x_wconf 89' lang='lat' dir='ltr'><strong>respirandi</strong></span> <span class='ocrx_word' id='word_1_228' title='bbox 1685 2899 1961 2955; x_wconf 88' lang='lat' dir='ltr'><strong>ﬁduciam.</strong></span> <span class='ocrx_word' id='word_1_229' title='bbox 1990 2898 2082 2953; x_wconf 89' lang='lat' dir='ltr'><strong>Sic</strong></span> <span class='ocrx_word' id='word_1_230' title='bbox 2121 2898 2264 2952; x_wconf 91' lang='lat' dir='ltr'><strong>enim</strong></span> 
     </span>
    </p>
   </div>
   <div class='ocr_carea' id='block_1_31' title="bbox 690 2989 2267 3070">
    <p class='ocr_par' dir='ltr' id='par_1_31' title="bbox 690 2989 2267 3070">
     <span class='ocr_line' id='line_1_31' title="bbox 690 2989 2267 3070; baseline -0.009 -14"><span class='ocrx_word' id='word_1_231' title='bbox 690 3001 904 3070; x_wconf 85' lang='lat' dir='ltr'><strong>adjaeet</strong></span> <span class='ocrx_word' id='word_1_232' title='bbox 936 2998 1251 3069; x_wconf 81' lang='lat' dir='ltr'><strong>Cogitationi</strong></span> <span class='ocrx_word' id='word_1_233' title='bbox 1295 3010 1448 3061; x_wconf 72' lang='lat' dir='ltr'><strong>mete,</strong></span> <span class='ocrx_word' id='word_1_234' title='bbox 1478 3004 1535 3049; x_wconf 88' lang='lat' dir='ltr'><strong>ut</strong></span> <span class='ocrx_word' id='word_1_235' title='bbox 1562 2994 1971 3065; x_wconf 89' lang='lat' dir='ltr'><strong>quibuscunque</strong></span> <span class='ocrx_word' id='word_1_236' title='bbox 2008 2989 2162 3045; x_wconf 88' lang='lat' dir='ltr'><strong>malis</strong></span> <span class='ocrx_word' id='word_1_237' title='bbox 2187 2991 2267 3043; x_wconf 86' lang='lat' dir='ltr'><strong>in-</strong></span> 
     </span>
    </p>
   </div>
   <div class='ocr_carea' id='block_1_32' title="bbox 690 3083 2264 3157">
    <p class='ocr_par' dir='ltr' id='par_1_32' title="bbox 690 3083 2264 3157">
     <span class='ocr_line' id='line_1_32' title="bbox 690 3083 2264 3157; baseline -0.008 -9"><span class='ocrx_word' id='word_1_238' title='bbox 690 3095 899 3157; x_wconf 85' lang='lat' dir='ltr'><strong>volvar,</strong></span> <span class='ocrx_word' id='word_1_239' title='bbox 940 3102 992 3146; x_wconf 93' lang='lat' dir='ltr'><strong>tu</strong></span> <span class='ocrx_word' id='word_1_240' title='bbox 1016 3091 1148 3145; x_wconf 91' lang='lat' dir='ltr'><strong>meis</strong></span> <span class='ocrx_word' id='word_1_241' title='bbox 1176 3088 1613 3151; x_wconf 84' lang='lat' dir='ltr'><strong>necessitatibus,</strong></span> <span class='ocrx_word' id='word_1_242' title='bbox 1643 3085 1686 3139; x_wconf 91' lang='lat' dir='ltr'><strong>si</strong></span> <span class='ocrx_word' id='word_1_243' title='bbox 1720 3084 1898 3139; x_wconf 89' lang='lat' dir='ltr'><strong>dicere</strong></span> <span class='ocrx_word' id='word_1_244' title='bbox 1921 3083 2170 3151; x_wconf 85' lang='lat' dir='ltr'><strong>audeam,</strong></span> <span class='ocrx_word' id='word_1_245' title='bbox 2199 3096 2264 3136; x_wconf 82' lang='lat' dir='ltr'><strong>ex</strong></span> 
     </span>
    </p>
   </div>
   <div class='ocr_carea' id='block_1_33' title="bbox 692 3175 2265 3250">
    <p class='ocr_par' dir='ltr' id='par_1_33' title="bbox 692 3175 2265 3250">
     <span class='ocr_line' id='line_1_33' title="bbox 692 3175 2265 3250; baseline -0.007 -10"><span class='ocrx_word' id='word_1_246' title='bbox 692 3187 874 3240; x_wconf 89' lang='lat' dir='ltr'><strong>debito</strong></span> <span class='ocrx_word' id='word_1_247' title='bbox 905 3185 1089 3238; x_wconf 90' lang='lat' dir='ltr'><strong>deesse</strong></span> <span class='ocrx_word' id='word_1_248' title='bbox 1116 3197 1220 3235; x_wconf 90' lang='lat' dir='ltr'><strong>non</strong></span> <span class='ocrx_word' id='word_1_249' title='bbox 1253 3180 1451 3250; x_wconf 86' lang='lat' dir='ltr'><strong>possis,</strong></span> <span class='ocrx_word' id='word_1_250' title='bbox 1484 3180 1535 3233; x_wconf 94' lang='lat' dir='ltr'><strong>in</strong></span> <span class='ocrx_word' id='word_1_251' title='bbox 1569 3188 1619 3232; x_wconf 93' lang='lat' dir='ltr'><strong>te</strong></span> <span class='ocrx_word' id='word_1_252' title='bbox 1653 3191 1845 3247; x_wconf 88' lang='lat' dir='ltr'><strong>nempe</strong></span> <span class='ocrx_word' id='word_1_253' title='bbox 1874 3175 2170 3246; x_wconf 84' lang='lat' dir='ltr'><strong>projectum</strong></span> <span class='ocrx_word' id='word_1_254' title='bbox 2200 3190 2265 3229; x_wconf 81' lang='lat' dir='ltr'><strong>ex</strong></span> 
     </span>
    </p>
   </div>
   <div class='ocr_carea' id='block_1_34' title="bbox 690 3267 2268 3331">
    <p class='ocr_par' dir='ltr' id='par_1_34' title="bbox 690 3267 2268 3331">
     <span class='ocr_line' id='line_1_34' title="bbox 690 3267 2268 3331; baseline -0.004 -4"><span class='ocrx_word' id='word_1_255' title='bbox 690 3284 848 3329; x_wconf 89' lang='lat' dir='ltr'><strong>utero</strong></span> <span class='ocrx_word' id='word_1_256' title='bbox 874 3274 918 3327; x_wconf 90' lang='lat' dir='ltr'><strong>si</strong></span> <span class='ocrx_word' id='word_1_257' title='bbox 950 3272 1232 3326; x_wconf 89' lang='lat' dir='ltr'><strong>adversum</strong></span> <span class='ocrx_word' id='word_1_258' title='bbox 1263 3287 1369 3325; x_wconf 91' lang='lat' dir='ltr'><strong>non</strong></span> <span class='ocrx_word' id='word_1_259' title='bbox 1403 3270 1633 3331; x_wconf 89' lang='lat' dir='ltr'><strong>revisas,</strong></span> <span class='ocrx_word' id='word_1_260' title='bbox 1664 3268 1706 3322; x_wconf 90' lang='lat' dir='ltr'><strong>si</strong></span> <span class='ocrx_word' id='word_1_261' title='bbox 1740 3282 2014 3322; x_wconf 87' lang='lat' dir='ltr'><strong>reversum</strong></span> <span class='ocrx_word' id='word_1_262' title='bbox 2047 3267 2268 3321; x_wconf 91' lang='lat' dir='ltr'><strong>minime</strong></span> 
     </span>
    </p>
   </div>
   <div class='ocr_carea' id='block_1_35' title="bbox 688 3358 2268 3436">
    <p class='ocr_par' dir='ltr' id='par_1_35' title="bbox 688 3358 2268 3436">
     <span class='ocr_line' id='line_1_35' title="bbox 688 3358 2268 3436; baseline -0.008 -13"><span class='ocrx_word' id='word_1_263' title='bbox 688 3366 946 3436; x_wconf 78' lang='lat' dir='ltr'><strong>recipias,</strong></span> <span class='ocrx_word' id='word_1_264' title='bbox 977 3363 1293 3435; x_wconf 83' lang='lat' dir='ltr'><strong>perditionis</strong></span> <span class='ocrx_word' id='word_1_265' title='bbox 1323 3377 1455 3417; x_wconf 74' lang='lat' dir='ltr'><strong>mea:</strong></span> <span class='ocrx_word' id='word_1_266' title='bbox 1489 3360 1663 3428; x_wconf 87' lang='lat' dir='ltr'><strong>justas</strong></span> <span class='ocrx_word' id='word_1_267' title='bbox 1690 3362 1741 3413; x_wconf 95' lang='lat' dir='ltr'><strong>in</strong></span> <span class='ocrx_word' id='word_1_268' title='bbox 1788 3368 1839 3414; x_wconf 90' lang='lat' dir='ltr'><strong>te</strong></span> <span class='ocrx_word' id='word_1_269' title='bbox 1867 3361 2051 3428; x_wconf 87' lang='lat' dir='ltr'><strong>utique</strong></span> <span class='ocrx_word' id='word_1_270' title='bbox 2086 3358 2268 3414; x_wconf 86' lang='lat' dir='ltr'><strong>confe-</strong></span> 
     </span>
    </p>
   </div>
   <div class='ocr_carea' id='block_1_36' title="bbox 691 3449 2267 3522">
    <p class='ocr_par' dir='ltr' id='par_1_36' title="bbox 691 3449 2267 3522">
     <span class='ocr_line' id='line_1_36' title="bbox 691 3449 2267 3522; baseline -0.006 -9"><span class='ocrx_word' id='word_1_271' title='bbox 691 3471 812 3513; x_wconf 83' lang='lat' dir='ltr'><strong>ram</strong></span> <span class='ocrx_word' id='word_1_272' title='bbox 852 3470 1060 3510; x_wconf 86' lang='lat' dir='ltr'><strong>causas.</strong></span> <span class='ocrx_word' id='word_1_273' title='bbox 1111 3453 1275 3508; x_wconf 86' lang='lat' dir='ltr'><strong>Plane</strong></span> <span class='ocrx_word' id='word_1_274' title='bbox 1320 3452 1444 3522; x_wconf 87' lang='lat' dir='ltr'><strong>quia</strong></span> <span class='ocrx_word' id='word_1_275' title='bbox 1497 3452 1589 3505; x_wconf 89' lang='lat' dir='ltr'><strong>tibi</strong></span> <span class='ocrx_word' id='word_1_276' title='bbox 1642 3450 1824 3505; x_wconf 87' lang='lat' dir='ltr'><strong>subest</strong></span> <span class='ocrx_word' id='word_1_277' title='bbox 1870 3466 1991 3504; x_wconf 90' lang='lat' dir='ltr'><strong>cum</strong></span> <span class='ocrx_word' id='word_1_278' title='bbox 2038 3449 2267 3504; x_wconf 89' lang='lat' dir='ltr'><strong>volneris</strong></span> 
     </span>
    </p>
   </div>
   <div class='ocr_carea' id='block_1_37' title="bbox 688 3540 2268 3617">
    <p class='ocr_par' dir='ltr' id='par_1_37' title="bbox 688 3540 2268 3617">
     <span class='ocr_line' id='line_1_37' title="bbox 688 3540 2268 3617; baseline -0.004 -16"><span class='ocrx_word' id='word_1_279' title='bbox 688 3561 875 3617; x_wconf 79' lang='lat' dir='ltr'><strong>posse,</strong></span> <span class='ocrx_word' id='word_1_280' title='bbox 905 3554 958 3599; x_wconf 92' lang='lat' dir='ltr'><strong>et</strong></span> <span class='ocrx_word' id='word_1_281' title='bbox 984 3544 1104 3598; x_wconf 87' lang='lat' dir='ltr'><strong>Filii</strong></span> <span class='ocrx_word' id='word_1_282' title='bbox 1142 3552 1382 3613; x_wconf 84' lang='lat' dir='ltr'><strong>potestas</strong></span> <span class='ocrx_word' id='word_1_283' title='bbox 1418 3543 1472 3596; x_wconf 91' lang='lat' dir='ltr'><strong>in</strong></span> <span class='ocrx_word' id='word_1_284' title='bbox 1504 3550 1733 3595; x_wconf 90' lang='lat' dir='ltr'><strong>matrem</strong></span> <span class='ocrx_word' id='word_1_285' title='bbox 1765 3540 2062 3594; x_wconf 81' lang='lat' dir='ltr'><strong>redundare</strong></span> <span class='ocrx_word' id='word_1_286' title='bbox 2086 3540 2268 3609; x_wconf 88' lang='lat' dir='ltr'><strong>digno-</strong></span> 
     </span>
    </p>
   </div>
   <div class='ocr_carea' id='block_1_38' title="bbox 692 3631 2267 3705">
    <p class='ocr_par' dir='ltr' id='par_1_38' title="bbox 692 3631 2267 3705">
     <span class='ocr_line' id='line_1_38' title="bbox 692 3631 2267 3705; baseline -0.006 -12"><span class='ocrx_word' id='word_1_287' title='bbox 692 3638 893 3704; x_wconf 83' lang='lat' dir='ltr'><strong>scitur,</strong></span> <span class='ocrx_word' id='word_1_288' title='bbox 927 3652 956 3689; x_wconf 87' lang='lat' dir='ltr'><strong>a</strong></span> <span class='ocrx_word' id='word_1_289' title='bbox 1000 3650 1107 3705; x_wconf 89' lang='lat' dir='ltr'><strong>quo</strong></span> <span class='ocrx_word' id='word_1_290' title='bbox 1157 3635 1334 3705; x_wconf 89' lang='lat' dir='ltr'><strong>potius</strong></span> <span class='ocrx_word' id='word_1_291' title='bbox 1373 3633 1475 3687; x_wconf 91' lang='lat' dir='ltr'><strong>mei</strong></span> <span class='ocrx_word' id='word_1_292' title='bbox 1523 3632 1750 3688; x_wconf 86' lang='lat' dir='ltr'><strong>salutem</strong></span> <span class='ocrx_word' id='word_1_293' title='bbox 1795 3631 2010 3701; x_wconf 76' lang='lat' dir='ltr'><strong>exigere</strong></span> <span class='ocrx_word' id='word_1_294' title='bbox 2057 3641 2267 3702; x_wconf 88' lang='lat' dir='ltr'><strong>potero,</strong></span> 
     </span>
    </p>
   </div>
   <div class='ocr_carea' id='block_1_39' title="bbox 695 3724 2270 3797">
    <p class='ocr_par' dir='ltr' id='par_1_39' title="bbox 695 3724 2270 3797">
     <span class='ocr_line' id='line_1_39' title="bbox 695 3724 2270 3797; baseline -0.003 -15"><span class='ocrx_word' id='word_1_295' title='bbox 695 3744 857 3797; x_wconf 86' lang='lat' dir='ltr'><strong>quam</strong></span> <span class='ocrx_word' id='word_1_296' title='bbox 900 3743 933 3781; x_wconf 90' lang='lat' dir='ltr'><strong>a</strong></span> <span class='ocrx_word' id='word_1_297' title='bbox 966 3736 1047 3791; x_wconf 92' lang='lat' dir='ltr'><strong>te,</strong></span> <span class='ocrx_word' id='word_1_298' title='bbox 1079 3725 1196 3791; x_wconf 89' lang='lat' dir='ltr'><strong>cui,</strong></span> <span class='ocrx_word' id='word_1_299' title='bbox 1225 3734 1283 3778; x_wconf 89' lang='lat' dir='ltr'><strong>ut</strong></span> <span class='ocrx_word' id='word_1_300' title='bbox 1325 3724 1403 3778; x_wconf 93' lang='lat' dir='ltr'><strong>sie</strong></span> <span class='ocrx_word' id='word_1_301' title='bbox 1450 3724 1660 3788; x_wconf 90' lang='lat' dir='ltr'><strong>dicam,</strong></span> <span class='ocrx_word' id='word_1_302' title='bbox 1704 3732 1948 3793; x_wconf 66' lang='lat' dir='ltr'><strong>cognatae</strong></span> <span class='ocrx_word' id='word_1_303' title='bbox 1995 3724 2270 3778; x_wconf 89' lang='lat' dir='ltr'><strong>servitutis</strong></span> 
     </span>
    </p>
   </div>
   <div class='ocr_carea' id='block_1_40' title="bbox 695 3813 2266 3884">
    <p class='ocr_par' dir='ltr' id='par_1_40' title="bbox 695 3813 2266 3884">
     <span class='ocr_line' id='line_1_40' title="bbox 695 3813 2266 3884; baseline -0.004 -10"><span class='ocrx_word' id='word_1_304' title='bbox 695 3819 1003 3874; x_wconf 90' lang='lat' dir='ltr'><strong>conditione</strong></span> <span class='ocrx_word' id='word_1_305' title='bbox 1047 3814 1377 3872; x_wconf 88' lang='lat' dir='ltr'><strong>conclamem</strong></span> <span class='ocrx_word' id='word_1_306' title='bbox 1412 3833 1423 3867; x_wconf 75' lang='grc' dir='ltr'>ε</span> <span class='ocrx_word' id='word_1_307' title='bbox 1463 3833 1482 3865; x_wconf 84' lang='grc'><strong>‹</strong></span> <span class='ocrx_word' id='word_1_308' title='bbox 1511 3813 1658 3868; x_wconf 88' lang='lat' dir='ltr'><strong>Tuus</strong></span> <span class='ocrx_word' id='word_1_309' title='bbox 1696 3829 1812 3868; x_wconf 88' lang='lat' dir='ltr'><strong>sum</strong></span> <span class='ocrx_word' id='word_1_310' title='bbox 1847 3814 1980 3884; x_wconf 88' lang='lat' dir='ltr'><strong>ego?</strong></span> <span class='ocrx_word' id='word_1_311' title='bbox 2015 3835 2032 3865; x_wconf 71' lang='grc' dir='ltr'>ι</span> <span class='ocrx_word' id='word_1_312' title='bbox 2077 3814 2266 3883; x_wconf 84' lang='lat' dir='ltr'><strong>(Psal.</strong></span> 
     </span>
    </p>
   </div>
   <div class='ocr_carea' id='block_1_41' title="bbox 696 3905 2272 3978">
    <p class='ocr_par' dir='ltr' id='par_1_41' title="bbox 696 3905 2272 3978">
     <span class='ocr_line' id='line_1_41' title="bbox 696 3905 2272 3978; baseline -0.003 -14"><span class='ocrx_word' id='word_1_313' title='bbox 696 3925 881 3974; x_wconf 79' lang='lat' dir='ltr'><strong>cxvm,</strong></span> <span class='ocrx_word' id='word_1_314' title='bbox 927 3910 1039 3978; x_wconf 71' lang='grc'>94.)</span> <span class='ocrx_word' id='word_1_315' title='bbox 1095 3908 1201 3962; x_wconf 88' lang='lat' dir='ltr'><strong>Sed</strong></span> <span class='ocrx_word' id='word_1_316' title='bbox 1238 3908 1302 3961; x_wconf 89' lang='lat' dir='ltr'><strong>de</strong></span> <span class='ocrx_word' id='word_1_317' title='bbox 1345 3906 1430 3960; x_wconf 91' lang='lat' dir='ltr'><strong>bis</strong></span> <span class='ocrx_word' id='word_1_318' title='bbox 1466 3905 1599 3960; x_wconf 91' lang='lat' dir='ltr'><strong>alias</strong></span> <span class='ocrx_word' id='word_1_319' title='bbox 1630 3920 1795 3974; x_wconf 86' lang='lat' dir='ltr'><strong>quam</strong></span> <span class='ocrx_word' id='word_1_320' title='bbox 1838 3905 2072 3958; x_wconf 88' lang='lat' dir='ltr'><strong>libenter</strong></span> <span class='ocrx_word' id='word_1_321' title='bbox 2108 3906 2272 3961; x_wconf 84' lang='lat' dir='ltr'><strong>ratio-</strong></span> 
     </span>
    </p>
   </div>
   <div class='ocr_carea' id='block_1_42' title="bbox 696 3996 1756 4065">
    <p class='ocr_par' dir='ltr' id='par_1_42' title="bbox 696 3996 1756 4065">
     <span class='ocr_line' id='line_1_42' title="bbox 696 3996 1756 4065; baseline -0.009 -10"><span class='ocrx_word' id='word_1_322' title='bbox 696 3999 921 4055; x_wconf 87' lang='lat' dir='ltr'><strong>cinabor</strong></span> <span class='ocrx_word' id='word_1_323' title='bbox 948 4007 1156 4062; x_wconf 90' lang='lat' dir='ltr'><strong>tecum;</strong></span> <span class='ocrx_word' id='word_1_324' title='bbox 1185 4006 1379 4051; x_wconf 58' lang='lat' dir='ltr'><strong>caetera</strong></span> <span class='ocrx_word' id='word_1_325' title='bbox 1411 3996 1756 4065; x_wconf 83' lang='lat' dir='ltr'><strong>attingamus.</strong></span> 
     </span>
    </p>
   </div>
   <div class='ocr_carea' id='block_1_43' title="bbox 1307 4086 1661 4143">
    <p class='ocr_par' dir='ltr' id='par_1_43' title="bbox 1307 4086 1661 4143">
     <span class='ocr_line' id='line_1_43' title="bbox 1307 4086 1661 4143; baseline -0.006 -1"><span class='ocrx_word' id='word_1_326' title='bbox 1307 4086 1535 4143; x_wconf 86' lang='lat' dir='ltr'><strong>CAPUT</strong></span> <span class='ocrx_word' id='word_1_327' title='bbox 1572 4086 1661 4140; x_wconf 89' lang='lat' dir='ltr'><strong>IV.</strong></span> 
     </span>
    </p>
   </div>
   <div class='ocr_carea' id='block_1_44' title="bbox 768 4178 2269 4251">
    <p class='ocr_par' dir='ltr' id='par_1_44' title="bbox 768 4178 2269 4251">
     <span class='ocr_line' id='line_1_44' title="bbox 768 4178 2269 4251; baseline -0.001 -15"><span class='ocrx_word' id='word_1_328' title='bbox 768 4183 957 4251; x_wconf 80' lang='lat' dir='ltr'><strong>Infans</strong></span> <span class='ocrx_word' id='word_1_329' title='bbox 986 4191 1134 4251; x_wconf 79' lang='lat' dir='ltr'><strong>patre</strong></span> <span class='ocrx_word' id='word_1_330' title='bbox 1166 4180 1399 4233; x_wconf 85' lang='lat' dir='ltr'><strong>orbatur.</strong></span> <span class='ocrx_word' id='word_1_331' title='bbox 1440 4178 1544 4243; x_wconf 80' lang='lat' dir='ltr'><strong>Qui</strong></span> <span class='ocrx_word' id='word_1_332' title='bbox 1567 4180 1610 4232; x_wconf 90' lang='lat' dir='ltr'><strong>si</strong></span> <span class='ocrx_word' id='word_1_333' title='bbox 1644 4179 1840 4232; x_wconf 84' lang='lat' dir='ltr'><strong>diutius</strong></span> <span class='ocrx_word' id='word_1_334' title='bbox 1869 4180 2095 4245; x_wconf 77' lang='lat' dir='ltr'><strong>vixisset,</strong></span> <span class='ocrx_word' id='word_1_335' title='bbox 2129 4180 2269 4235; x_wconf 84' lang='lat' dir='ltr'><strong>illius</strong></span> 
     </span>
    </p>
   </div>
   <div class='ocr_carea' id='block_1_45' title="bbox 696 4267 2272 4340">
    <p class='ocr_par' dir='ltr' id='par_1_45' title="bbox 696 4267 2272 4340">
     <span class='ocr_line' id='line_1_45' title="bbox 696 4267 2272 4340; baseline -0.001 -12"><span class='ocrx_word' id='word_1_336' title='bbox 696 4273 853 4328; x_wconf 87' lang='lat' dir='ltr'><strong>saluti</strong></span> <span class='ocrx_word' id='word_1_337' title='bbox 885 4272 1027 4327; x_wconf 87' lang='lat' dir='ltr'><strong>haud</strong></span> <span class='ocrx_word' id='word_1_338' title='bbox 1057 4272 1211 4324; x_wconf 86' lang='lat' dir='ltr'><strong>dubie</strong></span> <span class='ocrx_word' id='word_1_339' title='bbox 1262 4269 1541 4323; x_wconf 83' lang='lat' dir='ltr'><strong>nocuisset.</strong></span> <span class='ocrx_word' id='word_1_340' title='bbox 1567 4298 1637 4308; x_wconf 91' lang='lat'><strong>-—</strong></span> <span class='ocrx_word' id='word_1_341' title='bbox 1666 4267 1833 4323; x_wconf 76' lang='lat' dir='ltr'><strong>Natus</strong></span> <span class='ocrx_word' id='word_1_342' title='bbox 1881 4270 2043 4340; x_wconf 84' lang='lat' dir='ltr'><strong>igitur</strong></span> <span class='ocrx_word' id='word_1_343' title='bbox 2072 4272 2158 4325; x_wconf 80' lang='lat' dir='ltr'><strong>vix</strong></span> <span class='ocrx_word' id='word_1_344' title='bbox 2190 4272 2272 4327; x_wconf 84' lang='lat' dir='ltr'><strong>di-</strong></span> 
     </span>
    </p>
   </div>
   <div class='ocr_carea' id='block_1_46' title="bbox 695 4358 2271 4431">
    <p class='ocr_par' dir='ltr' id='par_1_46' title="bbox 695 4358 2271 4431">
     <span class='ocr_line' id='line_1_46' title="bbox 695 4358 2271 4431; baseline -0.002 -12"><span class='ocrx_word' id='word_1_345' title='bbox 695 4365 937 4419; x_wconf 87' lang='lat' dir='ltr'><strong>diceram</strong></span> <span class='ocrx_word' id='word_1_346' title='bbox 965 4363 1150 4419; x_wconf 88' lang='lat' dir='ltr'><strong>fovere</strong></span> <span class='ocrx_word' id='word_1_347' title='bbox 1181 4358 1495 4429; x_wconf 87' lang='lat' dir='ltr'><strong>crepundia,</strong></span> <span class='ocrx_word' id='word_1_348' title='bbox 1529 4372 1650 4414; x_wconf 88' lang='lat' dir='ltr'><strong>cum</strong></span> <span class='ocrx_word' id='word_1_349' title='bbox 1680 4366 1734 4414; x_wconf 91' lang='lat' dir='ltr'><strong>tu</strong></span> <span class='ocrx_word' id='word_1_350' title='bbox 1754 4398 1768 4423; x_wconf 88' lang='lat'><strong>,</strong></span> <span class='ocrx_word' id='word_1_351' title='bbox 1798 4358 1886 4427; x_wconf 90' lang='lat' dir='ltr'><strong>pie</strong></span> <span class='ocrx_word' id='word_1_352' title='bbox 1910 4358 2152 4428; x_wconf 91' lang='lat' dir='ltr'><strong>Domine,</strong></span> <span class='ocrx_word' id='word_1_353' title='bbox 2180 4363 2271 4431; x_wconf 91' lang='lat' dir='ltr'><strong>qui</strong></span> 
     </span>
    </p>
   </div>
   <div class='ocr_carea' id='block_1_47' title="bbox 2364 542 3801 619">
    <p class='ocr_par' dir='ltr' id='par_1_47' title="bbox 2364 542 3801 619">
     <span class='ocr_line' id='line_1_47' title="bbox 2364 542 3801 619; baseline 0.003 -21"><span class='ocrx_word' id='word_1_354' title='bbox 2364 544 2600 598; x_wconf 88' lang='lat' dir='ltr'><strong>Tandem</strong></span> <span class='ocrx_word' id='word_1_355' title='bbox 2632 542 2830 598; x_wconf 76' lang='lat' dir='ltr'><strong>schola:</strong></span> <span class='ocrx_word' id='word_1_356' title='bbox 2859 557 2946 596; x_wconf 93' lang='lat' dir='ltr'><strong>me</strong></span> <span class='ocrx_word' id='word_1_357' title='bbox 2992 542 3253 596; x_wconf 88' lang='lat' dir='ltr'><strong>traditura</strong></span> <span class='ocrx_word' id='word_1_358' title='bbox 3299 542 3430 596; x_wconf 87' lang='lat' dir='ltr'><strong>diem</strong></span> <span class='ocrx_word' id='word_1_359' title='bbox 3459 543 3513 597; x_wconf 88' lang='lat' dir='ltr'><strong>B.</strong></span> <span class='ocrx_word' id='word_1_360' title='bbox 3551 546 3730 619; x_wconf 63' lang='lat' dir='ltr'><strong>Gregorii</strong></span> <span class='ocrx_word' id='word_1_361' title='bbox 3758 559 3801 608; x_wconf 61' lang='lat' dir='ltr'><strong>te.</strong></span> 
     </span>
    </p>
   </div>
   <div class='ocr_carea' id='block_1_48' title="bbox 2363 630 3799 711">
    <p class='ocr_par' dir='ltr' id='par_1_48' title="bbox 2363 630 3799 711">
     <span class='ocr_line' id='line_1_48' title="bbox 2363 630 3799 711; baseline 0.01 -24"><span class='ocrx_word' id='word_1_362' title='bbox 2363 634 2617 687; x_wconf 85' lang='lat' dir='ltr'><strong>stivitatis</strong></span> <span class='ocrx_word' id='word_1_363' title='bbox 2644 632 2823 703; x_wconf 88' lang='lat' dir='ltr'><strong>elegit.</strong></span> <span class='ocrx_word' id='word_1_364' title='bbox 2855 632 3117 686; x_wconf 88' lang='lat' dir='ltr'><strong>Audierat</strong></span> <span class='ocrx_word' id='word_1_365' title='bbox 3152 630 3425 702; x_wconf 70' lang='lat' dir='ltr'><strong>prtcfatum</strong></span> <span class='ocrx_word' id='word_1_366' title='bbox 3453 643 3581 691; x_wconf 87' lang='lat' dir='ltr'><strong>tuum</strong></span> <span class='ocrx_word' id='word_1_367' title='bbox 3615 639 3799 711; x_wconf 79' lang='lat' dir='ltr'><strong>fatuttlnm,</strong></span> 
     </span>
    </p>
   </div>
   <div class='ocr_carea' id='block_1_49' title="bbox 2364 722 3802 792">
    <p class='ocr_par' dir='ltr' id='par_1_49' title="bbox 2364 722 3802 792">
     <span class='ocr_line' id='line_1_49' title="bbox 2364 722 3802 792; baseline 0.009 -14"><span class='ocrx_word' id='word_1_368' title='bbox 2364 723 2609 788; x_wconf 91' lang='lat' dir='ltr'><strong>Domine,</strong></span> <span class='ocrx_word' id='word_1_369' title='bbox 2637 722 2867 776; x_wconf 80' lang='lat' dir='ltr'><strong>mirabili</strong></span> <span class='ocrx_word' id='word_1_370' title='bbox 2901 724 3349 792; x_wconf 88' lang='lat' dir='ltr'><strong>superemieuisse</strong></span> <span class='ocrx_word' id='word_1_371' title='bbox 3376 738 3539 791; x_wconf 88' lang='lat' dir='ltr'><strong>sensu,</strong></span> <span class='ocrx_word' id='word_1_372' title='bbox 3577 731 3730 786; x_wconf 82' lang='lat' dir='ltr'><strong>inﬁnita</strong></span> <span class='ocrx_word' id='word_1_373' title='bbox 3750 737 3802 791; x_wconf 67' lang='lat' dir='ltr'><strong>in.</strong></span> 
     </span>
    </p>
   </div>
   <div class='ocr_carea' id='block_1_50' title="bbox 2364 814 3801 889">
    <p class='ocr_par' dir='ltr' id='par_1_50' title="bbox 2364 814 3801 889">
     <span class='ocr_line' id='line_1_50' title="bbox 2364 814 3801 889; baseline 0.002 -22"><span class='ocrx_word' id='word_1_374' title='bbox 2364 815 2539 869; x_wconf 90' lang='lat' dir='ltr'><strong>ruisse</strong></span> <span class='ocrx_word' id='word_1_375' title='bbox 2576 814 2870 883; x_wconf 88' lang='lat' dir='ltr'><strong>sapientia;</strong></span> <span class='ocrx_word' id='word_1_376' title='bbox 2896 822 2950 868; x_wconf 88' lang='lat' dir='ltr'><strong>et</strong></span> <span class='ocrx_word' id='word_1_377' title='bbox 2978 814 3095 868; x_wconf 90' lang='lat' dir='ltr'><strong>ideo</strong></span> <span class='ocrx_word' id='word_1_378' title='bbox 3127 814 3295 867; x_wconf 89' lang='lat' dir='ltr'><strong>multa</strong></span> <span class='ocrx_word' id='word_1_379' title='bbox 3326 814 3713 889; x_wconf 76' lang='lat' dir='ltr'><strong>elcemosynarum</strong></span> <span class='ocrx_word' id='word_1_380' title='bbox 3729 843 3801 881; x_wconf 60' lang='lat' dir='ltr'><strong>om.</strong></span> 
     </span>
    </p>
   </div>
   <div class='ocr_carea' id='block_1_51' title="bbox 2363 904 3804 974">
    <p class='ocr_par' dir='ltr' id='par_1_51' title="bbox 2363 904 3804 974">
     <span class='ocr_line' id='line_1_51' title="bbox 2363 904 3804 974; baseline 0.008 -18"><span class='ocrx_word' id='word_1_381' title='bbox 2363 904 2510 972; x_wconf 86' lang='lat' dir='ltr'><strong>gerie</strong></span> <span class='ocrx_word' id='word_1_382' title='bbox 2535 904 2863 958; x_wconf 85' lang='lat' dir='ltr'><strong>confessoris</strong></span> <span class='ocrx_word' id='word_1_383' title='bbox 2894 904 2968 958; x_wconf 93' lang='lat' dir='ltr'><strong>tui</strong></span> <span class='ocrx_word' id='word_1_384' title='bbox 3012 904 3249 958; x_wconf 87' lang='lat' dir='ltr'><strong>instabat</strong></span> <span class='ocrx_word' id='word_1_385' title='bbox 3277 907 3465 974; x_wconf 67' lang='lat' dir='ltr'><strong>saepius</strong></span> <span class='ocrx_word' id='word_1_386' title='bbox 3490 911 3718 968; x_wconf 83' lang='lat' dir='ltr'><strong>sollicitare</strong></span> <span class='ocrx_word' id='word_1_387' title='bbox 3742 922 3804 971; x_wconf 73' lang='lat' dir='ltr'><strong>snt-</strong></span> 
     </span>
    </p>
   </div>
   <div class='ocr_carea' id='block_1_52' title="bbox 2365 992 3803 1073">
    <p class='ocr_par' dir='ltr' id='par_1_52' title="bbox 2365 992 3803 1073">
     <span class='ocr_line' id='line_1_52' title="bbox 2365 992 3803 1073; baseline 0.01 -27"><span class='ocrx_word' id='word_1_388' title='bbox 2365 992 2593 1073; x_wconf 62' lang='lat' dir='ltr'><strong>fragia,</strong></span> <span class='ocrx_word' id='word_1_389' title='bbox 2624 1004 2683 1048; x_wconf 89' lang='lat' dir='ltr'><strong>ut</strong></span> <span class='ocrx_word' id='word_1_390' title='bbox 2729 994 2814 1047; x_wconf 91' lang='lat' dir='ltr'><strong>cui</strong></span> <span class='ocrx_word' id='word_1_391' title='bbox 2863 994 3172 1064; x_wconf 73' lang='lat' dir='ltr'><strong>prtcbueras</strong></span> <span class='ocrx_word' id='word_1_392' title='bbox 3212 995 3539 1064; x_wconf 88' lang='lat' dir='ltr'><strong>intellectum,</strong></span> <span class='ocrx_word' id='word_1_393' title='bbox 3579 1002 3803 1061; x_wconf 61' lang='lat' dir='ltr'><strong>intellectua-</strong></span> 
     </span>
    </p>
   </div>
   <div class='ocr_carea' id='block_1_53' title="bbox 2367 1083 3803 1154">
    <p class='ocr_par' dir='ltr' id='par_1_53' title="bbox 2367 1083 3803 1154">
     <span class='ocr_line' id='line_1_53' title="bbox 2367 1083 3803 1154; baseline 0.009 -19"><span class='ocrx_word' id='word_1_394' title='bbox 2367 1083 2533 1138; x_wconf 84' lang='lat' dir='ltr'><strong>litatis</strong></span> <span class='ocrx_word' id='word_1_395' title='bbox 2563 1084 2692 1137; x_wconf 88' lang='lat' dir='ltr'><strong>mihi</strong></span> <span class='ocrx_word' id='word_1_396' title='bbox 2724 1084 3115 1153; x_wconf 83' lang='lat' dir='ltr'><strong>consequendae</strong></span> <span class='ocrx_word' id='word_1_397' title='bbox 3154 1084 3461 1154; x_wconf 88' lang='lat' dir='ltr'><strong>impetraret</strong></span> <span class='ocrx_word' id='word_1_398' title='bbox 3493 1088 3709 1145; x_wconf 80' lang='lat' dir='ltr'><strong>allectum.</strong></span> <span class='ocrx_word' id='word_1_399' title='bbox 3729 1096 3803 1148; x_wconf 70' lang='lat' dir='ltr'><strong>Tra-</strong></span> 
     </span>
    </p>
   </div>
   <div class='ocr_carea' id='block_1_54' title="bbox 2366 1174 3803 1253">
    <p class='ocr_par' dir='ltr' id='par_1_54' title="bbox 2366 1174 3803 1253">
     <span class='ocr_line' id='line_1_54' title="bbox 2366 1174 3803 1253; baseline 0.011 -27"><span class='ocrx_word' id='word_1_400' title='bbox 2366 1175 2510 1228; x_wconf 84' lang='lat' dir='ltr'><strong>ditus</strong></span> <span class='ocrx_word' id='word_1_401' title='bbox 2557 1189 2686 1245; x_wconf 89' lang='lat' dir='ltr'><strong>ergo</strong></span> <span class='ocrx_word' id='word_1_402' title='bbox 2722 1174 2918 1229; x_wconf 91' lang='lat' dir='ltr'><strong>litteris</strong></span> <span class='ocrx_word' id='word_1_403' title='bbox 2966 1176 3150 1244; x_wconf 87' lang='lat' dir='ltr'><strong>apices</strong></span> <span class='ocrx_word' id='word_1_404' title='bbox 3196 1186 3461 1248; x_wconf 87' lang='lat' dir='ltr'><strong>utcunque</strong></span> <span class='ocrx_word' id='word_1_405' title='bbox 3497 1182 3803 1253; x_wconf 80' lang='lat' dir='ltr'><strong>attigeram,st</strong></span> 
     </span>
    </p>
   </div>
   <div class='ocr_carea' id='block_1_55' title="bbox 2366 1264 3804 1340">
    <p class='ocr_par' dir='ltr' id='par_1_55' title="bbox 2366 1264 3804 1340">
     <span class='ocr_line' id='line_1_55' title="bbox 2366 1264 3804 1340; baseline 0.009 -23"><span class='ocrx_word' id='word_1_406' title='bbox 2366 1266 2455 1317; x_wconf 77' lang='lat' dir='ltr'><strong>vix</strong></span> <span class='ocrx_word' id='word_1_407' title='bbox 2487 1264 2754 1319; x_wconf 89' lang='lat' dir='ltr'><strong>elementa</strong></span> <span class='ocrx_word' id='word_1_408' title='bbox 2785 1275 3112 1320; x_wconf 89' lang='lat' dir='ltr'><strong>connectere</strong></span> <span class='ocrx_word' id='word_1_409' title='bbox 3139 1283 3351 1335; x_wconf 90' lang='lat' dir='ltr'><strong>noram,</strong></span> <span class='ocrx_word' id='word_1_410' title='bbox 3384 1285 3494 1324; x_wconf 88' lang='lat' dir='ltr'><strong>cum</strong></span> <span class='ocrx_word' id='word_1_411' title='bbox 3521 1273 3593 1340; x_wconf 87' lang='lat' dir='ltr'><strong>pia</strong></span> <span class='ocrx_word' id='word_1_412' title='bbox 3619 1289 3683 1328; x_wconf 85' lang='lat' dir='ltr'><strong>me</strong></span> <span class='ocrx_word' id='word_1_413' title='bbox 3704 1288 3804 1331; x_wconf 66' lang='lat' dir='ltr'><strong>male:</strong></span> 
     </span>
    </p>
   </div>
   <div class='ocr_carea' id='block_1_56' title="bbox 2367 1359 3727 1434">
    <p class='ocr_par' dir='ltr' id='par_1_56' title="bbox 2367 1359 3727 1434">
     <span class='ocr_line' id='line_1_56' title="bbox 2367 1359 3727 1434; baseline 0.006 -21"><span class='ocrx_word' id='word_1_414' title='bbox 2367 1359 2646 1413; x_wconf 86' lang='lat' dir='ltr'><strong>erudiendi</strong></span> <span class='ocrx_word' id='word_1_415' title='bbox 2675 1359 2828 1413; x_wconf 81' lang='lat' dir='ltr'><strong>avida</strong></span> <span class='ocrx_word' id='word_1_416' title='bbox 2858 1360 3123 1429; x_wconf 89' lang='lat' dir='ltr'><strong>disposuit</strong></span> <span class='ocrx_word' id='word_1_417' title='bbox 3157 1363 3460 1432; x_wconf 87' lang='lat' dir='ltr'><strong>mancipare</strong></span> <span class='ocrx_word' id='word_1_418' title='bbox 3480 1368 3727 1434; x_wconf 82' lang='lat' dir='ltr'><strong>grammatic</strong></span> 
     </span>
    </p>
   </div>
   <div class='ocr_carea' id='block_1_57' title="bbox 2437 1448 3805 1523">
    <p class='ocr_par' dir='ltr' id='par_1_57' title="bbox 2437 1448 3805 1523">
     <span class='ocr_line' id='line_1_57' title="bbox 2437 1448 3805 1523; baseline 0.007 -21"><span class='ocrx_word' id='word_1_419' title='bbox 2437 1448 2907 1506; x_wconf 75' lang='lat' dir='ltr'><strong>Grammaticorum</strong></span> <span class='ocrx_word' id='word_1_420' title='bbox 2935 1468 2993 1507; x_wconf 90' lang='lat' dir='ltr'><strong>eo</strong></span> <span class='ocrx_word' id='word_1_421' title='bbox 3020 1462 3249 1522; x_wconf 87' lang='lat' dir='ltr'><strong>tempore</strong></span> <span class='ocrx_word' id='word_1_422' title='bbox 3283 1455 3507 1523; x_wconf 78' lang='lat' dir='ltr'><strong>paucitas</strong></span> <span class='ocrx_word' id='word_1_423' title='bbox 3534 1468 3573 1510; x_wconf 87' lang='lat' dir='ltr'><strong>et</strong></span> <span class='ocrx_word' id='word_1_424' title='bbox 3592 1458 3805 1511; x_wconf 69' lang='lat' dir='ltr'><strong>iustitia.—</strong></span> 
     </span>
    </p>
   </div>
   <div class='ocr_carea' id='block_1_58' title="bbox 2367 1542 3803 1616">
    <p class='ocr_par' dir='ltr' id='par_1_58' title="bbox 2367 1542 3803 1616">
     <span class='ocr_line' id='line_1_58' title="bbox 2367 1542 3803 1616; baseline 0.004 -20"><span class='ocrx_word' id='word_1_425' title='bbox 2367 1542 2458 1612; x_wconf 74' lang='lat'>(“)</span> <span class='ocrx_word' id='word_1_426' title='bbox 2490 1545 2618 1597; x_wconf 76' lang='lat' dir='ltr'><strong>Erat</strong></span> <span class='ocrx_word' id='word_1_427' title='bbox 2665 1542 2826 1611; x_wconf 91' lang='lat' dir='ltr'><strong>paulo</strong></span> <span class='ocrx_word' id='word_1_428' title='bbox 2868 1550 2996 1598; x_wconf 91' lang='lat' dir='ltr'><strong>ante</strong></span> <span class='ocrx_word' id='word_1_429' title='bbox 3041 1543 3093 1598; x_wconf 89' lang='lat' dir='ltr'><strong>id</strong></span> <span class='ocrx_word' id='word_1_430' title='bbox 3145 1545 3423 1614; x_wconf 88' lang='lat' dir='ltr'><strong>temporis,</strong></span> <span class='ocrx_word' id='word_1_431' title='bbox 3454 1554 3504 1599; x_wconf 88' lang='lat' dir='ltr'><strong>et</strong></span> <span class='ocrx_word' id='word_1_432' title='bbox 3528 1546 3668 1601; x_wconf 87' lang='lat' dir='ltr'><strong>adhuc</strong></span> <span class='ocrx_word' id='word_1_433' title='bbox 3687 1552 3803 1616; x_wconf 72' lang='lat' dir='ltr'><strong>partim</strong></span> 
     </span>
    </p>
   </div>
   <div class='ocr_carea' id='block_1_59' title="bbox 2368 1634 3806 1704">
    <p class='ocr_par' dir='ltr' id='par_1_59' title="bbox 2368 1634 3806 1704">
     <span class='ocr_line' id='line_1_59' title="bbox 2368 1634 3806 1704; baseline 0.004 -17"><span class='ocrx_word' id='word_1_434' title='bbox 2368 1634 2467 1687; x_wconf 90' lang='lat' dir='ltr'><strong>sub</strong></span> <span class='ocrx_word' id='word_1_435' title='bbox 2496 1649 2615 1687; x_wconf 90' lang='lat' dir='ltr'><strong>meo</strong></span> <span class='ocrx_word' id='word_1_436' title='bbox 2645 1642 2889 1702; x_wconf 89' lang='lat' dir='ltr'><strong>tempore</strong></span> <span class='ocrx_word' id='word_1_437' title='bbox 2917 1640 3063 1687; x_wconf 85' lang='lat' dir='ltr'><strong>tanta</strong></span> <span class='ocrx_word' id='word_1_438' title='bbox 3093 1636 3552 1704; x_wconf 88' lang='lat' dir='ltr'><strong>grammaticorum</strong></span> <span class='ocrx_word' id='word_1_439' title='bbox 3575 1637 3756 1699; x_wconf 77' lang='lat' dir='ltr'><strong>citat-itas,</strong></span> <span class='ocrx_word' id='word_1_440' title='bbox 3774 1650 3806 1693; x_wconf 74' lang='lat' dir='ltr'><strong>ut</strong></span> 
     </span>
    </p>
   </div>
   <div class='ocr_carea' id='block_1_60' title="bbox 2369 1722 3805 1796">
    <p class='ocr_par' dir='ltr' id='par_1_60' title="bbox 2369 1722 3805 1796">
     <span class='ocr_line' id='line_1_60' title="bbox 2369 1722 3805 1796; baseline 0.005 -21"><span class='ocrx_word' id='word_1_441' title='bbox 2369 1723 2420 1776; x_wconf 92' lang='lat' dir='ltr'><strong>in</strong></span> <span class='ocrx_word' id='word_1_442' title='bbox 2447 1722 2656 1792; x_wconf 78' lang='lat' dir='ltr'><strong>Oppidis</strong></span> <span class='ocrx_word' id='word_1_443' title='bbox 2679 1738 2815 1792; x_wconf 90' lang='lat' dir='ltr'><strong>pene</strong></span> <span class='ocrx_word' id='word_1_444' title='bbox 2838 1722 3039 1787; x_wconf 90' lang='lat' dir='ltr'><strong>nullus,</strong></span> <span class='ocrx_word' id='word_1_445' title='bbox 3068 1727 3120 1777; x_wconf 91' lang='lat' dir='ltr'><strong>in</strong></span> <span class='ocrx_word' id='word_1_446' title='bbox 3148 1725 3373 1780; x_wconf 91' lang='lat' dir='ltr'><strong>urbibus</strong></span> <span class='ocrx_word' id='word_1_447' title='bbox 3398 1726 3476 1779; x_wconf 80' lang='lat' dir='ltr'><strong>vix</strong></span> <span class='ocrx_word' id='word_1_448' title='bbox 3497 1725 3654 1795; x_wconf 86' lang='lat' dir='ltr'><strong>aliquis</strong></span> <span class='ocrx_word' id='word_1_449' title='bbox 3671 1730 3805 1796; x_wconf 75' lang='lat' dir='ltr'><strong>reperiri</strong></span> 
     </span>
    </p>
   </div>
   <div class='ocr_carea' id='block_1_61' title="bbox 2368 1813 3804 1884">
    <p class='ocr_par' dir='ltr' id='par_1_61' title="bbox 2368 1813 3804 1884">
     <span class='ocr_line' id='line_1_61' title="bbox 2368 1813 3804 1884; baseline 0.001 -18"><span class='ocrx_word' id='word_1_450' title='bbox 2368 1813 2651 1881; x_wconf 88' lang='lat' dir='ltr'><strong>potuisset,</strong></span> <span class='ocrx_word' id='word_1_451' title='bbox 2683 1823 2736 1868; x_wconf 87' lang='lat' dir='ltr'><strong>et</strong></span> <span class='ocrx_word' id='word_1_452' title='bbox 2771 1829 2905 1883; x_wconf 92' lang='lat' dir='ltr'><strong>quos</strong></span> <span class='ocrx_word' id='word_1_453' title='bbox 2934 1815 3162 1872; x_wconf 88' lang='lat' dir='ltr'><strong>inveniri</strong></span> <span class='ocrx_word' id='word_1_454' title='bbox 3199 1816 3514 1884; x_wconf 87' lang='lat' dir='ltr'><strong>contigerat,</strong></span> <span class='ocrx_word' id='word_1_455' title='bbox 3543 1831 3686 1869; x_wconf 89' lang='lat' dir='ltr'><strong>eorum</strong></span> <span class='ocrx_word' id='word_1_456' title='bbox 3703 1818 3804 1869; x_wconf 80' lang='lat' dir='ltr'><strong>scien-</strong></span> 
     </span>
    </p>
   </div>
   <div class='ocr_carea' id='block_1_62' title="bbox 2373 1905 3802 1975">
    <p class='ocr_par' dir='ltr' id='par_1_62' title="bbox 2373 1905 3802 1975">
     <span class='ocr_line' id='line_1_62' title="bbox 2373 1905 3802 1975; baseline -0.001 -17"><span class='ocrx_word' id='word_1_457' title='bbox 2373 1907 2441 1958; x_wconf 89' lang='lat' dir='ltr'><strong>tia</strong></span> <span class='ocrx_word' id='word_1_458' title='bbox 2480 1905 2651 1960; x_wconf 88' lang='lat' dir='ltr'><strong>tenuis</strong></span> <span class='ocrx_word' id='word_1_459' title='bbox 2682 1915 2835 1973; x_wconf 89' lang='lat' dir='ltr'><strong>erat,</strong></span> <span class='ocrx_word' id='word_1_460' title='bbox 2864 1922 2964 1962; x_wconf 89' lang='lat' dir='ltr'><strong>nec</strong></span> <span class='ocrx_word' id='word_1_461' title='bbox 2998 1908 3163 1963; x_wconf 90' lang='lat' dir='ltr'><strong>etiam</strong></span> <span class='ocrx_word' id='word_1_462' title='bbox 3196 1907 3438 1962; x_wconf 86' lang='lat' dir='ltr'><strong>moderni</strong></span> <span class='ocrx_word' id='word_1_463' title='bbox 3479 1907 3686 1975; x_wconf 86' lang='lat' dir='ltr'><strong>temporis</strong></span> <span class='ocrx_word' id='word_1_464' title='bbox 3711 1907 3802 1960; x_wconf 70' lang='lat' dir='ltr'><strong>cleri-</strong></span> 
     </span>
    </p>
   </div>
   <div class='ocr_carea' id='block_1_63' title="bbox 2368 1995 3803 2068">
    <p class='ocr_par' dir='ltr' id='par_1_63' title="bbox 2368 1995 3803 2068">
     <span class='ocr_line' id='line_1_63' title="bbox 2368 1995 3803 2068; baseline -0.001 -19"><span class='ocrx_word' id='word_1_465' title='bbox 2368 1995 2504 2049; x_wconf 90' lang='lat' dir='ltr'><strong>culis</strong></span> <span class='ocrx_word' id='word_1_466' title='bbox 2553 1996 2873 2065; x_wconf 81' lang='lat' dir='ltr'><strong>vagantibus</strong></span> <span class='ocrx_word' id='word_1_467' title='bbox 2912 1998 3219 2068; x_wconf 85' lang='lat' dir='ltr'><strong>comparari</strong></span> <span class='ocrx_word' id='word_1_468' title='bbox 3269 2005 3487 2068; x_wconf 88' lang='lat' dir='ltr'><strong>poterat.</strong></span> <span class='ocrx_word' id='word_1_469' title='bbox 3527 1997 3570 2049; x_wconf 88' lang='lat' dir='ltr'><strong>Is</strong></span> <span class='ocrx_word' id='word_1_470' title='bbox 3604 1997 3728 2064; x_wconf 83' lang='lat' dir='ltr'><strong>itaque</strong></span> <span class='ocrx_word' id='word_1_471' title='bbox 3753 2000 3803 2048; x_wconf 80' lang='lat' dir='ltr'><strong>uti</strong></span> 
     </span>
    </p>
   </div>
   <div class='ocr_carea' id='block_1_64' title="bbox 2370 2086 3804 2155">
    <p class='ocr_par' dir='ltr' id='par_1_64' title="bbox 2370 2086 3804 2155">
     <span class='ocr_line' id='line_1_64' title="bbox 2370 2086 3804 2155; baseline 0.001 -17"><span class='ocrx_word' id='word_1_472' title='bbox 2370 2086 2473 2139; x_wconf 86' lang='lat' dir='ltr'><strong>ntei</strong></span> <span class='ocrx_word' id='word_1_473' title='bbox 2519 2101 2738 2155; x_wconf 88' lang='lat' dir='ltr'><strong>operam</strong></span> <span class='ocrx_word' id='word_1_474' title='bbox 2768 2096 2945 2142; x_wconf 89' lang='lat' dir='ltr'><strong>mater</strong></span> <span class='ocrx_word' id='word_1_475' title='bbox 2973 2090 3235 2144; x_wconf 89' lang='lat' dir='ltr'><strong>mandare</strong></span> <span class='ocrx_word' id='word_1_476' title='bbox 3283 2089 3597 2151; x_wconf 83' lang='lat' dir='ltr'><strong>decreverat,</strong></span> <span class='ocrx_word' id='word_1_477' title='bbox 3632 2087 3804 2140; x_wconf 65' lang='lat' dir='ltr'><strong>addiscere</strong></span> 
     </span>
    </p>
   </div>
   <div class='ocr_carea' id='block_1_65' title="bbox 2368 2177 3801 2249">
    <p class='ocr_par' dir='ltr' id='par_1_65' title="bbox 2368 2177 3801 2249">
     <span class='ocr_line' id='line_1_65' title="bbox 2368 2177 3801 2249; baseline -0.001 -20"><span class='ocrx_word' id='word_1_478' title='bbox 2368 2178 2777 2246; x_wconf 84' lang='lat' dir='ltr'><strong>grammaticam</strong></span> <span class='ocrx_word' id='word_1_479' title='bbox 2801 2178 3121 2249; x_wconf 70' lang='lat' dir='ltr'><strong>grandaevus</strong></span> <span class='ocrx_word' id='word_1_480' title='bbox 3165 2180 3478 2247; x_wconf 64' lang='lat' dir='ltr'><strong>incaeperat,</strong></span> <span class='ocrx_word' id='word_1_481' title='bbox 3503 2185 3702 2245; x_wconf 85' lang='lat' dir='ltr'><strong>tantoque</strong></span> <span class='ocrx_word' id='word_1_482' title='bbox 3721 2177 3801 2228; x_wconf 69' lang='lat' dir='ltr'><strong>circa</strong></span> 
     </span>
    </p>
   </div>
   <div class='ocr_carea' id='block_1_66' title="bbox 2371 2268 3801 2340">
    <p class='ocr_par' dir='ltr' id='par_1_66' title="bbox 2371 2268 3801 2340">
     <span class='ocr_line' id='line_1_66' title="bbox 2371 2268 3801 2340; baseline -0.002 -19"><span class='ocrx_word' id='word_1_483' title='bbox 2371 2268 2614 2322; x_wconf 88' lang='lat' dir='ltr'><strong>eamdem</strong></span> <span class='ocrx_word' id='word_1_484' title='bbox 2644 2276 2819 2323; x_wconf 89' lang='lat' dir='ltr'><strong>artem</strong></span> <span class='ocrx_word' id='word_1_485' title='bbox 2862 2269 3034 2340; x_wconf 86' lang='lat' dir='ltr'><strong>magis</strong></span> <span class='ocrx_word' id='word_1_486' title='bbox 3076 2270 3231 2324; x_wconf 90' lang='lat' dir='ltr'><strong>rudis</strong></span> <span class='ocrx_word' id='word_1_487' title='bbox 3276 2269 3494 2333; x_wconf 76' lang='lat' dir='ltr'><strong>exstitit,</strong></span> <span class='ocrx_word' id='word_1_488' title='bbox 3528 2275 3801 2336; x_wconf 76' lang='lat' dir='ltr'><strong>quantoeant</strong></span> 
     </span>
    </p>
   </div>
   <div class='ocr_carea' id='block_1_67' title="bbox 2371 2356 3801 2421">
    <p class='ocr_par' dir='ltr' id='par_1_67' title="bbox 2371 2356 3801 2421">
     <span class='ocr_line' id='line_1_67' title="bbox 2371 2356 3801 2421; baseline -0.003 -9"><span class='ocrx_word' id='word_1_489' title='bbox 2371 2369 2557 2415; x_wconf 88' lang='lat' dir='ltr'><strong>tenero</strong></span> <span class='ocrx_word' id='word_1_490' title='bbox 2585 2360 2764 2414; x_wconf 92' lang='lat' dir='ltr'><strong>minus</strong></span> <span class='ocrx_word' id='word_1_491' title='bbox 2789 2361 3054 2415; x_wconf 90' lang='lat' dir='ltr'><strong>ebiberat.</strong></span> <span class='ocrx_word' id='word_1_492' title='bbox 3083 2361 3276 2415; x_wconf 67' lang='lat' dir='ltr'><strong>Tanta:</strong></span> <span class='ocrx_word' id='word_1_493' title='bbox 3301 2375 3424 2415; x_wconf 88' lang='lat' dir='ltr'><strong>vero</strong></span> <span class='ocrx_word' id='word_1_494' title='bbox 3444 2358 3671 2414; x_wconf 74' lang='lat' dir='ltr'><strong>modestia</strong></span> <span class='ocrx_word' id='word_1_495' title='bbox 3689 2356 3801 2421; x_wconf 79' lang='lat' dir='ltr'><strong>fuerat,</strong></span> 
     </span>
    </p>
   </div>
   <div class='ocr_carea' id='block_1_68' title="bbox 2367 2450 3723 2520">
    <p class='ocr_par' dir='ltr' id='par_1_68' title="bbox 2367 2450 3723 2520">
     <span class='ocr_line' id='line_1_68' title="bbox 2367 2450 3723 2520; baseline -0.001 -17"><span class='ocrx_word' id='word_1_496' title='bbox 2367 2458 2425 2503; x_wconf 92' lang='lat' dir='ltr'><strong>ut</strong></span> <span class='ocrx_word' id='word_1_497' title='bbox 2453 2451 2594 2518; x_wconf 89' lang='lat' dir='ltr'><strong>quod</strong></span> <span class='ocrx_word' id='word_1_498' title='bbox 2626 2450 2908 2506; x_wconf 89' lang='lat' dir='ltr'><strong>deﬁciebat</strong></span> <span class='ocrx_word' id='word_1_499' title='bbox 2930 2452 2983 2505; x_wconf 88' lang='lat' dir='ltr'><strong>itt</strong></span> <span class='ocrx_word' id='word_1_500' title='bbox 3010 2451 3227 2517; x_wconf 87' lang='lat' dir='ltr'><strong>litteris,</strong></span> <span class='ocrx_word' id='word_1_501' title='bbox 3259 2452 3517 2520; x_wconf 82' lang='lat' dir='ltr'><strong>suppleret</strong></span> <span class='ocrx_word' id='word_1_502' title='bbox 3541 2453 3723 2506; x_wconf 85' lang='lat' dir='ltr'><strong>honesto.</strong></span> 
     </span>
    </p>
   </div>
   <div class='ocr_carea' id='block_1_69' title="bbox 2440 2538 3801 2617">
    <p class='ocr_par' dir='ltr' id='par_1_69' title="bbox 2440 2538 3801 2617">
     <span class='ocr_line' id='line_1_69' title="bbox 2440 2538 3801 2617; baseline 0.001 -27"><span class='ocrx_word' id='word_1_503' title='bbox 2440 2538 2671 2594; x_wconf 76' lang='lat' dir='ltr'><strong>Guiberli</strong></span> <span class='ocrx_word' id='word_1_504' title='bbox 2699 2551 2984 2610; x_wconf 79' lang='lat' dir='ltr'><strong>prwceptor</strong></span> <span class='ocrx_word' id='word_1_505' title='bbox 3011 2542 3130 2596; x_wconf 75' lang='lat' dir='ltr'><strong>vita:</strong></span> <span class='ocrx_word' id='word_1_506' title='bbox 3149 2544 3519 2617; x_wconf 65' lang='lat' dir='ltr'><strong>probatissimi:</strong></span> <span class='ocrx_word' id='word_1_507' title='bbox 3545 2542 3642 2611; x_wconf 77' lang='lat' dir='ltr'><strong>fuit.</strong></span> <span class='ocrx_word' id='word_1_508' title='bbox 3661 2541 3801 2594; x_wconf 84' lang='lat' dir='ltr'><strong>-—Cttttt</strong></span> 
     </span>
    </p>
   </div>
   <div class='ocr_carea' id='block_1_70' title="bbox 2368 2632 3803 2705">
    <p class='ocr_par' dir='ltr' id='par_1_70' title="bbox 2368 2632 3803 2705">
     <span class='ocr_line' id='line_1_70' title="bbox 2368 2632 3803 2705; baseline -0.007 -16"><span class='ocrx_word' id='word_1_509' title='bbox 2368 2646 2494 2703; x_wconf 84' lang='lat' dir='ltr'><strong>ergo</strong></span> <span class='ocrx_word' id='word_1_510' title='bbox 2533 2641 2830 2705; x_wconf 83' lang='lat' dir='ltr'><strong>sequestrts</strong></span> <span class='ocrx_word' id='word_1_511' title='bbox 2857 2632 3124 2705; x_wconf 85' lang='lat' dir='ltr'><strong>aliquibus</strong></span> <span class='ocrx_word' id='word_1_512' title='bbox 3151 2634 3392 2700; x_wconf 89' lang='lat' dir='ltr'><strong>clericis,</strong></span> <span class='ocrx_word' id='word_1_513' title='bbox 3415 2634 3496 2703; x_wconf 87' lang='lat' dir='ltr'><strong>qui</strong></span> <span class='ocrx_word' id='word_1_514' title='bbox 3518 2635 3559 2688; x_wconf 90' lang='lat' dir='ltr'><strong>ei</strong></span> <span class='ocrx_word' id='word_1_515' title='bbox 3586 2632 3803 2685; x_wconf 73' lang='lat' dir='ltr'><strong>familiariter</strong></span> 
     </span>
    </p>
   </div>
   <div class='ocr_carea' id='block_1_71' title="bbox 2369 2723 3801 2795">
    <p class='ocr_par' dir='ltr' id='par_1_71' title="bbox 2369 2723 3801 2795">
     <span class='ocr_line' id='line_1_71' title="bbox 2369 2723 3801 2795; baseline 0.001 -14"><span class='ocrx_word' id='word_1_516' title='bbox 2369 2732 2468 2781; x_wconf 89' lang='lat' dir='ltr'><strong>sub</strong></span> <span class='ocrx_word' id='word_1_517' title='bbox 2496 2726 2894 2795; x_wconf 88' lang='lat' dir='ltr'><strong>capellanorum</strong></span> <span class='ocrx_word' id='word_1_518' title='bbox 2925 2728 3143 2782; x_wconf 88' lang='lat' dir='ltr'><strong>nomine</strong></span> <span class='ocrx_word' id='word_1_519' title='bbox 3197 2728 3368 2783; x_wconf 86' lang='lat' dir='ltr'><strong>oﬁieia</strong></span> <span class='ocrx_word' id='word_1_520' title='bbox 3409 2726 3495 2783; x_wconf 82' lang='lat' dir='ltr'><strong>Dei</strong></span> <span class='ocrx_word' id='word_1_521' title='bbox 3545 2723 3801 2791; x_wconf 59' lang='lat' dir='ltr'><strong>celebrabili.</strong></span> 
     </span>
    </p>
   </div>
   <div class='ocr_carea' id='block_1_72' title="bbox 2368 2813 3803 2878">
    <p class='ocr_par' dir='ltr' id='par_1_72' title="bbox 2368 2813 3803 2878">
     <span class='ocr_line' id='line_1_72' title="bbox 2368 2813 3803 2878; baseline -0.006 -7"><span class='ocrx_word' id='word_1_522' title='bbox 2368 2816 2668 2871; x_wconf 89' lang='lat' dir='ltr'><strong>scbolarem</strong></span> <span class='ocrx_word' id='word_1_523' title='bbox 2698 2816 2847 2872; x_wconf 92' lang='lat' dir='ltr'><strong>illum</strong></span> <span class='ocrx_word' id='word_1_524' title='bbox 2877 2818 3190 2874; x_wconf 89' lang='lat' dir='ltr'><strong>sollicitaret</strong></span> <span class='ocrx_word' id='word_1_525' title='bbox 3221 2820 3483 2874; x_wconf 90' lang='lat' dir='ltr'><strong>hominem</strong></span> <span class='ocrx_word' id='word_1_526' title='bbox 3539 2826 3585 2871; x_wconf 89' lang='lat' dir='ltr'><strong>et</strong></span> <span class='ocrx_word' id='word_1_527' title='bbox 3608 2816 3673 2870; x_wconf 87' lang='lat' dir='ltr'><strong>ille</strong></span> <span class='ocrx_word' id='word_1_528' title='bbox 3700 2813 3803 2878; x_wconf 68' lang='lat' dir='ltr'><strong>cujus-</strong></span> 
     </span>
    </p>
   </div>
   <div class='ocr_carea' id='block_1_73' title="bbox 2369 2904 3803 2979">
    <p class='ocr_par' dir='ltr' id='par_1_73' title="bbox 2369 2904 3803 2979">
     <span class='ocr_line' id='line_1_73' title="bbox 2369 2904 3803 2979; baseline -0.004 -19"><span class='ocrx_word' id='word_1_529' title='bbox 2369 2906 2496 2960; x_wconf 89' lang='lat' dir='ltr'><strong>dam</strong></span> <span class='ocrx_word' id='word_1_530' title='bbox 2525 2908 2888 2963; x_wconf 81' lang='lat' dir='ltr'><strong>eonsonrmuli</strong></span> <span class='ocrx_word' id='word_1_531' title='bbox 2919 2909 3024 2963; x_wconf 92' lang='lat' dir='ltr'><strong>mei</strong></span> <span class='ocrx_word' id='word_1_532' title='bbox 3061 2910 3290 2965; x_wconf 91' lang='lat' dir='ltr'><strong>sortitus</strong></span> <span class='ocrx_word' id='word_1_533' title='bbox 3317 2908 3654 2979; x_wconf 64' lang='lat' dir='ltr'><strong>paedagogium,</strong></span> <span class='ocrx_word' id='word_1_534' title='bbox 3674 2904 3803 2973; x_wconf 62' lang='lat' dir='ltr'><strong>quilub—</strong></span> 
     </span>
    </p>
   </div>
   <div class='ocr_carea' id='block_1_74' title="bbox 2370 2995 3803 3070">
    <p class='ocr_par' dir='ltr' id='par_1_74' title="bbox 2370 2995 3803 3070">
     <span class='ocr_line' id='line_1_74' title="bbox 2370 2995 3803 3070; baseline -0.001 -19"><span class='ocrx_word' id='word_1_535' title='bbox 2370 2998 2490 3052; x_wconf 87' lang='lat' dir='ltr'><strong>dam</strong></span> <span class='ocrx_word' id='word_1_536' title='bbox 2516 2999 2652 3054; x_wconf 91' lang='lat' dir='ltr'><strong>meis</strong></span> <span class='ocrx_word' id='word_1_537' title='bbox 2680 3001 3014 3068; x_wconf 89' lang='lat' dir='ltr'><strong>parentibus,</strong></span> <span class='ocrx_word' id='word_1_538' title='bbox 3038 3015 3273 3070; x_wconf 91' lang='lat' dir='ltr'><strong>quorum</strong></span> <span class='ocrx_word' id='word_1_539' title='bbox 3296 3001 3564 3057; x_wconf 86' lang='lat' dir='ltr'><strong>innutritus</strong></span> <span class='ocrx_word' id='word_1_540' title='bbox 3590 3008 3678 3052; x_wconf 87' lang='lat' dir='ltr'><strong>erat</strong></span> <span class='ocrx_word' id='word_1_541' title='bbox 3696 2995 3803 3049; x_wconf 67' lang='lat' dir='ltr'><strong>curia.</strong></span> 
     </span>
    </p>
   </div>
   <div class='ocr_carea' id='block_1_75' title="bbox 2372 3089 3804 3163">
    <p class='ocr_par' dir='ltr' id='par_1_75' title="bbox 2372 3089 3804 3163">
     <span class='ocr_line' id='line_1_75' title="bbox 2372 3089 3804 3163; baseline -0.007 -15"><span class='ocrx_word' id='word_1_542' title='bbox 2372 3095 2711 3149; x_wconf 87' lang='lat' dir='ltr'><strong>necessarius</strong></span> <span class='ocrx_word' id='word_1_543' title='bbox 2752 3103 2935 3158; x_wconf 92' lang='lat' dir='ltr'><strong>esset,</strong></span> <span class='ocrx_word' id='word_1_544' title='bbox 2980 3094 3194 3150; x_wconf 78' lang='lat' dir='ltr'><strong>feminae</strong></span> <span class='ocrx_word' id='word_1_545' title='bbox 3238 3111 3296 3152; x_wconf 91' lang='lat' dir='ltr'><strong>se</strong></span> <span class='ocrx_word' id='word_1_546' title='bbox 3345 3091 3663 3163; x_wconf 81' lang='lat' dir='ltr'><strong>compellantis</strong></span> <span class='ocrx_word' id='word_1_547' title='bbox 3697 3089 3804 3141; x_wconf 73' lang='lat' dir='ltr'><strong>horta-</strong></span> 
     </span>
    </p>
   </div>
   <div class='ocr_carea' id='block_1_76' title="bbox 2372 3178 3805 3254">
    <p class='ocr_par' dir='ltr' id='par_1_76' title="bbox 2372 3178 3805 3254">
     <span class='ocr_line' id='line_1_76' title="bbox 2372 3178 3805 3254; baseline -0.004 -15"><span class='ocrx_word' id='word_1_548' title='bbox 2372 3193 2554 3239; x_wconf 89' lang='lat' dir='ltr'><strong>menta</strong></span> <span class='ocrx_word' id='word_1_549' title='bbox 2590 3185 2960 3247; x_wconf 86' lang='lat' dir='ltr'><strong>considerans,</strong></span> <span class='ocrx_word' id='word_1_550' title='bbox 2994 3194 3049 3239; x_wconf 86' lang='lat' dir='ltr'><strong>et</strong></span> <span class='ocrx_word' id='word_1_551' title='bbox 3093 3186 3214 3254; x_wconf 84' lang='lat' dir='ltr'><strong>ejus</strong></span> <span class='ocrx_word' id='word_1_552' title='bbox 3257 3185 3525 3240; x_wconf 88' lang='lat' dir='ltr'><strong>honestate</strong></span> <span class='ocrx_word' id='word_1_553' title='bbox 3552 3197 3603 3236; x_wconf 87' lang='lat' dir='ltr'><strong>ac</strong></span> <span class='ocrx_word' id='word_1_554' title='bbox 3623 3178 3805 3233; x_wconf 62' lang='grc' dir='ltr'><strong>θεῖεῐίωέ</strong></span> 
     </span>
    </p>
   </div>
   <div class='ocr_carea' id='block_1_77' title="bbox 2369 3274 3804 3345">
    <p class='ocr_par' dir='ltr' id='par_1_77' title="bbox 2369 3274 3804 3345">
     <span class='ocr_line' id='line_1_77' title="bbox 2369 3274 3804 3345; baseline -0.004 -19"><span class='ocrx_word' id='word_1_555' title='bbox 2369 3289 2658 3343; x_wconf 89' lang='lat' dir='ltr'><strong>propensa,</strong></span> <span class='ocrx_word' id='word_1_556' title='bbox 2694 3274 2816 3330; x_wconf 90' lang='lat' dir='ltr'><strong>licet</strong></span> <span class='ocrx_word' id='word_1_557' title='bbox 2840 3275 3219 3344; x_wconf 63' lang='lat' dir='ltr'><strong>praedictorum</strong></span> <span class='ocrx_word' id='word_1_558' title='bbox 3249 3283 3520 3345; x_wconf 89' lang='lat' dir='ltr'><strong>parentum</strong></span> <span class='ocrx_word' id='word_1_559' title='bbox 3559 3281 3732 3325; x_wconf 79' lang='lat' dir='ltr'><strong>nieorum</strong></span> <span class='ocrx_word' id='word_1_560' title='bbox 3757 3280 3804 3313; x_wconf 64' lang='grc' dir='ltr'><strong>τε·</strong></span> 
     </span>
    </p>
   </div>
   <div class='ocr_carea' id='block_1_78' title="bbox 2373 3353 3805 3433">
    <p class='ocr_par' dir='ltr' id='par_1_78' title="bbox 2373 3353 3805 3433">
     <span class='ocr_line' id='line_1_78' title="bbox 2373 3353 3805 3433; baseline -0.01 -15"><span class='ocrx_word' id='word_1_561' title='bbox 2373 3373 2582 3419; x_wconf 89' lang='lat' dir='ltr'><strong>reretur</strong></span> <span class='ocrx_word' id='word_1_562' title='bbox 2607 3365 2886 3429; x_wconf 84' lang='lat' dir='ltr'><strong>oﬁensam,</strong></span> <span class='ocrx_word' id='word_1_563' title='bbox 2928 3355 2993 3419; x_wconf 63' lang='lat' dir='ltr'><strong>a°d</strong></span> <span class='ocrx_word' id='word_1_564' title='bbox 3026 3364 3142 3433; x_wconf 85' lang='lat' dir='ltr'><strong>ejus</strong></span> <span class='ocrx_word' id='word_1_565' title='bbox 3171 3364 3565 3421; x_wconf 87' lang='lat' dir='ltr'><strong>contubernium</strong></span> <span class='ocrx_word' id='word_1_566' title='bbox 3587 3353 3805 3413; x_wconf 71' lang='lat' dir='ltr'><strong>deliberabat</strong></span> 
     </span>
    </p>
   </div>
   <div class='ocr_carea' id='block_1_79' title="bbox 2372 3447 3803 3525">
    <p class='ocr_par' dir='ltr' id='par_1_79' title="bbox 2372 3447 3803 3525">
     <span class='ocr_line' id='line_1_79' title="bbox 2372 3447 3803 3525; baseline -0.005 -17"><span class='ocrx_word' id='word_1_567' title='bbox 2372 3454 2648 3509; x_wconf 90' lang='lat' dir='ltr'><strong>accedere.</strong></span> <span class='ocrx_word' id='word_1_568' title='bbox 2678 3456 2733 3510; x_wconf 89' lang='lat' dir='ltr'><strong>in</strong></span> <span class='ocrx_word' id='word_1_569' title='bbox 2764 3471 2867 3525; x_wconf 89' lang='lat' dir='ltr'><strong>qua</strong></span> <span class='ocrx_word' id='word_1_570' title='bbox 2907 3456 3325 3523; x_wconf 89' lang='lat' dir='ltr'><strong>deliberatione,</strong></span> <span class='ocrx_word' id='word_1_571' title='bbox 3356 3457 3451 3511; x_wconf 89' lang='lat' dir='ltr'><strong>hac</strong></span> <span class='ocrx_word' id='word_1_572' title='bbox 3473 3461 3563 3517; x_wconf 89' lang='lat' dir='ltr'><strong>est,</strong></span> <span class='ocrx_word' id='word_1_573' title='bbox 3599 3457 3643 3504; x_wconf 91' lang='lat' dir='ltr'><strong>ut</strong></span> <span class='ocrx_word' id='word_1_574' title='bbox 3667 3447 3803 3501; x_wconf 68' lang='lat' dir='ltr'><strong>iaceret.</strong></span> 
     </span>
    </p>
   </div>
   <div class='ocr_carea' id='block_1_80' title="bbox 2372 3546 2925 3616">
    <p class='ocr_par' dir='ltr' id='par_1_80' title="bbox 2372 3546 2925 3616">
     <span class='ocr_line' id='line_1_80' title="bbox 2372 3546 2925 3616; baseline 0.005 -18"><span class='ocrx_word' id='word_1_575' title='bbox 2372 3546 2578 3601; x_wconf 85' lang='lat' dir='ltr'><strong>visione</strong></span> <span class='ocrx_word' id='word_1_576' title='bbox 2601 3546 2925 3616; x_wconf 89' lang='lat' dir='ltr'><strong>compulsus.</strong></span> 
     </span>
    </p>
   </div>
   <div class='ocr_carea' id='block_1_81' title="bbox 2443 3633 3804 3702">
    <p class='ocr_par' dir='ltr' id='par_1_81' title="bbox 2443 3633 3804 3702">
     <span class='ocr_line' id='line_1_81' title="bbox 2443 3633 3804 3702; baseline -0.001 -11"><span class='ocrx_word' id='word_1_577' title='bbox 2443 3636 2576 3691; x_wconf 87' lang='lat' dir='ltr'><strong>Cum</strong></span> <span class='ocrx_word' id='word_1_578' title='bbox 2621 3645 2779 3692; x_wconf 91' lang='lat' dir='ltr'><strong>nocte</strong></span> <span class='ocrx_word' id='word_1_579' title='bbox 2824 3637 3085 3694; x_wconf 78' lang='lat' dir='ltr'><strong>dormiret</strong></span> <span class='ocrx_word' id='word_1_580' title='bbox 3132 3655 3188 3692; x_wconf 9' lang='lat' dir='ltr'><strong>in</strong></span> <span class='ocrx_word' id='word_1_581' title='bbox 3238 3636 3493 3701; x_wconf 89' lang='lat' dir='ltr'><strong>cubiculo,</strong></span> <span class='ocrx_word' id='word_1_582' title='bbox 3540 3643 3660 3702; x_wconf 62' lang='lat' dir='ltr'><strong>cuius</strong></span> <span class='ocrx_word' id='word_1_583' title='bbox 3688 3634 3724 3679; x_wconf 72' lang='grc' dir='ltr'><strong>ει</strong></span> <span class='ocrx_word' id='word_1_584' title='bbox 3750 3633 3804 3689; x_wconf 65' lang='grc' dir='ltr'><strong>(ἕο</strong></span> 
     </span>
    </p>
   </div>
   <div class='ocr_carea' id='block_1_82' title="bbox 2373 3720 3803 3801">
    <p class='ocr_par' dir='ltr' id='par_1_82' title="bbox 2373 3720 3803 3801">
     <span class='ocr_line' id='line_1_82' title="bbox 2373 3720 3803 3801; baseline -0.013 -16"><span class='ocrx_word' id='word_1_585' title='bbox 2373 3730 2613 3798; x_wconf 91' lang='lat' dir='ltr'><strong>memini,</strong></span> <span class='ocrx_word' id='word_1_586' title='bbox 2648 3731 2701 3784; x_wconf 93' lang='lat' dir='ltr'><strong>in</strong></span> <span class='ocrx_word' id='word_1_587' title='bbox 2732 3746 2839 3800; x_wconf 88' lang='lat' dir='ltr'><strong>quo</strong></span> <span class='ocrx_word' id='word_1_588' title='bbox 2886 3732 3049 3788; x_wconf 90' lang='lat' dir='ltr'><strong>totius</strong></span> <span class='ocrx_word' id='word_1_589' title='bbox 3097 3734 3270 3788; x_wconf 88' lang='lat' dir='ltr'><strong>nostri</strong></span> <span class='ocrx_word' id='word_1_590' title='bbox 3318 3730 3485 3801; x_wconf 80' lang='lat' dir='ltr'><strong>Oppidi</strong></span> <span class='ocrx_word' id='word_1_591' title='bbox 3526 3720 3714 3797; x_wconf 84' lang='lat' dir='ltr'><strong>generale</strong></span> <span class='ocrx_word' id='word_1_592' title='bbox 3743 3722 3803 3767; x_wconf 78' lang='lat' dir='ltr'><strong>stu-</strong></span> 
     </span>
    </p>
   </div>
   <div class='ocr_carea' id='block_1_83' title="bbox 2374 3801 3804 3892">
    <p class='ocr_par' dir='ltr' id='par_1_83' title="bbox 2374 3801 3804 3892">
     <span class='ocr_line' id='line_1_83' title="bbox 2374 3801 3804 3892; baseline -0.005 -20"><span class='ocrx_word' id='word_1_593' title='bbox 2374 3820 2518 3873; x_wconf 89' lang='lat' dir='ltr'><strong>dnttn</strong></span> <span class='ocrx_word' id='word_1_594' title='bbox 2567 3821 2877 3888; x_wconf 89' lang='lat' dir='ltr'><strong>regebatur,</strong></span> <span class='ocrx_word' id='word_1_595' title='bbox 2914 3822 3193 3891; x_wconf 89' lang='lat' dir='ltr'><strong>cujusdam</strong></span> <span class='ocrx_word' id='word_1_596' title='bbox 3236 3823 3438 3892; x_wconf 87' lang='lat' dir='ltr'><strong>species</strong></span> <span class='ocrx_word' id='word_1_597' title='bbox 3478 3813 3667 3873; x_wconf 88' lang='lat' dir='ltr'><strong>senioris</strong></span> <span class='ocrx_word' id='word_1_598' title='bbox 3693 3801 3804 3876; x_wconf 62' lang='lat' dir='ltr'><strong>pridi“</strong></span> 
     </span>
    </p>
   </div>
   <div class='ocr_carea' id='block_1_84' title="bbox 2374 3901 3803 3981">
    <p class='ocr_par' dir='ltr' id='par_1_84' title="bbox 2374 3901 3803 3981">
     <span class='ocr_line' id='line_1_84' title="bbox 2374 3901 3803 3981; baseline -0.01 -16"><span class='ocrx_word' id='word_1_599' title='bbox 2374 3926 2499 3965; x_wconf 88' lang='lat' dir='ltr'><strong>rens</strong></span> <span class='ocrx_word' id='word_1_600' title='bbox 2530 3920 2689 3981; x_wconf 90' lang='lat' dir='ltr'><strong>caput</strong></span> <span class='ocrx_word' id='word_1_601' title='bbox 2730 3927 2945 3977; x_wconf 90' lang='lat' dir='ltr'><strong>canum,</strong></span> <span class='ocrx_word' id='word_1_602' title='bbox 2990 3921 3045 3967; x_wconf 92' lang='lat' dir='ltr'><strong>et</strong></span> <span class='ocrx_word' id='word_1_603' title='bbox 3088 3913 3418 3968; x_wconf 84' lang='lat' dir='ltr'><strong>habitudinis</strong></span> <span class='ocrx_word' id='word_1_604' title='bbox 3451 3901 3698 3965; x_wconf 83' lang='lat' dir='ltr'><strong>omnimodo</strong></span> <span class='ocrx_word' id='word_1_605' title='bbox 3716 3906 3803 3947; x_wconf 62' lang='grc' dir='ltr'><strong>[ὑπ’</strong></span> 
     </span>
    </p>
   </div>
   <div class='ocr_carea' id='block_1_85' title="bbox 2375 3986 3804 4068">
    <p class='ocr_par' dir='ltr' id='par_1_85' title="bbox 2375 3986 3804 4068">
     <span class='ocr_line' id='line_1_85' title="bbox 2375 3986 3804 4068; baseline -0.01 -12"><span class='ocrx_word' id='word_1_606' title='bbox 2375 4003 2574 4068; x_wconf 70' lang='grc' dir='ltr'><strong>τρηάτρ,</strong></span> <span class='ocrx_word' id='word_1_607' title='bbox 2603 4018 2762 4057; x_wconf 88' lang='lat' dir='ltr'><strong>manu</strong></span> <span class='ocrx_word' id='word_1_608' title='bbox 2790 4018 2877 4059; x_wconf 91' lang='lat' dir='ltr'><strong>me</strong></span> <span class='ocrx_word' id='word_1_609' title='bbox 2910 4013 3099 4060; x_wconf 90' lang='lat' dir='ltr'><strong>tenens</strong></span> <span class='ocrx_word' id='word_1_610' title='bbox 3139 4006 3283 4060; x_wconf 91' lang='lat' dir='ltr'><strong>ostio</strong></span> <span class='ocrx_word' id='word_1_611' title='bbox 3311 4019 3393 4059; x_wconf 91' lang='lat' dir='ltr'><strong>me</strong></span> <span class='ocrx_word' id='word_1_612' title='bbox 3420 3995 3619 4056; x_wconf 88' lang='lat' dir='ltr'><strong>cubiculi</strong></span> <span class='ocrx_word' id='word_1_613' title='bbox 3648 3986 3804 4044; x_wconf 65' lang='lat' dir='ltr'><strong>inducete</strong></span> 
     </span>
    </p>
   </div>
   <div class='ocr_carea' id='block_1_86' title="bbox 2372 4069 3802 4161">
    <p class='ocr_par' dir='ltr' id='par_1_86' title="bbox 2372 4069 3802 4161">
     <span class='ocr_line' id='line_1_86' title="bbox 2372 4069 3802 4161; baseline -0.012 -15"><span class='ocrx_word' id='word_1_614' title='bbox 2372 4093 2673 4147; x_wconf 84' lang='lat' dir='ltr'><strong>videbatur.</strong></span> <span class='ocrx_word' id='word_1_615' title='bbox 2724 4093 2781 4147; x_wconf 90' lang='lat' dir='ltr'><strong>ln</strong></span> <span class='ocrx_word' id='word_1_616' title='bbox 2846 4093 2999 4161; x_wconf 89' lang='lat' dir='ltr'><strong>cujus</strong></span> <span class='ocrx_word' id='word_1_617' title='bbox 3055 4110 3178 4148; x_wconf 90' lang='lat' dir='ltr'><strong>cum</strong></span> <span class='ocrx_word' id='word_1_618' title='bbox 3236 4093 3539 4149; x_wconf 88' lang='lat' dir='ltr'><strong>substitisset</strong></span> <span class='ocrx_word' id='word_1_619' title='bbox 3589 4081 3721 4137; x_wconf 83' lang='lat' dir='ltr'><strong>aditu,</strong></span> <span class='ocrx_word' id='word_1_620' title='bbox 3763 4069 3802 4119; x_wconf 48' lang='lat' dir='ltr'><strong>is</strong></span> 
     </span>
    </p>
   </div>
   <div class='ocr_carea' id='block_1_87' title="bbox 2374 4168 3802 4255">
    <p class='ocr_par' dir='ltr' id='par_1_87' title="bbox 2374 4168 3802 4255">
     <span class='ocr_line' id='line_1_87' title="bbox 2374 4168 3802 4255; baseline -0.015 -16"><span class='ocrx_word' id='word_1_621' title='bbox 2374 4184 2574 4239; x_wconf 89' lang='lat' dir='ltr'><strong>ctulum</strong></span> <span class='ocrx_word' id='word_1_622' title='bbox 2604 4185 2720 4255; x_wconf 87' lang='lat' dir='ltr'><strong>ejus</strong></span> <span class='ocrx_word' id='word_1_623' title='bbox 2748 4184 2879 4239; x_wconf 91' lang='lat' dir='ltr'><strong>mihi</strong></span> <span class='ocrx_word' id='word_1_624' title='bbox 2909 4185 3001 4254; x_wconf 88' lang='lat' dir='ltr'><strong>qui</strong></span> <span class='ocrx_word' id='word_1_625' title='bbox 3050 4185 3153 4239; x_wconf 90' lang='lat' dir='ltr'><strong>hoc</strong></span> <span class='ocrx_word' id='word_1_626' title='bbox 3197 4184 3499 4239; x_wconf 86' lang='lat' dir='ltr'><strong>intuebatur</strong></span> <span class='ocrx_word' id='word_1_627' title='bbox 3531 4175 3727 4232; x_wconf 79' lang='lat' dir='ltr'><strong>ostencit,</strong></span> <span class='ocrx_word' id='word_1_628' title='bbox 3748 4168 3802 4211; x_wconf 65' lang='lat' dir='ltr'><strong>et?</strong></span> 
     </span>
    </p>
   </div>
   <div class='ocr_carea' id='block_1_88' title="bbox 2375 4258 3802 4343">
    <p class='ocr_par' dir='ltr' id='par_1_88' title="bbox 2375 4258 3802 4343">
     <span class='ocr_line' id='line_1_88' title="bbox 2375 4258 3802 4343; baseline -0.016 -15"><span class='ocrx_word' id='word_1_629' title='bbox 2375 4273 2541 4339; x_wconf 77' lang='lat' dir='ltr'><strong>Vade,</strong></span> <span class='ocrx_word' id='word_1_630' title='bbox 2573 4275 2768 4343; x_wconf 90' lang='lat' dir='ltr'><strong>inquit,</strong></span> <span class='ocrx_word' id='word_1_631' title='bbox 2803 4275 2869 4330; x_wconf 89' lang='lat' dir='ltr'><strong>ad</strong></span> <span class='ocrx_word' id='word_1_632' title='bbox 2897 4291 3046 4339; x_wconf 86' lang='lat' dir='ltr'><strong>eum,</strong></span> <span class='ocrx_word' id='word_1_633' title='bbox 3075 4275 3201 4343; x_wconf 85' lang='lat' dir='ltr'><strong>quia</strong></span> <span class='ocrx_word' id='word_1_634' title='bbox 3233 4275 3334 4330; x_wconf 91' lang='lat' dir='ltr'><strong>iste</strong></span> <span class='ocrx_word' id='word_1_635' title='bbox 3356 4269 3611 4342; x_wconf 87' lang='lat' dir='ltr'><strong>plurimum</strong></span> <span class='ocrx_word' id='word_1_636' title='bbox 3629 4258 3802 4312; x_wconf 66' lang='lat' dir='ltr'><strong>amaturus</strong></span> 
     </span>
    </p>
   </div>
   <div class='ocr_carea' id='block_1_89' title="bbox 2375 4348 3802 4433">
    <p class='ocr_par' dir='ltr' id='par_1_89' title="bbox 2375 4348 3802 4433">
     <span class='ocr_line' id='line_1_89' title="bbox 2375 4348 3802 4433; baseline -0.012 -17"><span class='ocrx_word' id='word_1_637' title='bbox 2375 4370 2476 4419; x_wconf 85' lang='lat' dir='ltr'><strong>est.</strong></span> <span class='ocrx_word' id='word_1_638' title='bbox 2526 4363 2848 4433; x_wconf 88' lang='lat' dir='ltr'><strong>Manumque</strong></span> <span class='ocrx_word' id='word_1_639' title='bbox 2894 4364 3027 4418; x_wconf 90' lang='lat' dir='ltr'><strong>mihi</strong></span> <span class='ocrx_word' id='word_1_640' title='bbox 3073 4379 3236 4433; x_wconf 88' lang='lat' dir='ltr'><strong>quam</strong></span> <span class='ocrx_word' id='word_1_641' title='bbox 3285 4366 3515 4418; x_wconf 90' lang='lat' dir='ltr'><strong>tenuerat</strong></span> <span class='ocrx_word' id='word_1_642' title='bbox 3552 4348 3802 4433; x_wconf 75' lang='lat' dir='ltr'><strong>laxans,</strong></span> 
     </span>
    </p>
   </div>
   <div class='ocr_carea' id='block_1_90' title="bbox 691 4425 3802 4525">
    <p class='ocr_par' dir='ltr' id='par_1_90' title="bbox 691 4425 3802 4525">
     <span class='ocr_line' id='line_1_90' title="bbox 691 4425 3802 4525; baseline -0.01 -13"><span class='ocrx_word' id='word_1_643' title='bbox 691 4466 852 4525; x_wconf 83' lang='lat' dir='ltr'><strong>pater</strong></span> <span class='ocrx_word' id='word_1_644' title='bbox 899 4456 1031 4509; x_wconf 91' lang='lat' dir='ltr'><strong>mihi</strong></span> <span class='ocrx_word' id='word_1_645' title='bbox 1080 4454 1294 4507; x_wconf 89' lang='lat' dir='ltr'><strong>futurus</strong></span> <span class='ocrx_word' id='word_1_646' title='bbox 1354 4466 1476 4505; x_wconf 89' lang='lat' dir='ltr'><strong>eras</strong></span> <span class='ocrx_word' id='word_1_647' title='bbox 1500 4491 1513 4517; x_wconf 93' lang='lat'><strong>,</strong></span> <span class='ocrx_word' id='word_1_648' title='bbox 1567 4450 1867 4520; x_wconf 90' lang='lat' dir='ltr'><strong>orphanum</strong></span> <span class='ocrx_word' id='word_1_649' title='bbox 1926 4466 2013 4507; x_wconf 90' lang='lat' dir='ltr'><strong>me</strong></span> <span class='ocrx_word' id='word_1_650' title='bbox 2070 4451 2268 4508; x_wconf 79' lang='lat' dir='ltr'><strong>fecisti.</strong></span> <span class='ocrx_word' id='word_1_651' title='bbox 2305 4470 2349 4524; x_wconf 76' lang='grc' dir='ltr'><strong>ι)</strong></span> <span class='ocrx_word' id='word_1_652' title='bbox 2376 4454 2587 4509; x_wconf 88' lang='lat' dir='ltr'><strong>sivisset</strong></span> <span class='ocrx_word' id='word_1_653' title='bbox 2616 4454 2786 4519; x_wconf 88' lang='lat' dir='ltr'><strong>abire,</strong></span> <span class='ocrx_word' id='word_1_654' title='bbox 2819 4453 3033 4509; x_wconf 89' lang='lat' dir='ltr'><strong>cucurri</strong></span> <span class='ocrx_word' id='word_1_655' title='bbox 3066 4425 3132 4510; x_wconf 44' lang='lat' dir='ltr'><strong>a-d</strong></span> <span class='ocrx_word' id='word_1_656' title='bbox 3174 4454 3471 4514; x_wconf 87' lang='lat' dir='ltr'><strong>hominem,</strong></span> <span class='ocrx_word' id='word_1_657' title='bbox 3498 4455 3545 4502; x_wconf 88' lang='lat' dir='ltr'><strong>et</strong></span> <span class='ocrx_word' id='word_1_658' title='bbox 3567 4453 3660 4497; x_wconf 88' lang='lat' dir='ltr'><strong>cum</strong></span> <span class='ocrx_word' id='word_1_659' title='bbox 3679 4425 3802 4488; x_wconf 75' lang='lat' dir='ltr'><strong>creltris</strong></span> 
     </span>
    </p>
   </div>
   <div class='ocr_carea' id='block_1_91' title="bbox 694 4542 2273 4615">
    <p class='ocr_par' dir='ltr' id='par_1_91' title="bbox 694 4542 2273 4615">
     <span class='ocr_line' id='line_1_91' title="bbox 694 4542 2273 4615; baseline -0.003 -11"><span class='ocrx_word' id='word_1_660' title='bbox 694 4548 975 4604; x_wconf 77' lang='lat' dir='ltr'><strong>Exhausto</strong></span> <span class='ocrx_word' id='word_1_661' title='bbox 1020 4546 1164 4601; x_wconf 91' lang='lat' dir='ltr'><strong>enim</strong></span> <span class='ocrx_word' id='word_1_662' title='bbox 1210 4554 1333 4599; x_wconf 89' lang='lat' dir='ltr'><strong>octo</strong></span> <span class='ocrx_word' id='word_1_663' title='bbox 1375 4542 1487 4598; x_wconf 88' lang='lat' dir='ltr'><strong>fere</strong></span> <span class='ocrx_word' id='word_1_664' title='bbox 1539 4542 1800 4597; x_wconf 89' lang='lat' dir='ltr'><strong>mensium</strong></span> <span class='ocrx_word' id='word_1_665' title='bbox 1851 4544 2064 4612; x_wconf 90' lang='lat' dir='ltr'><strong>spatio,</strong></span> <span class='ocrx_word' id='word_1_666' title='bbox 2122 4555 2273 4615; x_wconf 91' lang='lat' dir='ltr'><strong>pater</strong></span> 
     </span>
    </p>
   </div>
   <div class='ocr_carea' id='block_1_92' title="bbox 696 4632 2270 4704">
    <p class='ocr_par' dir='ltr' id='par_1_92' title="bbox 696 4632 2270 4704">
     <span class='ocr_line' id='line_1_92' title="bbox 696 4632 2270 4704; baseline -0.001 -12"><span class='ocrx_word' id='word_1_667' title='bbox 696 4652 833 4692; x_wconf 68' lang='lat' dir='ltr'><strong>mea:</strong></span> <span class='ocrx_word' id='word_1_668' title='bbox 865 4637 1045 4692; x_wconf 86' lang='lat' dir='ltr'><strong>carnis</strong></span> <span class='ocrx_word' id='word_1_669' title='bbox 1073 4634 1327 4691; x_wconf 90' lang='lat' dir='ltr'><strong>occubuit</strong></span> <span class='ocrx_word' id='word_1_670' title='bbox 1360 4651 1373 4686; x_wconf 88' lang='lat'><strong>:</strong></span> <span class='ocrx_word' id='word_1_671' title='bbox 1400 4642 1455 4689; x_wconf 90' lang='lat' dir='ltr'><strong>et</strong></span> <span class='ocrx_word' id='word_1_672' title='bbox 1484 4646 1707 4702; x_wconf 86' lang='lat' dir='ltr'><strong>magnas</strong></span> <span class='ocrx_word' id='word_1_673' title='bbox 1749 4632 1871 4687; x_wconf 91' lang='lat' dir='ltr'><strong>inde</strong></span> <span class='ocrx_word' id='word_1_674' title='bbox 1910 4634 2005 4688; x_wconf 91' lang='lat' dir='ltr'><strong>tibi</strong></span> <span class='ocrx_word' id='word_1_675' title='bbox 2045 4637 2270 4704; x_wconf 89' lang='lat' dir='ltr'><strong>gratias,</strong></span> 
     </span>
    </p>
   </div>
   <div class='ocr_carea' id='block_1_93' title="bbox 700 4723 2273 4797">
    <p class='ocr_par' dir='ltr' id='par_1_93' title="bbox 700 4723 2273 4797">
     <span class='ocr_line' id='line_1_93' title="bbox 700 4723 2273 4797; baseline 0.001 -16"><span class='ocrx_word' id='word_1_676' title='bbox 700 4728 792 4797; x_wconf 86' lang='lat' dir='ltr'><strong>qui</strong></span> <span class='ocrx_word' id='word_1_677' title='bbox 838 4728 984 4781; x_wconf 87' lang='lat' dir='ltr'><strong>hunc</strong></span> <span class='ocrx_word' id='word_1_678' title='bbox 1034 4727 1305 4782; x_wconf 89' lang='lat' dir='ltr'><strong>hominem</strong></span> <span class='ocrx_word' id='word_1_679' title='bbox 1344 4725 1445 4779; x_wconf 89' lang='lat' dir='ltr'><strong>sub</strong></span> <span class='ocrx_word' id='word_1_680' title='bbox 1490 4723 1798 4777; x_wconf 83' lang='lat' dir='ltr'><strong>Christiano</strong></span> <span class='ocrx_word' id='word_1_681' title='bbox 1847 4723 2039 4778; x_wconf 86' lang='lat' dir='ltr'><strong>aﬁectu</strong></span> <span class='ocrx_word' id='word_1_682' title='bbox 2093 4725 2273 4782; x_wconf 82' lang='lat' dir='ltr'><strong>fecisti</strong></span> 
     </span>
    </p>
   </div>
   <div class='ocr_carea' id='block_1_94' title="bbox 701 4815 2269 4887">
    <p class='ocr_par' dir='ltr' id='par_1_94' title="bbox 701 4815 2269 4887">
     <span class='ocr_line' id='line_1_94' title="bbox 701 4815 2269 4887; baseline -0.002 -11"><span class='ocrx_word' id='word_1_683' title='bbox 701 4820 990 4883; x_wconf 86' lang='lat' dir='ltr'><strong>decedere,</strong></span> <span class='ocrx_word' id='word_1_684' title='bbox 1015 4817 1365 4887; x_wconf 82' lang='lat' dir='ltr'><strong>providentiae</strong></span> <span class='ocrx_word' id='word_1_685' title='bbox 1394 4825 1515 4881; x_wconf 67' lang='lat' dir='ltr'><strong>tum,</strong></span> <span class='ocrx_word' id='word_1_686' title='bbox 1559 4829 1719 4883; x_wconf 90' lang='lat' dir='ltr'><strong>quam</strong></span> <span class='ocrx_word' id='word_1_687' title='bbox 1760 4815 1824 4869; x_wconf 91' lang='lat' dir='ltr'><strong>de</strong></span> <span class='ocrx_word' id='word_1_688' title='bbox 1853 4831 1939 4870; x_wconf 90' lang='lat' dir='ltr'><strong>me</strong></span> <span class='ocrx_word' id='word_1_689' title='bbox 1983 4817 2269 4885; x_wconf 88' lang='lat' dir='ltr'><strong>habueras,</strong></span> 
     </span>
    </p>
   </div>
   <div class='ocr_carea' id='block_1_95' title="bbox 699 4904 2271 4976">
    <p class='ocr_par' dir='ltr' id='par_1_95' title="bbox 699 4904 2271 4976">
     <span class='ocr_line' id='line_1_95' title="bbox 699 4904 2271 4976; baseline -0.01 -7"><span class='ocrx_word' id='word_1_690' title='bbox 699 4915 744 4969; x_wconf 89' lang='lat' dir='ltr'><strong>si</strong></span> <span class='ocrx_word' id='word_1_691' title='bbox 774 4912 1067 4976; x_wconf 89' lang='lat' dir='ltr'><strong>adviveret,</strong></span> <span class='ocrx_word' id='word_1_692' title='bbox 1106 4908 1325 4963; x_wconf 89' lang='lat' dir='ltr'><strong>indubie</strong></span> <span class='ocrx_word' id='word_1_693' title='bbox 1360 4906 1681 4963; x_wconf 90' lang='lat' dir='ltr'><strong>nociturum.</strong></span> <span class='ocrx_word' id='word_1_694' title='bbox 1715 4904 1850 4971; x_wconf 84' lang='lat' dir='ltr'><strong>Quia</strong></span> <span class='ocrx_word' id='word_1_695' title='bbox 1898 4922 2130 4976; x_wconf 84' lang='lat' dir='ltr'><strong>namque</strong></span> <span class='ocrx_word' id='word_1_696' title='bbox 2160 4910 2271 4965; x_wconf 87' lang='lat' dir='ltr'><strong>for-</strong></span> 
     </span>
    </p>
   </div>
   <div class='ocr_carea' id='block_1_96' title="bbox 697 4996 2272 5068">
    <p class='ocr_par' dir='ltr' id='par_1_96' title="bbox 697 4996 2272 5068">
     <span class='ocr_line' id='line_1_96' title="bbox 697 4996 2272 5068; baseline -0.003 -7"><span class='ocrx_word' id='word_1_697' title='bbox 697 5005 845 5063; x_wconf 88' lang='lat' dir='ltr'><strong>mula</strong></span> <span class='ocrx_word' id='word_1_698' title='bbox 886 5018 1025 5068; x_wconf 88' lang='lat' dir='ltr'><strong>mea,</strong></span> <span class='ocrx_word' id='word_1_699' title='bbox 1059 5008 1113 5056; x_wconf 91' lang='lat' dir='ltr'><strong>et</strong></span> <span class='ocrx_word' id='word_1_700' title='bbox 1138 4997 1402 5055; x_wconf 82' lang='lat' dir='ltr'><strong>naturalis</strong></span> <span class='ocrx_word' id='word_1_701' title='bbox 1444 4996 1689 5067; x_wconf 75' lang='lat' dir='ltr'><strong>quaedam</strong></span> <span class='ocrx_word' id='word_1_702' title='bbox 1734 5011 1834 5066; x_wconf 90' lang='lat' dir='ltr'><strong>pro</strong></span> <span class='ocrx_word' id='word_1_703' title='bbox 1878 5000 2107 5053; x_wconf 73' lang='lat' dir='ltr'><strong>:etalula:</strong></span> <span class='ocrx_word' id='word_1_704' title='bbox 2131 5002 2272 5057; x_wconf 92' lang='lat' dir='ltr'><strong>illius</strong></span> 
     </span>
    </p>
   </div>
   <div class='ocr_carea' id='block_1_97' title="bbox 698 5088 2269 5169">
    <p class='ocr_par' dir='ltr' id='par_1_97' title="bbox 698 5088 2269 5169">
     <span class='ocr_line' id='line_1_97' title="bbox 698 5088 2269 5169; baseline -0.004 -17"><span class='ocrx_word' id='word_1_705' title='bbox 698 5097 999 5169; x_wconf 89' lang='lat' dir='ltr'><strong>quantitate</strong></span> <span class='ocrx_word' id='word_1_706' title='bbox 1029 5093 1283 5148; x_wconf 87' lang='lat' dir='ltr'><strong>alacritas</strong></span> <span class='ocrx_word' id='word_1_707' title='bbox 1320 5091 1512 5145; x_wconf 90' lang='lat' dir='ltr'><strong>idonea</strong></span> <span class='ocrx_word' id='word_1_708' title='bbox 1543 5088 1670 5143; x_wconf 89' lang='lat' dir='ltr'><strong>huic</strong></span> <span class='ocrx_word' id='word_1_709' title='bbox 1718 5092 1914 5146; x_wconf 55' lang='lat' dir='ltr'><strong>saeculo</strong></span> <span class='ocrx_word' id='word_1_710' title='bbox 1958 5092 2269 5160; x_wconf 89' lang='lat' dir='ltr'><strong>videbatur,</strong></span> 
     </span>
    </p>
   </div>
   <div class='ocr_carea' id='block_1_98' title="bbox 698 5181 2271 5253">
    <p class='ocr_par' dir='ltr' id='par_1_98' title="bbox 698 5181 2271 5253">
     <span class='ocr_line' id='line_1_98' title="bbox 698 5181 2271 5253; baseline -0.005 -7"><span class='ocrx_word' id='word_1_711' title='bbox 698 5190 830 5247; x_wconf 90' lang='lat' dir='ltr'><strong>nulli</strong></span> <span class='ocrx_word' id='word_1_712' title='bbox 858 5188 1077 5243; x_wconf 91' lang='lat' dir='ltr'><strong>dubium</strong></span> <span class='ocrx_word' id='word_1_713' title='bbox 1119 5192 1259 5251; x_wconf 90' lang='lat' dir='ltr'><strong>erat,</strong></span> <span class='ocrx_word' id='word_1_714' title='bbox 1288 5183 1416 5253; x_wconf 89' lang='lat' dir='ltr'><strong>quin</strong></span> <span class='ocrx_word' id='word_1_715' title='bbox 1449 5199 1570 5238; x_wconf 91' lang='lat' dir='ltr'><strong>cum</strong></span> <span class='ocrx_word' id='word_1_716' title='bbox 1615 5181 1810 5238; x_wconf 82' lang='lat' dir='ltr'><strong>litteris</strong></span> <span class='ocrx_word' id='word_1_717' title='bbox 1841 5184 2142 5239; x_wconf 85' lang='lat' dir='ltr'><strong>ediscendis</strong></span> <span class='ocrx_word' id='word_1_718' title='bbox 2173 5186 2271 5239; x_wconf 87' lang='lat' dir='ltr'><strong>ha-</strong></span> 
     </span>
    </p>
   </div>
   <div class='ocr_carea' id='block_1_99' title="bbox 695 5273 2271 5349">
    <p class='ocr_par' dir='ltr' id='par_1_99' title="bbox 695 5273 2271 5349">
     <span class='ocr_line' id='line_1_99' title="bbox 695 5273 2271 5349; baseline -0.005 -12"><span class='ocrx_word' id='word_1_719' title='bbox 695 5283 804 5338; x_wconf 82' lang='lat' dir='ltr'><strong>bile</strong></span> <span class='ocrx_word' id='word_1_720' title='bbox 852 5291 1062 5349; x_wconf 85' lang='lat' dir='ltr'><strong>tempus</strong></span> <span class='ocrx_word' id='word_1_721' title='bbox 1105 5277 1337 5340; x_wconf 90' lang='lat' dir='ltr'><strong>adesset,</strong></span> <span class='ocrx_word' id='word_1_722' title='bbox 1390 5290 1453 5330; x_wconf 91' lang='lat' dir='ltr'><strong>ea</strong></span> <span class='ocrx_word' id='word_1_723' title='bbox 1502 5290 1620 5343; x_wconf 69' lang='lat' dir='ltr'><strong>qum</strong></span> <span class='ocrx_word' id='word_1_724' title='bbox 1655 5276 1723 5330; x_wconf 88' lang='lat' dir='ltr'><strong>de</strong></span> <span class='ocrx_word' id='word_1_725' title='bbox 1767 5288 1854 5329; x_wconf 89' lang='lat' dir='ltr'><strong>me</strong></span> <span class='ocrx_word' id='word_1_726' title='bbox 1902 5273 2104 5328; x_wconf 89' lang='lat' dir='ltr'><strong>fecerat</strong></span> <span class='ocrx_word' id='word_1_727' title='bbox 2149 5286 2271 5329; x_wconf 88' lang='lat' dir='ltr'><strong>vota</strong></span> 
     </span>
    </p>
   </div>
   <div class='ocr_carea' id='block_1_100' title="bbox 698 5364 2273 5437">
    <p class='ocr_par' dir='ltr' id='par_1_100' title="bbox 698 5364 2273 5437">
     <span class='ocr_line' id='line_1_100' title="bbox 698 5364 2273 5437; baseline -0.004 -10"><span class='ocrx_word' id='word_1_728' title='bbox 698 5370 1011 5427; x_wconf 86' lang='lat' dir='ltr'><strong>resolveret.</strong></span> <span class='ocrx_word' id='word_1_729' title='bbox 1043 5371 1189 5424; x_wconf 88' lang='lat' dir='ltr'><strong>Bone</strong></span> <span class='ocrx_word' id='word_1_730' title='bbox 1234 5368 1480 5437; x_wconf 87' lang='lat' dir='ltr'><strong>provisor</strong></span> <span class='ocrx_word' id='word_1_731' title='bbox 1526 5364 1794 5434; x_wconf 87' lang='lat' dir='ltr'><strong>utrimque</strong></span> <span class='ocrx_word' id='word_1_732' title='bbox 1839 5366 2127 5421; x_wconf 86' lang='lat' dir='ltr'><strong>salubriter</strong></span> <span class='ocrx_word' id='word_1_733' title='bbox 2166 5366 2273 5420; x_wconf 54' lang='lat' dir='ltr'><strong>dis.</strong></span> 
     </span>
    </p>
   </div>
   <div class='ocr_carea' id='block_1_101' title="bbox 695 5460 2272 5533">
    <p class='ocr_par' dir='ltr' id='par_1_101' title="bbox 695 5460 2272 5533">
     <span class='ocr_line' id='line_1_101' title="bbox 695 5460 2272 5533; baseline -0.003 -17"><span class='ocrx_word' id='word_1_734' title='bbox 695 5462 943 5533; x_wconf 89' lang='lat' dir='ltr'><strong>posuisti,</strong></span> <span class='ocrx_word' id='word_1_735' title='bbox 980 5468 1040 5517; x_wconf 90' lang='lat' dir='ltr'><strong>ut</strong></span> <span class='ocrx_word' id='word_1_736' title='bbox 1083 5469 1137 5516; x_wconf 92' lang='lat' dir='ltr'><strong>et</strong></span> <span class='ocrx_word' id='word_1_737' title='bbox 1170 5474 1269 5529; x_wconf 85' lang='lat' dir='ltr'><strong>ego</strong></span> <span class='ocrx_word' id='word_1_738' title='bbox 1293 5460 1458 5533; x_wconf 57' lang='grc' dir='ltr'><strong>ἀεί)</strong></span> <span class='ocrx_word' id='word_1_739' title='bbox 1495 5477 1833 5532; x_wconf 90' lang='lat' dir='ltr'><strong>nequaquam</strong></span> <span class='ocrx_word' id='word_1_740' title='bbox 1868 5469 2078 5513; x_wconf 89' lang='lat' dir='ltr'><strong>tuarum</strong></span> <span class='ocrx_word' id='word_1_741' title='bbox 2110 5460 2272 5513; x_wconf 89' lang='lat' dir='ltr'><strong>disci-</strong></span> 
     </span>
    </p>
   </div>
   <div class='ocr_carea' id='block_1_102' title="bbox 698 5549 2270 5623">
    <p class='ocr_par' dir='ltr' id='par_1_102' title="bbox 698 5549 2270 5623">
     <span class='ocr_line' id='line_1_102' title="bbox 698 5549 2270 5623; baseline -0.001 -18"><span class='ocrx_word' id='word_1_742' title='bbox 698 5552 967 5623; x_wconf 91' lang='lat' dir='ltr'><strong>plinarum</strong></span> <span class='ocrx_word' id='word_1_743' title='bbox 1018 5551 1324 5605; x_wconf 86' lang='lat' dir='ltr'><strong>rudimento</strong></span> <span class='ocrx_word' id='word_1_744' title='bbox 1369 5566 1647 5617; x_wconf 90' lang='lat' dir='ltr'><strong>carerem,</strong></span> <span class='ocrx_word' id='word_1_745' title='bbox 1704 5561 1760 5607; x_wconf 91' lang='lat' dir='ltr'><strong>et</strong></span> <span class='ocrx_word' id='word_1_746' title='bbox 1815 5549 1903 5605; x_wconf 91' lang='lat' dir='ltr'><strong>ille</strong></span> <span class='ocrx_word' id='word_1_747' title='bbox 1957 5563 2119 5619; x_wconf 90' lang='lat' dir='ltr'><strong>quam</strong></span> <span class='ocrx_word' id='word_1_748' title='bbox 2174 5549 2270 5604; x_wconf 91' lang='lat' dir='ltr'><strong>tibi</strong></span> 
     </span>
    </p>
   </div>
   <div class='ocr_carea' id='block_1_103' title="bbox 696 5642 1776 5713">
    <p class='ocr_par' dir='ltr' id='par_1_103' title="bbox 696 5642 1776 5713">
     <span class='ocr_line' id='line_1_103' title="bbox 696 5642 1776 5713; baseline -0.002 -14"><span class='ocrx_word' id='word_1_749' title='bbox 696 5643 904 5699; x_wconf 79' lang='lat' dir='ltr'><strong>fecerat</strong></span> <span class='ocrx_word' id='word_1_750' title='bbox 936 5656 1042 5697; x_wconf 89' lang='lat' dir='ltr'><strong>non</strong></span> <span class='ocrx_word' id='word_1_751' title='bbox 1063 5642 1386 5710; x_wconf 88' lang='lat' dir='ltr'><strong>irrumperet</strong></span> <span class='ocrx_word' id='word_1_752' title='bbox 1413 5643 1776 5713; x_wconf 88' lang='lat' dir='ltr'><strong>sponsionem.</strong></span> 
     </span>
    </p>
   </div>
   <div class='ocr_carea' id='block_1_104' title="bbox 770 5721 2272 5805">
    <p class='ocr_par' dir='ltr' id='par_1_104' title="bbox 770 5721 2272 5805">
     <span class='ocr_line' id='line_1_104' title="bbox 770 5721 2272 5805; baseline -0.003 -14"><span class='ocrx_word' id='word_1_753' title='bbox 770 5733 1085 5792; x_wconf 85' lang='lat' dir='ltr'><strong>Litterarum</strong></span> <span class='ocrx_word' id='word_1_754' title='bbox 1116 5734 1302 5791; x_wconf 77' lang='lat' dir='ltr'><strong>studiis</strong></span> <span class='ocrx_word' id='word_1_755' title='bbox 1323 5732 1385 5788; x_wconf 85' lang='grc' dir='ltr'><strong>Β.</strong></span> <span class='ocrx_word' id='word_1_756' title='bbox 1415 5732 1651 5805; x_wconf 84' lang='lat' dir='ltr'><strong>Gregorii</strong></span> <span class='ocrx_word' id='word_1_757' title='bbox 1678 5735 1806 5803; x_wconf 83' lang='lat' dir='ltr'><strong>festo</strong></span> <span class='ocrx_word' id='word_1_758' title='bbox 1832 5734 1914 5788; x_wconf 86' lang='lat' dir='ltr'><strong>die</strong></span> <span class='ocrx_word' id='word_1_759' title='bbox 1944 5721 2272 5789; x_wconf 58' lang='lat' dir='ltr'><strong>traditur.—</strong></span> 
     </span>
    </p>
   </div>
   <div class='ocr_carea' id='block_1_105' title="bbox 2377 4526 3803 4616">
    <p class='ocr_par' dir='ltr' id='par_1_105' title="bbox 2377 4526 3803 4616">
     <span class='ocr_line' id='line_1_105' title="bbox 2377 4526 3803 4616; baseline -0.02 -16"><span class='ocrx_word' id='word_1_760' title='bbox 2377 4546 2577 4600; x_wconf 89' lang='lat' dir='ltr'><strong>osculis</strong></span> <span class='ocrx_word' id='word_1_761' title='bbox 2626 4560 2720 4599; x_wconf 91' lang='lat' dir='ltr'><strong>ora</strong></span> <span class='ocrx_word' id='word_1_762' title='bbox 2764 4545 3199 4615; x_wconf 88' lang='lat' dir='ltr'><strong>comprimerem,</strong></span> <span class='ocrx_word' id='word_1_763' title='bbox 3250 4539 3627 4616; x_wconf 66' lang='lat' dir='ltr'><strong>expergiscitur,</strong></span> <span class='ocrx_word' id='word_1_764' title='bbox 3662 4526 3803 4616; x_wconf 65' lang='lat' dir='ltr'><strong>ettantt</strong></span> 
     </span>
    </p>
   </div>
   <div class='ocr_carea' id='block_1_106' title="bbox 2376 4614 3802 4710">
    <p class='ocr_par' dir='ltr' id='par_1_106' title="bbox 2376 4614 3802 4710">
     <span class='ocr_line' id='line_1_106' title="bbox 2376 4614 3802 4710; baseline -0.018 -18"><span class='ocrx_word' id='word_1_765' title='bbox 2376 4637 2480 4691; x_wconf 87' lang='lat' dir='ltr'><strong>mei</strong></span> <span class='ocrx_word' id='word_1_766' title='bbox 2512 4636 2797 4692; x_wconf 72' lang='lat' dir='ltr'><strong>affectione</strong></span> <span class='ocrx_word' id='word_1_767' title='bbox 2842 4635 3155 4706; x_wconf 90' lang='lat' dir='ltr'><strong>corripitur,</strong></span> <span class='ocrx_word' id='word_1_768' title='bbox 3184 4647 3245 4691; x_wconf 88' lang='lat' dir='ltr'><strong>ut</strong></span> <span class='ocrx_word' id='word_1_769' title='bbox 3281 4614 3593 4692; x_wconf 83' lang='lat' dir='ltr'><strong>cunctatione</strong></span> <span class='ocrx_word' id='word_1_770' title='bbox 3612 4614 3802 4710; x_wconf 47' lang='lat' dir='ltr'><strong>rejects.tl</strong></span> 
     </span>
    </p>
   </div>
   <div class='ocr_carea' id='block_1_107' title="bbox 2378 4708 3802 4798">
    <p class='ocr_par' dir='ltr' id='par_1_107' title="bbox 2378 4708 3802 4798">
     <span class='ocr_line' id='line_1_107' title="bbox 2378 4708 3802 4798; baseline -0.018 -16"><span class='ocrx_word' id='word_1_771' title='bbox 2378 4737 2660 4797; x_wconf 86' lang='lat' dir='ltr'><strong>parentum</strong></span> <span class='ocrx_word' id='word_1_772' title='bbox 2708 4743 2971 4795; x_wconf 89' lang='lat' dir='ltr'><strong>meorum,</strong></span> <span class='ocrx_word' id='word_1_773' title='bbox 2999 4728 3192 4798; x_wconf 89' lang='lat' dir='ltr'><strong>quibus</strong></span> <span class='ocrx_word' id='word_1_774' title='bbox 3226 4738 3331 4783; x_wconf 89' lang='lat' dir='ltr'><strong>tam</strong></span> <span class='ocrx_word' id='word_1_775' title='bbox 3377 4727 3497 4794; x_wconf 89' lang='lat' dir='ltr'><strong>ipse,</strong></span> <span class='ocrx_word' id='word_1_776' title='bbox 3525 4726 3652 4786; x_wconf 86' lang='lat' dir='ltr'><strong>quam</strong></span> <span class='ocrx_word' id='word_1_777' title='bbox 3688 4708 3741 4759; x_wconf 81' lang='lat' dir='ltr'><strong>sui</strong></span> <span class='ocrx_word' id='word_1_778' title='bbox 3767 4708 3802 4798; x_wconf 55' lang='lat' dir='ltr'><strong>et</strong></span> 
     </span>
    </p>
   </div>
   <div class='ocr_carea' id='block_1_108' title="bbox 2378 4796 3800 4884">
    <p class='ocr_par' dir='ltr' id='par_1_108' title="bbox 2378 4796 3800 4884">
     <span class='ocr_line' id='line_1_108' title="bbox 2378 4796 3800 4884; baseline -0.006 -11"><span class='ocrx_word' id='word_1_779' title='bbox 2378 4826 2490 4874; x_wconf 88' lang='lat' dir='ltr'><strong>toto</strong></span> <span class='ocrx_word' id='word_1_780' title='bbox 2537 4820 2800 4875; x_wconf 77' lang='lat' dir='ltr'><strong>obnoxius</strong></span> <span class='ocrx_word' id='word_1_781' title='bbox 2849 4796 3236 4884; x_wconf 32' lang='lat' dir='ltr'><strong>erat,&#39;timore</strong></span> <span class='ocrx_word' id='word_1_782' title='bbox 3300 4826 3527 4874; x_wconf 81' lang='lat' dir='ltr'><strong>recusso,</strong></span> <span class='ocrx_word' id='word_1_783' title='bbox 3576 4801 3628 4858; x_wconf 80' lang='lat' dir='ltr'><strong>ad</strong></span> <span class='ocrx_word' id='word_1_784' title='bbox 3664 4796 3800 4851; x_wconf 59' lang='lat' dir='ltr'><strong>mm”</strong></span> 
     </span>
    </p>
   </div>
   <div class='ocr_carea' id='block_1_109' title="bbox 2379 4905 3754 4978">
    <p class='ocr_par' dir='ltr' id='par_1_109' title="bbox 2379 4905 3754 4978">
     <span class='ocr_line' id='line_1_109' title="bbox 2379 4905 3754 4978; baseline -0.008 -13"><span class='ocrx_word' id='word_1_785' title='bbox 2379 4927 2552 4966; x_wconf 90' lang='lat' dir='ltr'><strong>meam</strong></span> <span class='ocrx_word' id='word_1_786' title='bbox 2586 4912 2925 4967; x_wconf 89' lang='lat' dir='ltr'><strong>habitaturus</strong></span> <span class='ocrx_word' id='word_1_787' title='bbox 2953 4926 3074 4965; x_wconf 91' lang='lat' dir='ltr'><strong>cum</strong></span> <span class='ocrx_word' id='word_1_788' title='bbox 3106 4910 3222 4978; x_wconf 90' lang='lat' dir='ltr'><strong>ipsa</strong></span> <span class='ocrx_word' id='word_1_789' title='bbox 3251 4905 3562 4965; x_wconf 84' lang='lat' dir='ltr'><strong>concederet.</strong></span> <span class='ocrx_word' id='word_1_790' title='bbox 3748 4968 3754 4975; x_wconf 29' lang='grc' dir='ltr'><strong><em>ο</em></strong></span> 
     </span>
    </p>
   </div>
   <div class='ocr_carea' id='block_1_110' title="bbox 2450 4974 3801 5071">
    <p class='ocr_par' dir='ltr' id='par_1_110' title="bbox 2450 4974 3801 5071">
     <span class='ocr_line' id='line_1_110' title="bbox 2450 4974 3801 5071; baseline -0.019 -15"><span class='ocrx_word' id='word_1_791' title='bbox 2450 5003 2580 5056; x_wconf 85' lang='lat' dir='ltr'><strong>Erat</strong></span> <span class='ocrx_word' id='word_1_792' title='bbox 2614 5009 2793 5056; x_wconf 91' lang='lat' dir='ltr'><strong>autem</strong></span> <span class='ocrx_word' id='word_1_793' title='bbox 2837 5015 2971 5071; x_wconf 88' lang='lat' dir='ltr'><strong>puer</strong></span> <span class='ocrx_word' id='word_1_794' title='bbox 3016 5001 3218 5066; x_wconf 90' lang='lat' dir='ltr'><strong>isdem,</strong></span> <span class='ocrx_word' id='word_1_795' title='bbox 3263 5011 3413 5068; x_wconf 71' lang='lat' dir='ltr'><strong>quem</strong></span> <span class='ocrx_word' id='word_1_796' title='bbox 3455 4997 3640 5047; x_wconf 85' lang='lat' dir='ltr'><strong>eatenus</strong></span> <span class='ocrx_word' id='word_1_797' title='bbox 3661 4974 3801 5071; x_wconf 37' lang='lat' dir='ltr'><strong>datu“:</strong></span> 
     </span>
    </p>
   </div>
   <div class='ocr_carea' id='block_1_111' title="bbox 2378 5073 3710 5166">
    <p class='ocr_par' dir='ltr' id='par_1_111' title="bbox 2378 5073 3710 5166">
     <span class='ocr_line' id='line_1_111' title="bbox 2378 5073 3710 5166; baseline -0.012 -17"><span class='ocrx_word' id='word_1_798' title='bbox 2378 5104 2549 5160; x_wconf 89' lang='lat' dir='ltr'><strong>verat,</strong></span> <span class='ocrx_word' id='word_1_799' title='bbox 2602 5093 2825 5164; x_wconf 81' lang='lat' dir='ltr'><strong>pulcher</strong></span> <span class='ocrx_word' id='word_1_800' title='bbox 2869 5092 3109 5163; x_wconf 87' lang='lat' dir='ltr'><strong>quidem,</strong></span> <span class='ocrx_word' id='word_1_801' title='bbox 3157 5103 3211 5148; x_wconf 89' lang='lat' dir='ltr'><strong>et</strong></span> <span class='ocrx_word' id='word_1_802' title='bbox 3256 5088 3465 5149; x_wconf 86' lang='lat' dir='ltr'><strong>nobilis,</strong></span> <span class='ocrx_word' id='word_1_803' title='bbox 3513 5073 3710 5166; x_wconf 41' lang='lat' dir='ltr'><strong>sedda?</strong></span> 
     </span>
    </p>
   </div>
   <div class='ocr_carea' id='block_1_112' title="bbox 2377 5160 3795 5259">
    <p class='ocr_par' dir='ltr' id='par_1_112' title="bbox 2377 5160 3795 5259">
     <span class='ocr_line' id='line_1_112' title="bbox 2377 5160 3795 5259; baseline 0 -20"><span class='ocrx_word' id='word_1_804' title='bbox 2377 5186 2643 5239; x_wconf 87' lang='lat' dir='ltr'><strong>bonarum</strong></span> <span class='ocrx_word' id='word_1_805' title='bbox 2675 5186 2873 5259; x_wconf 86' lang='lat' dir='ltr'><strong>artium</strong></span> <span class='ocrx_word' id='word_1_806' title='bbox 2909 5184 3090 5256; x_wconf 80' lang='lat' dir='ltr'><strong>fugax,</strong></span> <span class='ocrx_word' id='word_1_807' title='bbox 3131 5186 3195 5239; x_wconf 90' lang='lat' dir='ltr'><strong>ad</strong></span> <span class='ocrx_word' id='word_1_808' title='bbox 3224 5196 3402 5240; x_wconf 88' lang='lat' dir='ltr'><strong>omnes</strong></span> <span class='ocrx_word' id='word_1_809' title='bbox 3428 5160 3795 5259; x_wconf 41' lang='lat' dir='ltr'><strong>disciplim“5</strong></span> 
     </span>
    </p>
   </div>
   <div class='ocr_carea' id='block_1_113' title="bbox 2376 5248 3797 5344">
    <p class='ocr_par' dir='ltr' id='par_1_113' title="bbox 2376 5248 3797 5344">
     <span class='ocr_line' id='line_1_113' title="bbox 2376 5248 3797 5344; baseline -0.008 -15"><span class='ocrx_word' id='word_1_810' title='bbox 2376 5276 2519 5339; x_wconf 89' lang='lat' dir='ltr'><strong>bilis,</strong></span> <span class='ocrx_word' id='word_1_811' title='bbox 2552 5291 2651 5344; x_wconf 88' lang='lat' dir='ltr'><strong>pro</strong></span> <span class='ocrx_word' id='word_1_812' title='bbox 2690 5256 2849 5330; x_wconf 77' lang='lat' dir='ltr'><strong>aetate</strong></span> <span class='ocrx_word' id='word_1_813' title='bbox 2880 5248 3129 5338; x_wconf 66' lang='lat' dir='ltr'><strong>mendas,</strong></span> <span class='ocrx_word' id='word_1_814' title='bbox 3158 5283 3213 5330; x_wconf 90' lang='lat' dir='ltr'><strong>et</strong></span> <span class='ocrx_word' id='word_1_815' title='bbox 3254 5272 3445 5327; x_wconf 87' lang='lat' dir='ltr'><strong>futibus</strong></span> <span class='ocrx_word' id='word_1_816' title='bbox 3487 5262 3559 5335; x_wconf 65' lang='grc' dir='ltr'><strong>[ίαν</strong></span> <span class='ocrx_word' id='word_1_817' title='bbox 3586 5248 3668 5319; x_wconf 69' lang='grc' dir='ltr'><strong>[υτ]</strong></span> 
     </span>
    </p>
   </div>
   <div class='ocr_carea' id='block_1_114' title="bbox 2378 5332 3798 5435">
    <p class='ocr_par' dir='ltr' id='par_1_114' title="bbox 2378 5332 3798 5435">
     <span class='ocr_line' id='line_1_114' title="bbox 2378 5332 3798 5435; baseline 0.001 -19"><span class='ocrx_word' id='word_1_818' title='bbox 2378 5365 2695 5435; x_wconf 86' lang='lat' dir='ltr'><strong>proﬁciente</strong></span> <span class='ocrx_word' id='word_1_819' title='bbox 2726 5365 2992 5427; x_wconf 86' lang='lat' dir='ltr'><strong>custodia,</strong></span> <span class='ocrx_word' id='word_1_820' title='bbox 3031 5365 3118 5417; x_wconf 72' lang='lat' dir='ltr'><strong>vix</strong></span> <span class='ocrx_word' id='word_1_821' title='bbox 3151 5366 3202 5418; x_wconf 92' lang='lat' dir='ltr'><strong>in</strong></span> <span class='ocrx_word' id='word_1_822' title='bbox 3234 5360 3433 5423; x_wconf 88' lang='lat' dir='ltr'><strong>schola,</strong></span> <span class='ocrx_word' id='word_1_823' title='bbox 3465 5352 3541 5409; x_wconf 71' lang='lat' dir='ltr'><strong>sed</strong></span> <span class='ocrx_word' id='word_1_824' title='bbox 3580 5351 3685 5435; x_wconf 62' lang='lat' dir='ltr'><strong>We</strong></span> 
     </span>
    </p>
   </div>
   <div class='ocr_carea' id='block_1_115' title="bbox 2377 5420 3797 5525">
    <p class='ocr_par' dir='ltr' id='par_1_115' title="bbox 2377 5420 3797 5525">
     <span class='ocr_line' id='line_1_115' title="bbox 2377 5420 3797 5525; baseline -0.008 -13"><span class='ocrx_word' id='word_1_825' title='bbox 2377 5460 2465 5512; x_wconf 89' lang='lat' dir='ltr'><strong>die</strong></span> <span class='ocrx_word' id='word_1_826' title='bbox 2494 5456 2815 5511; x_wconf 89' lang='lat' dir='ltr'><strong>delitescens</strong></span> <span class='ocrx_word' id='word_1_827' title='bbox 2861 5455 3196 5524; x_wconf 77' lang='lat' dir='ltr'><strong>reperiretur</strong></span> <span class='ocrx_word' id='word_1_828' title='bbox 3242 5453 3292 5507; x_wconf 93' lang='lat' dir='ltr'><strong>in</strong></span> <span class='ocrx_word' id='word_1_829' title='bbox 3340 5440 3586 5504; x_wconf 78' lang='lat' dir='ltr'><strong>vineis.Al</strong></span> <span class='ocrx_word' id='word_1_830' title='bbox 3624 5420 3797 5525; x_wconf 48' lang='grc' dir='ltr'><strong>ίιίξηυξεξ</strong></span> 
     </span>
    </p>
   </div>
   <div class='ocr_carea' id='block_1_116' title="bbox 2377 5509 3799 5622">
    <p class='ocr_par' dir='ltr' id='par_1_116' title="bbox 2377 5509 3799 5622">
     <span class='ocr_line' id='line_1_116' title="bbox 2377 5509 3799 5622; baseline 0.004 -24"><span class='ocrx_word' id='word_1_831' title='bbox 2377 5564 2497 5605; x_wconf 87' lang='lat' dir='ltr'><strong>cnut</strong></span> <span class='ocrx_word' id='word_1_832' title='bbox 2531 5548 2752 5617; x_wconf 88' lang='lat' dir='ltr'><strong>puerilis</strong></span> <span class='ocrx_word' id='word_1_833' title='bbox 2781 5546 3043 5602; x_wconf 73' lang='lat' dir='ltr'><strong>vecordia:</strong></span> <span class='ocrx_word' id='word_1_834' title='bbox 3082 5546 3371 5608; x_wconf 80' lang='lat' dir='ltr'><strong>taeduisset,</strong></span> <span class='ocrx_word' id='word_1_835' title='bbox 3414 5546 3461 5593; x_wconf 75' lang='lat' dir='ltr'><strong>et</strong></span> <span class='ocrx_word' id='word_1_836' title='bbox 3487 5531 3527 5588; x_wconf 76' lang='grc' dir='ltr'><strong>εί</strong></span> <span class='ocrx_word' id='word_1_837' title='bbox 3552 5509 3799 5622; x_wconf 48' lang='grc' dir='ltr'><strong>ηυξτίίξῗ</strong></span> 
     </span>
    </p>
   </div>
   <div class='ocr_carea' id='block_1_117' title="bbox 2375 5606 3796 5712">
    <p class='ocr_par' dir='ltr' id='par_1_117' title="bbox 2375 5606 3796 5712">
     <span class='ocr_line' id='line_1_117' title="bbox 2375 5606 3796 5712; baseline -0.018 -15"><span class='ocrx_word' id='word_1_838' title='bbox 2375 5651 2676 5712; x_wconf 87' lang='lat' dir='ltr'><strong>opportune</strong></span> <span class='ocrx_word' id='word_1_839' title='bbox 2707 5641 3046 5697; x_wconf 80' lang='lat' dir='ltr'><strong>familiaritas</strong></span> <span class='ocrx_word' id='word_1_840' title='bbox 3087 5642 3369 5703; x_wconf 79' lang='lat' dir='ltr'><strong>arrisisset,</strong></span> <span class='ocrx_word' id='word_1_841' title='bbox 3407 5638 3455 5686; x_wconf 91' lang='lat' dir='ltr'><strong>et</strong></span> <span class='ocrx_word' id='word_1_842' title='bbox 3479 5606 3796 5712; x_wconf 43' lang='lat' dir='ltr'><strong>visionisili‘f&quot;:</strong></span> 
     </span>
    </p>
   </div>
   <div class='ocr_carea' id='block_1_118' title="bbox 2377 5690 3795 5801">
    <p class='ocr_par' dir='ltr' id='par_1_118' title="bbox 2377 5690 3795 5801">
     <span class='ocr_line' id='line_1_118' title="bbox 2377 5690 3795 5801; baseline -0.03 -14"><span class='ocrx_word' id='word_1_843' title='bbox 2563 5740 2734 5797; x_wconf 88' lang='lat' dir='ltr'><strong>tenor,</strong></span> <span class='ocrx_word' id='word_1_844' title='bbox 2773 5747 2905 5799; x_wconf 87' lang='lat' dir='ltr'><strong>rem,</strong></span> <span class='ocrx_word' id='word_1_845' title='bbox 2956 5747 3115 5801; x_wconf 82' lang='lat' dir='ltr'><strong>quam</strong></span> <span class='ocrx_word' id='word_1_846' title='bbox 3158 5730 3388 5800; x_wconf 85' lang='lat' dir='ltr'><strong>petebat,</strong></span> <span class='ocrx_word' id='word_1_847' title='bbox 3438 5714 3523 5773; x_wconf 89' lang='lat' dir='ltr'><strong>sibi</strong></span> <span class='ocrx_word' id='word_1_848' title='bbox 3567 5690 3795 5775; x_wconf 69' lang='lat' dir='ltr'><strong>pottsSth’</strong></span> 
     </span>
    </p>
   </div>
  </div>
