4012 6346
628 382 697 394 ⁷δηό
722 386 731 394 ἢ

112 410 217 467 εδδ

1130 402 1213 457 DE
1258 401 1405 457 VITA
1451 400 1583 455 SUA
1623 396 1799 453 LIBRI
1839 394 2035 451 TRES.
2074 425 2137 435 -—-
2163 394 2286 450 Llll.
2329 395 2367 449 1.

3270 395 3379 452 846

112 525 524 587 iuviscerassct,
553 519 705 590 pueri
745 517 1001 573 comitatu
1024 516 1260 582 deserto,
1289 525 1341 569 et
1370 516 1467 569 sub
1496 513 1690 582 quibus
1725 515 1763 570 Α
1795 510 1955 563 tionis
1992 510 2105 563 ines
2138 524 2167 561 e
2195 510 2361 573 dono;
2399 509 2475 564 sic
2508 524 2603 564 nec
2627 508 2791 581 jugis,
2828 518 2882 565 ut
2916 515 2986 565 ita
3018 512 3222 577 dicam,
3253 528 3378 583 per-

110 626 312 693 agebat
355 622 601 678 dominos
645 633 797 688 teque
845 616 1075 686 reliquit.
1127 614 1278 681 Quod
1321 623 1495 667 tamen
1550 612 1693 665 haud

110 718 338 784 impune
369 713 620 777 fecisset,
663 710 764 764 nisi
804 724 923 765 eum
956 707 1161 775 matris
1210 715 1314 760 tam
1364 703 1692 769 reverentia,

108 821 279 873 quam
313 802 548 874 potentia
576 799 915 873 protexisset.

742 888 971 946 CAPUT
1011 889 1074 945 ν.

188 985 471 1041 Guibertus
514 982 720 1051 optimis
757 981 1008 1034 imbuitur
1051 980 1302 1033 institutas
1344 994 1404 1031 ac
1443 978 1694 1031 moribus.

113 1074 328 1127 Acriori
366 1073 461 1127 sub
525 1069 803 1140 disciplina
869 1068 1155 1122 cohibetur.
1181 1097 1252 1106 -—
1281 1065 1392 1121 Sub
1441 1081 1498 1121 se
1537 1066 1700 1135 igitur

110 1165 477 1220 constitutum
511 1171 654 1216 tanta
686 1160 922 1231 puritate
972 1174 1057 1214 me
1101 1160 1318 1224 docuit,
1365 1157 1433 1212 ab
1468 1158 1702 1212 insolen-

114 1256 233 1323 liis,
265 1270 385 1325 quae
408 1253 610 1308 innasci
645 1251 985 1323 priuuevitati
1020 1250 1095 1304 illi
1126 1250 1321 1312 solent,
1356 1257 1499 1302 tanta
1529 1248 1701 1301 since-

113 1347 286 1402 ritate
307 1345 568 1410 cohibuit,
608 1352 666 1398 ut
711 1358 795 1397 me
825 1342 1039 1411 penitus
1082 1356 1110 1395 a
1148 1338 1531 1395 communibus
1563 1337 1702 1407 lupis

115 1449 358 1502 arceret,
400 1438 601 1504 absque
648 1452 748 1493 suo
793 1435 1050 1491 comitatu
1093 1446 1356 1502 nusquam
1384 1430 1536 1485 abire
1583 1446 1705 1499 per-

114 1529 383 1593 mitteret,
418 1542 523 1581 non
562 1528 741 1582 cibum
778 1533 976 1596 praeter
1016 1522 1158 1578 domi
1203 1537 1436 1588 sumere,
1472 1536 1575 1575 non
1604 1535 1701 1575 cu-

113 1622 355 1690 prspiam
398 1634 590 1674 munus
638 1619 740 1674 nisi
790 1618 1003 1673 licentia
1050 1631 1079 1669 a
1122 1629 1179 1669 se
1223 1615 1347 1669 data
1397 1615 1700 1682 suscipere;

116 1712 262 1766 nihil
298 1727 403 1766 non
435 1720 819 1780 tcmperantcr,
850 1724 955 1763 non
987 1710 1037 1761 in
1078 1710 1276 1772 verbo,
1302 1722 1407 1761 non
1440 1707 1491 1759 in
1525 1721 1706 1777 respe—

113 1812 238 1867 ctu,
289 1818 392 1855 non
422 1816 584 1871 Opere
632 1816 814 1872 agere,
845 1810 907 1855 ut
950 1816 1054 1855 non
1086 1800 1421 1858 clericatum.
1452 1798 1580 1867 quin
1613 1814 1708 1868 po-

119 1895 236 1947 tius
271 1895 646 1948 monachatum
676 1908 705 1946 a
738 1908 823 1946 me
848 1893 1122 1946 videretur
1149 1891 1382 1960 exigere.
1414 1889 1548 1943 Nam
1583 1905 1704 1947 cum

117 1983 353 2052 aequaevi
385 1984 485 2038 mei
528 1984 730 2053 passim
782 1984 848 2038 ad
897 1982 1104 2037 libitum
1150 1989 1497 2051 vagarentur,
1530 1988 1585 2034 et
1629 1981 1707 2035 eis

120 2073 328 2128 debitae
360 2074 652 2127 secundum
699 2082 905 2142 tempus
951 2070 1220 2126 facultatis
1248 2057 1400 2124 frEna
1439 2080 1706 2140 paterent,

121 2179 231 2233 ego
264 2162 331 2215 ab
362 2164 662 2233 hujusmodi
688 2178 783 2232 per
805 2163 1018 2217 sedulas
1045 2158 1400 2216 coercitiones
1427 2161 1708 2226 inhibitus,

120 2254 455 2308 elericaliter
483 2253 741 2308 infulatus
771 2254 1056 2317 sedebam,
1086 2263 1139 2306 ct
1178 2252 1377 2321 opacos
1412 2252 1710 2306 ludentium
1738 2246 1739 2249 “

124 2346 290 2413 quasi
322 2346 553 2416 peritum
581 2345 781 2399 animal
824 2340 1201 2414 efspcctabam
1232 2343 1322 2414 [[.,
1354 2342 1708 2414 spectabam].

128 2438 431 2494 Dominicis
482 2438 644 2493 etiam
690 2446 744 2492 et
800 2436 989 2491 diebus
1042 2444 1354 2491 sanctorum
1404 2434 1557 2489 festis
1613 2435 1711 2489 sub

125 2529 407 2583 exercitus
454 2528 714 2584 scholaris
752 2542 979 2583 censura
1034 2527 1284 2595 cogebar,
1332 2532 1387 2578 et
1434 2524 1580 2579 nullo
1628 2524 1713 2580 die

131 2617 247 2673 ullo
280 2618 364 2672 vix
396 2626 635 2688 tempore
667 2617 916 2673 feriatum
958 2631 1042 2671 me
1072 2631 1191 2671 csse
1228 2616 1447 2680 licebat,
1495 2630 1559 2670 ac
1588 2616 1712 2669 uni-

132 2708 296 2763 mode
318 2723 532 2779 semper
559 2709 626 2762 ad
670 2706 947 2762 subeunda
994 2706 1167 2759 studia
1214 2709 1557 2777 perurgebar.
1599 2705 1714 2775 Ipse

132 2806 321 2853 autem
367 2811 454 2852 me
494 2795 666 2852 solum
697 2796 1033 2851 edocendum
1061 2795 1376 2864 suscipiens,
1417 2795 1713 2860 neminem,

134 2888 305 2942 alium
332 2903 491 2957 quem
522 2888 760 2954 doceret,
787 2889 1202 2957 permittebatur
1234 2888 1452 2943 habere.

210 2978 276 3032 Et
305 2993 428 3033 cum
457 2978 589 3032 mihi
618 2979 692 3031 ita
721 2976 989 3032 institeret
1022 2976 1108 3048 [{.,
1141 2976 1458 3047 insisteret],
1488 2985 1543 3031 et
1568 2978 1715 3047 inge-

135 3067 345 3122 uiolum
377 3082 553 3122 meum
578 3083 687 3137 pra:
717 3075 862 3121 tanta
887 3068 1140 3121 instantia
1171 3068 1398 3137 quisque
1427 3068 1716 3123 adintuens

1795 603 1997 659 vicacia
2046 602 2098 655 in
2138 601 2466 672 cogitatione
2509 604 2749 671 qualibet
2796 605 3056 659 laboranti
3098 609 3377 662 constabit

1797 692 2031 762 ingenio.
2066 691 2192 746 Inde
2216 692 2397 760 itaque
2426 692 2651 746 intensis
2681 693 2994 748 unicuilibet
3018 695 3093 749 rei
3119 695 3378 750 cordibus

1796 782 2199 838 vicissitudines
2237 782 2592 837 intentionum
2640 784 2908 839 credimus
2933 784 3283 851 adhibendas,
3320 795 3381 839 ut

1799 876 1924 928 dum
1965 875 2177 929 diversa
2209 874 2516 930 alternatim
2546 886 2726 932 mente
2750 885 3069 944 tractamus,
3101 881 3168 935 ad
3205 895 3374 934 unum

1801 966 1885 1020 cui
1912 966 2260 1035 potissimum
2291 968 2507 1022 animus
2532 967 2698 1038 aftigi,
2747 971 2897 1037 quasi
2927 984 2994 1024 ex
3038 971 3243 1024 indulta
3284 986 3375 1024 re-

1800 1059 2062 1114 creati....
2097 1060 2349 1115 noviorcs
2376 1061 2682 1115 redeamus.
2719 1060 2924 1115 Habeat
2953 1063 3184 1132 denique
3210 1063 3380 1117 lassa-

1801 1150 1977 1203 bunda
2011 1151 2299 1220 aliquoties
2328 1162 2520 1205 natura
2552 1151 2652 1206 sub
2677 1152 2858 1221 aliqua
2889 1155 2969 1207 sui
2993 1158 3170 1221 operis
3201 1158 3373 1211 \arie-

1806 1250 1915 1296 tate
1947 1244 2268 1297 remedium.
2320 1243 2690 1298 Recordemur
2716 1243 2882 1298 Deum
2910 1258 3015 1297 non
3034 1243 3380 1298 uniformiter

1805 1331 2105 1387 instituisse
2129 1333 2406 1399 smeulum,
2436 1336 2530 1388 sed
2568 1333 2668 1388 sub
2693 1335 2880 1389 diebus
2903 1350 2967 1388 ac
2992 1335 3259 1399 noctibus,
3286 1336 3381 1389 sed

1805 1424 1905 1479 sub
1940 1441 2066 1480 vere
2086 1440 2150 1480 ac
2181 1435 2389 1491 aestate,
2422 1427 2522 1481 sub
2549 1434 2836 1490 autumno,
2865 1436 2918 1480 et
2954 1428 3156 1491 hieme,
3206 1436 3382 1481 muta-

1808 1516 2043 1571 tionibus
2071 1531 2167 1571 nos
2192 1517 2491 1572 oblectasse
2521 1525 2843 1587 temporum.
2877 1519 3069 1573 Videat
3088 1534 3216 1587 ergo
3237 1520 3383 1587 quis-

1808 1621 1932 1676 que,
1963 1607 2049 1661 cui
2077 1622 2272 1661 nomen
2296 1607 2539 1675 magistri
2586 1608 2895 1671 ascribitur,
2936 1609 3167 1678 qualiter
3197 1610 3383 1665 mode-

1811 1708 1961 1753 retur
1991 1699 2303 1767 disciplinas
2333 1714 2625 1768 prerorum
2671 1715 2735 1755 ac
2786 1699 3064 1768 iuvenum,
3118 1702 3243 1770 quia
3277 1717 3385 1755 non

1810 1789 1968 1843 aliter
2025 1791 2358 1844 :estimamus
2416 1791 2751 1858 tractandos,
2805 1793 2858 1847 in
2900 1792 3096 1862 quibus
3149 1794 3386 1864 gravitas

1809 1880 2048 1951 plenaria
2071 1882 2217 1952 viget
2245 1882 2409 1936 etiam
2435 1897 2585 1938 more
2614 1899 2824 1939 senum.

1882 1970 2044 2026 Rudis
2074 1982 2122 2026 et
2166 1974 2381 2041 ignarus
2411 1970 2645 2028 Guiberti
2671 1976 3004 2046 pwdagogus.
3033 2005 3100 2015 —
3133 1975 3263 2030 Erat
3285 1973 3387 2043 igi-

1812 2074 1897 2119 tur
1925 2066 2124 2121 homini
2157 2066 2228 2119 illi
2263 2080 2429 2135 penes
2457 2081 2542 2121 me
2570 2081 2745 2122 saevus
2777 2082 2948 2133 amor,
2982 2081 3086 2121 non
3115 2066 3207 2138 [f.,
3239 2065 3385 2137 nam]

1812 2158 2061 2212 nimietas
2109 2157 2415 2212 severitatis
2458 2157 2511 2211 in
2547 2157 2748 2227 injusto
2791 2158 3074 2212 videbatur
3124 2158 3386 2219 verbere;

1812 2252 2088 2307 eminebat
2132 2258 2313 2304 tamen
2358 2251 2526 2305 totius
2579 2250 2853 2319 diligentia
2903 2250 3294 2304 observationis
3332 2249 3389 2303 in

1812 2356 1997 2412 opere.
2028 2340 2203 2396 Minus
2228 2340 2388 2411 plane
2425 2341 2583 2412 digne
2619 2340 2957 2410 vapulabam,
3005 2342 3131 2410 quia
3180 2341 3222 2397 si
3274 2341 3390 2411 ipse

1813 2434 2036 2490 haberet
2060 2448 2227 2502 quam
2259 2434 2622 2504 profitebatur
2651 2434 2875 2490 docendi
2904 2434 3176 2503 peritiam,
3199 2447 3384 2488 eorum

1813 2526 2079 2596 profecto,
2106 2543 2225 2598 quae
2249 2534 2398 2581 recte
2436 2524 2681 2589 dixisset,
2719 2526 2921 2595 Optime
2966 2540 3064 2595 pro
3096 2539 3268 2595 puero
3299 2539 3379 2580 ca-

1814 2631 1919 2685 pax
1950 2632 2118 2672 eram.
2163 2617 2270 2673 Sed
2301 2618 2425 2687 quia
2477 2617 2701 2672 minime
2735 2632 2799 2672 ex
2834 2616 3101 2672 sententia
3135 2616 3392 2685 loqueba-

1820 2716 1928 2772 tur,
1966 2715 2021 2763 et
2047 2708 2149 2764 sibi
2174 2708 2481 2763 nullatenus
2510 2709 2749 2777 patebat,
2794 2708 2939 2778 quod
2971 2721 3289 2778 expromere
3314 2708 3395 2762 ni-

1821 2799 2036 2854 tebatur
2064 2799 2208 2854 circa
2239 2800 2424 2865 vilem,
2451 2801 2545 2855 sed
2575 2814 2682 2854 non
2708 2799 2974 2869 patulum,
3005 2800 3095 2868 qui
3129 2798 3302 2871 colligi
3327 2801 3395 2854 ab

1817 2906 1883 2949 eo
1913 2907 2018 2949 non
2048 2901 2281 2964 poterat,
2311 2893 2507 2946 nedum
2541 2891 2782 2962 intelligi,
2817 2892 3017 2947 faceret
3038 2891 3250 2957 orbem,
3278 2892 3395 2961 ejus

1820 2984 2054 3039 inaniter
2101 2983 2281 3039 fabula
2318 2983 2655 3037 versabatur.
2690 2981 2857 3035 Rudis
2900 2982 3043 3035 enim
3086 2983 3137 3035 in
3183 2991 3395 3037 tantum

1822 3071 2017 3138 fuerat,
2058 3081 2117 3127 ut
2149 3072 2290 3141 quod
2323 3070 2461 3125 male
2488 3071 2652 3124 scmcl
2674 3069 2806 3137 jam,
2835 3080 2891 3124 ut
2922 3071 3214 3140 pradibavi,
3239 3088 3398 3143 gran-

136 3160 332 3213 exacui
358 3158 643 3229 plurimum
672 3159 941 3225 crederet,
967 3173 1087 3227 spes
1112 3159 1349 3212 omnium
1375 3158 1712 3212 cessabatur.
1747 3202 1787 3259 ο
1821 3162 2001 3217 drcvus
2034 3162 2308 3227 hauserat,
2344 3160 2784 3230 incorrigibiliter
2812 3161 3090 3228 retineret,
3117 3170 3170 3216 et
3199 3163 3243 3218 si
3266 3164 3397 3232 quid

138 3251 392 3307 Dietandi
423 3252 590 3316 enim,
617 3266 679 3306 ac
703 3250 1042 3306 versificandi
1074 3252 1138 3303 ad
1178 3251 1446 3320 integrum
1480 3251 1716 3304 scientiae

142 3357 341 3411 expers
365 3351 504 3397 erat.
536 3342 743 3397 Interea
769 3357 910 3396 saava
935 3342 1047 3396 fere
1073 3342 1311 3410 quotidie
1342 3342 1616 3411 alaparum
1653 3357 1719 3398 ac

138 3431 431 3486 verborum
459 3430 720 3502 grandine
752 3432 1050 3503 lapidabar,
1091 3432 1216 3486 dum
1255 3432 1369 3503 ipse
1393 3448 1478 3487 me
1501 3445 1718 3502 cogeret

137 3522 373 3586 discere,
405 3538 525 3591 qum
554 3523 749 3577 docere
779 3523 1113 3593 nequiverat.

214 3613 414 3665 Parum
438 3630 499 3667 ea
524 3613 591 3666 de
627 3630 682 3667 re
715 3614 767 3666 in
797 3613 1003 3678 litteris,
1034 3614 1254 3668 multum
1279 3631 1396 3670 vero
1429 3617 1482 3670 in
1514 3632 1717 3669 morum

141 3706 409 3760 honestate
436 3705 663 3774 proﬁcit.
694 3705 798 3772 Qui
835 3708 1143 3778 improbiori
1178 3710 1352 3763 studio
1384 3711 1590 3763 animus
1623 3728 1716 3779 op—

140 3796 404 3865 primitur,
431 3797 718 3851 hebetatur.
748 3828 818 3838 —
839 3800 974 3853 Duxi
1003 3801 1142 3868 apud
1170 3816 1293 3855 cum
1318 3802 1417 3855 sub
1443 3801 1545 3856 hac
1572 3803 1717 3856 inani

140 3884 523 3940 colluctatione
560 3886 729 3941 ferme
778 3889 1126 3952 sexennium,
1158 3890 1251 3944 sed
1293 3891 1425 3945 nihil
1455 3901 1715 3961 quantum

143 3976 210 4029 ad
259 3983 467 4031 tantum
512 3986 720 4047 tempus
758 3979 952 4033 attinet
991 3979 1113 4035 inde
1159 3981 1325 4034 extuli
1376 3996 1554 4051 opera:
1598 3998 1721 4051 pre-

142 4070 300 4122 tium.
346 4067 496 4125 Alias
548 4079 724 4126 autem
780 4080 1041 4142 quantum
1090 4072 1156 4126 ad
1202 4072 1366 4127 totius
1417 4074 1721 4131 honestatis

143 4160 507 4217 rudimentum
535 4174 778 4234 spectare
809 4166 1158 4236 dignoscitur,
1196 4166 1268 4219 nil
1304 4164 1404 4219 fuit
1441 4166 1582 4235 quod
1614 4181 1719 4220 non

143 4251 283 4306 meis
328 4252 651 4309 utilitatibus
695 4255 1060 4328 impendisset.
1101 4256 1370 4326 Quidquid
1419 4256 1718 4323 modestiae,

141 4342 405 4412 quidquid
434 4345 720 4413 pudicum,
756 4362 820 4401 ac
855 4347 1143 4403 exterioris
1180 4347 1460 4416 elegantiae
1500 4346 1622 4412 fuit,
1657 4364 1723 4403 eo

140 4431 459 4487 ﬁdelissime
486 4442 540 4488 et
569 4444 817 4489 amanter
844 4452 930 4491 me
958 4437 1167 4492 imbuit.
1196 4437 1303 4492 Sed
1347 4452 1538 4506 parum
1568 4438 1720 4507 pensi

1822 3253 2140 3323 improvide,
2171 3261 2231 3307 ut
2266 3253 2344 3308 sic
2376 3254 2575 3319 dicam,
2603 3254 2861 3319 hisceret,
2889 3269 2983 3308 sua
3028 3255 3207 3310 omnia
3239 3270 3398 3311 sensa

1819 3342 2137 3398 authentica
2194 3342 2517 3406 mstimans,
2572 3350 2814 3396 tueretur
2872 3351 3034 3412 atque
3088 3343 3399 3399 defenderet

1818 3432 2020 3503 plagis;
2052 3433 2145 3488 sed
2171 3440 2333 3487 tanta:
2365 3431 2550 3504 procul
2575 3432 2737 3487 dubio
2763 3433 3124 3495 vceordiagut
3160 3434 3398 3488 arbitror

1819 3524 2151 3596 pepercisset
2174 3522 2311 3595 (56),
2344 3523 2657 3592 priusquam
2704 3523 2869 3590 enim,
2915 3524 2989 3578 ait
3018 3527 3205 3579 doctor
3235 3526 3401 3584 idem.

1821 3630 1982 3687 qnam
1996 3616 2273 3671 scientiam
2287 3623 2480 3669 natura
2493 3614 2830 3678 combiberit,
2847 3630 2951 3668 non
2967 3615 3187 3685 majoris
3200 3622 3279 3669 est
3293 3614 3408 3685 glo:

1823 3708 1918 3764 riae
1941 3708 2144 3763 dixisse
2166 3706 2308 3779 quod
2331 3706 2545 3763 noveris
2567 3722 2728 3776 quam
2753 3708 2985 3762 tacuisse
3002 3708 3143 3777 quod
3162 3709 3393 3762 ncscias.

1892 3797 2029 3852 Cum
2066 3797 2197 3852 dure
2224 3797 2406 3868 itaque
2450 3796 2502 3851 in
2540 3811 2625 3851 me
2662 3796 3039 3863 ulcisceretur,
3086 3797 3209 3868 quia
3254 3797 3396 3867 quod

1825 3890 2102 3948 nesciebat
2131 3890 2245 3961 ipse
2277 3890 2565 3958 nescirem,
2615 3890 3050 3960 perpendendtun
3103 3889 3203 3944 sibi
3242 3889 3403 3959 plano

1823 3993 1959 4048 crat,
1986 3984 2109 4052 quia
2144 3981 2270 4036 mali
2308 3979 2596 4050 plurimum
2634 3980 2829 4044 fuerat,
2858 3997 2978 4036 cum
3006 3997 3034 4035 a
3065 3981 3238 4052 fragili
3281 3981 3365 4033 cxi

1825 4092 1975 4156 geret
2008 4080 2351 4157 pectusculo,
2392 4079 2535 4150 quod
2578 4093 2683 4133 non
2730 4080 3019 4135 indiderat.
3055 4080 3207 4135 Sicut
3254 4081 3396 4135 enim

1825 4173 1991 4229 verba
2022 4171 2319 4227 amentium
2352 4171 2514 4225 etiam
2544 4186 2571 4223 a
2596 4170 2828 4225 sensatis
2855 4170 3029 4241 colligi
3055 4180 3146 4225 aut
3170 4171 3281 4235 vix,
3306 4182 3401 4223 aut;

1824 4264 1971 4318 nullo
2015 4264 2175 4317 modo
2202 4269 2448 4331 possunt,
2482 4260 2554 4313 ita
2602 4274 2788 4315 eorum
2816 4260 2978 4325 dicta,
3026 4264 3115 4329 qui
3154 4261 3403 4314 nesciunt

1826 4363 1879 4409 et
1912 4353 2052 4408 scire
2076 4368 2134 4409 se
2163 4359 2436 4419 asserunt,
2464 4361 2519 4406 et
2548 4350 2669 4405 aliis
2694 4350 2930 4414 tradunt,
2954 4364 3018 4403 ex
3042 4365 3137 4405 sua
3161 4352 3398 4421 ipsorum

1826 4447 2203 4517 explanatione
2228 4446 2629 4500 tenebrcscunt.
2664 4442 2748 4496 Nil
2784 4442 2926 4496 cnim
2955 4443 3221 4499 dimcilius
3252 4445 3401 4499 inve-

140 4538 207 4576 ae
240 4522 399 4594 461
434 4527 693 4581 moderati
726 4528 779 4581 in
823 4544 888 4583 eo
928 4544 1049 4583 eum
1093 4529 1348 4584 habuisse
1378 4528 1520 4583 facto
1551 4532 1604 4582 in
1637 4544 1713 4583 me

1830 4545 1945 4600 nias
1973 4558 2134 4614 quam
2169 4543 2213 4597 si
2261 4541 2395 4596 velis
2434 4540 2703 4596 disserere
2752 4541 2892 4610 quod
2918 4542 3148 4604 nescias,
3173 4543 3405 4599 discenti

138 4614 386 4683 periculo
413 4617 674 4684 persensi,
702 4619 843 4687 quod
867 4618 1022 4687 quasi
1049 4620 1271 4674 obtentu
1312 4618 1552 4673 discendi
1584 4619 1719 4673 irre-

138 4703 486 4759 missibiliter
539 4719 624 4759 me
672 4720 735 4760 ac
780 4707 1059 4775 negotiose
1107 4708 1349 4778 urgebat.
1403 4706 1520 4774 Quo
1578 4709 1722 4763 enim

137 4802 345 4863 prmter
372 4796 588 4851 modum
629 4812 736 4852 non
778 4798 899 4853 dico
942 4800 1179 4869 puerilis,
1206 4816 1389 4855 verum
1421 4803 1597 4856 omnis
1624 4803 1722 4857 ho-

138 4884 354 4938 minum
380 4893 569 4940 natura
599 4888 969 4944 meditationis
1012 4891 1327 4947 assiduitate
1379 4892 1721 4957 distenditur,

136 4992 208 5031 eo
235 4976 467 5046 amplius
513 4978 815 5045 hebetatur,
856 4991 909 5035 et
946 4997 1049 5051 quo
1100 4982 1401 5037 ferventius
1448 4984 1513 5035 ad
1556 4984 1721 5037 studii

136 5067 609 5135 perseverantiam
643 5069 937 5123 acrimonia
971 5071 1164 5125 mentis
1198 5070 1460 5141 ignescit,
1491 5086 1554 5124 eo
1594 5072 1722 5125 viri-

136 5160 244 5211 bus
268 5171 337 5211 ex
369 5156 648 5211 nimietate
672 5160 929 5225 subactis,
960 5176 1024 5214 ex
1053 5163 1229 5231 rigore
1261 5162 1314 5215 in
1350 5162 1723 5217 lentitudinem

133 5260 337 5301 versus
366 5245 580 5300 animus
606 5263 991 5319 usquequaque
1022 5251 1264 5321 tepescit.

216 5339 606 5396 Exercitiorum
638 5342 1042 5395 viscissitudines
1085 5343 1391 5396 adhibenda?
1419 5343 1495 5396 uti
1522 5346 1725 5397 acutior

131 5431 236 5500 ﬁat
261 5431 577 5486 intellectus.
601 5462 673 5471 -
697 5430 929 5486 Necesse
957 5441 1040 5487 est
1063 5433 1224 5502 igitur
1254 5433 1527 5489 involucro
1550 5435 1726 5489 adhuc

136 5520 396 5587 corporis
424 5520 769 5591 aggrava'tum
801 5537 962 5595 agere
991 5524 1343 5593 temperatius
1374 5524 1720 5588 intellectum,

138 5608 273 5675 quia
323 5609 369 5663 si
407 5610 680 5664 silentium
720 5612 855 5666 hora
910 5613 1085 5667 media
1136 5612 1279 5667 litin
1311 5613 1467 5679 cmlo,
1514 5623 1572 5669 ut
1620 5631 1725 5671 non

138 5699 320 5768 possit
349 5700 503 5770 vigor
544 5701 855 5758 irremissus
879 5704 1005 5758 dum
1045 5706 1339 5774 advivitur,
1388 5709 1725 5779 contempla-

216 5812 336 5883 (56)
370 5811 623 5868 Nonnihil
652 5814 739 5871 hic
769 5816 1129 5872 desideratur.

1828 4637 2042 4706 quidem
2071 4636 2384 4699 obscurum,
2415 4632 2701 4687 obscurius
2731 4633 2995 4701 audienti,
3026 4650 3134 4690 non
3162 4650 3317 4690 secus
3339 4650 3406 4690 ac

1828 4730 1871 4783 si
1904 4727 2134 4798 lapidem
2166 4733 2397 4795 uterque
2439 4722 2646 4778 reddat.
2702 4722 2817 4779 Hoc
2842 4724 2983 4791 dico,
3038 4725 3180 4781 Deus
3229 4742 3403 4791 meus,

1829 4835 1931 4874 non
1965 4819 2105 4890 quod
2136 4826 2318 4873 notam
2351 4822 2500 4869 tanto
2527 4815 2701 4871 amico
2744 4814 2980 4882 inuram,
3006 4818 3097 4875 sed
3121 4828 3175 4873 ut
3206 4819 3402 4874 intelli-

1830 4921 1921 4978 gat
1966 4911 2197 4980 quisque
2240 4908 2332 4978 qui
2392 4906 2540 4976 legit,
2593 4918 2659 4958 ne
2726 4908 2987 4976 quidquid
3062 4920 3406 4965 autumamus

1830 5014 1925 5066 pro
1973 5009 2123 5053 certo
2172 5001 2365 5054 docere
2421 4997 2653 5055 velimus
2682 5040 2697 5065 ,
2746 5015 2922 5069 neque
2967 4998 3402 5068 eonjecturarum

1831 5100 2136 5144 nostrarum
2186 5092 2397 5146 nebulis
2452 5100 2507 5146 et
2559 5092 2696 5147 alios
2750 5090 3107 5145 involvamus.
3144 5089 3403 5158 Proposui

1830 5179 1974 5231 enim
2005 5190 2328 5246 praesentem
2359 5195 2459 5250 pro
2485 5182 2567 5236 sui
2602 5182 2864 5237 tenuitate
2895 5178 3172 5231 materiam
3202 5178 3286 5233 vel
3320 5195 3404 5232 ra—

1832 5271 1979 5325 tione
2008 5273 2251 5337 condire,
2286 5282 2343 5326 ut
2367 5274 2411 5327 si
2444 5273 2673 5328 alterum
2710 5272 2889 5326 minus
2913 5269 3326 5337 apprctiandum
3352 5280 3408 5323 et

1832 5362 2025 5417 merito
2057 5371 2425 5432 computatur,
2458 5363 2689 5417 alterum
2721 5361 3011 5431 aliquoties
3060 5375 3238 5428 opera:
3286 5377 3407 5430 prc-

1834 5453 1965 5507 tium
1996 5453 2310 5509 :estimetur.

2444 5521 2672 5576 CAPUT
2715 5521 2799 5575 Vl.

1905 5614 2213 5668 Guibertum
2244 5612 2494 5682 magister
2522 5613 2575 5666 in
2604 5613 2768 5667 oculis
2796 5613 2990 5681 ferebat
3014 5629 3032 5667 :
3060 5614 3144 5668 cui
3171 5623 3220 5667 et
3246 5614 3331 5667 ille
3356 5615 3407 5666 in

1832 5720 2009 5763 amore
2034 5703 2397 5771 respondebat.
2427 5734 2494 5742 —
2517 5701 2774 5771 Quamvis
2800 5719 2927 5777 ergo
2964 5714 3110 5759 tanta
3140 5720 3225 5760 me
3258 5720 3407 5759 seve-
