4012 6346
621 394 724 451 847
1509 382 1573 436 ν.
1605 378 1927 436 GUIBERTI
1967 371 2210 432 ABBATI

2314 371 2351 426 Β.
2394 367 2632 424 ΜΑΒΙΑΞ
2661 369 2749 424 DE
2775 367 3172 426 NOVIGENTO
3797 367 3898 422 853

619 513 782 566 ritate
813 505 1160 577 deprimeret,
1192 499 1326 555 alias
1359 507 1538 554 tamen
1567 497 1822 553 omnibus
1863 494 2038 549 modis
2067 506 2191 562 pro-
2223 491 2268 549 Α
2300 487 2425 554 scis,
2463 493 2725 556 quantum
2759 487 2828 540 ab
2877 485 2979 540 hac
3025 498 3146 539 mea
3195 484 3542 555 postmodum
3591 483 3898 537 intentione

599 602 855 674 patulum
891 597 1144 660 faciebat,
1168 592 1312 665 quod
1341 606 1428 646 me
1467 605 1606 664 pene
1649 604 1757 645 non
1793 587 1896 642 alia
1924 601 2086 655 quam
2140 596 2198 638 se
2300 577 2643 674 desciverim,
2677 585 2755 674 ει.
2784 592 2945 645 quam
2995 577 3398 674 iuctuabundus
3443 579 3510 674 ad
3554 578 3752 674 (li-vina
3783 591 3899 644 pro-

619 693 883 751 charitate
905 689 1174 758 diligeret.
1211 685 1361 740 Adeo
1389 695 1584 753 nempe
1608 680 1758 752 vigili
1787 678 1917 733 mihi
1940 674 2198 732 sollicitu-

621 787 746 842 dine
786 781 1160 844 incumbebat;
1193 778 1327 834 adeo
1378 784 1604 846 propter
1647 771 2004 844 quorumdam
2057 767 2196 822 invi-

621 877 831 933 dentias
855 873 1014 930 saluti
1044 887 1177 926 meae
1207 867 1545 942 providebat,
1570 863 1841 921 obsoletos
1869 860 2196 930 aliquorum,

619 967 712 1036 qui
745 964 874 1018 mihi
927 960 1387 1026 observabantur,
1435 969 1641 1020 mores,
1698 960 1899 1022 quanta
1951 962 2196 1004 caverem

620 1055 951 1112 auctoritate
1027 1051 1298 1115 docebat;
1375 1056 1606 1104 matrem
1673 1057 1836 1114 super
1898 1039 2200 1096 cultissimo

617 1161 866 1202 mearum
888 1142 1122 1198 vestium
1149 1147 1406 1211 apparatu
1440 1137 1703 1208 tantisper
1737 1134 1986 1204 urgebat,
2016 1139 2200 1184 utnon

617 1239 923 1309 paedagogi,
973 1234 1065 1290 sed
1099 1232 1358 1304 parentis.
1411 1245 1514 1284 non
1545 1233 1790 1297 corporis
1819 1226 1921 1281 mei
1960 1224 2198 1287 tutelam,

621 1330 716 1386 sed
743 1330 936 1384 anima:
965 1341 1150 1382 curam
1202 1337 1361 1395 agere
1401 1332 1703 1392 putaretur.
1758 1320 1884 1373 Mihi
1917 1333 2044 1373 vero
2079 1317 2204 1370 licet

619 1438 720 1492 pro
756 1429 915 1476 aetate
963 1417 1144 1473 hebeti
1171 1418 1348 1487 jatque
1403 1414 1612 1485 pusiolo
1661 1421 1807 1467 tanta
1863 1425 2028 1480 penes
2081 1423 2241 1495 eum_

619 1510 940 1566 vicissitudo
961 1508 1164 1562 amoris
1213 1506 1537 1569 incesserat,
1567 1505 1691 1559 licet
1719 1502 1886 1573 gratis
1933 1500 2203 1555 multoties

619 1601 916 1658 cuticulam
968 1614 1145 1654 meam
1184 1598 1370 1652 multis
1423 1595 1689 1651 vibicibus
1736 1593 2095 1662 proculcaret,
2147 1599 2206 1644 ut

619 1710 731 1750 non
757 1701 930 1756 metu,
968 1690 1056 1760 qui
1099 1690 1154 1743 in
1183 1687 1435 1757 atquaevis
1478 1687 1702 1750 assolet,
1735 1683 1828 1739 sed
1868 1683 2054 1738 nescio
2099 1696 2204 1751 quo

619 1782 939 1840 medullitus
979 1779 1144 1833 insito
1175 1791 1395 1842 amore,
1438 1777 1486 1831 ei
1533 1776 1694 1831 totius
1732 1775 1847 1845 ejus
1895 1771 2204 1842 asperitatis

623 1875 828 1930 oblitus
850 1857 1202 1939 obsequerer.
1229 1867 1411 1922 Multis
1435 1876 1584 1922 certe
1605 1867 1798 1937 smpius
1825 1863 2208 1935 experimentis

625 1965 770 2020 idem
802 1975 886 2018 me
918 1959 1199 2028 magister,
1248 1967 1533 2029 materque
1578 1966 1878 2020 tentarunt,
1909 1972 2030 2011 cum
2065 1955 2208 2010 debi-

628 2065 740 2110 tum
765 2067 851 2108 me
883 2051 984 2109 sibi
1015 2050 1303 2121 utrobique
1349 2049 1596 2104 timorem
1642 2063 1795 2117 atque
1823 2047 2107 2102 redhibere
2133 2047 2212 2100 vi-

625 2147 838 2207 derent,
883 2151 1064 2197 utrum
1117 2142 1217 2198 sub
1273 2140 1431 2196 unius
1477 2140 1556 2196 rei
1604 2139 1832 2211 imperio
1887 2137 2209 2193 alterutrum

623 2237 880 2308 praeferre
908 2249 1310 2306 praesumerem.

694 2326 892 2382 incidit
918 2326 1132 2381 tandem
1175 2323 1423 2390 occasio,
1457 2322 1510 2378 in
1540 2337 1645 2392 qua
1673 2330 1869 2377 neutro
1897 2336 2086 2376 eorum
2119 2337 2210 2375 su-

622 2432 723 2487 per
750 2416 1059 2488 hujusmodi
1096 2415 1226 2486 quid
1271 2424 1464 2484 agente
1491 2414 1696 2468 factum
1729 2413 1974 2467 constitit
2005 2413 2209 2482 absque

623 2508 735 2562 ulla
766 2508 1124 2578 ambiguitate
1151 2505 1472 2576 perieulum.
1518 2503 1699 2559 Semel
1732 2504 1785 2557 in
1824 2503 2009 2558 schola
2041 2519 2211 2572 vapu-

624 2600 869 2656 laveram
901 2616 915 2665 ;
967 2598 1153 2654 schola
1203 2607 1384 2652 autem
1419 2612 1525 2651 non
1559 2595 1662 2650 alia
1694 2603 1815 2649 erat
1846 2609 2008 2664 quam
2037 2595 2209 2665 quod-

627 2693 752 2748 dam
785 2693 978 2747 domus
1006 2699 1207 2745 nostrte
1243 2687 1558 2744 triclinium.
1601 2685 1844 2740 Aliorum
1876 2685 2044 2750 enim,
2078 2699 2212 2754 quos

628 2784 926 2855 aliquando
953 2783 1156 2838 docens
1187 2787 1495 2850 acceperat,
1533 2778 1639 2833 mei
1670 2776 1838 2833 solius
1868 2791 2026 2832 causa
2055 2791 2213 2832 curas

629 2874 948 2930 obmiserat.
980 2871 1072 2927 Sic
1108 2871 1252 2927 enim
1279 2878 1440 2925 aucto
1486 2877 1702 2938 questu,
1731 2876 1785 2923 et
1824 2867 2090 2922 delatione
2117 2867 2214 2922 ho-

627 2944 784 3019 noris
821 2962 1061 3031 prudens
1098 2961 1166 3015 ab
1196 2975 1260 3016 co
1309 2970 1482 3014 mater
1518 2967 1796 3029 exegerat.
1829 2956 2018 3013 Soluto
2048 2957 2213 3028 igitur

628 3050 957 3121 vespertinis
980 3049 1304 3119 quibusdam
1332 3048 1482 3104 horis
1508 3047 1872 3117 qualicunque
1901 3047 1992 3103 illo
2013 3047 2210 3114 studio,

2301 666 2581 732 cesserim,
2615 667 2863 736 quodque
2901 675 3056 720 actus
3085 667 3400 722 verberibus
3426 667 3516 720 vix
3548 667 3754 719 adesse
3782 681 3902 719 cou-

2301 758 2589 812 senserim.
2635 756 2805 809 Erant
2832 756 3010 824 plane,
3066 756 3310 823 Domine,
3343 773 3449 811 non
3483 757 3786 828 religionis
3813 773 3898 811 cn-

2294 848 2550 918 juspiam,
2601 848 2692 916 qui
2723 863 2789 902 ex
2837 847 3018 917 aliqua
3071 847 3542 904 intellectualitate
3601 852 3902 904 descende—

2305 949 2467 1008 rent,
2527 941 2620 996 sed
2679 939 2917 1009 pueriles
2966 940 3234 1010 quidam,
3290 941 3382 1010 qui
3443 950 3576 997 tunc
3634 943 3902 1011 cogebant

2304 1034 2560 1104 impetus.
2599 1031 2975 1100 Atpostquam
3008 1031 3370 1087 adolescentia
3408 1034 3678 1104 ingeniun:
3721 1034 3904 1100 nequi-

2304 1127 2394 1181 tiae
2427 1127 2542 1198 jam
2586 1124 2766 1190 effeta,
2817 1126 3168 1194 conceptibus
3214 1139 3334 1180 sese
3377 1125 3432 1179 in
3477 1126 3656 1178 totius
3687 1126 3904 1194 pudoris

2305 1217 2498 1270 damna
2527 1215 2814 1285 proripuit,
2836 1224 2992 1270 vetus
3013 1215 3100 1268 illa
3129 1215 3342 1270 devotio
3363 1231 3596 1286 prorsus
3629 1217 3903 1271 extabuit.

2305 1309 2422 1362 Etsi
2475 1310 2540 1362 ad
2592 1309 2801 1373 horam,
2852 1307 2994 1361 Deus
3028 1322 3205 1370 meus,
3257 1307 3397 1360 bona
3451 1307 3750 1370 voluntas,
3807 1306 3905 1358 imo

2307 1401 2604 1456 similitudo
2657 1402 2813 1456 bonae
2867 1400 3162 1456 voluntatis
3195 1401 3311 1455 visa
3364 1410 3450 1456 est
3494 1402 3902 1464 excanduisse,

2306 1493 2666 1561 pessimarum
2737 1491 3126 1563 cogitationum
3188 1491 3454 1546 imbribus
3523 1493 3904 1547 olmubilatan

2305 1597 2430 1638 mox
2453 1583 2700 1653 contigit,
2730 1583 3015 1638 decidisse.

2901 1693 3128 1748 CAPUT
3166 1693 3275 1748 VII.

2382 1779 2701 1852 Beneﬁcium
2727 1781 2811 1835 illi
2832 1792 3000 1836 mater
3024 1792 3246 1835 conatur
3267 1782 3521 1836 obtinere.
3547 1812 3620 1824 —
3651 1783 3754 1851 (⁸³)
3780 1781 3908 1837 Con-

2321 1869 2578 1924 tendebat
2608 1870 2842 1940 denique
2892 1881 3067 1926 mater
3094 1887 3214 1925 mea
3244 1871 3636 1926 ecclesiasticis
3673 1887 3770 1925 me
3813 1871 3904 1925 he-

2312 1962 2522 2018 nelieiis
2552 1977 2769 2031 quoquo
2795 1971 2956 2033 pacto
3003 1963 3264 2018 inserere.
3302 1961 3486 2016 Prima
3539 1962 3717 2032 igitur
3743 1963 3906 2017 inser-

2315 2052 2478 2107 tionis
2504 2067 2666 2107 causa
2699 2049 2805 2106 non
2833 2053 2992 2108 modo
3022 2052 3184 2117 mala,
3215 2053 3310 2108 sed
3339 2062 3393 2107 et
3427 2053 3642 2108 nefaria
3676 2055 3890 2107 exstitit.

2311 2142 2767 2199 Adolescentulus
2797 2143 2964 2199 frater
2986 2157 3136 2198 nzeus
3165 2144 3381 2213 quidam
3413 2160 3606 2215 eques,
3635 2153 3698 2200 et
3727 2148 3900 2200 mani-

2311 2250 2438 2306 ceps
2493 2235 2838 2292 Clarimontis
2879 2236 3044 2292 castri
3087 2236 3222 2306 (57),
3267 2237 3372 2292 duo
3419 2248 3547 2292 ante
3602 2236 3736 2305 ejus
3769 2239 3900 2308 qua}

2311 2325 2455 2382 inter
2495 2325 2886 2396 Compendium
2923 2337 3087 2397 atque
3119 2323 3469 2382 Bellovacum
3507 2327 3688 2382 situm
3729 2339 3837 2392 est,
3873 2345 3898 2382 a

2312 2421 2532 2476 domino
2580 2421 2746 2490 ipsius
2777 2422 2980 2491 oppidi,
3030 2423 3214 2477 nescio
3260 2431 3444 2476 utrum
3491 2421 3777 2486 donativi,
3813 2439 3899 2477 seu

2314 2511 2538 2567 feodalis
2579 2512 2741 2566 debiti
2767 2513 2966 2583 gratia,
2999 2512 3205 2567 dandas
3238 2512 3589 2583 aperiebatur
3616 2517 3898 2584 pecunias.

2313 2603 2558 2672 Cumque
2591 2602 2697 2658 illis
2721 2603 3145 2675 largiendorum,
3199 2613 3259 2659 ut
3304 2605 3519 2674 opinor,
3549 2605 3744 2675 inopia
3775 2623 3902 2675 pra-

2313 2694 2442 2749 bere
2481 2694 2746 2759 deferret,
2791 2697 3148 2764 quorumdam
3179 2705 3462 2766 parentum
3495 2713 3758 2753 meorum
3785 2713 3902 2752 cea-

2314 2785 2434 2840 silio
2463 2785 2537 2839 illi
2572 2795 2882 2857 suggestum
2929 2795 3012 2840 est
3050 2796 3108 2841 ut
3148 2787 3484 2854 canonicam,
3531 2803 3704 2857 quam
3763 2805 3900 2859 pr:-

2267 2906 2273 2910 -
2313 2875 2542 2930 bendam
2589 2876 2891 2940 nontinant,
2938 2875 3180 2931 ecclesia:
3232 2876 3332 2932 loci
3383 2878 3562 2943 illius,
3610 2894 3750 2948 quae
3794 2880 3902 2946 eius

2315 2967 2506 3022 ditioni
2529 2976 2720 3022 contra
2745 2968 2881 3022 scita
2902 2983 3169 3023 canonum
3194 2968 3526 3038 subiacebat,
3557 2971 3699 3024 mihi
3731 2972 3898 3034 darei;

2315 3064 2370 3110 et
2412 3070 2442 3109 a
2484 3054 2654 3110 fratre
2685 3070 2804 3111 meo
2829 3071 2996 3127 penes
3024 3071 3146 3111 eum
3182 3058 3601 3126 repetundarum
3651 3059 3900 3113 molesti:

629 3145 698 3200 ad
727 3154 974 3199 materna
1004 3159 1175 3214 genua
1229 3143 1470 3214 graviter
1517 3141 1679 3196 etiam
1717 3151 1912 3212 praeter
1961 3141 2209 3196 meritum
2240 3171 2281 3228 C
2309 3145 2420 3216 jam
2458 3153 2719 3200 cessaret.

630 3249 803 3289 caesus
831 3249 1194 3290 accesseram.
1233 3233 1362 3302 Quae
1389 3247 1510 3288 cum
1545 3247 1610 3286 an
1642 3246 1706 3286 eo
1743 3231 2076 3301 vapulassem
2103 3231 2207 3296 die,

626 3326 790 3400 462
821 3336 878 3383 ut
921 3335 1041 3384 erat
1071 3325 1248 3392 solita,
1299 3325 1534 3396 rogitare
1578 3324 1861 3394 cmpisset,
1913 3331 1966 3378 et
1996 3337 2118 3393 ego,
2146 3337 2212 3377 ne

628 3419 950 3490 magistrum
977 3417 1242 3474 detulisse
1281 3415 1521 3480 viderer,
1565 3411 1768 3468 factum
1795 3413 2016 3467 omnino
2047 3425 2211 3482 nega-

629 3523 768 3576 rem,
802 3510 939 3580 ipsa,
977 3509 1166 3564 vellem
1223 3506 1444 3571 nollem,
1502 3505 1700 3576 rejecta
1753 3502 2005 3568 interula,
2050 3518 2212 3572 quant

631 3602 974 3666 subuculam,
1026 3602 1132 3655 imo
1163 3599 1442 3656 camisiam
1475 3604 1689 3663 vocant,
1720 3595 1947 3651 liventes
1985 3594 2212 3648 attendit

630 3691 847 3746 ulnulas
877 3689 1135 3748 dorsiculi
1167 3703 1234 3744 ex
1259 3687 1523 3742 viminum
1555 3686 1786 3742 illisione
1815 3695 1992 3742 cutem
2018 3685 2214 3754 ubique

631 3781 1018 3849 prominulam.
1065 3780 1308 3848 Cumque
1353 3792 1486 3833 mete
1512 3777 1860 3834 tenerituditti
1890 3777 1955 3831 ad
1990 3777 2213 3831 nimium

635 3885 777 3925 saeve
831 3870 1034 3925 illatam
1067 3869 1408 3926 visceraliter
1462 3868 1768 3934 doluisset,
1819 3867 2124 3948 turbulenta
2162 3873 2216 3922 et

635 3968 909 4024 aestuans,
950 3968 1005 4014 et
1050 3958 1237 4015 oculos
1280 3972 1516 4014 mcerore
1559 3955 1804 4013 suffusa:
1855 3977 1874 4008 ‹
1911 3955 2213 4027 Nunquam,

637 4051 734 4115 ait,
778 4051 1033 4120 deinceps
1088 4049 1320 4105 clericus
1367 4047 1484 4112 ﬁes,
1536 4061 1638 4103 nec
1685 4037 1741 4101 ut
1775 4047 1986 4103 litteras
2039 4047 2214 4102 discas

635 4137 865 4193 ulterius
913 4153 1103 4208 poenas
1148 4137 1284 4192 lues.
1325 4156 1343 4188 ι
1388 4135 1470 4190 Ad
1522 4137 1639 4191 haec
1684 4151 1784 4207 ego
1810 4151 1927 4192 eam
1957 4151 2079 4192 cum
2109 4152 2212 4206 qua

635 4242 881 4300 poteram
910 4229 1382 4285 animadversione
1415 4227 1714 4297 respiciens
1746 4245 1758 4281 :
1797 4247 1815 4281 ι
1867 4229 1945 4293 Si,
1972 4228 2214 4298 inquam,

635 4322 867 4392 proinde
888 4322 1024 4377 mori
1049 4321 1409 4392 contingeret,
1437 4335 1544 4374 non
1574 4321 1830 4375 desistam
1855 4322 1982 4391 quin
2007 4321 2216 4378 litteras

637 4415 869 4480 discam,
900 4423 954 4470 et
981 4413 1212 4470 clericus
1239 4412 1382 4466 ﬁam.
1407 4431 1424 4463 ι
1454 4411 1784 4468 Promiserat
1809 4413 1950 4468 enim
1976 4415 2021 4468 si
2047 4429 2214 4484 eques

2386 3237 2463 3290 De
2493 3238 2728 3295 exoratis
2754 3237 3083 3309 presbyteris.
3108 3269 3176 3278 —
3202 3238 3292 3309 (’9)
3336 3239 3464 3292 Erat
3487 3254 3549 3294 ea
3575 3249 3900 3310 tempestate

2315 3344 2451 3384 nova
2505 3344 2667 3400 super
2721 3331 2963 3384 uxoratis
3018 3330 3348 3400 presbyteris
3388 3331 3706 3400 apostolica:
3765 3333 3900 3386 sedis

2313 3417 2568 3484 invectio,
2599 3419 2741 3473 unde
2768 3427 2820 3472 et
2841 3419 2982 3490 vulgi
3008 3419 3234 3474 clericos
3255 3419 3483 3474 zelantis
3513 3430 3666 3474 tanta
3705 3422 3896 3475 adver-

2313 3523 2406 3564 sus
2461 3523 2556 3564 eos
2609 3510 2788 3564 rabies
2824 3497 3121 3578 aestuabat,
3163 3518 3220 3564 ut
3266 3521 3358 3565 aut
3392 3527 3484 3566 eos
3518 3512 3898 3567 erclesiastieo

2315 3598 2516 3668 privari
2568 3599 2852 3665 beneficio,
2909 3599 2994 3655 vel
3040 3601 3298 3655 abdmeri
3330 3601 3655 3664 sacerdotio,
3703 3603 3896 3656 infesto

2315 3689 2509 3760 spiritu
2565 3691 2988 3747 conclamarent.
3033 3694 3114 3748 Ad
3156 3695 3271 3749 haec
3312 3695 3482 3764 patris
3525 3693 3628 3748 mei
3674 3696 3896 3765 qui-Jan

2316 3794 2514 3849 nepos,
2553 3781 2637 3834 vir
2663 3797 2790 3836 suos
2839 3797 2960 3838 cum
3003 3785 3268 3855 potentia,
3295 3793 3406 3838 tum
3437 3786 3732 3855 prudentia
3765 3801 3897 3856 prae-

2316 3868 2584 3936 eminens,
2622 3885 2746 3926 cum
2779 3870 3044 3928 Venerico
3063 3874 3212 3945 operi
3237 3875 3369 3929 adeo
3397 3874 3702 3944 pecualiter
3727 3877 3898 3930 indut-

2317 3969 2488 4029 geret,
2549 3969 2607 4016 ut
2663 3960 2960 4032 cujuspiam
3012 3965 3397 4020 necessitudini
3455 3964 3800 4022 feminarum
3851 3968 3897 4020 in

2316 4050 2462 4105 nullo
2505 4049 2759 4120 deferret,
2789 4061 2935 4109 tanta
2963 4055 3015 4108 in
3039 4055 3240 4111 clerum
3263 4072 3425 4128 super
3443 4057 3672 4128 praelato
3694 4071 3900 4112 canone

2317 4139 2685 4195 bacchabatur
2718 4142 2975 4198 instantia
3007 4159 3070 4198 ac
3120 4145 3165 4200 si
3215 4161 3337 4201 eum
3385 4146 3682 4216 singularis
3710 4147 3784 4201 ad
3815 4147 3898 4201 de-

2319 4231 2661 4286 testationem
2695 4233 2878 4288 talium
2925 4235 3164 4305 pulsaret
3199 4252 3270 4306 pu
3293 4237 3478 4292 iicitia.
3509 4237 3576 4291 Et
3598 4252 3736 4290 cum
3763 4247 3898 4293 esset

2317 4320 2486 4376 laicus
2532 4329 2587 4376 et
2631 4323 2743 4377 suis
2783 4325 2956 4378 arceri
3002 4342 3106 4379 non
3164 4336 3345 4396 posset
3396 4327 3643 4398 legibus,
3700 4337 3898 4397 quanto

2320 4409 2552 4486 laxiores
2584 4411 2821 4477 fuerant,
2858 4422 3007 4468 tanto
3047 4415 3134 4470 his
3163 4415 3485 4470 abutebatur
3527 4414 3758 4469 fre-dius.
3797 4415 3892 4468 Ne-

636 4503 828 4558 vellem
864 4503 1003 4568 fieri,
1034 4518 1156 4556 cum
1181 4501 1246 4554 ad
1278 4501 1328 4554 id
1356 4501 1615 4571 temporis
1643 4503 2008 4569 emersissent,
2044 4520 2210 4575 appa-
2243 4515 2289 4574 ι)
2324 4516 2428 4571 que
2459 4502 2603 4556 enim
2637 4505 2842 4558 uxoriis
2870 4513 3083 4572 poterat
3123 4507 3389 4560 contineri
3423 4505 3644 4569 retibus,
3702 4507 3894 4575 quippe

638 4601 814 4646 ratum
839 4608 898 4648 se
925 4593 1054 4647 mihi
1087 4594 1292 4649 militia)
1321 4605 1375 4649 et
1401 4608 1550 4646 arma
1577 4593 1845 4648 daturam.

713 4681 902 4736 Renuit
924 4699 1076 4754 eques
1103 4685 1238 4752 ﬁeri.
1265 4716 1335 4724 —
1357 4684 1486 4752 Quae
1531 4699 1651 4738 cum
1691 4685 1949 4743 universa
1975 4701 2078 4739 non
2101 4687 2216 4742 sine

639 4769 805 4824 multa
824 4774 1198 4840 aspernatione
1225 4789 1555 4846 resptterem,
1587 4774 1674 4828 illa
1701 4783 1789 4829 tua
1812 4773 2034 4840 famula,
2052 4777 2212 4843 Deus,

639 4865 773 4917 adeo
801 4874 952 4935 grate
984 4881 1110 4920 suas
1125 4867 1330 4936 accepit
1357 4866 1602 4935 injurias,
1633 4866 1767 4920 adeo
1798 4865 1992 4922 alacris
2017 4883 2084 4922 ex
2117 4883 2214 4923 suo

641 4965 724 5008 est
755 4953 899 5008 facta
932 4963 1242 5024 contemptu
1271 4965 1327 5009 ιιι
1354 4957 1464 5011 haec
1487 4956 1674 5011 eadem
1701 4957 1897 5025 quibus
1921 4957 1968 5011 ei
1995 4957 2216 5018 obstite-

639 5058 757 5097 ram
792 5043 1052 5113 magistro
1081 5059 1200 5098 meo
1241 5059 1497 5114 responsa
1545 5046 1822 5100 retexerit.
1870 5045 2216 5102 Lmtabantur

636 5134 803 5204 igitur
834 5143 1085 5204 uterque,
1117 5133 1244 5203 quia
1274 5134 1338 5187 ad
1367 5134 1418 5188 id
1448 5134 1590 5205 quod
1622 5135 1834 5206 paterni
1863 5137 1971 5189 voti
2015 5135 2212 5203 fuerat,

638 5226 944 5281 ambienter
969 5227 1214 5296 aspirare
1244 5223 1478 5292 viderer,
1523 5227 1648 5280 dum
1679 5243 1784 5297 quo
1815 5229 1987 5300 magis
2013 5229 2215 5284 cclerer

637 5315 962 5390 [celeriter],
990 5318 1202 5373 litteras
1257 5318 1433 5388 ipsas,
1469 5305 1720 5389 quamvis
1748 5337 1855 5376 non
1884 5321 2018 5377 bene
2046 5321 2218 5376 incul-

637 5415 932 5474 carentur,
989 5408 1384 5478 amplecterer,
1445 5423 1542 5464 nec
1578 5411 1964 5467 ecclesiasticis
2016 5411 2212 5468 officiis

638 5507 726 5547 me
747 5496 1022 5563 tricarem,
1047 5499 1155 5554 imo
1177 5513 1301 5554 eum
1323 5498 1452 5552 hora
1475 5499 1809 5570 sollicitaret,
1825 5518 2024 5572 opusve
2047 5501 2210 5569 e'sset,

639 5597 979 5654 nequaquam
1013 5587 1103 5642 tali
1151 5587 1271 5644 loco
1299 5604 1362 5644 ac
1395 5592 1624 5664 tempori
1662 5594 1887 5662 prandia
1937 5593 2050 5664 ipsa
2077 5611 2214 5665 pra:-

640 5670 862 5728 ferrem.
893 5673 1029 5728 Tum
1076 5677 1294 5758 quidem
1328 5679 1405 5736 sic
1434 5697 1446 5734 :
1485 5680 1553 5736 At
1582 5697 1736 5751 vero,
1769 5683 1905 5740 Deus
1937 5699 2109 5753 meus,
2157 5693 2211 5739 tu

714 5790 823 5853 (ετ)
857 5787 954 5846 ttic
981 5789 1131 5846 deest
1163 5769 1381 5858 aliquid.

2317 4591 2408 4661 qtti
2443 4592 2744 4661 ltujusn'todi
2779 4610 3053 4664 nunquam
3100 4610 3294 4664 passus
3319 4604 3403 4651 est
3428 4594 3718 4663 illaqueari
3750 4595 3891 4648 nexi-

2315 4681 2434 4735 bus.
2462 4680 2557 4736 llis
2607 4681 2770 4751 igitur
2795 4699 2918 4736 cum
2951 4683 3119 4738 fetido
3148 4685 3346 4754 passim
3377 4699 3475 4755 pro
3517 4683 3720 4736 talibus
3751 4699 3890 4753 spar-

2315 4782 2537 4844 geretttr
2565 4773 2750 4839 odore,
2779 4775 2872 4830 sed
2896 4763 3012 4830 tum
3041 4791 3161 4830 eum
3189 4775 3484 4840 saacularis,
3511 4790 3614 4844 qua
3643 4775 3888 4844 praemi-

2316 4863 2502 4930 nebat,
2545 4862 2821 4932 opulentia
2851 4863 3178 4930 defensaret,
3228 4881 3506 4935 nunquam
3533 4881 3643 4920 sua:
3683 4865 3886 4934 objecta

2321 4955 2650 5024 impuritatis
2681 4946 2944 5012 adversus
2970 4972 3184 5012 sacrum
3216 4958 3460 5012 ordinem
3503 4957 3672 5026 ipsius
3721 4957 3886 5028 pervi-

2316 5049 2461 5103 cacia
2493 5048 2753 5104 detonare
2785 5049 3051 5104 cessabat.

2387 5138 2616 5193 Causam
2645 5139 2826 5206 itaque
2873 5148 3084 5202 nactus,
3115 5156 3218 5210 qua
3269 5139 3400 5194 ntibi
3434 5140 3722 5208 cujusdam
3751 5141 3884 5195 loca-

2316 5229 2440 5296 losi,
2474 5238 2531 5285 ut
2577 5231 2842 5296 ferebant,
2893 5229 3196 5300 presbyteri
3231 5231 3558 5284 detrimento
3585 5231 3878 5301 proliceret,

2316 5320 2457 5390 apud
2508 5321 2852 5376 Castrensem
2903 5321 3202 5384 dominum,
3244 5333 3412 5389 penes
3454 5337 3617 5390 quem
3651 5323 3876 5376 satissa-

2316 5427 2518 5482 perquc
2561 5423 2793 5482 poterat,
2821 5422 3006 5483 utpote
3033 5413 3121 5480 qui
3151 5411 3198 5466 ei
3237 5420 3516 5482 tantopere
3550 5415 3878 5468 necessaria;

2319 5511 2458 5566 erat,
2483 5503 2614 5572 egit,
2649 5512 2707 5557 ut
2737 5504 2936 5558 clerico
2964 5502 3208 5566 absente,
3237 5509 3292 5555 et
3321 5501 3540 5569 penitus
3563 5501 3874 5556 incum-enin

2315 5605 2402 5645 me
2435 5599 2708 5657 evocaret,
2745 5599 2798 5646 et
2831 5590 3204 5646 investituram
3239 5587 3480 5658 praefata:
3513 5590 3648 5643 mihi
3671 5590 3872 5643 canoni-

2316 5694 2392 5736 ca:
2420 5677 2594 5736 daret.
2629 5680 2885 5738 Ecclesiae
2910 5679 3052 5736 enim
3098 5678 3175 5733 illi
3216 5685 3408 5734 contra
3441 5677 3534 5749 jus
3559 5688 3616 5733 et
3647 5679 3728 5734 fas
3754 5679 3870 5733 utale
