4012 6346
704 282 803 339 851

1588 285 1648 339 V.
1691 286 2016 342 GL'IBER'I‘I
2056 285 2345 341 ABBATIS
2371 284 2427 340 S.
2460 284 2698 340 ΜΛΠΙᾸΞ
2739 285 2823 339 DE
2860 283 3259 344 NOVIGENTO
3602 286 3650 307 ⁰“
3759 304 3822 361 $3

705 411 838 454 nare
865 406 920 453 et
952 398 1216 464 damnari,
1256 399 1460 456 foedare
1505 408 1559 454 et
1587 399 1775 455 foedari
1808 400 1857 453 in
1901 401 2097 455 saeculo
2137 400 2278 454 face-
2308 411 2352 467 Α
2385 398 2691 468 arrogantis
2743 400 2988 453 vocabuli
3055 399 3453 457 subtrahamus.
3482 422 3500 455 ι
3555 404 3636 463 His
3680 413 3819 475 edictis.

706 500 808 558 ret,
829 508 988 562 quem
1008 492 1217 547 vivendi
1242 494 1454 548 modum
1481 493 1765 563 arriperet,
1790 493 1882 547 diu
1906 507 2028 547 cum
2052 492 2273 563 quibus-

702 582 859 645 dam,
906 597 1041 651 quos
1095 583 1228 637 tanti
1284 583 1538 638 desiderii
1595 584 1879 647 conscios,
1930 591 1987 637 et
2048 585 2281 638 comites

701 674 899 728 habere
931 674 1224 745 delegerat,
1256 676 1570 732 multimodo
1617 676 1771 746 plura
1827 676 2123 731 discutiens
2152 691 2273 745 per-

699 766 989 820 tractabat.
1020 767 1111 836 ('9)
1140 768 1447 823 Vocabatur
1485 777 1665 822 autem
1694 768 1831 836 ipse,
1866 767 2159 833 Ebrardus,
2192 766 2275 819 vir

700 858 846 910 inter
874 859 1139 926 primores
1163 859 1407 929 Francizr.
1437 860 1793 929 undecunque
1813 859 2073 914 famosus.

771 947 1009 1003 Tandem
1046 964 1301 1020 expresso
1354 951 1405 1005 in
1447 950 1775 1006 evidentiam
1824 952 2003 1020 operis
2052 951 2273 1006 diutina:

696 1039 1037 1109 cogitationis
1071 1041 1289 1106 intuitu,
1318 1042 1531 1096 nemine
1564 1057 2003 1096 remansurorum
2030 1042 2272 1107 conscio,

694 1146 819 1186 cum
845 1131 972 1197 illis,
993 1146 1129 1201 quos
1164 1133 1218 1185 in
1254 1131 1563 1188 sodalitium
1594 1133 1918 1203 arripiendae
1956 1132 2119 1202 hujus
2146 1132 2272 1187 reli-

695 1222 875 1292 gionis
913 1223 1013 1277 sibi
1037 1223 1370 1279 clandestina
1406 1224 1789 1279 sollicitatione
1825 1225 2185 1291 consciverat,
2220 1224 2272 1279 in

697 1314 882 1368 nescio
910 1330 1046 1382 quas
1063 1323 1279 1370 exteras
1307 1314 1465 1386 fugax
1506 1317 1744 1372 excessit
1782 1316 2112 1385 provincias,
2139 1331 2275 1385 quas

695 1402 777 1456 sui
812 1418 1035 1472 prorsus
1062 1405 1293 1460 nominis
1316 1407 1533 1475 ignaras
1564 1421 1688 1462 cum
1736 1406 1970 1461 libenter
1995 1406 2272 1471 incoleret,

695 1500 751 1549 et
777 1493 1101 1549 carbonibus
1132 1494 1391 1552 faciendis
1415 1497 1481 1551 ad
1514 1512 1670 1565 opem
1702 1506 2016 1567 sumptuum
2047 1511 2274 1567 operam

694 1582 862 1649 daret,
896 1593 952 1639 et
982 1586 1084 1640 hac
1119 1585 1348 1656 iilacque
1392 1602 1515 1643 cum
1547 1588 1659 1644 suis
1687 1602 1784 1659 per
1817 1604 1945 1644 rura
1983 1597 2038 1645 et
2080 1589 2273 1660 Oppida

694 1689 891 1730 venum
922 1675 1108 1743 ferret,
1148 1688 1262 1734 tum
1292 1679 1526 1749 primum
1556 1689 1707 1736 ratus
1742 1690 1828 1736 est
1874 1696 1934 1737 se
1989 1696 2274 1750 supremas

2377 497 2711 542 commutato
2746 488 2998 553 consilio,
3042 489 3132 560 (“)
3165 488 3337 559 Majus
3363 489 3695 553 Monasterium
3721 501 3824 569 (ως.

2376 578 2655 643 monstier,
2681 578 2839 647 juxta
2884 579 3149 651 Turones)
3188 582 3452 649 petivere,
3483 584 3638 655 ibique
3665 606 3824 665 sumpto

2375 677 2581 722 sancta:
2616 668 3046 723 conversationis
3084 670 3271 724 habitu
3300 675 3590 739 perenniter
3608 679 3824 741 deseruere.

2447 756 2599 811 llunc
2643 757 2817 825 ipsum
2841 759 3141 815 audivimus
3174 768 3376 827 tantas,
3419 769 3539 819 dum
3565 772 3720 826 saeculo
3744 776 3826 828 γίν.

2376 856 2475 911 ret,
2525 833 2813 902 cultio‘rum
2872 850 3105 904 vestium
3150 851 3406 908 habuisse
3460 870 3617 919 curas,
3661 872 3703 914 ut
3736 868 3827 922 nullis

2375 938 2663 993 ditioribus
2699 939 2872 1009 impar
2918 951 3102 996 esset:
3148 944 3286 999 adeo
3324 953 3496 1001 autem
3536 950 3827 1021 indignabunda,

2376 1030 2728 1100 habitudinis,
2764 1041 2822 1085 ut
2874 1031 3033 1089 facile
3083 1035 3346 1105 cuipiam,
3394 1039 3475 1094 vel
3500 1043 3643 1097 verbo
3665 1056 3829 1117 aggressi

2375 1120 2499 1176 bilis
2524 1136 2865 1192 nequaquam
2890 1124 3061 1179 videri
3086 1135 3286 1195 posset.
3314 1128 3477 1195 Quem
3498 1137 3829 1200 postmodumsui

2378 1213 2661 1269 monachia
2702 1215 2961 1284 positum,
2995 1225 3148 1272 tanta
3181 1234 3385 1289 corpus
3426 1237 3568 1278 suum
3594 1226 3829 1297 vilipensiooe

2377 1307 2578 1362 habere
2623 1309 3027 1379 conspeximus,
3077 1319 3138 1365 ut
3182 1311 3482 1369 indumenti
3526 1316 3695 1382 vilitas,
3726 1321 3829 1376 vultus

2377 1398 2651 1465 demissio,
2678 1402 3046 1459 membrorum
3087 1403 3327 1469 exilitas,
3353 1421 3457 1460 non
3483 1406 3629 1463 fuisse
3651 1414 3829 1475 comitem,

2377 1490 2470 1544 sed
2511 1502 2781 1561 agrestem
2837 1494 3156 1549 rusticulum
3209 1495 3542 1566 loqueretur.
3578 1498 3633 1552 Et
3661 1514 3749 1553 cum
3781 1518 3831 1571 per

2380 1582 2542 1637 urbes
2584 1599 2648 1639 ac
2700 1584 2895 1655 oppida
2948 1602 3047 1656 pro
3101 1587 3320 1644 abbatis
3370 1589 3582 1657 imperio
3614 1590 3831 1657 mitteretur,

2378 1689 2651 1745 nunquam
2692 1692 2913 1747 proprio
2948 1678 3123 1734 addici
3156 1680 3337 1748 potuit
3366 1679 3637 1744 voluntate,
3662 1691 3703 1733 ut
3719 1684 3821 1736 caslel

692 1766 945 1836 attigisse
984 1768 1220 1835 divitias,
1279 1779 1335 1825 et
1389 1780 1507 1827 erat
1550 1773 1900 1828 considerare
1953 1788 2144 1827 omnes
2205 1774 2273 1828 ab
2305 1765 2347 1823 Β
2378 1762 2451 1829 la.
2515 1780 2635 1835 quae
2690 1768 3003 1839 reliquerat.
3061 1769 3146 1824 vel
3198 1770 3368 1825 semel
3419 1771 3605 1842 ingredi
3643 1784 3829 1840 pateretur.

693 1864 838 1911 intus
880 1856 1001 1912 ﬁlia:
1032 1860 1176 1930 regis
1202 1860 1422 1931 glorias.
1456 1862 1640 1931 Quid?
1686 1863 2003 1936 Exemplum
2049 1864 2189 1920 unde
2220 1874 2274 1920 et

694 1960 807 2016 Ipse
835 1950 1129 2017 sumpserit
1156 1951 1243 2007 hic
1272 1960 1531 2008 attexam.

762 2038 856 2109 (“’)
896 2040 1290 2111 Teudebaldus,
1340 2060 1499 2115 quem
1539 2057 1787 2103 sanetum
1824 2048 1987 2104 hodie
2031 2049 2270 2105 universi

690 2132 1059 2199 agnominant,
1086 2142 1143 2188 ut
1164 2135 1346 2190 multae
1364 2136 1475 2205 jam
1504 2136 1760 2194 Ecclesiae
1790 2140 1890 2194 sub
1915 2139 2032 2209 ejus
2054 2139 2272 2193 nomine

688 2222 1052 2280 consistentes
1082 2225 1255 2295 ipsum
1300 2230 1505 2297 passim
1563 2230 1876 2300 insigniant,
1904 2230 2124 2300 juvenis
2175 2247 2270 2301 ge-

685 2328 818 2369 nere
844 2315 1040 2370 nobilis
1087 2316 1295 2373 exstitit
1326 2329 1452 2375 ante
1483 2320 1533 2375 id
1566 2329 1813 2391 tempus:
1861 2322 1953 2392 qui
1983 2323 2126 2376 inter
2157 2323 2271 2391 ipsa

687 2404 993 2459 rudimenta
1024 2405 1229 2462 militiae
1265 2424 1417 2464 arma
1446 2410 1771 2480 despiciens,
1828 2414 2056 2482 nudipes
2084 2429 2112 2466 a
2153 2415 2269 2467 suis

686 2492 941 2559 elabitur,
974 2510 1135 2565 supra
1180 2497 1325 2553 dicto
1356 2499 1589 2556 artiﬁcio
1652 2504 1944 2568 addicitur,
1980 2518 2079 2573 per
2128 2505 2272 2573 quod

687 2581 1004 2652 aliquandiu
1047 2587 1148 2642 sub
1177 2587 1396 2643 insolita
1428 2591 1751 2646 necessitate
1789 2593 1899 2646 vita
1934 2594 2267 2664 transigitur.

688 2672 825 2740 Hoc,
862 2676 1106 2746 inquam,
1139 2681 1411 2738 animatus
1453 2683 1702 2753 exemplo
1730 2684 2027 2751 Ebrardus,
2055 2702 2119 2740 ex
2162 2697 2267 2741 tam

685 2773 879 2828 humili
907 2775 1143 2843 opiﬁcio,
1166 2786 1224 2832 ut
1249 2780 1631 2847 praemisimus,
1664 2780 1907 2836 victitare
1930 2783 2264 2837 decreverat.

762 2860 1040 2931 Spectrum
1091 2866 1382 2938 alloquitur
1412 2878 1668 2940 terretque
1718 2870 2040 2926 Ebrardum.
2096 2873 2269 2927 Mutat

682 2959 1007 3024 prapositum
1040 2957 1296 3029 solitaque
1331 2962 1599 3017 exercitia.
1637 2960 1947 3016 Monasticw
1975 2962 2268 3033 disciplima

681 3061 737 3099 se
770 3048 1055 3115 mancipat.
1081 3080 1152 3091 —
1181 3049 1251 3105 At
1278 3051 1402 3122 quia
1448 3051 1593 3107 nulla
1646 3062 1771 3108 sunt
1801 3054 1968 3119 bona,
1995 3069 2115 3123 quae
2159 3071 2263 3109 non

681 3136 893 3209 aliquas
941 3141 1225 3213 aliquolms
1278 3143 1557 3212 praebeant
1615 3144 1845 3216 alicujus
1898 3146 2266 3215 malignitatis
2296 3124 2338 3183 “-

679 3234 1056 3299 causas,dnm
1106 3234 1159 3290 in
1192 3234 1396 3306 aliquo,
1438 3236 1525 3292 die
1580 3237 1839 3306 quodam,
1900 3239 2087 3293 nescio
2139 3239 2266 3309 quid

682 3332 904 3379 acturus
958 3326 1162 3395 operis,
1191 3336 1337 3383 esset
1366 3327 1507 3393 vico,
1550 3342 1679 3383 ecce
1722 3328 1988 3397 quispiam
2016 3329 2063 3383 ei
2095 3330 2267 3384 astitit

683 3414 783 3468 sub
807 3414 969 3487 Tyria
998 3418 1241 3487 lacerna,
1282 3419 1557 3476 tibialibus
1584 3421 1779 3476 sericis
1807 3422 2058 3491 pedulum
2086 3424 2264 3477 absci-

680 3504 835 3561 sione
853 3505 1141 3574 damnatis,
1183 3508 1522 3566 muliebriter
1557 3511 1789 3567 diductis
1814 3527 1845 3566 a
1898 3512 2073 3566 fronte
2101 3514 2269 3566 crini-

678 3594 800 3662 bus,
830 3607 884 3653 et
912 3615 1155 3657 summas
1184 3604 1573 3673 attingentibus
1591 3604 1767 3667 ulnas,
1796 3606 2061 3661 amasium
2088 3608 2265 3676 potius

677 3687 941 3746 exhibens
983 3707 1147 3761 quam
1182 3693 1446 3748 exsulem.
1489 3695 1659 3760 Quem
1711 3694 1802 3750 ille
1848 3710 1970 3750 eum
2013 3710 2080 3750 ex
2132 3711 2263 3749 vera

679 3782 806 3850 quis
856 3795 1000 3840 esset
1053 3786 1369 3841 sinceritate
1414 3788 1772 3856 perquireret,
1804 3797 1858 3843 et
1905 3789 1996 3843 ille
2044 3788 2263 3858 obliquo

679 3872 899 3941 paulum
922 3876 1077 3930 oculo
1104 3877 1376 3932 abducens
1412 3878 1787 3945 supercilium,
1821 3881 1998 3947 specie
2041 3878 2262 3948 pudoris

679 3963 883 4030 ablata,
914 3967 1093 4022 dicere
1124 3978 1454 4029 eontaretnr,
1490 3978 1543 4023 et
1585 3969 1673 4023 ille
1712 3969 2054 4023 contabundo
2092 3970 2262 4040 magis

678 4070 744 4109 ac
771 4057 941 4125 magis
972 4058 1057 4127 pie
1088 4058 1336 4114 curiosus
1380 4061 1628 4125 instaret,
1664 4060 1729 4113 ad
1761 4060 2008 4114 ultimum
2044 4062 2258 4116 tandem

672 4146 763 4199 vix
795 4148 949 4215 quasi
992 4148 1233 4203 hominis
1279 4149 1536 4204 instantia
1580 4150 1756 4205 victus
1802 4152 2021 4219 erupit:
2077 4171 2093 4202 ι
2129 4151 2257 4206 Sum

674 4238 871 4309 inquit,
906 4240 1023 4309 (sed
1054 4256 1148 4296 vos
1165 4241 1398 4319 cuipiam
1431 4258 1495 4297 ne
1526 4242 1749 4313 dicatis)
1778 4242 2049 4298 Ebrardus
2070 4244 2260 4299 Britoi-

670 4329 840 4387 lensis
891 4332 1101 4403 |forte,
1172 4333 1543 4401 Britoliensis,
1615 4342 1674 4389 ut
1728 4334 1922 4407 supra]
1984 4336 2257 4405 quondam

669 4436 879 4489 centes,
902 4425 1014 4494 qui,
1047 4434 1107 4481 ut
1141 4426 1315 4491 scitis,
1372 4428 1425 4482 in
1464 4427 1696 4483 Francia
1741 4429 1871 4485 olim
1902 4428 2072 4494 dives,
2111 4429 2256 4484 exsi-

669 4510 744 4566 lio
798 4528 887 4568 me
940 4514 1185 4586 relegans
1240 4525 1568 4587 spontancas
1608 4527 1953 4587 peccatorum
2007 4532 2253 4573 meorum
2286 4503 2333 4562 ί)

666 4616 861 4670 ptenas
888 4604 994 4661 luo.
1031 4626 1055 4660 ι
1112 4608 1334 4663 Dixerat
1385 4608 1470 4663 vir
1507 4609 1753 4677 illustris,
1799 4619 1853 4666 et
1885 4625 2032 4677 eum,
2064 4611 2155 4679 qui
2195 4626 2255 4665 se

668 4694 1120 4766 interrogaverat,
1191 4709 1454 4771 arrogatre
1510 4702 1611 4756 sibi
1669 4717 1915 4772 persona:
1971 4704 2250 4773 repentina

666 4783 1029 4841 translatione
1074 4788 1341 4844 confudit.
1383 4790 1697 4846 Admiratus
1727 4790 1895 4862 igitur
1920 4794 2253 4849 incredibili-

663 4882 753 4927 ter
795 4875 1036 4943 perversi
1082 4876 1318 4933 hominis
1370 4880 1781 4949 impudentiam,
1825 4891 2032 4950 spreto,
2074 4891 2133 4937 ut
2172 4884 2251 4939 sic

663 4968 916 5034 dixerim,
978 4970 1254 5025 simulacri
1306 4971 1450 5025 illius
1515 4973 1773 5042 alloquio,
1823 4974 1890 5028 ad
1933 4991 2063 5030 suos
2126 4976 2250 5031 inde

662 5059 837 5115 relato
886 5075 1163 5127 sermone,
1198 5061 1308 5115 ait:
1373 5080 1390 5112 ς
1423 5060 1643 5128 Sciatis,
1688 5077 1721 5117 ο
1769 5063 1951 5129 amici,
1994 5065 2095 5119 hoc
2128 5066 2251 5120 vitae

660 5151 997 5220 propositum
1026 5153 1183 5207 nobis
1211 5153 1427 5221 quidem
1464 5152 1617 5217 utile,
1668 5153 1761 5207 sed
1805 5153 1926 5207 aliis
1962 5158 2248 5225 quamplu-

660 5243 815 5297 rimis
841 5245 1080 5313 exitiale,
1120 5247 1247 5316 quia
1277 5247 1418 5316 quod
1444 5247 1511 5300 ab
1535 5250 1539 5255 '
1561 5247 1727 5317 ipsius
1756 5261 1852 5301 ore
1906 5250 2152 5315 audistis,
2183 5254 2249 5307 de

660 5336 847 5392 multis
892 5350 1290 5411 consequenter
1338 5339 1671 5395 intellexisse
1701 5340 1947 5408 potestis.
1993 5341 2050 5396 Si
2083 5343 2246 5413 igitur

658 5423 774 5479 Deo
821 5427 1031 5499 integre
1079 5431 1295 5502 placere
1325 5431 1591 5495 volumus,
1640 5431 1783 5500 quod
1835 5432 1956 5487 aliis
1984 5436 2244 5500 scandali,

660 5513 771 5568 imo
796 5515 1049 5574 falsitatis
1071 5522 1414 5577 occasionem
1456 5521 1683 5593 praebet,
1722 5522 1927 5578 evitare
1967 5524 2243 5581 debemus.

660 5596 755 5651 llln
782 5598 964 5669 itaque
994 5603 1261 5660 stabiliter
1290 5620 1389 5663 nos
1430 5609 1688 5677 feramus,
1721 5614 1810 5668 ubi
1858 5612 2069 5669 sublato
2099 5614 2244 5668 exsi-

660 5690 735 5756 lii,
774 5694 920 5763 quod
951 5711 1048 5767 pro
1087 5697 1192 5752 Deo
1213 5702 1446 5769 patimur
1484 5705 1719 5773 nomine,
1774 5722 1965 5765 causas
1994 5708 2243 5763 omnibus

2380 1859 2528 1929 Haec,
2561 1876 2681 1933 qua:
2718 1862 2968 1932 superius
3020 1864 3191 1917 relata
3222 1872 3371 1929 sunt,
3417 1863 3513 1933 ipsi
3565 1864 3671 1917 mihi
3704 1864 3829 1921 retulit,

2377 1966 2497 2008 cum
2536 1969 2623 2011 me
2674 1953 2853 2010 adhuc
2887 1952 3241 2021 juvenculum
3279 1963 3548 2024 tantOpere
3578 1966 3828 2013 veneraretur,

2376 2052 2539 2112 atque
2570 2059 2679 2100 sua:
2702 2043 3191 2114 consanguinitatis
3207 2044 3523 2107 ascisceret,
3552 2051 3603 2096 ut
3625 2045 3766 2095 amoris
3784 2046 3827 2095 soi

2375 2143 2535 2203 atque
2558 2135 2759 2199 cultus,
2789 2134 3009 2203 speciali
3044 2137 3284 2203 quadam
3318 2132 3659 2203 singularitatc
3677 2133 3825 2185 donaret

2444 2225 2542 2278 Cui
2594 2224 2842 2280 inolitum
2880 2224 3136 2295 quiddam
3181 2223 3595 2280 curialissimum
3630 2222 3722 2287 fuit,
3752 2236 3817 2275 ωδ

2375 2330 2510 2384 quos
2550 2315 2835 2385 reperiret,
2880 2330 3015 2384 quos
3057 2316 3419 2384 prmeminere
3457 2314 3632 2368 litteris
3655 2313 3823 2373 sciretis

2373 2404 2631 2470 libellulo,
2675 2420 2837 2474 quem
2873 2406 2940 2458 ad
2965 2406 3016 2458 id
3048 2406 3232 2475 operis
3269 2421 3453 2459 secum
3497 2405 3597 2473 ipse
3620 2406 3756 2458 crebro
3780 2420 3813 2470 ες

2372 2504 2563 2560 διανοεῖ,
2589 2512 2860 2567 quemque
2893 2512 2991 2566 pro
3025 2511 3125 2551 suo
3166 2505 3328 2566 captu
3358 2496 3593 2549 dictitare
3630 2508 3757 2562 prosa,
3779 2508 3823 2544 er

2374 2587 2621 2641 versibus
2651 2596 2869 2657 cogeret
2897 2604 2910 2651 ;
2946 2586 3151 2641 utdum
3184 2600 3633 2655 quorumcunque,
3657 2584 3821 2651 qtlisup't

2373 2693 2437 2731 eo
2470 2678 2905 2747 praedicabantur
2935 2679 3137 2742 studio,
3172 2679 3321 2733 dicta
3359 2678 3635 2748 colligeret,
3676 2675 3824 2728 CXdiCib

2372 2770 2535 2824 etiam
2592 2770 2927 2840 singulorum
2983 2786 3142 2826 sensa
3185 2771 3435 2825 libraret.
3484 2769 3601 2835 Quae
3644 2765 3814 2835 siquidem

2371 2862 2621 2929 quamvis
2643 2876 2742 2930 per
2772 2878 2830 2917 se
2877 2878 2983 2916 non
3017 2869 3262 2932 caperet,
3292 2877 3357 2916 ex
3383 2875 3560 2915 eorum
3591 2869 3741 2917 tamen,
3761 2853 3811 2921 qui

2371 2955 2471 3010 bus
2513 2956 2629 3010 haec
2662 2955 2886 3026 legenda
2914 2954 3208 3023 pandebat,
3259 2954 3477 3009 indubie
3511 2948 3724 3006 sententia
3757 2958 3822 2997 mot

2375 3053 2602 3112 teneret,
2630 3046 2684 3100 in
2739 3062 2845 3115 quo
2883 3045 3222 3115 potissimum
3274 3045 3397 3114 quis
3442 3049 3529 3096 aut
3559 3041 3603 3094 in
3634 3040 3823 3095 settso,au'

2371 3136 2615 3190 carmine
2635 3137 2973 3192 accuratiora
2997 3134 3253 3190 dixisset.
3282 3133 3409 3190 Haec
3436 3135 3499 3188 de
3535 3132 3633 3185 viro
3656 3126 3820 3197 quondm

2372 3229 2556 3294 nobili,
2589 3232 2686 3284 sed
2707 3230 2820 3299 jam
2851 3229 3114 3284 nobiliore
3156 3227 3268 3285 ﬁne
3293 3228 3441 3284 bono
3464 3226 3635 3280 libasse
3669 3216 3816 3275 suﬁiciat

2370 3322 2439 3387 Is,
2470 3324 2713 3393 inquam,
2744 3324 2886 3377 inter
2920 3325 3196 3379 memoriae
3232 3331 3437 3380 nostra:
3485 3322 3631 3381 viros,
3670 3310 3825 3378 cxcmplr

2370 3415 2574 3483 primus
2602 3415 2973 3471 conversionis
2996 3415 3321 3486 gloriosiore
3344 3410 3662 3485 resplenduit.

2988 3508 3215 3562 CAPUT
3261 3508 3332 3562 Χ.

2436 3600 2507 3652 At
2552 3613 2680 3653 vero
2725 3601 2815 3668 qui
2857 3600 3082 3654 Paulum
3132 3615 3197 3654 ex
3245 3599 3506 3669 Stephani
3543 3594 3631 3649 sibi
3669 3586 3823 3643 oratione

2366 3691 2593 3757 creavit,
2642 3692 2947 3760 exemplum
2999 3691 3140 3746 idem
3195 3692 3368 3746 tnulto
3415 3690 3606 3744 felicius
3648 3681 3821 3744 latiusque

2366 3798 2463 3851 per
2501 3784 2856 3851 potentiorem
2897 3785 3030 3839 satis
3075 3785 3307 3839 alterum
3345 3780 3652 3855 prOpagavit.
3684 3770 3821 3843 (")Si-

2366 3887 2491 3926 mon
2545 3874 2689 3927 enim
2746 3875 2964 3943 quidam
3008 3875 3280 3942 Ratiulphi
3317 3873 3525 3930 comitis
3560 3868 3689 3929 ﬁlius,
3721 3861 3817 3914 tuin.

2365 3962 2456 4016 bili
2488 3966 2658 4020 nostri
2704 3966 2963 4035 temporis
2998 3966 3318 4036 religionem
3375 3965 3589 4033 inopina:
3615 3952 3822 4013 mutationis

2364 4057 2610 4112 claritate
2648 4058 2857 4113 ditavit.
2904 4060 2991 4129 (‘3)
3030 4058 3131 4125 Qui
3175 4060 3395 4128 quidem
3436 4053 3702 4121 liaduipllus
3727 4056 3821 4112 ⁸1⁸³⁸³

2363 4149 2593 4206 celebris
2626 4151 2828 4222 ubique
2862 4151 3198 4207 Francorum
3262 4150 3512 4220 potentia:
3561 4142 3706 4203 fuerit,
3742 4146 3820 4232 illi“

2363 4243 2525 4298 urbes
2581 4244 2861 4311 invaserit,
2908 4243 3070 4315 465
3118 4254 3251 4314 quot
3303 4243 3490 4314 oppida
3536 4234 3712 4327 quaesita
3742 4240 3817 4327 Iul”

2363 4336 2661 4406 sagacitate
2722 4337 2977 4403 tenuerit,
3047 4337 3198 4392 multi
3263 4334 3587 4406 superstites,
3640 4326 3820 4417 quid?s

2361 4438 2575 4483 actuum
2593 4430 2909 4493 meminere,
2931 4439 3059 4485 sunt
3087 4438 3278 4485 testes.
3306 4430 3540 4497 Quantus
3572 4424 3699 4479 etiam
3724 4416 3818 4466 fuerit

2359 4534 2425 4574 ex
2474 4536 2539 4576 eo
2569 4536 2677 4576 uno
2716 4520 2913 4589 conjici
2954 4531 3136 4589 posset
3166 4523 3313 4592 quod
3359 4518 3561 4576 llenrici
3606 4511 3717 4579 regis
3739 4516 3816 4555 uio-

2360 4628 2495 4679 rem,
2529 4613 2756 4684 Philippi
2787 4615 2976 4669 itidem
3008 4614 3152 4685 regis
3183 4623 3412 4671 matrem
3453 4614 3504 4668 in
3537 4601 3817 4677 conjttgiol’os‘

2358 4705 2542 4759 mariti
2569 4705 2850 4761 decessum
2881 4706 3134 4761 habuerit

2425 4796 2753 4853 Juvcncnlns
2811 4798 2976 4867 igitur
3032 4797 3220 4854 Simon
3249 4840 3264 4864 ,
3320 4814 3443 4855 cum
3488 4803 3681 4851 mortem
3721 4788 3815 4871 miti

2356 4889 2618 4953 oliiisset,
2667 4892 2891 4944 obtento
2953 4891 3311 4945 comitatuum
3365 4890 3475 4960 ejus
3520 4886 3687 4939 honore
3727 4875 3815 4965 brt‘l'

2357 4982 2548 5035 tenuit.
2604 4980 2737 5036 Nam
2788 4996 3012 5036 causam
3066 4982 3202 5037 adeo
3245 4990 3514 5036 maturata:
3554 4965 3815 5031 conversion~

2357 5071 2497 5124 hanc
2532 5070 2697 5141 aliqui
2743 5071 2913 5127 fuisse
2953 5070 3155 5127 ferunt.
3201 5074 3259 5128 In
3302 5072 3520 5142 quodam
3556 5060 3710 5135 oppido
3730 5048 3814 5121 illi"J

2356 5161 2458 5216 sibi
2490 5163 2841 5231 usurpatione
2869 5164 3068 5234 potius,
3093 5180 3256 5233 quam
3280 5163 3572 5219 haereditate
3590 5150 3812 5234 provenerat

2356 5228 2831 5323 ejusdem—patris
2869 5228 3140 5323 -rcliqui:e
3200 5255 3426 5310 conditae
3478 5252 3672 5304 fuerant.
3720 5228 3811 5323 Quid

2359 5344 2521 5407 filius,
2550 5318 2746 5399 verens
2768 5358 2837 5398 ne
2862 5318 3057 5399 animie
3082 5346 3253 5413 patris
3272 5344 3515 5405 ofﬁceret,
3536 5338 3592 5391 ad
3610 5328 3708 5388 illud
3726 5318 3811 5392 qm”

2356 5438 2456 5491 sibi
2486 5453 2548 5491 ex
2568 5436 2693 5506 jure
2725 5438 3065 5501 constiterat,
3097 5438 3307 5493 deferre
3333 5431 3712 5507 proposuiiiquo
3736 5422 3808 5507 in“

2356 5503 2679 5584 delationem
2729 5530 2976 5594 detecto,
3020 5538 3074 5583 et
3119 5531 3220 5584 sub
3258 5503 3440 5585 oculis,
3464 5521 3546 5578 ﬁlii
3586 5515 3640 5571 ad
3677 5503 3805 5563 llud"HI

2354 5619 2615 5686 revelato,
2657 5635 2779 5675 cum
2829 5620 3188 5691 potentissimi
3228 5618 3500 5690 genitoris,
3533 5602 3803 5679 quoﬂdim'im

2356 5712 2673 5768 ferocissimi
2708 5714 2943 5769 tabidum
2977 5715 3291 5769 attendisset
3322 5722 3523 5778 corpus,
3560 5698 3613 5754 ad
3639 5694 3783 5748 contem
