4012 6346
106 302 244 360 835
1193 297 1283 356 DE
1310 299 1470 357 VITA
1504 299 1638 358 SUA
1674 300 1852 356 LIBRI
1891 299 2087 360 TRES.
2120 336 2188 346 —
2209 304 2334 362 LIB.
2360 304 2399 361 l.
3326 309 3431 367 854

114 417 461 490 platiouem
490 413 704 469 misera:
735 411 1062 470 conditionis
1089 427 1148 469 se
1184 416 1430 470 Contulit.
1460 416 1528 470 Et
1558 417 1752 471 exinde
1783 420 1827 477 Α
1856 427 2012 487 gatus
2059 428 2283 487 aeterno,
2332 438 2455 478 cum
2502 438 2559 479 se
2612 424 2678 479 ad
2728 424 3251 481 exeommunicatum
3307 434 3434 481 tunc

116 507 429 580 quidquid
452 506 804 562 sublimitatis
829 507 931 561 sibi
958 506 1257 572 arridebat,
1282 517 1335 563 et
1362 509 1567 577 gloriae,
1602 509 1751 565 fasti-
1854 510 2113 577 temporis
2144 511 2439 568 llenrieum
2471 513 2852 585 imperatorem
2889 514 3000 584 ipse
3027 516 3188 570 etiam
3216 530 3433 571 excom-

120 600 267 654 dire
290 600 413 667 jam
445 598 631 668 coepit.
659 597 930 668 Coneepta
958 598 1142 667 itaque
1172 598 1275 655 hae
1304 600 1421 670 ipsa
1450 602 1747 670 voluntate,
1852 600 2158 656 municatus
2189 604 2528 672 contulisset,
2563 605 2665 661 hac
2714 605 2945 676 illacque
2986 605 3270 673 oberrans,
3317 607 3434 663 sine

125 690 411 745 fervente
450 689 668 744 tandem
701 689 971 744 desiderio
1004 690 1145 757 quod
1184 691 1521 758 parturiebat
1546 693 1744 757 emisit,
1850 691 2232 746 communione
2258 703 2533 763 postremo
2564 694 2892 766 defungitur.

126 791 197 836 et
222 781 431 851 patria:
450 795 783 851 suorumque
805 781 967 853 fugax
997 781 1131 836 fines
1151 782 1420 837 excedens
1437 782 1749 851 Francicos,
1920 781 2113 850 Opera:
2143 798 2274 839 vero
2304 786 2544 855 pretium
2580 786 2686 842 dici
2725 796 2808 844 est
2831 787 3083 857 quiddam
3106 829 3120 853 ,
3156 789 3298 857 quod
3330 787 3432 843 sub

132 871 536 943 Burgundiam
564 871 653 942 (δι)
685 873 750 927 ad
781 882 1028 928 sanctum
1056 873 1371 945 Eugendum
1396 874 1450 929 in
1478 877 1751 932 territorio
1852 876 1970 945 ipso
2016 879 2158 933 intra
2190 878 2383 933 urbem
2419 877 2748 948 malignante
2777 880 3044 949 provenit.
3092 880 3234 935 Inter
3262 881 3435 936 eccle-

129 960 385 1018 Jurensi
409 962 699 1018 concessit.
1852 970 2072 1025 siastica
2117 978 2438 1025 ornamenta
2478 986 2600 1040 quae
2629 970 2919 1038 militibus,
2962 972 3053 1041 qui
3104 987 3214 1027 suae
3260 972 3434 1027 inser-

220 1053 432 1107 Audivi
473 1054 638 1108 etiam
669 1054 813 1122 quod
851 1055 1175 1111 nobilissimi
1213 1057 1502 1128 quamdam
1537 1058 1755 1127 generis
1851 1061 2065 1116 vierant
2106 1060 2412 1133 tyrannidi,
2453 1061 2851 1132 impertiverat,
2902 1062 3041 1116 calix
3083 1076 3279 1117 aureus
3327 1078 3435 1118 non

130 1146 505 1216 juvenculam
524 1147 625 1201 sibi
650 1147 1032 1216 desponderat,
1049 1164 1303 1217 quaecum
1321 1150 1752 1204 amantissimum
1853 1155 2001 1225 parvi
2034 1152 2285 1209 bifariam
2327 1155 2485 1225 pretii
2521 1165 2669 1221 erat,
2698 1156 2824 1225 quia
2861 1165 2917 1211 et
2945 1157 3188 1225 plurimm
3221 1159 3437 1227 quanti—

129 1236 414 1306 juvenem
447 1239 571 1303 sibi,
609 1246 663 1293 et
693 1239 894 1293 mundo
922 1241 1204 1308 repudium
1235 1241 1446 1296 dedisse
1481 1241 1749 1306 rescisset,
1856 1245 1983 1316 tatis
2017 1244 2213 1309 fuerat,
2244 1256 2300 1301 et
2327 1247 2511 1301 nescio
2540 1256 2701 1316 quota
2739 1247 2810 1301 ibi
2844 1248 3108 1316 particula
3146 1250 3261 1302 auri
3292 1250 3435 1304 illius

140 1327 279 1398 ipsa
302 1328 532 1384 inferior
548 1329 835 1385 viderinon
856 1331 1483 1403 tolerans,virginalibus
1506 1333 1614 1388 Deo
1634 1347 1750 1388 ser-
1853 1314 1996 1403 quod
2027 1350 2055 1388 a
2089 1336 2264 1391 tribus
2294 1336 2522 1389 Domino
2556 1314 2724 1405 Magis
2752 1314 2990 1390 oblatum
3013 1345 3123 1397 est,
3154 1334 3346 1402 effusa,
3379 1348 3439 1392 ut

142 1421 429 1476 viantium
462 1420 653 1476 turmis
681 1421 837 1489 virgo
857 1432 1271 1491 perseveratum
1298 1438 1419 1479 sese
1453 1424 1750 1480 conseruit.
1856 1427 2165 1495 ferebatur,
2211 1437 2351 1483 erat.
2403 1428 2537 1484 Cum
2588 1443 2717 1498 ergo
2761 1427 2965 1498 forcipe
3014 1430 3291 1485 desectum
3341 1444 3439 1499 per

235 1509 540 1579 Aliquanto
564 1518 686 1579 post
705 1511 1061 1568 monachatus
1083 1514 1484 1584 susceptionem
1514 1525 1755 1585 tempore

148 1601 372 1671 elapso,
402 1601 793 1671 postliminium
833 1602 963 1658 fecit
1006 1604 1059 1658 in
1090 1603 1377 1660 Franciam
1398 1645 1413 1671 ,
1446 1614 1500 1659 et
1531 1613 1608 1660 tot
1638 1613 1759 1659 tan-

150 1702 364 1763 tosque
408 1707 719 1747 sermonum
763 1693 880 1764 ejus
923 1695 1156 1765 puritas,
1199 1703 1254 1750 et
1281 1696 1449 1750 animi
1497 1709 1658 1765 quam
1700 1695 1754 1750 in

154 1785 311 1840 facie
345 1784 672 1855 prmferebat
697 1764 1005 1853 humilitas,
1035 1789 1181 1843 viros
1209 1790 1467 1844 animavit
1500 1764 1554 1844 et
1599 1788 1754 1843 femi-
1786 1764 1831 1823 Β

159 1894 292 1943 nas,
318 1886 378 1931 ut
397 1878 606 1932 infinita
628 1892 855 1933 sexuum
878 1879 1090 1948 agmina
1112 1881 1180 1933 ad
1206 1879 1307 1936 via:
1320 1880 1750 1949 prosecutionem

155 1967 327 2023 istius
371 1968 472 2023 sub
508 1982 574 2021 eo
621 1975 862 2037 tempore
891 1969 1286 2037 conﬂarentur,
1314 1980 1370 2027 et
1397 1972 1754 2042 undecunque

160 2058 235 2112 ad
271 2059 324 2112 id
357 2058 620 2128 propositi
657 2060 906 2130 exemplo
939 2061 1060 2132 ejus
1097 2063 1333 2118 nominis
1370 2063 1584 2133 plurimi
1616 2065 1753 2119 cita-

160 2157 378 2203 rentur.
396 2149 744 2219 Equestrium
766 2151 1036 2221 siquidem
1057 2153 1297 2210 virorum
1319 2155 1554 2211 studium
1576 2155 1753 2212 homi-

163 2241 259 2297 nis
289 2241 514 2297 multum
537 2240 844 2298 sollicitavit
878 2258 1130 2300 examen.

798 2336 1026 2393 CAPUT
1062 2338 1157 2393 XI.

248 2427 310 2483 S.
343 2426 610 2482 Brtmonis
633 2444 793 2482 causa
818 2445 1048 2484 secessus
1072 2430 1126 2484 in
1142 2446 1391 2486 eremum.
1420 2431 1758 2488 Cartltusien-

170 2523 311 2575 sium
341 2520 509 2589 origo,
542 2529 697 2590 atque
740 2521 982 2575 instituta
1025 2523 1307 2591 primitiva.
1341 2524 1607 2580 Manassis
1646 2525 1759 2579 Re-

175 2629 342 2666 mens.
385 2612 533 2665 arch.
563 2629 803 2681 perversa
829 2614 953 2667 vita.
979 2644 1050 2653 —
1075 2615 1143 2669 At
1169 2615 1294 2684 quia
1320 2617 1677 2671 conveniebat
1701 2625 1761 2671 ut

176 2710 237 2757 et
284 2701 641 2757 litteratorum
690 2702 955 2772 quispiam
991 2705 1131 2759 sacri
1163 2720 1379 2775 gregem
1420 2707 1626 2762 ordinis
1658 2707 1759 2761 sub

176 2794 367 2849 eodem
398 2792 594 2847 affectu
634 2802 755 2863 post
807 2808 866 2847 se
920 2795 1302 2860 contraheret,
1336 2794 1435 2849 fuit
1463 2812 1567 2851 non
1603 2796 1759 2865 longe

181 2882 369 2952 abhis
403 2883 591 2937 diebus
632 2882 813 2936 Bruno
842 2884 1061 2951 quidam
1092 2883 1146 2936 in
1185 2884 1321 2938 urbe
1351 2883 1608 2939 Remensi
1646 2884 1756 2947 vir,

180 2983 239 3028 et
275 2974 580 3028 liberalibus
615 2974 910 3030 instructus
935 2976 1162 3043 artibus,
1195 2986 1250 3032 et
1284 2990 1599 3045 magnorum
1642 2983 1758 3030 stu-

187 3064 394 3118 diorum
416 3073 597 3119 rector
618 3064 729 3133 (⁸⁵),
758 3065 848 3132 qui
873 3065 1243 3119 conversionis
1265 3065 1418 3118 initia
1438 3079 1504 3119 ex
1524 3062 1759 3131 subjecta

183 3166 375 3211 nactus
397 3157 682 3212 occasione
713 3156 1068 3226 dignoscitur.
1101 3156 1376 3211 Manasses
1397 3156 1613 3224 quidam
1638 3165 1760 3225 post

172 3251 424 3307 Gervasii
464 3250 814 3305 famosissimi
851 3249 1243 3318 archiepiscOpi
1279 3248 1591 3314 decessum,
1621 3262 1759 3316 prae-

174 3340 342 3394 dicta:
368 3339 517 3394 urbis
547 3339 793 3408 regimini
826 3338 1133 3393 Simoniace
1160 3352 1220 3393 se
1250 3337 1498 3402 intrusit;
1535 3337 1616 3390 vir
1644 3336 1763 3404 qui-

154 3413 308 3482 dem
332 3428 547 3492 nobilis,
574 3427 668 3481 sed
692 3426 827 3481 nihil
850 3441 1070 3496 prorsus
1090 3426 1425 3490 serenitatis,
1450 3439 1571 3493 quae
1588 3424 1759 3493 prima

178 3520 566 3589 ingenuitatem
596 3519 780 3583 decet,
816 3519 1062 3575 habens:
1101 3527 1282 3573 tantos
1311 3517 1454 3573 enim
1494 3516 1667 3571 fastus
1694 3531 1763 3570 ex

182 3608 279 3663 illa
334 3609 571 3665 novitate
620 3617 964 3677 conceperat,
1019 3615 1078 3661 ut
1127 3607 1304 3676 regias
1355 3605 1764 3675 peregrinarum

184 3700 425 3770 gentium
466 3700 811 3770 majestates,
876 3700 985 3754 imo
1031 3700 1372 3769 majestatum
1425 3697 1765 3761 fcrocitates,

184 3792 387 3847 imitari
412 3792 705 3847 videretur.
741 3791 1154 3863 Peregrinarum
1191 3792 1323 3857 dixi,
1354 3791 1408 3845 in
1434 3790 1766 3844 Francorum

184 3885 337 3940 enim
369 3884 585 3954 regibus
622 3899 685 3938 ea
720 3884 889 3953 viguit
930 3883 1192 3939 naturalis
1231 3898 1445 3953 semper
1482 3880 1767 3947 modestia,

187 3987 254 4034 ut
293 3976 415 4032 illud
456 3976 728 4047 Sapientis
758 3976 988 4041 dictum,
1029 3977 1128 4031 etsi
1178 3991 1282 4031 non
1320 3976 1372 4030 in
1419 3974 1668 4038 scientia,
1718 3974 1769 4027 in

191 4079 316 4127 actu
372 4078 548 4124 tamen
604 4068 946 4123 habuerint:
996 4084 1014 4118 ι
1070 4066 1410 4136 Principem,
1462 4064 1667 4135 inquit,
1722 4072 1772 4117 te

189 4163 615 4227 constituerunt,
654 4160 762 4215 noli
807 4159 1016 4227 extolli,
1068 4160 1161 4215 sed
1206 4169 1325 4214 esto
1367 4159 1419 4212 in
1466 4157 1573 4212 illis
1616 4155 1772 4224 quasi

192 4269 333 4309 unus
357 4268 422 4307 ex
451 4252 556 4306 illis
585 4251 780 4322 (Eccti.
809 4266 979 4315 xxxtt,
1015 4251 1088 4319 l).
1122 4270 1140 4303 ι
1172 4250 1220 4304 ls
1247 4250 1410 4321 igitur
1428 4264 1549 4303 eum
1573 4246 1772 4301 milites

193 4359 533 4415 summopere
586 4344 888 4407 aﬂ'ectarct,
942 4342 1147 4397 clerum
1204 4341 1528 4412 negligeret,
1572 4337 1773 4392 dixisse

1854 1517 2162 1587 portiones,
2206 1516 2406 1585 quibus
2453 1517 2789 1581 delibuerat,
2823 1516 3167 1587 dilargiretur
3190 1518 3434 1583 calicem,

1857 1613 1912 1658 et
1934 1619 2096 1660 nemo
2123 1604 2508 1660 sacratissimze
2546 1605 2621 1658 rei
2656 1605 3011 1675 suscipienda:
3045 1606 3432 1675 acquiesceret,

1861 1694 2079 1749 tandem
2108 1694 2370 1750 scelestus
2397 1695 2615 1764 quidam
2638 1709 2825 1764 eques,
2853 1711 2952 1751 suo
2976 1697 3306 1752 muneratori
3330 1712 3445 1753 non

1861 1784 2057 1854 impar,
2087 1786 2362 1856 suscipere
2393 1803 2614 1857 passus,
2650 1788 2760 1842 imo
2794 1788 3097 1858 procaciter
3133 1797 3439 1858 contempta

1861 1877 2188 1931 sacramenti
2221 1877 2506 1947 majestate
2533 1877 2859 1947 corripiens,
2890 1878 2942 1931 in
2970 1879 3262 1933 amentiam
3297 1879 3439 1935 illico

1860 1982 2074 2033 versus,
2105 1983 2325 2025 censum
2353 2011 2367 2035 ,
2401 1985 2561 2039 quem
2594 1970 2832 2026 indebite
2864 1978 3301 2041 praesumpserat,
3333 1985 3441 2026 non

1860 2065 2141 2133 expendit,
2185 2073 2239 2119 et
2286 2069 2465 2116 tamen
2499 2061 2801 2117 temerariae
2835 2060 3149 2132 cupiditatis
3182 2060 3441 2116 continuo

1862 2166 2051 2222 poenas
2077 2154 2282 2225 pendit.
2408 2214 2411 2219 ί

1886 2276 1889 2277 ν
1933 2244 2115 2299 Bruno
2140 2247 2252 2300 adit
2278 2245 2634 2300 Cartlmsiam.
2664 2276 2734 2286 —-
2765 2242 2834 2300 At
2862 2246 3042 2303 Bruno
3070 2246 3203 2303 urbe
3228 2246 3443 2302 deserta

1865 2334 2063 2390 saeculo
2104 2336 2267 2391 etiam
2321 2337 2708 2391 abrenuntiare
2763 2338 3032 2407 proponit,
3081 2338 3173 2408 qui
3221 2353 3444 2393 suormn

1865 2425 2087 2480 notitias
2140 2426 2372 2482 horrens
2432 2427 2500 2479 ad
2564 2426 3124 2497 Gratianopolitannm
3180 2429 3453 2499 processit

1869 2514 2223 2569 territorium.
2258 2515 2330 2570 lbi
2362 2516 2415 2571 in
2448 2517 2640 2585 arduo,
2670 2527 2726 2571 et
2753 2518 3041 2573 admodum
3074 2520 3297 2574 terribili
3322 2535 3457 2588 pro—~

1865 2607 2138 2661 montorio
2178 2607 2246 2661 ad
2286 2608 2433 2677 quod
2477 2608 2871 2673 difﬁcillimum,
2916 2618 2969 2664 et
3009 2609 3166 2665 valde
3210 2610 3447 2667 insolens

1867 2696 1972 2750 iter
2010 2696 2339 2762 intenditur;
2382 2697 2482 2752 sub
2514 2713 2581 2753 eo
2610 2699 2775 2753 etiam
2820 2700 3257 2769 praeruptissimze
3293 2700 3448 2756 vallis

1867 2804 2068 2861 vorago
2094 2792 2345 2859 dehiscit,
2378 2793 2623 2849 habitare
2653 2794 2817 2866 466
2844 2795 3081 2866 deligens
3100 2835 3114 2861 ,
3140 2796 3449 2866 hujusmodi

1867 2893 2046 2934 mores
2069 2880 2332 2946 instituit,
2352 2890 2404 2936 et
2427 2897 2691 2951 sequaces
2721 2882 3118 2954 ejushodieque
3141 2885 3220 2940 sic
3237 2886 3446 2939 vivunt.

1937 2971 2072 3039 Ejus
2099 2983 2144 3026 et
2175 2973 2550 3042 discipulorum
2591 2991 2758 3028 mores
2783 2985 2830 3028 et
2860 2977 2994 3029 ratio
3023 2976 3244 3030 vivendi.
3274 3006 3346 3017 —
3382 2976 3450 3030 Et

1869 3063 2102 3118 ecclesia
2136 3063 2207 3119 ibi
2238 3075 2322 3120 est
2350 3081 2456 3120 non
2487 3065 2643 3135 longe
2675 3081 2704 3118 a
2735 3066 3013 3135 crepidine
3043 3067 3261 3131 montis,
3286 3068 3447 3137 paulo

1868 3154 2145 3209 sinuatum
2197 3155 2459 3211 devexum
2504 3156 2729 3223 habens,
2770 3157 2822 3211 in
2864 3173 2966 3227 qua
3022 3158 3277 3213 tredecim
3322 3167 3450 3213 sunt

1873 3246 2154 3311 monachi;
2188 3247 2484 3303 claustrum
2519 3248 2734 3317 quidem
2769 3250 2904 3303 satis
2935 3249 3181 3304 idoneum
3214 3265 3312 3320 pro
3338 3263 3449 3304 εω-

1870 3334 2070 3388 nobiali
2094 3337 2490 3393 consuetudine
2514 3338 2796 3403 habentes,
2813 3340 2908 3394 sed
2933 3355 3037 3394 non
3060 3339 3446 3403 claustraliter,

1868 3432 1926 3477 ut
1946 3425 2147 3489 caeteri,
2177 3427 2572 3484 cohabitantes.

1947 3513 2162 3571 Habent
2181 3524 2379 3586 quippe
2408 3518 2604 3588 singuli
2629 3518 2854 3573 cellulas
2884 3533 2980 3588 per
3005 3533 3194 3589 gyrum
3224 3518 3449 3575 claustri

1869 3609 2141 3676 proprias,
2174 3608 2228 3662 in
2249 3609 2447 3678 quibus
2470 3618 2784 3678 operantur,
2814 3610 3088 3665 dormiunt
3119 3624 3182 3666 ac
3219 3625 3451 3666 vescun-

1872 3703 1978 3749 tur.
2009 3696 2289 3755 Dominica
2320 3714 2349 3752 a
2379 3699 2753 3769 dispensatore
2780 3715 2933 3754 escas
2952 3741 2966 3766 ,
2998 3713 3192 3770 panem
3222 3701 3448 3765 scilicet,

1873 3800 1937 3840 ac
1963 3785 2213 3857 legumen
2251 3788 2546 3858 accipiunt,
2573 3789 2717 3859 quod
2746 3790 2965 3845 unicum
2988 3790 3249 3859 pulmenti
3282 3805 3451 3859 genus

1872 3891 1900 3931 a
1937 3892 2153 3949 quoque
2191 3894 2380 3935 eorum
2424 3881 2567 3950 apud
2605 3895 2664 3935 se
2706 3880 2977 3950 coquitur.
3020 3881 3231 3950 Aquam
3273 3890 3452 3937 autem

1875 3974 1982 4022 tam
2008 3969 2248 4033 haustui,
2274 3986 2435 4039 quam
2464 3971 2679 4027 residuo
2704 3970 2847 4034 usui,
2873 3985 2938 4025 ex
2963 3970 3127 4026 ductu
3151 3970 3334 4038 fontis,
3360 3971 3452 4042 qui

1872 4057 2112 4111 omnium
2159 4060 2401 4114 obambit
2431 4060 2668 4126 cellulas,
2718 4068 2774 4115 et
2816 4060 3145 4131 singulorum
3182 4075 3280 4131 per
3304 4070 3452 4116 certa

1873 4146 2140 4203 foramina
2183 4150 2426 4206 mdiculis
2471 4150 2674 4216 influit,
2722 4152 2941 4207 habent.
2982 4150 3159 4217 Pisce,
3199 4159 3255 4207 et
3293 4166 3452 4207 caseo

1874 4237 2194 4307 Dominicis,
2238 4251 2293 4296 et
2343 4241 2499 4296 valde
2548 4241 2701 4297 festis
2742 4242 2933 4298 diebus
2983 4250 3256 4297 utuntur:
3305 4243 3463 4311 pisce

1877 4331 2139 4399 dixerim,
2182 4348 2289 4387 non
2338 4348 2498 4402 quem
2553 4333 2657 4387 sibi
2704 4332 2804 4399 ipsi
2858 4341 3123 4398 emerunt,
3163 4333 3256 4388 sed
3293 4348 3455 4401 quem

195 4436 479 4504 aliquando
508 4432 741 4489 refertur
767 4446 784 4486 :
818 4451 836 4483 ‹
873 4432 1071 4495 Bonus,
1089 4430 1184 4497 ait,
1210 4438 1353 4486 esset
1381 4426 1664 4484 Remensis
1685 4441 1772 4480 ar-
1799 4450 1852 4509 υ
1879 4422 2141 4477 bonorum
2170 4424 2472 4492 aliquorum
2508 4423 2750 4476 virorum
2778 4421 3067 4490 largitione
3093 4421 3452 4509 susceperint.

196 4525 648 4593 chiepiscopatus,
663 4523 706 4576 si
729 4536 835 4576 non
854 4521 1047 4576 missas
1070 4521 1193 4575 inde
1204 4520 1412 4576 cantari
1433 4526 1728 4588 oporteret.
1750 4535 1768 4567 ι

270 4613 419 4683 [Iugo
472 4613 705 4677 Diensis,
764 4611 1181 4682 archiepiswpus
1238 4609 1636 4680 Lugdunensis,
1696 4608 1776 4662 vir

197 4707 413 4779 optimus
437 4742 453 4772 ,
480 4703 779 4759 Manasscm
809 4704 1137 4759 anathemate
1172 4702 1311 4772 ferit.
1340 4731 1414 4741 —
1440 4699 1608 4768 Hujus
1648 4714 1776 4769 ergo

202 4813 376 4856 mores
404 4813 627 4870 prorsus
662 4798 961 4867 improbos,
999 4806 1053 4850 et
1082 4796 1480 4866 stupidissimos
1522 4793 1738 4847 habitus
1760 4832 1773 4857 ,

202 4906 323 4947 cum
353 4890 529 4945 omnis
572 4891 835 4944 honestus
884 4888 1134 4943 horreret
1171 4888 1376 4953 Bruno,
1428 4886 1480 4940 in
1523 4883 1777 4939 Eeclesiis

209 4992 335 5037 tunc
386 4979 572 5036 Gallia:
622 4978 1070 5048 opinatissimus,
1114 4992 1235 5032 cum
1287 4977 1408 5030 aliis
1456 4974 1777 5044 quibusdam

205 5070 549 5127 Remensium
573 5067 892 5124 clericorum
914 5066 1204 5129 nobilibus,
1232 5063 1450 5119 infamis
1471 5063 1610 5117 illius
1630 5062 1776 5127 odio,

205 5162 432 5219 excessit
458 5160 529 5215 ab
548 5160 702 5214 urbe.
729 5157 899 5225 Quem
924 5156 1264 5227 postmodum
1288 5169 1561 5225 proceres,
1579 5153 1776 5216 clerus,

207 5261 365 5323 atque
390 5252 711 5323 Burgenses,
737 5265 861 5305 cum
887 5248 954 5302 ab
977 5246 1220 5318 Ilugone,
1248 5246 1360 5316 (qui
1380 5245 1594 5300 Diensis
1619 5259 1777 5313 agno-

206 5346 530 5415 minabatur)
583 5342 987 5412 archiepiscopo
1048 5337 1426 5409 Lngdunensi,
1475 5336 1780 5408 apostolica:

210 5440 350 5497 sedis
379 5440 577 5510 legato,
613 5438 733 5493 viro
761 5435 812 5489 in
846 5432 1033 5489 fenore
1066 5431 1291 5500 justitia:
1316 5429 1640 5492 clarissimo,
1668 5442 1782 5483 cre-

214 5531 451 5588 berrimo
485 5529 830 5584 anathemate
868 5527 1141 5589 feriretur,
1169 5531 1221 5576 et
1252 5521 1339 5575 ille
1367 5535 1528 5575 manu
1559 5518 1777 5573 militari

214 5620 491 5675 thesauros
546 5617 792 5672 ecclesiae
844 5613 1139 5684 dilapidare
1190 5612 1485 5673 niteretur,
1536 5624 1566 5661 a
1622 5607 1775 5672 sede,

203 5725 369 5773 uuam
403 5708 539 5763 male
586 5708 890 5773 obsederat,
924 5704 1275 5774 pepulerunt,
1316 5710 1369 5757 et
1408 5699 1597 5755 exsilio
1650 5698 1782 5754 rele-

1946 4514 2172 4579 Aurum,
2212 4521 2519 4581 argentum,
2542 4518 2860 4565 ornamenta
2886 4509 3127 4565 ecclesiae
3154 4525 3184 4564 a
3212 4508 3451 4573 nemine,

1877 4603 2011 4659 nihil
2036 4604 2178 4657 enim
2201 4602 2270 4657 ibi
2295 4610 2491 4671 prmter
2516 4600 2738 4656 calicem
2761 4608 3098 4669 argenteum.
3125 4599 3189 4653 At
3207 4597 3451 4653 eamdem

1877 4694 2160 4750 ecclesiam
2201 4707 2306 4747 non
2344 4692 2495 4747 horis
2527 4691 2719 4756 solitis,
2753 4691 2829 4745 uti
2862 4706 2985 4757 nos,
3014 4690 3108 4747 sed
3133 4689 3300 4746 certis
3326 4703 3449 4745 con-

1878 4786 2120 4842 veniunt.
2155 4784 2378 4848 Missas,
2410 4783 2513 4837 nisi
2548 4782 2733 4847 fallor,
2770 4780 3073 4847 Dominica,
3107 4791 3163 4837 et
3196 4778 3453 4837 solemnit-

1877 4875 1978 4930 bus
2004 4874 2251 4929 audiunt.
2283 4873 2562 4942 Nusquam
2597 4887 2734 4941 pene
2754 4871 3074 4943 loquuntur,
3101 4886 3225 4927 nam
3260 4870 3305 4924 si
3330 4868 3451 4938 quitI

1879 4966 1985 5033 peti
2018 4980 2239 5021 necesse
2273 4974 2379 5030 est,
2414 4964 2570 5035 signo
2609 4963 2859 5035 exigitur.
2905 4963 3131 5026 Vinum,
3170 4960 3215 5015 si
3245 4959 3450 5028 quandr

1879 5058 2091 5125 bibunt,
2122 5058 2257 5112 adeo
2285 5065 2622 5126 corruptum,
2660 5066 2721 5109 ut
2744 5054 2819 5108 nil
2849 5052 3067 5117 virium,
3103 5050 3174 5105 nil
3205 5062 3341 5120 pene
3372 5062 3447 5101 sar

1881 5150 2028 5217 poris
2056 5150 2332 5204 utentibus
2361 5146 2581 5209 aiferat,
2617 5146 2702 5199 vix
2734 5143 3005 5201 communi
3049 5143 3119 5196 sit
3150 5140 3291 5194 unda
3320 5153 3438 5207 pric-

1884 5240 2137 5294 stantius.
2183 5238 2387 5293 Ciliciis
2424 5236 2727 5291 vcstiuntur
2768 5233 2835 5286 ad
2879 5230 3107 5294 nudum,
3139 5236 3450 5283 caeterarutr

1882 5331 2114 5385 vestium
2146 5329 2309 5383 multa
2348 5328 2601 5381 tenuitas.
2632 5324 2742 5379 Sub
2772 5321 2951 5391 priore
2982 5327 3147 5389 agunt
3171 5316 3283 5387 (“),
3314 5314 3451 5369 vices

1883 5434 2060 5478 autem
2092 5421 2301 5477 abbatis
2336 5434 2399 5474 ac
2440 5414 2734 5487 provisoris
2773 5409 3305 5481 GratianOpolilanus
3348 5404 3435 5475 epi

1883 5529 2080 5584 scopus
2109 5514 2194 5567 vir
2230 5510 2522 5581 plurimum
2559 5504 2843 5575 religiosus
2872 5501 3203 5570 exsequitur.
3231 5498 3366 5554 Cum
3405 5495 3451 5547 ir

1883 5606 2190 5661 omnimoda
2235 5606 2551 5669 paupertate
2590 5611 2647 5652 se
2684 5593 2985 5664 deprimant
3014 5590 3103 5661 (⁸⁷)
3136 5588 3450 5646 ditissimatr

1888 5704 2065 5751 tamen
2116 5690 2499 5749 bibliothecam
2542 5691 2909 5757 coaggerant:
2951 5698 3056 5752 quo
3094 5681 3237 5737 enim
3280 5678 3448 5732 minus
