3980 6324
573 280 682 339 εδδ

1472 275 1531 328 ν.
1571 276 1894 331 GUIBERTI
1932 276 2220 334 ABBATIS
2260 280 2315 335 S.
2361 278 2599 334 MARLE
2632 279 2717 335 DE
2751 278 3146 336 NOVIGENTO
3668 307 3743 367 εδδ

567 406 583 465 γ
613 394 734 449 anis
770 394 932 466 hujus
950 393 1102 462 copia
1132 387 1427 444 matcrialis
1461 386 1781 453 exuberant,
1819 398 1967 443 tanto
1999 392 2170 460 magis
2199 401 2244 454 Α
2274 391 2421 446 ribus
2470 392 2805 446 inveniretur
2851 392 2972 447 ﬁdei
3018 395 3289 463 vivacitas,
3327 414 3471 469 quam
3505 410 3549 465 in
3586 413 3743 487 iiiis,in

601 488 692 552 llo,
724 488 813 557 qui
852 503 957 540 non
987 486 1154 554 peril,
1189 483 1282 539 sed
1323 483 1374 537 in
1405 491 1666 538 aeternum
1704 492 2013 551 permanet,
2045 484 2167 538 cibo

590 589 810 645 operose
844 576 1122 629 insudant.

666 666 801 719 Vasa
825 676 1068 735 argentea
1104 684 1135 718 α
1171 667 1356 721 comite
1380 664 1687 719 Nivernensi
1712 666 1869 719 missa
1893 676 2163 735 respuunt.

583 787 650 798 --
673 756 970 822 lntantum,
1003 758 1250 828 inquam,
1297 774 1408 813 suae
1437 768 1563 814 sunt
1591 760 1842 813 custodes
1870 758 2082 827 inopia},
2112 766 2168 811 ut

586 849 692 903 hoc
724 848 840 917 ipso
872 864 979 917 quo
1011 849 1226 919 agimus
1259 866 1404 906 anno
1440 852 1554 921 (⁸⁸),
1595 851 1958 905 Nevernensis
1985 866 2169 905 comes

584 941 669 994 vir
689 939 910 995 omnino
936 941 1216 1012 religiosus
1238 958 1301 997 ac
1323 952 1515 1011 potens
1535 958 1651 1007 eos,
1679 957 1843 997 eausa
1867 940 2168 996 devotionis

585 1039 642 1086 et
680 1033 896 1100 optima:
939 1048 1059 1102 quae
1105 1034 1233 1089 hinc
1280 1046 1498 1089 emanat
1543 1034 1833 1104 opinionis.
1886 1033 2164 1087 inviserit:

584 1123 925 1194 multumque
957 1141 1121 1194 super
1155 1126 1402 1180 smcttlari
1438 1142 1531 1181 eos
1558 1126 1869 1196 cupiditate,
1912 1133 1970 1178 ut
2010 1139 2162 1179 cave-

585 1228 710 1271 rent
734 1217 879 1281 inde,
906 1219 1195 1272 monuerit.
1218 1219 1464 1288 Cumque
1484 1234 1760 1289 regressus
1774 1219 1837 1272 ad
1866 1234 1959 1273 sua
1982 1232 2167 1271 eorum

586 1310 919 1381 indigentiae,
946 1326 1107 1380 quam
1131 1312 1360 1375 viderat,
1385 1312 1739 1374 meminisset,
1765 1320 1818 1365 et
1841 1288 2167 1364 monitorum

588 1415 709 1469 qua:
742 1401 823 1455 eis
862 1402 1116 1456 intulerat
1148 1417 1484 1472 nequaquam
1531 1418 1741 1457 memor
1783 1412 1946 1466 esset,
1989 1404 2171 1457 nescio

587 1507 710 1563 qua:
739 1503 1013 1562 argentea,
1048 1493 1280 1562 scyphos
1319 1494 1566 1548 videlicet
1597 1503 1650 1547 et
1681 1504 1894 1548 scutras
1927 1493 2019 1565 [[.,
2049 1508 2170 1548 scu—

587 1581 789 1654 tollas],
832 1584 994 1652 pretii
1046 1584 1263 1653 plurimi
1308 1584 1387 1639 eis
1432 1586 1617 1651 misit;
1667 1588 1760 1641 sed
1810 1601 1996 1641 eorum
2051 1600 2170 1654 qua:

587 1673 801 1728 dixerat
836 1673 942 1728 illis
973 1689 1313 1744 nequaquam
1341 1676 1633 1732 obliviosos
1660 1678 1882 1732 invenit.
1916 1677 2170 1732 Commu-

2269 480 2464 573 quibus
2493 484 2894 552 grandaevitatis
2922 498 2985 537 ac
3027 485 3261 541 scientia:
3287 488 3482 552 ﬂoreret
3501 480 3744 573 auctoritas.

2341 572 2628 627 lnnumera
2687 576 2942 629 construit
3002 581 3331 635 monasteria.
3386 616 3447 626 —
3494 589 3605 649 Cum
3655 617 3747 675 ergo

2272 679 2536 733 nusquam
2590 667 2693 719 nisi
2742 666 2794 720 in
2842 669 3223 725 vetustissimis
3269 683 3575 739 monasteriis
3613 666 3748 751 mona-

2270 757 2496 810 chorum
2526 757 2819 812 haberetur
2856 759 3159 828 aliquorum
3196 764 3362 832 sedes,
3401 784 3639 840 cleperuut
3668 787 3751 839 ubi-

2270 862 2374 916 que
2403 848 2505 903 loci
2535 865 2673 903 nova
2703 852 2970 919 construi,
3000 861 3053 907 et
3078 855 3417 926 undecunque
3441 868 3752 931 continentibus

2271 941 2452 1010 magni
2494 941 2876 996 alimentorum
2929 944 3173 998 redditus
3216 947 3466 1005 adhiberi.
3505 955 3672 1021 Quibus
3699 964 3753 1020 la-

2271 1029 2442 1085 cultas
2482 1046 2589 1086 non
2621 1033 2831 1099 aderat,
2864 1042 2922 1087 ut
2950 1035 3324 1104 grandiuscula
3357 1039 3666 1116 fabricareut,
3691 1055 3753 1110 alii

2269 1121 2434 1190 binis,
2468 1124 2557 1179 alii
2601 1127 2903 1195 quaternis,
2935 1128 3024 1183 alii
3062 1140 3191 1199 quot
3228 1141 3462 1200 poterant
3488 1142 3657 1197 alendis
3682 1146 3757 1202 fra-

2272 1216 2443 1272 tribus
2459 1218 2668 1286 domos,
2693 1236 2753 1274 ac
2775 1220 3023 1275 victnalia
3046 1225 3445 1292 componebant.
3468 1228 3596 1287 Unde
3611 1234 3754 1295 factum

2270 1316 2353 1361 est
2378 1318 2434 1362 ut
2466 1310 2517 1363 in
2542 1311 2707 1375 villis,
2731 1313 2967 1381 oppidis,
2994 1313 3216 1369 urbibus
3246 1325 3400 1385 atque
3421 1324 3661 1393 prrcsidiis,
3685 1330 3759 1386 imo

2270 1400 2435 1454 etiam
2470 1400 2599 1470 ipsis
2630 1402 2855 1457 saltibus
2893 1412 3055 1473 atque
3092 1406 3268 1475 agris,
3306 1411 3643 1469 monachorum
3666 1435 3761 1489 qua.

2270 1504 2598 1558 quaversum
2629 1507 2748 1547 sese
2775 1495 3077 1550 exercendo
3107 1496 3439 1553 dilatantium
3476 1516 3659 1573 repente
3684 1510 3760 1565 [ετ-

2275 1592 2399 1631 vere
2431 1579 2746 1635 viderentur
2786 1583 3037 1636 examina
3060 1626 3073 1650 ,
3115 1584 3279 1656 467
3306 1602 3466 1658 eaque
3502 1590 3600 1646 loca
3634 1596 3761 1654 divino

2273 1676 2510 1737 nomine,
2541 1682 2916 1728 etsanctorum
2943 1675 3175 1730 cultibus
3204 1678 3507 1747 emicarent,
3543 1684 3585 1737 in
3604 1689 3760 1757 quibus,

585 1762 767 1818 nicato
818 1780 1052 1833 namque
1088 1782 1213 1821 mox
1261 1767 1527 1832 consilio,
1580 1783 1916 1838 quaecunque
1956 1767 2171 1822 dixerat
2202 1771 2246 1829 Β
2274 1778 2327 1825 et
2358 1768 2525 1823 lustra
2558 1766 2817 1833 ferarum,
2846 1777 2901 1822 et
2932 1768 3126 1837 spclaza
3160 1768 3421 1824 latronum
3454 1776 3728 1833 exstiterant.

586 1853 655 1907 ad
682 1854 948 1924 integrum
975 1856 1205 1911 refutata
1232 1859 1454 1928 recepit.
1490 1878 1506 1909 ι
1534 1857 1673 1923 Nos,
1699 1858 1967 1928 inquiunt,
1998 1873 2175 1927 neque

586 1943 643 1996 in
671 1947 928 2014 expensis
969 1950 1201 2012 nostris,
1235 1964 1410 2019 neque
1440 1950 1491 2004 in
1532 1950 1776 2005 ecclesia:
1811 1950 2169 2015 ornamentis,

496 2026 505 2035 ’
586 2045 898 2091 exterarum
920 2039 1196 2109 quidpiam
1222 2042 1570 2111 pecuniarum
1596 2043 1832 2097 retinere
1854 2041 2170 2111 delegimus.

586 2127 655 2182 Et
683 2130 726 2185 si
766 2130 821 2184 in
858 2132 1051 2186 horum
1083 2133 1347 2188 alterutro
1373 2150 1477 2188 non
1506 2135 1851 2203 expenditnr,
1890 2145 1950 2187 ut
1980 2134 2106 2202 quid
2141 2150 2171 2187 a

588 2219 747 2275 nobis
789 2223 1080 2291 suscipitur
1120 2224 1144 2276 ?
1184 2242 1201 2275 ι
1255 2224 1452 2279 Puduit
1495 2226 1675 2295 itaque
1726 2224 2173 2293 praevaricatoris:

586 2320 777 2366 contra
806 2329 963 2368 suum
1006 2330 1313 2371 sermonem
1344 2316 1635 2372 oblationis
1675 2318 1930 2371 comitem
1959 2334 1971 2370 :
2001 2326 2055 2370 et
2094 2324 2173 2368 ta-

587 2416 713 2454 men
736 2402 1067 2457 dissimulata
1096 2406 1476 2472 aspernatione
1505 2421 1714 2472 eorum,
1748 2406 1908 2460 boum
1938 2414 2170 2475 tergora,

588 2501 645 2547 et
681 2508 1004 2563 pergamena
1039 2497 1270 2564 plurima
1306 2499 1697 2561 retransmisit,
1741 2514 1859 2567 qua:
1886 2514 2022 2569 pene
2054 2498 2171 2552 ine-

587 2588 887 2642 vitabiliter
917 2588 1047 2655 ipsis
1075 2591 1386 2644 necessaria
1411 2604 1532 2645 esse
1562 2592 1834 2660 cognovit.

661 2676 957 2732 Carthasim
985 2678 1287 2747 descriptio.
1315 2710 1385 2717 —
1418 2677 1652 2734 Vocatur
1689 2689 1866 2734 autem
1907 2679 2055 2734 locus
2087 2680 2175 2733 ille

590 2767 907 2833 Carthusia,
931 2766 983 2821 in
1003 2783 1111 2836 quo
1133 2777 1275 2822 terra
1304 2770 1376 2822 rei
1397 2768 1765 2824 lrnmenutriae
1791 2783 1957 2824 causa
1985 2783 2173 2839 parum

591 2856 661 2911 ab
687 2856 768 2911 eis
792 2857 1007 2911 colitur.
1043 2859 1240 2913 Verum
1275 2858 1567 2913 velleribus
1600 2875 1851 2925 suarum,
1889 2874 2024 2927 quas
2054 2858 2176 2926 pht-

590 2947 764 3002 rimas
803 2949 1068 3015 nutriunt,
1114 2949 1320 3015 ovium,
1370 2950 1777 3020 qualescunque
1826 2951 1939 3004 suis
1990 2949 2178 3004 usibus

590 3037 776 3107 fruges
801 3053 1119 3109 comparare
1143 3041 1282 3095 soliti
1311 3051 1455 3095 sunt.
1486 3041 1623 3096 Sunt
1649 3050 1828 3096 autem
1860 3040 1998 3094 infra
2022 3055 2176 3093 mon-

594 3141 705 3186 tem
749 3133 901 3188 illum
952 3134 1256 3190 habitacula
1305 3135 1472 3191 laicos
1513 3136 1849 3191 vicenarium
1892 3148 2177 3188 numerum

592 3226 918 3279 escedentes
965 3224 1306 3280 ﬁdelissimos
1355 3226 1664 3292 retinentia,
1706 3226 1797 3295 qui
1845 3225 1944 3279 sub
1987 3239 2175 3279 eorum

594 3324 760 3385 agunt
800 3316 1096 3386 diligentia.
1135 3317 1197 3371 lli
1229 3318 1393 3388 igitur
1432 3326 1584 3373 tanto
1621 3328 1811 3387 coeptae
1844 3316 2178 3385 contempla-

594 3408 760 3463 tionis
798 3408 1011 3465 lervore
1043 3410 1293 3465 feruntur
1319 3454 1336 3477 ,
1371 3419 1429 3464 ut
1457 3410 1601 3465 nulla
1645 3410 1906 3481 temporis
1944 3410 2179 3480 longitu-

595 3502 721 3557 dine
749 3519 779 3557 a
808 3520 903 3559 sua
935 3506 1276 3561 institutione
1304 3506 1599 3573 desistant,
1642 3522 1743 3562 nec
1778 3506 1957 3576 aliqua
1996 3505 2179 3559 ardua:

597 3594 740 3649 illius
767 3584 1195 3652 conversationis
1218 3597 1571 3653 diuturnitate
1603 3606 1901 3669 tepescant.

667 3686 850 3741 Bruno
883 3688 938 3741 in
972 3688 1221 3742 Calabria
1271 3690 1352 3742 sui
1385 3690 1610 3744 instituti
1643 3690 1894 3745 construit
1924 3696 2180 3743 monaste-

597 3777 757 3830 rium.
785 3774 996 3847 Refugit
1018 3779 1476 3848 episcopatum.—
1495 3779 1625 3836 Inde
1650 3781 1837 3845 etiam,
1863 3794 1969 3850 qua
1998 3777 2183 3833 nescio

596 3869 886 3945 occasione
922 3869 1186 3923 mirabilis
1226 3870 1326 3925 iste
1363 3871 1544 3926 Bruno
1574 3871 1866 3937 recedens,
1895 3879 2178 3940 postquam

600 3961 688 4015 bis
725 3977 846 4030 qua:
888 3961 1290 4030 praelibavimus
1328 3964 1668 4030 rudimenta,
1702 3963 1869 4016 multa
1908 3961 2178 4015 dictorum

601 4060 658 4107 et
714 4050 981 4107 laetorum
1044 4054 1406 4109 inculcatione
1462 4058 1828 4125 praestiterat,
1872 4055 1937 4107 ad
1979 4053 2180 4123 Apulos

600 4144 785 4196 nescio
810 4142 1138 4199 Calabrosne
1160 4147 1449 4211 concessit,
1480 4155 1532 4199 ct
1555 4146 1751 4198 ibidem
1783 4145 1906 4198 huic
1926 4144 2178 4212 quiddam

599 4233 776 4288 simile
805 4234 1016 4289 vivendi
1046 4251 1215 4306 genus
1253 4238 1506 4291 instituit.
1554 4236 1628 4290 lbi
1659 4251 1780 4290 cum
1813 4234 1974 4287 multa
2004 4232 2181 4287 humi-

597 4322 752 4380 litate
796 4341 855 4381 se
887 4337 1091 4398 ageret,
1140 4329 1528 4384 ctomnimoda
1571 4328 1780 4395 piorum
1811 4323 2179 4392 exemplorum

595 4418 915 4485 prtebitione
953 4420 1379 4490 circumquaque
1417 4419 1666 4487 fulgeret,
1699 4419 1765 4472 ad
1797 4416 2054 4486 episcepii
2100 4416 2181 4470 di-

596 4512 858 4579 gnitatem
911 4512 980 4566 ab
1030 4511 1323 4580 apostolica
1369 4512 1497 4564 sede
1526 4510 1824 4579 quaésitns,
1873 4517 1927 4561 et
1975 4515 2177 4572 tentus,

596 4601 750 4671 fugit.
782 4602 849 4656 Et
870 4602 1124 4658 sacculum
1153 4603 1385 4666 veritus,
1423 4617 1490 4656 ne
1519 4616 1579 4655 ea
1615 4615 1734 4670 qum
1761 4600 1827 4653 de
1858 4598 1966 4651 Deo
1998 4606 2180 4667 gusta-

597 4698 703 4757 rat,
731 4693 1026 4757 amitteret,
1052 4692 1104 4746 in
1130 4692 1387 4748 dilatione
1416 4690 1550 4745 tanti
1575 4689 1814 4743 muneris
1841 4702 1945 4741 non
1975 4686 2175 4751 divina,

598 4784 692 4839 sed
720 4783 995 4839 saecularia
1025 4786 1314 4840 recusavit.

676 4898 791 4952 Vtri
811 4917 873 4953 ac
899 4899 1106 4969 femina:
1128 4899 1268 4953 illius
1288 4900 1662 4967 rivemligenus
1692 4896 1971 4963 arripiunt.
2006 4894 2179 4948 Etiam

598 4991 846 5046 decennes
892 5003 939 5047 et
992 4993 1316 5045 undeccnnes
1371 4991 1617 5061 infantes.
1654 5020 1723 5029 ——
1771 4988 1896 5054 "3B,
1937 4989 2176 5057 inquam,

595 5095 839 5150 persona:
865 5083 1279 5137 conversionum
1330 5090 1456 5135 tunc
1496 5080 1755 5151 temporis
1796 5078 2037 5134 extulere
2072 5078 2181 5148 pri-

597 5175 826 5229 mordia.
873 5173 967 5230 His
1017 5176 1290 5229 colucsere
1333 5174 1589 5228 continuo
1638 5174 1899 5238 virorum,
1951 5171 2181 5226 femina-

598 5281 826 5337 rumque
848 5280 1059 5335 grcges,
1086 5265 1260 5320 omnis
1285 5273 1532 5335 protinus
1560 5263 1693 5319 ordo
1719 5262 2015 5319 concurrit.
2040 5260 2179 5328 Quid

600 5360 664 5415 de
700 5359 952 5415 aetatibus
991 5358 1217 5429 loquar?
1246 5357 1379 5413 Cum
1438 5359 1707 5413 decennes
1741 5368 1797 5414 et
1838 5359 2182 5413 undeccnnes

597 5450 847 5505 inlantuli
880 5450 1067 5506 senilia
1102 5450 1513 5517 meditarentur,
1552 5460 1607 5505 et
1636 5451 1806 5505 multo
1833 5448 2178 5519 castigatiora

600 5550 879 5610 gererent,
911 5559 1071 5612 quam
1128 5542 1339 5596 aetatula
1387 5541 1702 5612 pateretur?
1736 5540 1927 5594 Fiehat
1976 5540 2027 5592 in
2074 5537 2179 5591 illis

599 5634 1043 5687 conversionibus
1080 5634 1220 5703 quod
1247 5633 1299 5686 in
1325 5632 1561 5700 antiquis
1589 5631 1702 5685 ﬁeri
1736 5630 1943 5685 solebat
1973 5639 2179 5700 marty-

601 5725 781 5791 ribus.
825 5736 883 5779 ut
929 5727 1102 5797 major
1139 5728 1191 5782 in
1239 5710 1596 5781 imbecillibus
1632 5724 1939 5792 teucrisque
1983 5738 2177 5792 corpo-

2343 1862 2610 1916 Brunonis
2657 1870 2705 1915 et
2740 1860 3116 1929 discipulorum
3153 1860 3269 1929 ejus
3309 1874 3570 1932 spontaneo
3601 1886 3764 1939 pauper-

2275 1964 2376 2007 tas.
2413 1952 2517 2018 Qui
2543 1952 2840 2005 institutum
2872 1953 3104 2021 arripere
3131 1954 3425 2022 nequibant,
3456 1958 3567 2025 quid
3589 1962 3763 2028 agebant.

2272 2072 2343 2087 -ι-
2362 2044 2701 2099 Aﬂ'cctabant
2730 2044 2910 2112 itaque
2936 2053 3289 2112 spontaneam
3317 2046 3487 2102 subire
3531 2056 3763 2117 pauperiem

2276 2146 2355 2192 tot
2399 2135 2659 2205 exemplis
2706 2136 3089 2189 eireumcincta
3139 2137 3393 2190 nobilitas
3420 2177 3434 2203 ,
3474 2147 3523 2192 et
3571 2146 3767 2208 C(I’lllibiil,

2276 2244 2393 2299 qua:
2420 2226 2656 2290 subibat,
2691 2226 2853 2281 rebus
2892 2242 2920 2278 a
2973 2241 3032 2280 se
3076 2228 3402 2296 contemptis
3431 2228 3658 2297 inferens;
3688 2234 3768 2290 aliis

2275 2318 2437 2371 etiam
2466 2315 2529 2369 ad
2562 2316 2676 2369 haec
2709 2315 2821 2383 ipsa
2880 2315 3157 2369 trahendis
3195 2317 3288 2385 pia
3335 2333 3533 2385 semper
3558 2322 3769 2376 venatione

2276 2404 2551 2462 tendebat.
2607 2404 2677 2456 At
2733 2403 2946 2457 l‘etninte
3000 2404 3183 2458 itidem
3254 2405 3485 2475 insignes
3533 2409 3769 2463 maritorum

2276 2497 2570 2553 celebrium
2597 2493 2879 2563 jngalitate
2906 2495 3138 2559 deserta,
3170 2505 3224 2548 et
3269 2511 3295 2547 a
3329 2496 3427 2565 piis
3449 2498 3660 2551 cordibus
3680 2499 3773 2552 libe-

2277 2606 2460 2645 rorum
2495 2590 2761 2652 abstenta,
2795 2589 3005 2644 collatis
3037 2587 3167 2640 inihi
3220 2588 3431 2656 opibus,
3478 2587 3773 2643 ecclesiasticis

2278 2697 2336 2737 se
2367 2682 2648 2750 stipendiis
2670 2680 3081 2735 contradebant.
3119 2679 3219 2745 Qui
3246 2693 3397 2742 vero,
3460 2679 3536 2733 vel
3574 2696 3669 2749 qua:
3704 2696 3775 2733 non

2277 2782 2525 2842 poterant
2580 2773 2742 2827 rebus
2782 2774 2849 2827 ad
2899 2774 3166 2840 integrum
3209 2770 3516 2825 renuntiare
3558 2774 3775 2841 possessis,

2278 2877 2372 2917 eos
2429 2862 2522 2932 qui
2585 2864 3103 2939 abrenuntiaverant
3164 2862 3377 2916 crebris
3440 2862 3775 2916 substantiarum

2280 2972 2498 3012 suarum
2532 2955 2908 3025 largitionibus
2929 2956 3328 3015 sustentabant,
3365 2954 3600 3009 ecclesias
3622 2963 3663 3007 ct
3686 2954 3759 3006 alta

2281 3050 2361 3102 ria
2391 3048 2557 3102 multa
2582 3048 3100 3116 jucundissimorum
3130 3058 3416 3102 munerum
3446 3045 3674 3101 oblatione
3709 3047 3774 3099 cir-

2279 3139 2695 3203 cumdabant,et
2719 3139 2966 3192 oratione
2989 3138 3089 3192 hac
3112 3137 3197 3207 pie
3219 3136 3433 3190 vivendi
3454 3135 3781 3204 modum,que:u

2282 3229 2417 3283 tales
2447 3227 2707 3283 imitando
2733 3229 2955 3297 exsequi
2981 3241 3085 3281 non
3116 3233 3397 3296 poterant,
3431 3226 3545 3279 talia
3590 3225 3783 3279 iacientes

2279 3321 2511 3390 propriis
2559 3320 2712 3374 adid
2768 3318 3070 3373 faciendum
3124 3316 3370 3385 juvando
3419 3314 3778 3380 substantiis,in-

2279 3420 2537 3481 quantum
2565 3412 2787 3464 licuerat
2821 3423 3107 3479 exaequare
3126 3408 3440 3463 studebant.

2355 3504 2508 3559 Unde
2532 3504 2765 3574 contigit
2798 3512 2858 3557 ut
2904 3503 2990 3557 his
3026 3501 3383 3572 temporibus,
3434 3511 3485 3556 et
3524 3499 3784 3560 multitudine

2281 3596 2556 3650 dationum
2585 3604 2641 3650 et
2668 3595 2947 3659 dantium,
2998 3593 3107 3647 imo
3155 3592 3333 3661 magis
3383 3590 3590 3646 solertia
3641 3589 3693 3644 ad
3719 3590 3786 3643 hoc

2281 3688 2539 3757 propositi
2570 3685 2925 3750 venientium,
2958 3683 3316 3739 ecclesiarum
3358 3682 3660 3736 habitatores
3696 3678 3781 3732 mul-

2281 3779 2482 3833 timoda
2514 3793 2607 3833 sua
2634 3777 3012 3848 procuratione
3037 3774 3371 3843 juvantium,
3421 3774 3473 3828 in
3503 3780 3681 3826 tantum
3704 3784 3779 3839 pro

2281 3882 2627 3926 moverentur
2657 3869 2925 3932 camebia,
2959 3875 3010 3920 ut
3035 3865 3352 3936 quotidiana
3385 3867 3451 3919 ab
3479 3864 3590 3923 illis.
3611 3861 3685 3932 qui
3706 3871 3789 3943 tum

2281 3963 2567 4025 ﬂorebant,
2593 3962 2843 4025 statibus,
2874 3976 2973 4031 per
3011 3967 3449 4014 suecreseentem
3485 3955 3793 4010 modernonua

2282 4054 2583 4125 nequitiam
2610 4053 2896 4107 videantur
2930 4050 3173 4105 incidere
3197 4049 3537 4103 detrimenta.
3567 4044 3669 4099 Jam
3699 4054 3792 4095 nunc

2282 4148 2459 4209 enim,
2510 4145 2644 4214 proh
2695 4143 2872 4197 dolor!
2930 4156 3049 4211 qnze
3099 4140 3407 4211 hujusmodi
3438 4135 3693 4193 atl‘ectioue
3713 4145 3790 4201 per-

2284 4240 2410 4293 moti
2467 4238 2597 4292 locis
2650 4237 2822 4291 sacris
2872 4234 3149 4290 contulere
3205 4242 3483 4302 parentes,
3536 4238 3619 4283 aut
3642 4225 3796 4296 penitus

2283 4331 2634 4394 subtrahunt,
2660 4338 2751 4382 aut
2788 4327 3008 4383 crebras
3055 4326 3458 4393 redemptiones
3499 4322 3690 4391 exigere
3728 4329 3799 4368 non

2284 4424 2536 4479 desinunt
2565 4422 2679 4486 lilii,
2732 4437 2760 4475 a
2815 4430 3027 4491 patrum
3076 4418 3449 4473 voluntatibus
3491 4419 3801 4486 usquequaque

2285 4517 2598 4587 degeneres.

2884 4610 3112 4667 CAPUT
3154 4610 3262 4665 XII.

2359 4707 2559 4760 Iterum
2586 4707 2651 4760 de
2694 4716 2861 4760 matre
2892 4722 2989 4759 sua
3038 4703 3204 4757 multa
3250 4703 3439 4756 auexit
3478 4698 3800 4756 Guibertus.-—

2283 4798 2362 4853 Ad
2395 4807 2445 4853 te
2476 4799 2689 4853 tandem
2720 4806 2842 4866 post
2884 4797 2982 4851 has
3022 4794 3470 4850 ratiocinationes
3518 4790 3679 4848 redeo,
3710 4786 3805 4838 Deus

2283 4906 2458 4956 meus,
2490 4904 2651 4959 super
2699 4889 2842 4943 illius
2891 4889 3044 4943 bonae
3092 4886 3330 4941 mulieris
3370 4883 3558 4938 matris
3588 4892 3702 4934 mere
3720 4887 3805 4927 con.

2283 4978 2548 5032 versione.
2585 4977 2718 5044 Qua:
2745 4978 3008 5048 siquidem
3036 4977 3103 5031 ab
3129 4976 3283 5030 annis
3313 4975 3404 5028 vix
3436 4970 3687 5026 nubilibus
3710 4961 3809 5032 patri

2285 5081 2424 5129 meo.
2455 5082 2680 5137 prorsus
2707 5069 3053 5134 adolescenti,
3090 5082 3192 5121 avo
3217 5079 3338 5119 meo
3381 5062 3697 5133 providente,
3717 5066 3808 5107 con-

2285 5159 2503 5224 tradita,
2536 5175 2660 5215 cum
2691 5171 2836 5217 esset
2865 5163 3002 5217 scito
3025 5160 3309 5215 admodum
3338 5156 3509 5220 vultu,
3536 5163 3587 5209 et
3620 5150 3713 5206 oris
3743 5145 3811 5198 ha-

2281 5259 2525 5314 bitudine
2556 5254 2879 5311 naturaliter
2916 5270 2977 5309 ac
3009 5251 3391 5307 decentissime
3435 5245 3582 5319 gravi
3607 5245 3812 5313 ingenua:

2284 5361 2463 5407 tamen
2514 5347 2680 5405 divini
2730 5345 2964 5401 nominis
3026 5344 3273 5398 timorem
3332 5341 3385 5394 in
3445 5337 3574 5408 ipsis
3627 5328 3815 5403 puerilia:

2282 5443 2570 5515 parturivit
2597 5439 2788 5495 initiis.
2817 5437 2897 5493 Ita
2919 5435 3062 5492 enim
3087 5449 3191 5489 non
3220 5429 3581 5501 experientia,
3610 5422 3691 5479 sed
3720 5429 3816 5518 qug-

2284 5539 2406 5593 dam
2436 5533 2653 5605 superni
2679 5541 2855 5589 metus
2881 5532 3096 5585 incussu
3148 5530 3375 5582 horrere
3412 5531 3679 5592 peceatum
3714 5509 3817 5610 dit.“-

2283 5636 2452 5693 cerat,
2481 5633 2621 5681 etut
2658 5625 2771 5694 ipsa
2825 5622 2955 5676 mihi
3004 5619 3199 5689 saepius
3254 5616 3463 5672 referre
3509 5610 3718 5669 solebat,
3767 5608 3817 5651 ila

2287 5719 2476 5776 subita:
2510 5716 2701 5775 timore
2730 5714 2920 5771 mortis
2950 5718 3186 5768 mentem
3216 5706 3717 5779 ingttrgitavcrabl"
3736 5696 3818 5763 13""
