4012 6346
235 313 339 373 857

1266 306 1352 359 DE
1394 305 1548 360 \‘lTA
1593 303 1725 360 SUA
1765 301 1943 357 LIBRI
1974 301 2170 360 TRES.
2214 336 2282 344 —
2308 304 2437 360 LIB.
2461 302 2501 359 Ι.

3394 303 3499 364 858

234 425 519 499 grandaeva
540 422 762 480 doleret.
790 421 930 491 quod
954 435 1058 476 non
1081 420 1297 477 eosdem
1325 419 1376 474 in
1399 429 1609 474 maturo
1635 422 1814 474 animo
1840 425 1889 484 Α
1924 397 2224 480 tunicarum
2253 397 2499 497 angustia
2528 423 2641 494 (⁸⁸),
2679 423 2983 479 calceorum
3015 423 3080 479 de
3115 422 3362 481 Corduba
3411 439 3492 479 ro-

234 519 362 572 bom
395 516 642 571 stimulos
680 515 895 584 pavoris
938 514 1181 579 haberet,
1229 526 1365 583 quos
1398 512 1450 565 in
1486 512 1605 565 rudi
1642 523 1696 574 et
1722 528 1816 567 tte-

233 608 348 662 scio
384 620 606 676 prorsus
635 605 922 659 habuerat.

302 698 510 753 Accidit
553 697 716 767 igitur
746 706 804 749 ut
830 695 1112 751 efﬁcientia
1145 695 1459 766 coniugalis,
1503 695 1554 749 in
1593 695 1707 765 ipso
1734 694 1813 749 le-

229 793 433 861 gitimre
464 790 605 844 illius
649 789 1125 844 confmderatiunis
1163 790 1408 852 exordio,
1462 787 1811 857 quorumdam

229 884 515 939 maleficiis
539 882 862 937 solveretur.
906 881 1215 937 Novercalis
1264 881 1404 935 enim
1454 880 1579 934 huic
1629 879 1816 932 matri-

228 977 414 1030 monio
457 991 562 1029 non
592 974 825 1027 defuisse
854 971 1129 1027 ferebatur
1158 972 1378 1036 invidia,
1407 984 1526 1039 quae
1569 968 1813 1039 plurima:

226 1068 427 1138 speciei
460 1075 514 1121 et
547 1066 760 1138 generis
785 1081 905 1120 cum
930 1072 1115 1133 neptes
1137 1063 1450 1127 haberet,in
1484 1061 1549 1115 iis
1578 1060 1811 1129 aliquam

223 1167 457 1226 paterno
489 1166 609 1211 toro
635 1156 959 1211 moliebatur
987 1154 1329 1224 immergere.
1364 1152 1515 1220 Quod
1546 1166 1669 1205 cum
1712 1150 1813 1203 mi-

224 1250 377 1303 nime
406 1250 760 1319 processisset
788 1249 854 1301 ad
882 1258 1085 1312 votum,
1130 1247 1310 1310 pravis
1359 1246 1559 1300 dicitur
1607 1245 1812 1301 artibus

222 1343 508 1407 effecisse,
563 1352 621 1397 ut
664 1343 884 1398 thalami
949 1346 1171 1399 omnino
1223 1355 1525 1401 cessaretur
1569 1342 1807 1398 effectus.

223 1435 478 1505 Cumque
529 1437 737 1505 integro
788 1436 1077 1506 virginium
1115 1436 1380 1492 illibatum
1426 1436 1812 1505 permansisset

222 1526 490 1589 triennio,
516 1536 571 1580 et
595 1527 696 1581 sub
740 1540 934 1596 magno
960 1535 1166 1581 tantum
1216 1527 1569 1581 infortunium
1602 1541 1810 1597 preme-

221 1625 379 1670 retur
434 1615 674 1679 silentio,
734 1616 947 1670 tandem
995 1632 1024 1671 a
1076 1617 1189 1672 suis
1241 1618 1440 1672 citatus
1489 1616 1811 1671 necessariis

219 1717 384 1776 pater
440 1722 550 1761 rem
598 1708 805 1776 primus
849 1708 1103 1776 prodidit.
1157 1708 1382 1775 Quantis
1430 1716 1588 1776 putas
1636 1705 1809 1761 modis

1919 528 2030 573 stra
2068 519 2306 582 tortieia,
2338 518 2503 573 totius
2528 518 2727 587 ubique
2753 515 3021 584 iacturam
3055 519 3239 573 videas
3264 517 3498 572 clamare

1918 609 2161 679 pmloris.
2216 607 2478 663 IEstimat
2526 623 2585 664 se
2635 608 2890 679 quaalibet
2937 618 3206 665 extremas
3256 610 3498 679 attigisse

1917 700 2186 763 miserias,
2217 701 2261 753 si
2301 701 2629 755 amasiorum
2659 701 2913 770 Opinione
2939 703 3202 768 caruerit;
3253 710 3310 757 et
3348 711 3498 757 tanto

1916 792 2016 846 sibi
2053 792 2354 845 nobilitatis
2381 800 2436 846 et
2460 793 2623 847 curiae
2649 793 2875 862 gloriam
2903 804 3138 867 arrogat,
3188 811 3293 865 quo
3316 796 3497 864 hujus-

1916 884 2059 938 mudi
2093 898 2378 952 procorum
2412 900 2641 939 numero
2672 885 2986 942 florentiore
3015 889 3297 944 redundat.
3342 887 3493 951 Erat,

1918 982 2087 1028 testor
2120 974 2311 1037 Deum,
2341 983 2469 1029 tunc
2501 977 2759 1045 temporis
2792 976 2967 1045 major
2993 979 3046 1033 in
3083 979 3214 1035 viris
3267 981 3495 1035 feminas

1915 1064 2237 1119 ducentibus
2262 1064 2455 1132 pudor,
2487 1064 2754 1120 intantum
2803 1075 2862 1120 ut
2896 1069 3063 1122 videri
3094 1068 3237 1124 inter
3267 1070 3490 1142 h:ee'[f.,

1913 1150 2037 1224 has]
2091 1154 2495 1218 erubescerent,
2527 1169 2691 1223 quam
2719 1156 2878 1209 modo
2899 1155 2953 1209 in
2990 1156 3313 1214 nubentibus
3341 1160 3496 1215 femi-

1913 1244 2000 1299 nis
2060 1244 2324 1299 babeatur
2366 1263 2378 1297 :
2417 1259 2557 1314 quos
2600 1254 2750 1300 certe
2798 1246 2899 1301 ista
2947 1250 3250 1302 verecunda
3278 1252 3490 1320 negotia

1907 1334 2263 1404 jactantiores
2292 1345 2348 1391 et
2373 1335 2475 1390 fori
2508 1351 2573 1390 ac
2596 1336 2791 1406 publici
2824 1338 3155 1391 amantiores
3198 1337 3455 1392 efﬁciunt.

1985 1426 2055 1481 Ut
2085 1427 2215 1496 quid
2246 1427 2371 1492 hoc,
2424 1427 2653 1481 Domine
2702 1428 2843 1483 Deus
2873 1443 3044 1493 meus,
3093 1428 3196 1483 nisi
3225 1430 3349 1499 quia
3377 1431 3493 1485 ideo

1912 1517 2093 1572 nullus
2119 1531 2286 1587 super
2313 1532 2408 1572 sua
2439 1516 2661 1575 levitate
2689 1532 2754 1572 ac
2783 1518 3004 1585 lascivia
3031 1521 3331 1587 erubescit,
3352 1525 3495 1590 quod

1912 1624 2100 1664 omnes
2126 1610 2296 1664 teneri
2326 1610 2425 1664 sub
2452 1610 2568 1679 pari
2608 1618 2732 1664 nota
2786 1611 3071 1680 conspicit.
3123 1613 3187 1667 Et
3236 1628 3359 1666 eum
3394 1614 3496 1668 sub

1913 1702 2103 1757 eodem
2159 1701 2373 1767 affectu,
2430 1718 2591 1773 quem
2649 1704 2851 1759 habent
2904 1720 3112 1770 omnes,
3172 1720 3307 1775 pene
3334 1721 3495 1777 agere

217 1799 576 1853 elaburuvcre
608 1810 879 1868 parentes,
912 1812 970 1855 ut
995 1801 1284 1856 divortium
1331 1801 1482 1854 fieret
1520 1801 1663 1854 inter
1691 1814 1808 1864 eos,
1836 1777 1885 1837 Β
1913 1794 2143 1859 sentiat;
2174 1795 2337 1860 unde,
2368 1809 2573 1863 quasso,
2614 1796 2778 1850 studii
2810 1796 2971 1866 hujus
2997 1812 3119 1852 eum
3152 1798 3371 1867 pudrat,
3427 1797 3493 1853 ad

216 1900 279 1946 ct
309 1901 520 1961 patrem
559 1908 737 1945 meum
773 1902 1012 1963 tempore
1033 1892 1310 1962 juvenem,
1356 1909 1514 1947 sensu
1558 1892 1807 1946 hebetem

218 1982 550 2036 monachice
601 1982 787 2037 sedqu
840 1984 1273 2048 commovebant,
1332 1983 1457 2039 licet
1490 1992 1616 2038 tunc
1649 1998 1810 2050 super

217 2075 327 2128 hoc
353 2075 542 2129 ordine
566 2090 720 2129 rarus
750 2076 901 2129 valde
934 2077 1225 2130 haberetur
1251 2092 1433 2130 sermo
1460 2091 1474 2132 :
1513 2074 1656 2145 quod
1683 2074 1772 2145 qui
1792 2104 1808 2115 -

214 2162 345 2217 dem
397 2180 501 2217 non
549 2164 740 2219 salutis
784 2164 899 2232 ejus
926 2181 1108 2230 causa,
1145 2175 1203 2221 at
1247 2182 1377 2221 vero
1408 2166 1806 2237 possessionum

216 2252 340 2321 ejus
362 2253 775 2307 obtinendarum
806 2255 1101 2327 intentione
1134 2257 1314 2311 fiebat.

298 2343 492 2397 Verum
522 2355 808 2413 postquam
844 2346 957 2399 lure
979 2362 1164 2401 eormn
1193 2348 1467 2418 suggestio
1490 2348 1562 2402 nil
1584 2348 1804 2413 evaluit,

215 2437 457 2505 puellam
490 2439 696 2493 crebris
726 2449 1007 2507 coeperunt
1036 2456 1228 2510 urgere
1267 2442 1576 2506 latratibus,
1621 2450 1678 2495 ut
1730 2442 1807 2496 vi-

216 2526 418 2581 delicet
460 2541 491 2579 a
540 2529 651 2581 suis
676 2528 833 2599 longe
858 2530 1029 2597 posita
1057 2531 1182 2584 dum
1208 2541 1554 2587 externorum
1586 2546 1806 2600 opprcso

216 2620 466 2672 siunibns
490 2619 819 2688 pulsaretur,
851 2621 967 2674 sine
1001 2621 1105 2674 ullo
1132 2623 1353 2691 repudio
1390 2639 1486 2691 per
1515 2639 1572 2677 se
1594 2623 1806 2693 injuriis

217 2711 444 2780 fatigata
472 2711 795 2765 discederet.
826 2711 1033 2766 Interea
1067 2714 1154 2766 illa
1186 2715 1321 2782 pati,
1368 2730 1487 2783 qua:
1535 2716 1805 2783 impenge-

214 2800 421 2855 bantur
453 2803 611 2856 verba
634 2804 1015 2871 :equanimiter
1054 2806 1318 2871 tolerare;
1353 2807 1398 2860 si
1451 2807 1580 2871 quid
1609 2807 1804 2861 eximie

213 2894 717 2947 controversiarum
750 2905 1067 2965 emergeret,
1112 2911 1177 2951 ac
1229 2897 1271 2950 si
1316 2898 1522 2961 nescia,
1551 2898 1805 2951 dissimu-

217 2986 356 3040 lare.
382 2986 585 3041 Prteter
609 2988 723 3041 hzec
754 3003 875 3041 cmn
913 3003 1032 3041 eam
1060 2988 1454 3057 opulentissimi
1481 2988 1697 3058 quidam
1735 2990 1803 3042 ab

215 3094 320 3133 usu
355 3079 587 3134 maritali
619 3090 891 3134 exsortem
914 3082 1307 3150 conspicerent,
1358 3090 1638 3151 cmperunt
1685 3082 1802 3135 ani-

216 3185 367 3223 mum
402 3170 611 3239 pulsare
644 3169 975 3237 iuvenculm;
1004 3172 1096 3225 sed
1144 3181 1221 3237 tu,
1260 3173 1507 3239 Domine,
1538 3174 1803 3228 castitatis

214 3262 448 3315 interna:
476 3262 744 3327 fundator,
779 3271 832 3316 tu
857 3262 904 3317 ei
955 3264 1365 3317 sanctimoniam
1418 3265 1801 3334 inspiraveras,

214 3366 381 3420 quant
408 3368 510 3405 non
536 3352 843 3420 patiebatur
872 3364 1062 3408 natura
1090 3371 1190 3409 nec
1212 3366 1362 3410 tetas.
1394 3356 1468 3410 Ex
1502 3366 1573 3421 te,
1621 3357 1803 3411 Domi-

213 3458 307 3503 t:e.
343 3443 596 3507 trahebat,
624 3445 765 3513 quod
808 3446 860 3499 in
907 3448 1026 3515 igne
1072 3448 1245 3514 posita
1294 3464 1399 3503 non
1445 3450 1687 3505 ardebat.
1722 3449 1800 3504 Tu

216 3534 461 3592 faciebas
486 3538 625 3606 quod
655 3539 722 3591 ad
751 3539 1210 3607 prmstiilatiunem
1232 3541 1494 3595 malorum
1516 3542 1803 3610 colloquio-

212 3638 340 3678 rum
407 3640 587 3679 mores
649 3628 766 3696 ejus
822 3628 920 3681 etsi
977 3630 1147 3683 teneri
1200 3645 1305 3684 non
1348 3630 1798 3700 depravaliantur,

212 3716 330 3770 imo
378 3717 511 3785 quod
552 3718 729 3772 oleum
762 3719 976 3773 camino
1010 3720 1327 3787 addebatur,
1366 3724 1508 3792 quod
1554 3723 1803 3778 videlicet

213 3806 558 3861 naturalibus
588 3808 733 3876 (qua:
766 3796 964 3862 habere
986 3810 1279 3863 humanum
1304 3820 1385 3865 est
1408 3822 1456 3866 et
1494 3812 1798 3882 commune)

213 3896 455 3950 motibus
493 3907 714 3951 externa
765 3897 1031 3952 lenocinia
1066 3899 1499 3954 adhibebantur:
1534 3909 1587 3955 ct
1621 3909 1800 3955 tamen

210 3986 551 4056 virguncula:
573 3988 784 4041 auinms
814 3987 896 4042 sui
921 4003 1135 4057 semper
1170 4004 1356 4058 capax,
1403 3990 1564 4044 nullis
1617 3990 1801 4044 incen-

210 4079 344 4135 tivis
371 4087 523 4133 extra
550 4094 607 4133 se
637 4078 930 4133 ferebatur.
973 4078 1159 4135 Nonne
1204 4081 1318 4134 haec
1352 4081 1425 4134 tui
1461 4080 1629 4136 solius
1673 4088 1802 4136 sunt

210 4186 407 4239 opera,
444 4170 692 4238 Domine,
723 4171 813 4240 qui
844 4187 962 4226 eam
993 4172 1044 4226 in
1081 4171 1354 4241 primatvte
1398 4174 1575 4227 astatis
1621 4173 1801 4227 calore

209 4262 469 4334 positam,
491 4271 546 4316 et
574 4264 794 4316 omnino
817 4262 1020 4333 jngiter
1043 4263 1094 4316 in
1119 4263 1248 4332 ipsis
1275 4261 1648 4332 conjugalibus
1685 4262 1801 4316 offi-

211 4353 316 4409 ciis
344 4354 717 4417 constitutam,
759 4354 1042 4423 scptennio
1068 4354 1275 4424 integro
1302 4355 1402 4407 sub
1443 4362 1589 4407 tanta
1629 4354 1801 4408 conti-

1912 1886 2054 1953 quod
2083 1885 2394 1955 coaspirare
2421 1894 2648 1941 caeteros
2694 1887 2912 1943 videat?
2945 1888 3051 1943 Sed
3098 1903 3197 1942 cur
3225 1889 3346 1943 dico
3394 1903 3496 1957 pu‘

1911 1976 2055 2040 deat,
2102 1990 2222 2030 cum
2275 1974 2378 2030 hoc
2425 1975 2599 2031 solum
2652 1975 2848 2031 talibus
2899 1976 2972 2031 sit
3024 1976 3234 2046 pudori,
3287 1978 3330 2031 si
3373 1977 3496 2044 quis

1910 2081 2097 2121 eorum
2137 2067 2191 2120 in
2216 2068 2572 2136 exemplanda
2603 2067 2824 2123 libidine
2874 2068 3053 2122 minus
3081 2069 3359 2123 emineat?
3386 2067 3497 2123 Nec

1910 2158 2116 2213 detinet
2150 2173 2247 2228 pro
2273 2173 2519 2213 amorum
2551 2174 2799 2224 numero,
2828 2167 2921 2213 aut
2959 2159 3157 2214 selecta
3186 2175 3348 2229 quam
3377 2160 3493 2215 ale-

1910 2254 1990 2308 xit
2025 2255 2208 2325 specie
2237 2254 2471 2325 aliquem
2499 2255 2709 2325 privata
2740 2252 3025 2324 iactantia,
3054 2271 3228 2326 neque
3254 2268 3495 2313 contem-

1907 2354 2031 2415 ptus
2075 2352 2159 2399 est
2214 2360 2278 2400 eo
2326 2345 2676 2415 singulariter
2726 2347 2867 2416 apud
2918 2355 2970 2401 te
3013 2347 3330 2402 intumuisse
3351 2349 3494 2417 quod

1909 2443 2079 2499 amat,
2113 2434 2206 2490 sed
2234 2450 2579 2490 communem
2612 2436 3015 2505 corruptionem
3041 2437 3327 2504 magnifico
3352 2438 3494 2506 apud

1907 2528 2189 2581 universos
2232 2526 2420 2579 favore
2462 2525 2826 2580 concelebrat.
2882 2526 3023 2581 Ecce
3082 2526 3317 2593 clamor,
3367 2528 3493 2580 dum

1907 2618 2051 2686 quod
2072 2615 2377 2672 verecunde
2411 2616 2516 2686 tegi
2545 2616 2826 2682 debuerat,
2847 2616 2974 2669 dum
2999 2618 3140 2685 quod
3163 2617 3494 2672 conscientia

1906 2709 2201 2765 debilitatae
2255 2709 2523 2764 castitatis
2572 2716 2828 2773 accusat,
2883 2717 2939 2763 et
2988 2709 3209 2764 omnino
3263 2710 3495 2778 deprimi

1906 2800 2127 2869 dignum
2158 2807 2292 2861 erat,
2346 2796 2536 2851 effreni
2581 2813 2679 2867 per
2722 2798 2968 2852 inolitam
3018 2800 3303 2867 pravitatis
3330 2800 3495 2855 licen-

1834 2896 1835 2899 ‘
1908 2890 2037 2943 tiam
2079 2888 2246 2943 animi
2295 2896 2503 2943 azterno
2540 2888 2903 2943 damnandam
2951 2889 3168 2945 silentio
3208 2890 3492 2961 impudens

1905 2982 2027 3050 quis
2054 2982 2158 3034 huc
2180 2980 2417 3049 illucque
2440 2980 2552 3050 jam
2580 2980 2861 3047 prmdieat.
2894 2980 3006 3035 Hoc
3044 2988 3096 3035 et
3142 2980 3301 3049 lmjus
3330 2981 3492 3036 simili

1909 3072 2068 3126 modo
2092 3071 2412 3126 modernum
2437 3071 2539 3125 hoc
2562 3071 2816 3125 sarculum
2855 3073 3222 3141 corrumpitur
3259 3083 3310 3127 et
3370 3075 3522 3127 (νοτε-⁸

1908 3163 2127 3231 rumpit,
2161 3164 2286 3217 dum
2320 3163 2456 3218 male
2485 3173 2745 3234 concepta
2766 3166 2818 3219 in
2845 3164 2977 3220 alios
3002 3166 3224 3236 spargit,
3244 3181 3489 3236 sparsum

1905 3254 2068 3307 etiam
2096 3269 2268 3323 usque
2296 3256 2348 3309 in
2380 3254 2648 3310 infinitum
2690 3258 2935 3312 traducta
2961 3256 3201 3312 foeditate
3225 3273 3485 3329 propaga-

1907 3352 1994 3397 tur
2014 3344 2065 3398 in
2096 3345 2315 3399 alteros.

1978 3440 2119 3494 Deus
2141 3451 2346 3507 sancte,
2382 3442 2515 3496 nihil
2566 3458 2704 3511 pene
2757 3442 2947 3497 horum
2998 3457 3063 3498 eo
3093 3451 3355 3513 tempore,
3384 3458 3493 3514 quo

1907 3530 1993 3585 illa
2024 3530 2223 3586 famula
2257 3541 2345 3587 tua
2372 3534 2452 3588 sic
2482 3534 2697 3603 agebat,
2728 3538 2937 3604 uspiam
2988 3536 3327 3601 audiebatur,
3381 3536 3491 3591 imo

1904 3633 2267 3679 sacrosancta:
2291 3625 2629 3681 verecundiae
2648 3624 2810 3694 pallio
2835 3634 2891 3680 et
2915 3626 3230 3695 tegebantur
3250 3626 3488 3696 indigna,

1903 3729 1967 3769 ac
1998 3714 2188 3770 idonea
2228 3716 2597 3771 cornabantur
2655 3716 2747 3788 υἱ,
2799 3718 3247 3790 coronabantur].
3291 3718 3348 3772 ιη
3377 3717 3489 3784 illo,

1905 3803 2155 3869 Domine,
2180 3806 2462 3874 septennio
2495 3806 2784 3875 virginitas
2840 3806 2955 3871 illa,
3009 3821 3171 3876 quam
3227 3815 3281 3861 tu
3330 3807 3383 3861 in
3424 3821 3489 3861 ea

1904 3896 2131 3951 mirifice
2156 3898 2505 3964 continuasti,
2547 3899 2648 3959 sub
2688 3898 2990 3954 innumeris
3048 3899 3490 3969 oppressionibus

1902 3988 2243 4059 agonizabat,
2272 3989 2401 4043 dum
2429 3988 2605 4045 soluto
2649 3998 2881 4059 paterno
2920 3989 3212 4053 connubio,
3264 3990 3331 4044 ad
3359 3988 3495 4044 alte-

1903 4097 2021 4135 rum
2048 4096 2166 4135 eam
2197 4080 2496 4136 transferre
2518 4082 2775 4137 maritum
2798 4080 3096 4152 smpissime
3122 4082 3491 4145 minabantur,

1902 4181 1994 4226 aut
2021 4173 2074 4225 in
2100 4181 2317 4227 exteras
2339 4173 2690 4228 remotiorum
2720 4182 3003 4243 parentum
3030 4180 3275 4225 mearum
3299 4170 3489 4225 domos

1901 4264 2190 4318 abducere.
2248 4263 2411 4319 Plane
2450 4265 2551 4319 etsi
2600 4265 2859 4319 adversus
2910 4263 3010 4316 has
3056 4261 3490 4330 importunitates

1901 4355 2252 4410 acerbissime
2317 4355 2608 4424 aliquoties
2661 4354 2988 4415 desudabat,
3051 4361 3227 4404 tamen
3299 4358 3489 4403 contra

212 4448 399 4501 tientia
423 4448 774 4510 conservasti,
804 4448 1031 4516 utjuxta
1065 4446 1190 4499 illud
1238 4446 1495 4514 sapientis
1519 4445 1796 4512 cujusdam
1830 4464 1876 4521 ο
1904 4445 2118 4513 propria
2149 4444 2414 4498 lenocinia
2442 4445 2641 4507 carnis,
2678 4452 2729 4497 et
2756 4455 3205 4510 quorumcunque
3232 4447 3487 4493 externo-

210 4539 448 4601 dictum,
484 4542 648 4592 etiam
676 4540 819 4591 fama
848 4538 912 4591 de
935 4552 996 4590 ca
1030 4536 1244 4589 mentiri
1279 4544 1576 4589 vereretur.

287 4630 580 4683 Dissolutio
611 4629 928 4698 puellarum.
958 4659 1031 4668 —
1063 4629 1224 4693 Deus,
1252 4637 1305 4682 tu
1337 4629 1443 4683 scis
1471 4644 1630 4696 quam
1663 4625 1802 4679 ditii-

206 4721 341 4787 cile,
395 4722 503 4776 imo
554 4737 715 4790 quam
766 4721 911 4775 nullo
942 4721 1100 4775 modo
1129 4736 1265 4790 pcne
1296 4722 1347 4774 itt
1394 4720 1610 4775 feminis
1644 4720 1800 4789 hujus

209 4815 479 4885 temporis
504 4816 560 4868 id
590 4825 900 4868 servaretur
930 4832 942 4867 :
974 4830 1094 4868 cum
1134 4814 1388 4882 pudicitia
1422 4815 1473 4867 in
1514 4812 1616 4865 illis
1649 4821 1796 4866 tanta

206 4908 407 4962 diebus
433 4906 723 4970 exstiterit,
754 4916 812 4959 ut
834 4905 1013 4974 aliquo
1035 4905 1120 4959 vix
1146 4919 1362 4959 rumore
1393 4902 1796 4957 matrimonium

209 4996 502 5065 cujuslibet
529 4998 828 5051 roderetur.
865 4997 1037 5049 Eheu!
1086 5011 1245 5062 quam
1306 4994 1800 5049 miserabilitcrcx-

209 5098 346 5141 tunc
372 5087 439 5139 ad
471 5096 654 5140 nostra
687 5085 879 5139 saecula
914 5086 1083 5155 pudor
1122 5094 1176 5138 et
1231 5086 1486 5139 honestas
1536 5083 1794 5152 paulatim

210 5181 267 5236 in
294 5178 537 5249 virginea
566 5177 902 5247 professione
934 5178 1058 5242 ruit,
1094 5185 1148 5231 et
1179 5189 1267 5232 res
1294 5187 1348 5230 et
1379 5176 1588 5246 species
1615 5187 1797 5230 custo-

207 5274 315 5329 diae
345 5271 662 5325 matronalis
701 5271 966 5335 extabuit,
1015 5279 1074 5324 ut
1119 5270 1170 5323 in
1200 5270 1345 5323 omni
1377 5283 1561 5323 earum
1588 5268 1799 5321 habitu-

208 5365 340 5419 dine
368 5362 481 5417 sola
517 5362 727 5433 possint
759 5363 932 5417 notari
962 5362 1267 5424 triscurria,
1292 5359 1380 5414 ubi
1408 5359 1481 5413 nil
1512 5359 1614 5414 nisi
1643 5359 1791 5428 jocu-

208 5454 350 5509 laria
386 5463 602 5518 sonant,
628 5462 681 5509 et
704 5454 983 5508 oculorum
1018 5462 1179 5507 nutus
1197 5462 1249 5507 et
1275 5452 1472 5522 lingua.
1493 5449 1794 5505 Petulantia

209 5546 265 5599 iu
318 5546 558 5610 incessu,
610 5545 741 5599 nihil
788 5559 892 5598 non
946 5543 1229 5599 ridiculum
1283 5552 1497 5597 constat
1540 5542 1706 5613 468
1742 5543 1793 5595 in

207 5636 475 5692 moribus.
509 5635 751 5692 Vestiam
780 5636 1069 5707 qualitates
1098 5636 1362 5689 intantum
1414 5644 1540 5689 sunt
1590 5635 1657 5687 ab
1706 5633 1795 5689 illa

206 5733 385 5789 veteri
418 5732 723 5803 frugalitate
745 5733 1124 5797 dissimiles.ut
1163 5732 1403 5789 dilatatio
1438 5732 1793 5797 manicarum,

1906 4549 2024 4588 rum
2056 4541 2483 4603 temperameuta
2541 4532 2799 4596 mirabili,
2845 4532 2937 4585 sed
2980 4544 3046 4583 ex
3099 4540 3189 4585 tuo
3240 4543 3485 4595 munere,

1904 4623 2046 4678 Deus
2066 4637 2237 4689 mens,
2273 4624 2625 4694 temperantia
2657 4624 2987 4677 decertabat.

1972 4722 2088 4777 Non
2120 4718 2260 4782 dico,
2292 4718 2432 4771 bone
2457 4717 2619 4779 Deus,
2656 4729 2761 4783 qua
2792 4713 2990 4766 virtute
3024 4710 3074 4764 id
3129 4710 3339 4776 fecerit,
3390 4709 3485 4765 sed

1901 4815 2043 4882 qttod
2068 4811 2142 4865 tui
2166 4811 2333 4864 solius
2371 4809 2544 4862 virtus
2574 4807 2753 4861 fuerit.
2801 4803 3081 4870 Quomodo
3126 4803 3268 4856 enim
3316 4802 3487 4854 virtus

1900 4908 2020 4973 fuit,
2048 4922 2212 4976 quam
2256 4903 2399 4958 nulla
2453 4901 2675 4971 spiritus
2727 4898 3019 4965 carnisque
3052 4895 3325 4957 discretio,
3383 4907 3489 4946 nec

1897 5000 1980 5069 pia
2021 5001 2087 5052 ad
2127 4997 2295 5051 Deum
2321 4995 2575 5059 intentio,
2605 4991 2697 5046 sed
2728 4990 2839 5044 sola
2894 4987 3182 5043 exterioris
3228 4988 3485 5039 lienesta-

1899 5090 1987 5154 tis,
2016 5097 2109 5143 aut
2139 5085 2407 5141 evitanda:
2436 5084 2666 5138 infamim
2682 5096 2808 5135 cura
2836 5076 3138 5149 peregerit?
3162 5073 3302 5128 Utile
3324 5071 3485 5141 plane

1898 5191 1980 5236 est
2021 5179 2347 5235 verecundia
2380 5178 2574 5232 saltem
2607 5184 2830 5245 peccato
2860 5166 3128 5241 ingruenti
3182 5166 3480 5229 resistere;

1898 5288 2017 5342 quae
2043 5273 2182 5327 sicut
2210 5271 2361 5326 utilis
2403 5279 2489 5325 est
2522 5277 2648 5323 ante
2674 5272 2979 5336 peceatum,
3032 5264 3102 5316 ita
3129 5271 3251 5331 post
3290 5270 3484 5327 pecea-

1900 5371 2012 5416 tum
2042 5361 2383 5417 damnabilis.
2411 5361 2563 5427 Quod
2595 5357 2737 5411 enim
2775 5354 2855 5408 sic
2898 5352 3137 5406 animum
3166 5351 3252 5421 pio
3277 5348 3483 5418 pudore

1898 5463 2241 5517 consternat,
2307 5462 2366 5506 ut
2417 5467 2445 5505 a
2494 5447 2698 5520 peccati
2750 5443 3152 5515 perpetratione
3202 5441 3481 5502 cohiben,

1899 5549 1964 5599 ad
1996 5557 2208 5617 tempus
2229 5555 2312 5600 est
2338 5544 2488 5607 utile;
2530 5540 2653 5610 quia
2687 5546 2864 5607 potest
2901 5536 2993 5589 Dei
3028 5536 3207 5601 timor,
3241 5533 3330 5604 qui
3381 5546 3484 5599 pu-

1898 5640 2082 5694 dorem
2111 5637 2400 5705 iusipidum
2446 5634 2558 5688 sale
2582 5632 2765 5685 divino
2789 5628 3030 5690 condiat,
3077 5626 3336 5680 accedere
3369 5638 3383 5674 :
3423 5625 3481 5673 et

1900 5729 2041 5799 quod
2070 5729 2136 5786 ad
2172 5737 2406 5798 tempus,
2438 5725 2593 5780 idest
2618 5723 2683 5779 ad
2720 5720 2994 5787 s:eculum,
3026 5720 3300 5791 proderat,
3344 5712 3479 5768 utile
