3982 6346
573 253 678 311 859

572 385 680 425 non
724 370 793 427 ad
833 382 1163 429 momentum
1195 375 1287 430 sed
1317 374 1645 429 :cternaliter
1675 374 1874 431 facere.
1921 380 2041 435 llaec
2075 392 2156 435 es!

573 478 807 532 namque
842 466 1161 519 verecundia
1200 466 1476 523 adducens
1518 472 1766 539 gloriam,
1822 486 1940 539 quae
1971 480 2151 526 tamen

572 562 725 610 tanto
752 564 832 611 est
862 557 1162 625 perniciosa
1207 568 1329 627 post
1369 560 1602 629 culpam,
1654 570 1857 631 quanto
1914 563 2155 632 pertina-

573 644 690 698 cius
719 645 1077 701 confessionis
1104 657 1304 703 sancta:
1338 648 1571 705 obstruit
1609 653 1953 707 medicinam.
1981 653 2154 710 Habe-

572 735 685 798 bat,
711 734 934 789 Domine
952 736 1111 802 Deus,
1135 736 1330 793 famula
1358 751 1447 795 tua
1472 752 1644 797 mater
1662 758 1780 798 mea
1800 746 2153 801 intentionem

574 824 745 891 illam,
796 827 934 894 quod
986 829 1053 895 ad
1104 830 1283 885 saeculi
1344 832 1686 888 honestatem
1719 836 2051 890 contrarium
2081 838 2153 891 nil

572 918 904 986 ageret;sed
955 928 1155 987 tamen,
1189 920 1345 990 juxta
1398 922 1717 995 Gregorium
1775 935 1943 993 tuum,
1993 945 2152 998 quem

572 1013 751 1061 tamen
780 1022 879 1062 nec
907 1007 1132 1078 legerat,
1175 1025 1275 1066 nec
1312 1011 1410 1082 legi
1460 1015 1725 1080 audierat,
1779 1017 1833 1071 in
1881 1034 1942 1073 ea
1976 1019 2153 1074 inten-

571 1097 717 1154 tione
742 1115 847 1155 non
879 1102 1098 1167 mansit,
1150 1103 1274 1170 quia
1330 1104 1396 1157 ad
1444 1114 1496 1160 te
1543 1108 1713 1161 solum
1754 1119 1942 1178 postea
1992 1114 2150 1182 quid-

567 1189 698 1258 quid
726 1190 1059 1259 intendebat,
1095 1192 1385 1247 transtulit.
1432 1196 1570 1265 Ergo
1599 1198 1678 1253 sic
1726 1201 1969 1255 saeculari
2000 1218 2153 1258 reve-

568 1281 759 1335 rentia:
789 1282 1085 1337 inseruisse
1119 1291 1243 1339 tunc
1268 1288 1522 1355 temporis
1553 1292 1894 1345 commodum
1921 1292 1994 1347 illi
2026 1294 2147 1348 fuit.

639 1370 835 1427 Voluto
860 1372 1025 1441 igitur
1052 1384 1175 1442 post
1203 1378 1545 1445 septennium
1574 1389 1629 1434 et
1657 1382 1888 1451 amplius
1940 1385 2149 1439 malefi-

568 1462 674 1526 cio,
735 1478 842 1533 quo
895 1466 1156 1520 naturalis
1210 1467 1543 1538 legitimique
1596 1474 1904 1528 commercii
1958 1476 2149 1545 cepula

568 1555 949 1622 rumpebatur,
1001 1555 1226 1610 nimium
1281 1558 1441 1627 plane
1488 1562 1621 1617 satis
1660 1563 1915 1619 credibile
1960 1574 2060 1631 est,
2092 1576 2151 1622 ut

566 1644 707 1698 sicut
746 1644 1034 1715 praestigiis
1058 1646 1293 1703 ocularis
1322 1649 1462 1704 ratio
1488 1655 1835 1721 pervertitur,
1861 1657 1999 1711 utde
2027 1657 2147 1711 nul-

564 1733 649 1797 lis,
682 1742 741 1787 ut
780 1734 860 1789 sic
911 1735 1108 1804 dicam,
1156 1738 1335 1808 aliqua
1377 1750 1433 1795 et
1480 1741 1546 1795 de
1592 1743 1712 1799 aliis
1759 1746 1867 1801 'alia
1910 1749 2026 1803 fieri
2054 1765 2151 1819 per

563 1840 751 1895 magos
799 1826 1112 1894 videantur;
1155 1829 1227 1883 ita
1278 1831 1418 1887 vires
1462 1832 1765 1902 lmjnsmodi
1799 1853 1863 1893 ac
1915 1855 2146 1897 venerea

564 1916 844 1972 molimina
893 1920 1062 1973 multo
1110 1920 1309 1975 minori
1344 1924 1574 1982 artificio
1607 1928 2039 1998 confundantur;
2074 1933 2148 1987 ita

563 2007 709 2061 enim
738 2009 1073 2078 populariter
1102 2013 1375 2079 actitatur,
1414 2025 1473 2068 ut
1501 2014 1615 2083 jam
1657 2020 1723 2073 ab
1762 2021 1985 2076 rudibus
2031 2023 2152 2091 qui—

565 2097 781 2167 busque
810 2100 1033 2155 sciatur.
1063 2100 1323 2171 Cassatis,
1356 2108 1596 2178 inquam,
1624 2124 1721 2178 per
1746 2125 1908 2165 anum
1953 2127 2145 2181 quam-

562 2190 685 2244 dam
717 2191 822 2247 illis
845 2195 1027 2263 pravis
1064 2197 1293 2265 artibus,
1326 2215 1387 2255 ea
1423 2201 1529 2256 fide
1581 2202 1941 2259 thalamorum
1971 2204 2148 2260 ollicio

562 2279 877 2351 deservivit,
906 2302 1011 2358 qua
1035 2288 1297 2344 diutinam
1325 2292 1687 2362 virginitatem
1719 2298 1819 2350 sub
1876 2305 2146 2352 tantarum

561 2372 1091 2447 animadversionum
1122 2381 1424 2450 pulsatione
1472 2388 1723 2441 servavit.
1774 2388 1921 2443 Felix
1954 2404 2147 2459 nempe

561 2464 695 2518 alias
724 2466 774 2519 in
806 2481 869 2521 eo
895 2483 951 2523 se
978 2471 1199 2526 infinitae
1220 2488 1327 2527 non
1355 2481 1464 2528 tam
1507 2476 1741 2532 miseriae
1774 2492 1935 2547 quam
1983 2481 2144 2535 mise-

561 2554 825 2610 rabilitati
876 2559 1103 2627 addixit,
1134 2563 1276 2631 quod
1308 2571 1435 2618 tunc
1487 2565 1647 2632 bona,
1700 2579 1753 2622 et
1787 2571 1953 2626 multo
1975 2573 2147 2642 magis

561 2651 903 2715 postmodum
938 2652 1078 2705 bona
1110 2668 1325 2723 semper
1353 2656 1572 2719 malum,
1606 2667 1656 2711 et
1688 2660 1891 2728 meipso
1914 2662 2148 2717 deterio—

561 2750 677 2788 rem
708 2752 922 2808 semper
966 2741 1217 2796 ediderit.
1268 2743 1345 2797 Tu
1397 2745 1504 2799 scis
1537 2755 1735 2812 tamen,
1768 2748 2141 2819 Omnipotens,

561 2840 721 2895 quam
755 2845 910 2899 pure,
949 2847 1109 2902 quam
1143 2844 1328 2889 sancte
1354 2838 1648 2891 secundum
1681 2846 1730 2894 Ie
1761 2856 1846 2896 me
1878 2843 2146 2899 educave-

559 2917 652 2985 rit,
704 2932 934 2989 quantas
965 2925 1273 2994 gerulorum
1304 2927 1358 2981 in
1388 2928 1638 2997 infantia,
1682 2942 1914 3002 quantas
1951 2950 2143 3004 puera-

559 3011 727 3064 scenti
755 3012 965 3082 pusiolo
1009 3015 1141 3074 mihi
1194 3017 1606 3089 paedagogorum
1647 3034 1711 3074 ac
1761 3023 2140 3094 magistrorum

557 3110 718 3154 curas
766 3102 1103 3172 adhibuerit,
1157 3120 1277 3159 cum
1324 3122 1430 3161 non
1475 3109 1637 3163 etiam
1679 3125 1775 3179 pro
1820 3113 2142 3183 corpusculo

556 3193 789 3247 vestium
854 3209 1048 3265 pompa
1100 3196 1352 3265 defuerit,
1406 3210 1465 3255 ut
1502 3204 1678 3273 regios
1720 3211 1814 3258 aut
1861 3203 2144 3259 comitivns

556 3304 754 3357 pueros
778 3290 1051 3361 obsequiis
1079 3295 1420 3365 aequiparare
1460 3297 1693 3352 viderer.
1738 3297 1848 3354 Nec
1886 3299 2008 3365 soli,
2038 3298 2144 3351 Do-

560 3381 727 3449 mine,
766 3385 926 3437 matri
957 3384 1264 3441 contuleras
1295 3388 1439 3443 hunc
1485 3387 1757 3457 affectum,
1806 3391 1900 3445 sed
1944 3399 1999 3445 et
2023 3389 2143 3444 aliis

556 3472 841 3529 ditioribus
868 3476 1037 3531 multo
1069 3479 1313 3547 personis
1347 3488 1400 3533 tu
1426 3480 1777 3548 instiuxeras,
1805 3492 1863 3536 ut
1892 3498 2000 3536 non
2032 3491 2142 3536 tam

555 3578 653 3632 pro
711 3566 1203 3635 consanguinitatis
1254 3571 1687 3639 necessitudine,
1765 3586 1925 3640 quam
1977 3586 2141 3628 causa

554 3655 741 3722 gratiae
791 3656 984 3711 adhoc
1018 3673 1048 3712 a
1090 3668 1141 3713 te
1180 3660 1314 3714 mihi
1343 3664 1629 3731 praestitae,
1670 3664 1870 3719 cultum
1907 3665 2038 3720 mihi
2088 3674 2144 3720 et

555 3743 855 3798 nutrituras
883 3746 1274 3815 impenderent.

626 3832 791 3900 Deus,
823 3843 876 3888 tu
897 3838 1005 3892 scis
1028 3847 1229 3906 quanta
1255 3844 1482 3909 monita,
1507 3853 1738 3914 quantas
1765 3845 1985 3901 auribus
2006 3847 2142 3903 meis

554 3938 745 3994 preces
790 3929 1032 3996 quotidie
1085 3931 1397 4000 instillahat,
1449 3951 1516 3989 ne
1558 3936 1723 4007 469
1777 3940 2140 4008 corruptionis

555 4013 855 4085 cuiuspiam
903 4019 1068 4073 verba
1126 4021 1480 4091 susciperem.
1534 4024 1793 4092 Docebat,
1847 4027 2059 4096 quoties
2110 4046 2139 4082 a

556 4105 705 4161 curis
752 4106 1114 4166 familiaribus
1167 4110 1400 4167 solitudo
1451 4115 1710 4183 vacabat,
1760 4118 2051 4186 quomodo,
2087 4128 2141 4173 et

556 4210 719 4266 super
768 4198 962 4268 quibus
1022 4209 1072 4255 te
1126 4216 1284 4257 orare
1326 4204 1598 4261 deberem.
1652 4206 1731 4261 Tu
1787 4208 1927 4263 nosti
1993 4209 2138 4265 solus

554 4290 772 4357 quantis
803 4293 1098 4362 angoribus
1132 4296 1459 4365 parturibat,
1499 4311 1565 4351 ne
1619 4299 1769 4353 initia
1810 4297 2131 4356 ﬂorentissi-

553 4394 656 4434 ma:
677 4396 742 4436 ac
768 4384 1097 4455 spectabilis,
1136 4401 1297 4457 quam
1348 4396 1402 4442 tu
1447 4390 1691 4459 dederas,
1737 4395 1987 4462 aetatulae,
2021 4396 2137 4450 ani-

555 4486 678 4527 mus
736 4475 878 4530 male
939 4491 1105 4533 sanus
1156 4493 1287 4534 sana
1326 4492 1679 4551 perverteret.
1738 4485 1861 4543 Voti
1911 4487 2027 4557 ejus
2080 4497 2136 4541 tu

553 4559 784 4630 feceras,
824 4573 883 4619 ut
922 4566 992 4621 ad
1048 4577 1099 4623 te
1127 4568 1498 4628 indesinenter
1525 4584 1832 4645 aestuarem,
1872 4588 2139 4648 quatenus

553 4660 844 4719 przestares
869 4655 1138 4714 internam
1168 4662 1351 4719 decori
1384 4663 1461 4718 illi
1492 4681 1613 4722 meo
1640 4676 1866 4724 externo
1886 4670 2136 4725 virtutem

552 4759 917 4816 summopere,
946 4760 1039 4805 aut
1069 4754 1415 4823 sapientiam.
1441 4758 1526 4826 Et,
1551 4759 1691 4814 bone
1720 4760 1966 4827 Domine,
1996 4761 2137 4817 bone

552 4834 722 4903 Deus,
768 4839 812 4894 si
859 4848 987 4897 tunc
1037 4847 1317 4914 praesciret
1360 4858 1563 4918 quanto
1627 4852 1865 4907 sordium
1923 4851 2138 4907 cumqu

552 4926 941 4986 obliteraturus
966 4946 1117 4988 eram
1144 4934 1315 4993 bonas
1358 4939 1476 4995 illas
1514 4942 1776 4998 donorum
1805 4952 2019 4998 tuorum
2047 4959 2137 4999 su-

550 5023 834 5091 perficies,
885 5026 1084 5097 quibus
1141 5045 1228 5086 me
1275 5032 1366 5088 illa
1428 5034 1756 5105 impetrante
1816 5052 2134 5103 ornaveras,

554 5116 682 5185 quid
726 5115 975 5174 dictura?
1024 5120 1163 5187 Quid
1208 5126 1431 5179 actura?
1492 5126 1663 5193 Quam
1711 5127 2137 5183 irremediabiles

552 5209 785 5280 gemitus
813 5212 1114 5268 emissura?
1144 5214 1317 5281 Quam
1357 5220 1555 5274 mentis
1590 5219 2007 5276 dilacerationes
2055 5220 2140 5274 in-

550 5315 780 5356 cursura
838 5306 1020 5359 esset!
1094 5305 1311 5364 Gratias
1363 5309 1491 5375 tibi,
1545 5310 1718 5366 dulcis
1761 5320 1816 5366 et
1862 5311 2139 5367 moderate

549 5391 880 5462 dispositor,
941 5416 959 5449 (
1008 5399 1102 5468 qui
1154 5399 1359 5455 tinxisti
1407 5402 1684 5473 sigillatim
1732 5404 1898 5460 corda
1954 5414 2138 5460 nostra

550 5481 727 5554 (Psal.
770 5503 945 5554 χχχιι,
978 5490 1090 5560 15).
1130 5510 1147 5544 ι
1174 5491 1338 5548 Plane
1385 5494 1433 5548 si
1481 5494 1782 5565 penetralia
1824 5497 1989 5552 animi
2033 5499 2139 5553 mei

551 5578 770 5635 mundis
828 5581 964 5636 adeo
1024 5582 1237 5654 indigna
1305 5587 1688 5657 conspectibus
1751 5589 2139 5646 mundissimus

553 5668 672 5739 ejus
697 5669 884 5726 oculus
916 5671 1224 5743 irrupisset,
1257 5677 1446 5746 miror,
1484 5679 1525 5734 si
1561 5679 1703 5737 illico
1722 5683 1987 5740 exanimis
2030 5698 2135 5738 non

558 5761 763 5819 fuisset.

1356 261 1419 315 V.
1463 261 1786 317 GUIBERTI
1823 265 2113 322 ABBATlS
2163 267 2220 322 S.
2262 269 2498 327 MARLE
2540 272 2625 327 DE
2649 272 3038 337 NOVIGENTO

3672 294 3743 358 860

2188 384 2233 437 Α
2848 412 3074 471 CAPUT
3110 418 3246 473 xm.

2333 537 2430 591 Pia
2470 542 2653 595 matris
2684 542 2918 599 Guiberti
2974 553 3239 607 exercitia.
3276 583 3343 594 —
3388 554 3475 612 llis
3517 574 3598 629 per
3634 578 3746 622 θεων

2256 629 2526 695 pationcm
2576 633 2733 689 dictis
2765 636 2832 689 ad
2865 636 3047 707 aliqua
3098 653 3248 695 retro
3286 646 3474 701 omissa
3516 652 3744 712 redeamus.

2260 716 2416 783 Huic,
2475 720 2716 787 inquam,
2778 723 2991 781 fentiua:
3052 730 3197 786 inter
3231 737 3421 790 saeculo
3461 742 3746 811 serviendum,

2257 804 2348 859 Dei
2368 808 2601 863 nominis
2638 815 2998 871 reverentiam
3027 834 3241 889 semper
3271 825 3494 881 adfuisse
3514 828 3746 902 didicimus,

2263 895 2315 949 in
2358 906 2587 966 tantum,
2630 911 2685 955 ut
2718 902 2768 955 in
2803 904 3063 974 obsequio
3092 910 3463 982 ecclesiarum,
3484 916 3532 970 in
3556 918 3750 978 beneﬁcio

2254 1002 2574 1057 pauperum,
2609 993 2661 1045 in
2694 993 2967 1051 oblatione
2997 1001 3391 1057 sacrificiorum
3420 1006 3492 1062 sic
3533 1024 3583 1063 se
3601 1025 3748 1079 ageret,

2255 1087 2314 1132 ut
2343 1083 2667 1137 venerabilis
2707 1087 2959 1143 omnibus
3002 1101 3143 1145 esset
3173 1092 3197 1144 ?
3245 1093 3355 1149 Sed
3392 1097 3495 1152 scio
3528 1100 3633 1167 quia
3654 1106 3750 1171 pari-

2258 1180 2339 1224 ter
2367 1173 2499 1226 mihi
2538 1174 2733 1230 exinde
2761 1176 2989 1245 plurima
3018 1181 3343 1239 adhibendae
3382 1186 3498 1243 ﬁdei
3521 1190 3752 1257 difﬁcultas,

2255 1276 2413 1329 quam
2467 1264 2798 1332 praecludere
2842 1268 3133 1340 videbitur,
3191 1285 3471 1344 suspectze,
3505 1288 3556 1332 ut
3577 1291 3752 1351 putatur,

2259 1349 2433 1404 laudis
2466 1351 2715 1409 affinitas.
2751 1353 2806 1409 Si
2856 1367 3085 1414 matrem
3115 1362 3387 1430 attollere,
3418 1376 3559 1422 caule
3578 1384 3629 1425 ac
3648 1349 3751 1426 fallas

2254 1442 2390 1496 citcr
2417 1444 2647 1513 seipsam
2690 1448 2947 1505 extulisse
3004 1452 3239 1518 videtur,
3273 1464 3348 1520 te,
3398 1457 3547 1523 Deus,
3582 1462 3654 1528 qui
3674 1463 3753 1528 ejus

2253 1533 2487 1589 animam
2538 1545 2597 1589 ut
2646 1537 2979 1597 inhabitator
3024 1545 3209 1613 nosti,
3260 1556 3449 1601 testem
3506 1552 3753 1620 compellare

2251 1637 2539 1690 praesumo,
2567 1627 2894 1683 omnimodis
2917 1631 3209 1699 excellere,
3243 1636 3385 1704 quod
3416 1644 3491 1691 est
3512 1637 3637 1704 illud,
3654 1641 3753 1707 quod

2183 1713 2468 1789 Bdicitur.
2528 1716 2595 1770 Et
2644 1728 2793 1774 certe
2846 1736 2969 1777 cum
3024 1723 3145 1781 luce
3199 1726 3403 1785 clarius
3439 1740 3598 1800 pateat
3634 1736 3753 1792 vitam

2252 1820 2426 1858 meam
2458 1821 2486 1859 a
2514 1806 2779 1863 bonorum
2826 1813 3068 1868 omnium
3125 1819 3439 1876 exorbitare
3485 1826 3697 1894 vestigiis,
3717 1838 3750 1881 et

2252 1895 2435 1949 studia
2470 1911 2687 1966 semper
2714 1915 2831 1957 mea
2889 1906 3123 1960 sensatis
3172 1910 3424 1965 omnibus
3461 1913 3631 1982 probro
3656 1931 3751 1982 esse,

2248 1984 2376 2053 quid
2398 1986 2528 2041 mihi
2557 1989 2796 2057 proderit
2822 2002 2915 2046 aut
2936 1997 3148 2064 paterni
3177 2014 3274 2053 seu
3299 2001 3427 2055 aviti
3455 2006 3653 2060 nominis
3675 2022 3750 2060 ma-

2250 2076 2495 2145 gnitudo,
2541 2080 2631 2133 ubi
2680 2082 2745 2135 de
2776 2082 2926 2151 prole
2968 2085 3280 2143 miserrima
3316 2099 3425 2145 tota
3468 2097 3749 2150 coarctabitur

2247 2164 2473 2221 latitudo
2507 2168 2530 2221 ?
2580 2168 2647 2224 Et
2689 2173 2779 2240 qui
2825 2174 2891 2228 ad
2934 2188 3119 2231 eorum
3161 2194 3344 2235 mores
3398 2183 3533 2237 nulla
3574 2185 3752 2239 volunta-

2250 2258 2318 2313 tis
2360 2270 2413 2314 et
2469 2269 2624 2317 actus
2676 2269 3177 2336 contemperatione
3233 2286 3519 2343 regenero,
3567 2276 3622 2330 ad
3659 2276 3752 2329 inia-

2247 2348 2368 2403 mize
2428 2354 2797 2422 superequitat
2866 2356 3089 2425 rualum,
3141 2360 3189 2414 si
3238 2376 3425 2417 eorum
3470 2364 3586 2418 mihi
3621 2365 3749 2418 laudes

2247 2439 2481 2494 ascribo.

2318 2549 2547 2606 Maritus
2593 2553 2725 2608 bello
2783 2558 3011 2626 capitur.
3040 2588 3111 2599 --
3147 2558 3291 2616 Huic
3329 2561 3505 2631 igitur,
3542 2564 3644 2618 dum
3682 2564 3748 2618 sub

2246 2640 2441 2693 marito
2469 2641 2646 2696 adhuc
2686 2642 2976 2711 juvencula
3008 2658 3218 2720 ageret,
3272 2650 3376 2705 tale
3404 2652 3524 2720 quid
3565 2652 3745 2721 contigit,

2245 2729 2387 2797 quod
2418 2744 2525 2783 non
2552 2731 2836 2788 minimum
2874 2739 3234 2795 correctionis
3260 2740 3310 2794 ei
3335 2741 3456 2795 vitae
3495 2733 3747 2795 incentivum

2245 2821 2517 2886 priestitit.
2548 2822 2743 2878 Franci
2781 2825 3000 2883 Henrici
3023 2830 3170 2900 .‘cgis
3208 2842 3451 2902 tempore
3476 2848 3582 2886 cum
3606 2832 3748 2888 North-

2245 2910 2419 2964 manis
2443 2920 2497 2966 et
2526 2927 2713 2968 eorum
2743 2918 2937 2972 comite
2983 2918 3300 2988 Guillelmo,
3328 2923 3418 2992 qui
3448 2923 3621 2994 Anglos
3642 2934 3746 2993 post-

2245 3000 2461 3054 modum
2499 3005 2734 3075 subegit,
2783 3016 2839 3061 et
2892 3008 3107 3075 Scotos,
3146 3014 3319 3068 multa
3363 3016 3748 3070 animadversione

2169 3075 2215 3137 C
2246 3090 2549 3158 certabant,
2582 3091 2637 3145 in
2685 3108 2793 3163 quo
2816 3097 2994 3164 gentis
3025 3099 3310 3171 utriusque
3336 3116 3579 3157 concursu
3599 3114 3746 3171 patrem

2247 3192 2427 3232 meum
2453 3180 2569 3249 capi
2616 3184 2862 3253 contigit.
2915 3185 3080 3257 Cujus
3110 3191 3331 3245 comitis
3360 3194 3651 3246 consuetudo
3671 3189 3732 3242 lue

2246 3277 2354 3333 rat,
2403 3278 2461 3323 ut
2509 3288 2783 3342 nunquam
2832 3277 3075 3345 captivos
3106 3292 3242 3334 suos
3294 3281 3361 3335 ad
3407 3280 3748 3351 redemptionem

2245 3369 2466 3429 cogeret
2512 3364 2603 3416 sed
2644 3376 2926 3434 perpetua,
2959 3367 3085 3420 dum
3117 3369 3458 3437 adviverent,
3481 3371 3750 3426 carcerisre-

2243 3449 2512 3521 legatione
2538 3454 2840 3510 danmaret.
2888 3457 3041 3523 Quod
3074 3458 3162 3513 ubi
3210 3460 3440 3516 relatum
3469 3471 3542 3516 est
3578 3457 3746 3528 conjusii

2244 3544 2474 3597 necdum
2498 3546 2639 3598 enim
2689 3556 2847 3602 natus
2872 3563 3043 3615 cram,
3101 3564 3201 3605 nec
3247 3552 3406 3622 longo
3434 3562 3543 3623 post
3570 3561 3746 3618 tempore

2242 3630 2342 3697 fui,
2384 3641 2438 3687 ct
2480 3633 2601 3689 ideo
2634 3637 2826 3691 matris
2870 3640 3194 3707 supersedeo
3246 3643 3470 3709 nomini,
3525 3636 3747 3696 miserabili

2242 3740 2476 3780 maerore
2501 3727 2814 3782 examinata
2839 3729 3061 3798 defecit,
3089 3747 3129 3785 a
3147 3734 3273 3788 cibo
3314 3743 3539 3804 potuque
3582 3732 3745 3793 destitit,

2241 3831 2491 3872 somnum
2570 3819 3012 3888 desperatissima
3079 3823 3391 3880 sollicitudo
3457 3824 3566 3894 plus
3613 3820 3743 3877 vetuit.

2242 3907 2352 3964 Nec
2402 3910 2468 3964 de
2517 3910 2860 3966 multitudine
2918 3914 3312 3984 redemptionis
3366 3918 3416 3971 in
3465 3917 3569 3987 ejus
3614 3914 3742 3969 animo

2245 4018 2413 4057 causa
2461 4012 2600 4070 erat,
2633 4007 2728 4061 sed
2782 4006 2849 4062 de
2896 4006 3220 4063 irrcmeabili
3277 4008 3570 4079 captivitate
3605 4016 3747 4060 nitere-

2240 4096 2352 4152 bat.

2310 4212 2446 4268 Inde
2488 4215 2792 4286 gravissime
2818 4216 3119 4286 a/ﬂictalur.
3163 4212 3329 4269 Vexat
3359 4232 3470 4270 eam
3495 4214 3745 4268 daemon.“

2230 4301 2478 4373 «Curnque
2505 4304 2743 4374 ejusdem
2797 4306 2971 4361 noctis
3008 4304 3161 4361 ﬁeret
3210 4305 3595 4377 intempestum,
3622 4309 3664 4356 et
3685 4296 3745 4350 illa

2241 4396 2411 4450 atroci
2437 4397 2712 4452 anxietate
2732 4396 3044 4466 plenissima
3076 4398 3357 4466 proprium
3388 4396 3550 4452 cubile
3573 4393 3743 4447 foveret.

2242 4488 2381 4543 sicut
2410 4486 2625 4543 diabolo
2649 4489 3191 4543 consuetudinarium
3228 4496 3338 4554 est,
3382 4496 3439 4541 ut
3478 4481 3742 4571 potissimunt

2241 4581 2437 4635 animis
2463 4580 2681 4636 tristitia
2710 4582 3002 4636 maceratis
3030 4582 3343 4652 immergat,
3366 4579 3535 4635 subito
3561 4572 3741 4643 vigilant!

2240 4672 2317 4727 illi
2351 4674 2463 4742 ipse
2488 4673 2741 4728 inimicus
2772 4673 3040 4738 incubuit,
3066 4683 3122 4731 et
3148 4676 3467 4747 gravissimo
3492 4680 3610 4740 pene
3622 4670 3743 4728 “5th

2239 4761 2305 4815 ad
2332 4762 2748 4817 exstinctionem
2772 4765 3010 4831 pondere
3056 4764 3323 4833 iacentem
3371 4757 3625 4834 Oppressit.
3646 4750 3741 4805 Cum

2242 4854 2344 4909 sub
2373 4854 2473 4909 hac
2498 4854 2615 4925 ejus
2647 4861 2872 4929 spiritus
2904 4856 3263 4913 sulfocaretur
3285 4854 3539 4926 angustia,
3582 4856 3627 4903 et
3655 4855 3739 4938 οιιξ·

2238 4947 2386 5002 nium
2418 4950 2785 5006 membrorum
2833 4966 2897 5005 ex
2936 4960 3044 5006 tota
3084 4950 3339 5005 libertate
3381 4949 3593 5003 careret,
3632 4943 3740 4987 νοω

2239 5046 2418 5094 autem
2458 5039 2756 5111 cujuspiam
2794 5042 3032 5098 sonitum
3068 5040 3375 5096 nullatenus
3416 5036 3631 5093 emittere
3648 5035 3736 5094 p05-

2241 5138 2344 5195 set,
2370 5112 2656 5201 solumque
2700 5132 2792 5187 llei
2838 5140 2989 5187 muta
3013 5132 3252 5202 penitus,
3277 5130 3367 5187 sed
3395 5126 3581 5183 ratione
3598 5118 3737 5210 liberi.

2239 5221 2647 5293 prtestolaretur
2706 5224 2988 5290 auxilium,
3029 5238 3156 5279 ecce
3182 5238 3212 5277 a
3257 5219 3433 5279 lectuli
3470 5216 3574 5285 ejus
3609 5210 3736 5307 ςειξιξθ

2243 5313 2464 5384 quidam
2497 5313 2741 5384 spiritus,
2782 5313 2923 5370 haud
2965 5313 3188 5368 dubium
3235 5312 3361 5383 quin
3403 5309 3573 5364 bonus,
3599 5304 3660 5352 sic
3679 5304 3736 5344 ut—

2241 5404 2481 5459 clamare
2512 5420 2617 5460 non
2654 5406 2833 5460 minus
2892 5405 3204 5470 affectuosa,
3247 5417 3403 5474 quam
3450 5403 3606 5466 aperta
3642 5393 3734 5478 vote

2239 5495 2409 5563 coepit
2434 5513 2446 5548 :
2484 5513 2503 5548 ς
2539 5493 2738 5549 Sancta
2770 5493 2959 5563 Maria,
2986 5493 3200 5563 adjuva.
3225 5512 3244 5544 ι
3265 5471 3340 5547 Ἐι
3359 5502 3470 5545 cum
3494 5471 3733 5571 aliquandiu

2240 5587 2320 5643 sic
2345 5587 2595 5652 dixisset,
2644 5595 2699 5641 et
2729 5586 2873 5657 quod
2905 5586 3187 5641 dicebatur
3225 5581 3375 5653 plene
3419 5576 3497 5632 illa
3532 5563 3721 5629 intellige

2244 5690 2352 5747 rel,
2387 5680 2655 5735 sentiente
2709 5679 2798 5734 illa
2852 5694 2972 5755 quae
3027 5688 3309 5747 tantopere
3349 5661 3729 5755 \‘cxabatur,cutn

2256 5774 2445 5843 grandi
2496 5773 2967 5830 animudvcrsronc
3018 5770 3268 5841 erumpit.
3315 5766 3422 5833 Quo
3466 5751 3723 5819 ρτυηειιεηίθ·

2168 4424 2214 4483 D
