3982 6346
253 322 353 378 861

1310 322 1398 379 DE
1432 322 1585 379 VITA
1609 322 1746 380 SUA
1787 322 1964 379 LIBRI
2007 324 2203 381 TRES.
2242 357 2311 366 —
2350 326 2478 382 LIB.
2518 325 2561 383 Ι.

3424 328 3536 387 8ί>2

254 444 347 498 ille
372 444 463 513 qui
494 442 841 498 incumbebat
885 441 1140 511 assurgit,
1173 455 1334 511 quem
1372 442 1460 496 ille
1512 441 1703 496 obvius
1740 457 1834 510 ap-
1869 443 1915 499 A
1944 452 2171 512 repetet,
2202 444 2444 509 Domine,
2494 444 2634 514 apud
2695 458 2782 499 me
2829 442 3153 515 Hymcnreus
3199 444 3395 511 ofﬁcia,
3428 445 3533 501 nisi

255 536 569 604 prehendit,
610 544 663 589 et
716 542 902 603 utpote
946 549 1012 588 ex
1061 535 1171 588 Deo
1208 533 1476 589 violentus
1527 549 1649 588 cum
1691 542 1842 590 tanto

260 625 480 696 fragore
526 626 828 689 subvertit,
884 633 941 678 ut
994 624 1227 694 impulsu
1287 625 1528 694 graviter
1572 638 1840 678 cameram

257 715 560 785 quatiente,
587 715 829 769 asset-las
881 729 1077 783 sopore
1111 715 1401 784 depressas
1433 715 1729 770 insolenter
1758 715 1842 769 ni-

259 808 365 862 mis
396 808 623 862 exciret.
662 807 757 861 Illo
788 807 951 877 igitur
990 806 1070 861 sic
1104 806 1302 861 divinis
1332 808 1621 863 virtutibus
1655 815 1845 863 estur-

256 899 413 963 hato,
460 898 582 968 pius
609 898 722 966 ipse
767 899 991 967 spiritus
1021 897 1113 967 qui
1160 896 1384 951 Mariam
1415 898 1747 954 clamaverat
1791 909 1845 954 et

257 989 558 1043 daunenem
587 988 886 1058 pepulerat,
915 1003 1208 1043 conversus
1238 988 1305 1043 ad
1342 1004 1461 1043 eam
1486 1006 1650 1060 quam
1681 1006 1841 1047 erue-

258 1087 382 1132 rat:
420 1099 440 1131 ι
470 1077 623 1141 Vide,
647 1078 842 1148 inquit,
877 1089 935 1131 ut
969 1078 1043 1133 sis
1073 1079 1213 1132 bona
1258 1076 1523 1134 femina.»
1575 1082 1645 1136 At
1667 1084 1846 1151 pedis-

268 1183 451 1236 sequae
497 1169 724 1237 strepitu
775 1169 1054 1238 repentino
1096 1170 1357 1236 attonitae,
1403 1171 1632 1239 qualiter
1661 1190 1755 1227 sua
1784 1190 1844 1229 se

258 1258 488 1313 haberet
508 1259 726 1313 domina
764 1259 946 1314 videre
977 1273 1330 1330 consurgunt,
1359 1277 1520 1331 quam
1571 1266 1844 1320 moribun-

260 1351 386 1405 dam
414 1352 670 1422 exsangui
698 1353 865 1416 vultu,
890 1359 945 1406 et
969 1352 1131 1407 totius
1154 1354 1457 1422 corpusculi
1476 1356 1681 1412 viribus
1710 1372 1834 1427 pro-

261 1438 462 1509 fligatis
496 1442 773 1495 inveniunt
801 1459 815 1507 ;
869 1442 935 1497 de
974 1443 1152 1498 sonitu
1183 1444 1552 1513 sciscitantur,
1599 1456 1653 1503 et
1680 1449 1747 1504 ab
1777 1464 1841 1504 ea

259 1531 406 1588 illico
438 1547 628 1587 causas
658 1533 905 1596 audiunt,
935 1532 1091 1602 cujus
1117 1534 1207 1588 vix
1250 1536 1500 1605 spiritum
1530 1546 1584 1593 et
1608 1554 1843 1609 praesen-

262 1624 360 1690 tia,
390 1635 447 1679 et
472 1625 928 1692 confabulatione,
974 1633 1030 1680 et
1058 1628 1383 1684 aceensione
1431 1626 1650 1687 luminis
1700 1634 1842 1688 refe-

257 1731 388 1772 vere
411 1725 633 1787 queunt.

1946 550 2004 589 se
2034 536 2178 590 ultro
2213 536 2346 590 mihi
2394 536 2693 591 obtulerint
2740 537 3023 593 nobilioris
3072 537 3242 592 multo
3284 552 3533 608 persona:

1946 627 2234 680 connubia.
2267 626 2477 684 Idcirco
2524 638 2703 683 autem
2732 638 2889 683 cauta
2937 628 3024 683 illa
3052 630 3247 685 mulier
3268 630 3334 685 de
3378 628 3532 685 nobi-

1946 717 2082 772 liere
2098 727 2186 771 est
2217 720 2497 774 sortiendo
2537 720 2739 786 locuta,
2782 736 2903 776 cum
2933 723 3096 777 sciret
3126 722 3212 775 vix
3240 731 3333 776 aut
3362 720 3532 775 nulla-

1950 817 2109 862 tenus
2144 824 2306 878 posse
2352 810 2686 878 contingere,
2716 819 2775 864 ut
2805 825 2925 865 eum
2960 810 3048 865 ille
3077 826 3272 865 nomen
3304 809 3531 864 nobilio-

1948 901 2022 955 ris
2062 903 2333 968 horreret,
2366 901 2454 956 illa
2506 903 2765 958 continuo
2812 903 3085 958 nobilibus
3117 918 3180 958 ac
3210 902 3534 973 ignobilibus

1947 990 2276 1060 generaliter
2302 992 2629 1061 reprobatis,
2680 1007 2830 1061 spem
2858 993 2957 1047 sibi
2986 994 3236 1049 secunda:
3268 1008 3379 1048 suae
3402 1008 3533 1047 con-

1939 1082 2233 1153 jugalionis
2253 1083 2538 1139 adimeret.
2564 1084 2699 1139 Cum
2727 1084 2892 1154 igitur
2913 1086 3002 1141 ille
3025 1101 3231 1156 magna:
3260 1085 3528 1155 superbia:

1946 1175 2088 1242 quod
2113 1174 2179 1229 de
2210 1175 2476 1229 nobiliore
2526 1175 2758 1242 dixerat,
2794 1175 3158 1245 ascripsiSSet,
3214 1175 3301 1229 illa
3346 1175 3531 1229 subin-

1948 1263 2067 1317 tulit
2098 1281 2110 1316 :
2145 1262 2304 1319 Certe
2331 1276 2423 1318 aut
2463 1263 2804 1332 nobiliorem,
2832 1273 2923 1318 aut
2952 1264 3181 1318 nullum.
3219 1264 3530 1334 lntelligens

1946 1353 2036 1407 ille
2070 1369 2177 1424 qua
2242 1354 2545 1410 intentione
2581 1363 2828 1409 matrona
2880 1354 3194 1419 dissereret,
3245 1353 3472 1407 descivit
3500 1368 3533 1406 a

1946 1455 2142 1516 empto,
2170 1455 2225 1501 et
2245 1446 2421 1502 denuo
2455 1447 2524 1503 ab
2553 1461 2616 1502 ea
2647 1445 2722 1501 nil
2752 1446 2857 1501 tale
2880 1446 3148 1517 quaesivit.

2019 1537 2183 1607 Igitur
2209 1536 2310 1592 sub
2334 1536 2568 1606 plurimo
2590 1537 2685 1592 Dei
2734 1537 2952 1602 timore,
2977 1551 3079 1591 nec
3123 1535 3322 1591 minori
3364 1534 3533 1590 totius

1946 1624 2219 1681 alliuitalis
2258 1634 2312 1681 et
2335 1626 2571 1681 maxime
2618 1640 2801 1697 egenas
2833 1640 3026 1681 manus
3072 1640 3279 1691 amore,
3330 1624 3532 1680 femina

1946 1717 2190 1785 prudens
2241 1733 2343 1774 nos
2391 1726 2449 1773 ct
2485 1718 2673 1774 nostra
2721 1719 2964 1789 regebat,
3001 1719 3161 1774 fidem
3193 1732 3354 1787 quam
3384 1718 3534 1772 advi-

331 1806 464 1860 Cum
493 1823 690 1860 annum
736 1817 911 1877 ageret
943 1806 1245 1876 Cuibertus,
1288 1811 1412 1865 obiit
1456 1820 1715 1882 pater.—
1746 1814 1838 1871 Ul-
1873 1806 1920 1866 B
1948 1807 2094 1862 venti
2154 1807 2353 1862 marito
2402 1817 2738 1873 servaverat,
2791 1814 3186 1876 consequenter
3236 1817 3292 1862 et
3339 1807 3534 1861 animm

262 1897 393 1951 tima
424 1911 552 1966 ergo
580 1898 662 1950 sui
693 1896 1000 1953 liberatoris
1024 1900 1209 1965 verba,
1237 1901 1345 1956 imo
1390 1916 1489 1971 per
1515 1911 1664 1956 tuum
1694 1920 1845 1958 nun-

261 1987 396 2040 tium
428 1995 537 2050 tua,
580 1986 807 2041 Domine
840 1986 1005 2053 Deus,
1052 1989 1244 2043 mulier
1288 1989 1377 2044 illa
1434 1992 1698 2057 retinens,
1722 2008 1846 2062 per-

256 2085 424 2146 petua
464 2075 706 2129 condidit
751 2077 1038 2143 memoria,
1068 2086 1120 2131 et
1167 2078 1218 2132 in
1247 2078 1537 2147 plurimum
1573 2079 1842 2146 affectum,

259 2170 303 2222 si
334 2168 563 2223 facultas
614 2178 949 2238 suppeteret,
996 2170 1105 2225 Deo
1136 2170 1187 2223 in
1237 2180 1515 2240 posterum
1556 2183 1846 2242 praestante

258 2260 508 2314 ducenda
537 2260 796 2315 servavit.
828 2258 986 2315 Obila
1018 2260 1186 2331 igitur
1235 2270 1408 2315 morte
1456 2264 1690 2331 parenti,
1723 2279 1844 2319 cum

259 2348 431 2402 multo
456 2348 632 2404 adhuc
657 2349 838 2405 carnis
880 2359 935 2404 et
962 2349 1145 2404 vultus
1196 2349 1485 2419 splendore
1532 2353 1753 2423 niteret,
1792 2364 1848 2409 et

258 2454 360 2510 ego
391 2455 589 2495 annum
620 2440 791 2496 ferme
821 2448 979 2495 natus
1017 2440 1296 2496 dimidium
1328 2440 1474 2497 solus
1502 2442 1553 2497 ei
1586 2444 1845 2499 sollicitu-

260 2532 407 2586 dinis
438 2547 632 2586 causas
681 2533 890 2599 darem,
943 2533 1009 2586 de
1046 2531 1312 2587 viduitate
1349 2533 1678 2588 continenda
1718 2551 1844 2603 pro-

258 2622 442 2689 posuit
474 2638 488 2686 ;
530 2622 582 2675 in
616 2637 719 2690 qua
768 2631 968 2692 quanta
1000 2622 1287 2677 vivacitate
1314 2638 1372 2677 se
1400 2624 1619 2687 rexerit,
1645 2636 1847 2694 quanta

260 2711 547 2765 modestiae
581 2712 825 2780 exempla
858 2712 1169 2781 praebuerit,
1222 2728 1286 2766 ex
1335 2714 1435 2768 hoc
1475 2730 1581 2768 uno
1608 2714 1848 2783 subjecto

261 2801 460 2869 conjici
493 2812 671 2871 potest
696 2816 710 2853 :
733 2801 898 2872 470
917 2803 1061 2870 quod
1093 2818 1215 2856 cum
1255 2812 1511 2872 parentes
1546 2805 1654 2859 mei
1678 2808 1847 2875 patris

259 2892 369 2945 mei
404 2890 789 2945 beneficiorum
820 2892 1333 2961 pessessionumque
1382 2893 1584 2961 aemuli,
1615 2909 1678 2949 ea
1726 2909 1845 2949 om-

262 2979 374 3044 nia,
408 2987 579 3033 matre
600 2978 841 3044 exclusa,
866 2979 1115 3035 obtinere
1149 2980 1475 3051 niterentur,
1498 2998 1676 3039 causa:
1705 2985 1837 3039 acti-

262 3074 439 3127 tandae
463 3074 796 3128 constituere
825 3072 988 3127 diem.

1948 1897 2145 1967 duplici
2176 1906 2362 1954 tenore
2386 1897 2617 1964 ferebat,
2639 1899 2765 1954 dum
2792 1908 2848 1954 et
2869 1900 3115 1968 corporis
3139 1907 3378 1953 veterem
3415 1897 3535 1952 uni-

1949 1997 2114 2043 tatem
2142 1988 2554 2044 subintroducta
2582 1988 2753 2043 altera
2782 2004 2967 2055 carne,
2996 2004 3061 2045 eo
3077 1989 3387 2048 decedente,
3421 2001 3531 2041 non

1947 2080 2164 2145 dividit,
2218 2089 2274 2134 et
2325 2078 2641 2148 quotidiana
2669 2095 2807 2150 pene
2840 2078 3133 2134 salutiferae
3162 2078 3352 2133 hostiae
3382 2076 3533 2131 ebla-

1949 2172 2097 2225 tione
2118 2171 2218 2241 ipsi
2242 2170 2532 2226 subvenire
2555 2171 2853 2226 contendit.
2884 2171 2952 2224 Et
2976 2186 3095 2224 cum
3127 2170 3378 2224 omnibus
3401 2183 3533 2238 pau-

1947 2264 2167 2333 peribus
2193 2262 2521 2334 generaliter
2565 2270 2709 2317 esset
2757 2260 3010 2327 affabilis,
3061 2260 3380 2331 quibusdam
3434 2274 3535 2328 pro

1948 2352 2204 2408 facultate
2236 2352 2404 2406 multa
2428 2351 2608 2407 fuerat
2648 2351 2994 2407 miseratione
3038 2348 3280 2405 benefica
3331 2356 3385 2403 et
3434 2349 3534 2402 da-

1946 2444 2123 2514 psilis.
2154 2442 2509 2499 Peccatorum
2532 2444 2676 2498 enim
2703 2458 2923 2500 suorum
2954 2442 3211 2497 memoria
3255 2449 3536 2511 tantopere

1950 2533 2251 2602 angebatur
2293 2548 2357 2587 ac
2386 2533 2432 2587 si
2460 2532 2728 2587 universis
2772 2532 2985 2588 addicta
3040 2533 3295 2601 nequitiis
3347 2546 3537 2602 poenas

1949 2625 2187 2679 omnium
2218 2639 2341 2693 qum
2369 2633 2634 2693 geruntur
2656 2623 2920 2678 malorum
2971 2622 3210 2679 incidere
3231 2631 3534 2679 vereretur.

1950 2713 2005 2767 In
2037 2713 2347 2783 frugalitate
2376 2712 2533 2781 plane
2560 2713 2694 2766 nihil
2731 2723 2965 2782 poterat,
3012 2728 3136 2767 cum
3190 2712 3533 2768 teneritudini

1951 2803 2070 2871 ejus
2124 2813 2181 2857 et
2230 2802 2351 2856 usui
2397 2802 2610 2856 lautiori
2642 2802 3021 2857 alimentorum
3054 2802 3389 2872 parcimouia
3430 2801 3533 2855 mi-

1951 2894 2099 2947 nime
2127 2891 2466 2946 conveniret.
2516 2892 2598 2945 Ad
2628 2892 2762 2946 alias
2797 2894 3019 2948 omnino
3046 2892 3446 2963 inopinabiliter
3475 2906 3537 2948 se

1951 2982 2207 3037 habebat.
2246 2979 2380 3036 Nam
2439 2980 2588 3035 hisce
2639 2980 2814 3035 oculis
2856 2982 2961 3035 vidi
3014 2982 3370 3050 manibusque
3421 2988 3534 3034 tra-

1950 3070 2112 3134 ctavi,
2137 3069 2279 3138 quod
2299 3068 2516 3124 cultiori
2538 3069 2874 3127 extrinsecus
2905 3069 3193 3139 aliquoties
3214 3079 3362 3124 veste
3390 3084 3533 3139 prce-

337 3164 461 3218 Dies
490 3162 661 3231 affuit,
695 3172 750 3217 et
780 3177 1034 3234 proceres
1081 3161 1229 3218 circa
1279 3179 1496 3219 omnem
1548 3166 1720 3221 acturi
1759 3163 1846 3234 ju-
1876 3144 1917 3201 (λ
1956 3173 2126 3226 tensa,
2158 3160 2337 3216 cilicio
2370 3160 2741 3231 hispidissimo
2790 3168 3175 3230 contegeretur
3216 3162 3283 3215 ad
3307 3162 3531 3226 nudum,

259 3254 470 3310 Stitiam
498 3256 858 3310 considerant.
874 3254 1046 3309 Mater
1065 3255 1130 3309 de
1156 3270 1344 3310 eorum
1367 3256 1845 3326 cupidissimis.....

264 3349 362 3422 [f.,
401 3348 572 3419 certa]
611 3349 896 3403 conatibus
950 3348 1003 3401 in
1052 3346 1341 3402 ecclesiam
1380 3360 1746 3415 concesserat,
1795 3362 1850 3405 et

260 3454 391 3501 ante
416 3447 630 3501 Domini
654 3446 901 3501 crucifixi
932 3445 1224 3516 imaginem
1254 3447 1449 3501 debita:
1490 3460 1697 3499 menter
1724 3458 1847 3497 ora-

261 3538 429 3591 tionis
459 3540 691 3591 astabat.
718 3535 800 3590 Ad
831 3551 993 3604 quam
1024 3549 1146 3589 eum
1172 3550 1310 3589 unus
1342 3535 1408 3589 de
1450 3534 1586 3588 meis
1626 3549 1655 3586 a
1696 3544 1850 3602 patre

261 3627 602 3696 parentibus,
632 3630 819 3681 eadem
870 3643 989 3695 qua:
1017 3626 1106 3679 alii
1138 3631 1399 3691 sentiens,
1424 3626 1570 3681 etab
1601 3626 1681 3681 eis
1706 3627 1847 3681 dirc-

262 3727 386 3774 ctus
416 3720 676 3783 venisset,
705 3727 758 3772 ct
780 3728 838 3771 ut
869 3718 935 3770 ad
983 3717 1127 3783 illos,
1161 3718 1251 3787 qui
1288 3733 1410 3772 eam
1462 3717 1849 3786 praestolaban-

264 3821 378 3877 tur,
412 3811 713 3877 aceederet,
764 3811 1027 3880 judicium
1067 3824 1255 3864 eorum
1312 3810 1559 3864 auditura
1611 3820 1846 3879 rogaret,

266 3904 357 3959 illa
392 3903 613 3956 intulit:
654 3920 671 3952 ι
718 3901 893 3970 Super
951 3903 1072 3966 hac,
1126 3902 1324 3971 inquit,
1375 3916 1434 3955 re
1490 3902 1705 3956 nonnisi
1749 3904 1850 3957 sub

265 3995 553 4064 praesentia
584 3990 792 4047 Domini
852 3993 954 4045 mei
983 4008 1159 4061 agam.
1186 4010 1205 4044 ι
1242 3992 1308 4044 Ει
1340 3990 1451 4055 ille,
1488 4009 1504 4041 ι
1547 3990 1721 4060 cujus,
1754 3992 1848 4054 ait,

266 4087 514 4143 domini?
541 4108 557 4138 ι
601 4087 667 4140 Ει
706 4086 772 4139 ad
806 4086 1094 4154 imaginem
1146 4085 1391 4139 crucifixi
1456 4083 1668 4138 Domini
1716 4100 1851 4153 prac-

270 4190 421 4250 tensa
468 4195 677 4234 manu:
739 4198 755 4228 ι
792 4178 912 4241 llic,
961 4177 1159 4247 inquit,
1215 4188 1300 4232 est
1354 4177 1636 4231 Dominus.
1680 4196 1697 4226 ι
1756 4176 1851 4231 liis

268 4273 486 4335 auditis,
516 4290 533 4321 t
571 4271 659 4324 hic
682 4268 815 4324 mihi
841 4268 1143 4322 causidicus
1166 4269 1266 4322 sub
1297 4283 1404 4336 quo
1445 4282 1624 4337 agam.
1657 4287 1673 4317 ι
1706 4267 1849 4321 Eru-

268 4365 385 4419 buit
412 4364 557 4418 dicto
583 4361 693 4426 ille,
724 4368 780 4414 et
804 4367 862 4414 ut
888 4366 1008 4414 erat
1044 4373 1151 4413 non
1202 4359 1486 4413 minimum
1508 4358 1847 4427 'versipellis,

1953 3265 2053 3306 nec
2077 3251 2248 3307 solum
2274 3252 2510 3307 interdiu
2533 3252 2879 3321 apportabat,
2910 3252 3005 3306 sed
3028 3252 3191 3306 etiam
3224 3252 3368 3320 quod
3396 3251 3534 3307 deli-

1953 3354 2074 3399 cato
2095 3343 2385 3398 admodum
2414 3341 2569 3396 valde
2600 3340 2838 3396 insolens
2864 3350 2983 3396 erat
3011 3341 3246 3411 corpori,
3264 3341 3314 3395 in
3332 3356 3396 3395 eo
3421 3341 3536 3412 ipso

1954 3435 2197 3489 noctibus
2235 3432 2529 3488 cubitabat.

2025 3524 2320 3580 Nocturnis
2376 3522 2566 3578 officiis
2596 3522 2685 3576 vix
2731 3530 2822 3577 aut
2858 3538 3131 3591 nunquam
3172 3522 3379 3586 deerat,
3409 3537 3533 3577 cum

1952 3619 2151 3673 divinis
2192 3617 2525 3687 temporibus
2569 3616 2880 3670 communia
2920 3616 3013 3669 Dei
3050 3616 3249 3686 pepulo
3278 3614 3537 3685 frequen-

1956 3724 2117 3772 taret.
2152 3714 2242 3770 Sic
2265 3713 2536 3783 equidem,
2564 3720 2619 3766 ut
2645 3710 3049 3782 capellanorum
3101 3710 3337 3764 studium
3386 3710 3539 3762 intle-

1955 3806 2139 3860 sinens
2172 3817 2444 3871 nunquam
2478 3816 2616 3871 pene
2640 3801 2780 3869 apud
2821 3799 2994 3870 ipsam
3022 3814 3050 3852 a
3074 3799 3167 3854 Dei
3200 3798 3373 3852 laudis
3389 3797 3533 3851 cele-

1954 3894 2150 3947 britate
2180 3900 2416 3948 vacaret.
2456 3889 2712 3959 Conjugis
2738 3888 2976 3944 defuncti
3026 3888 3229 3943 mentio
3257 3888 3391 3942 adeo
3426 3887 3539 3940 fue-

1956 3991 2039 4034 rat
2084 3977 2199 4046 ejus
2240 3976 2383 4047 jugis
2440 3976 2494 4030 in
2522 3990 2617 4029 ore
2636 3984 2696 4028 ut
2742 3974 2875 4028 nihil
2919 3973 3061 4029 aliud
3112 3974 3295 4028 animo
3320 3973 3539 4027 volvere

1954 4071 2253 4134 videretur,
2300 4069 2427 4123 dum
2475 4068 2616 4120 inter
2655 4065 2944 4130 orandum,
2982 4065 3124 4119 inter
3167 4065 3540 4134 eleemosynas

1954 4159 2313 4230 largiendum,
2345 4155 2669 4210 interetiatn
2710 4154 3006 4224 vulgaritcr
3042 4154 3335 4224 agendum,
3361 4152 3537 4205 homi-

1955 4264 2076 4303 nem
2133 4246 2303 4310 illum,
2360 4245 2503 4313 quod
2556 4245 2675 4298 sine
2721 4251 2903 4298 mente
2946 4257 3050 4296 non
3096 4250 3331 4311 poterat,
3370 4241 3541 4294 conti-

1956 4358 2060 4396 nue
2090 4340 2422 4409 loqueretur.
2482 4335 2647 4404 Cujus
2702 4338 2850 4391 cnim
2902 4350 3089 4390 amore
3112 4350 3208 4389 cor
3251 4334 3537 4396 exuberat,

270 4459 382 4513 risu
405 4455 684 4511 extortitio
712 4453 889 4506 fucata
938 4452 1179 4520 nequitia
1224 4450 1377 4515 abiit,
1419 4451 1602 4505 audita
1650 4450 1847 4505 relatu~

1956 4448 2021 4488 eo
2045 4447 2103 4487 sc
2149 4432 2332 4503 lingua
2374 4430 2439 4484 ad
2488 4427 2815 4498 loquendum
2844 4428 3000 4497 quasi
3030 4426 3158 4482 velit
3180 4426 3331 4492 nolit,
3365 4424 3537 4479 infor-

272 4562 364 4602 rus
396 4546 462 4600 ad
489 4560 633 4599 suos.
684 4542 786 4609 Qui
837 4550 891 4596 et
936 4541 1038 4611 ipsi
1096 4539 1190 4593 tali
1242 4539 1593 4609 responsione
1637 4537 1848 4605 suffusi,

271 4651 395 4690 cum
426 4650 484 4689 se
507 4633 581 4687 nil
607 4632 766 4701 jnstae
789 4631 1099 4686 occasionis
1122 4626 1381 4684 adversus
1429 4626 1546 4697 ejus
1586 4628 1852 4683 omnimo-

270 4728 394 4782 dam
427 4728 769 4781 honestatem
808 4723 1012 4778 habere
1059 4727 1469 4790 cognoscerent,
1505 4717 1553 4773 ei
1601 4718 1851 4773 insistere

270 4818 602 4872 desiverunt.

342 4906 454 4961 Nec
490 4920 638 4960 mora
689 4918 828 4959 unus
869 4902 935 4958 de
979 4900 1079 4957 loci
1111 4910 1163 4957 et
1194 4899 1486 4972 provincia:
1526 4898 1852 4970 primoribus

271 5000 441 5069 patris
471 4998 575 5052 mei
608 5012 794 5066 nepos,
826 4996 910 5048 vir
963 4995 1105 5049 sicut
1134 5003 1342 5063 petens,
1379 4994 1459 5047 sic
1502 4992 1751 5062 cupidus,
1776 4992 1853 5047 fe-

275 5095 477 5148 minam
506 5093 595 5146 tali
625 5106 875 5147 sermone
901 5092 1166 5146 adoritur.
1199 5090 1334 5145 Cum
1372 5091 1487 5156 tibi,
1525 5090 1719 5159 inquit,
1759 5089 1854 5144 do-

272 5186 420 5240 mina
442 5192 691 5254 suppetat
713 5181 970 5251 juventus
998 5189 1054 5236 et
1082 5182 1308 5252 species,
1354 5180 1647 5235 thalamum
1670 5180 1854 5249 jurare

273 5288 325 5334 te
355 5278 624 5338 convenit,
656 5286 717 5332 ut
739 5284 797 5329 et
820 5284 874 5329 tu
899 5276 964 5329 ad
993 5274 1248 5329 saeculum
1270 5273 1568 5342 jucundius
1605 5274 1777 5335 vivas,
1801 5280 1855 5326 et

273 5369 528 5425 avunculi
558 5369 661 5423 mei
686 5368 842 5423 liberi
868 5382 897 5420 a
928 5382 1014 5421 mc
1043 5365 1271 5420 fideliter
1294 5366 1564 5419 nutriendi
1600 5364 1699 5419 sub
1724 5380 1853 5419 cura

274 5477 395 5516 mea
443 5462 663 5532 degant,
713 5461 948 5530 denique
998 5467 1053 5514 et
1102 5459 1474 5528 possessiones
1504 5456 1743 5527 ejusdem
1790 5458 1854 5511 ad

275 5569 420 5618 mea,
449 5561 506 5606 ut
531 5551 953 5623 competit,jura
986 5558 1291 5605 recurrant.
1319 5549 1388 5603 At
1417 5549 1505 5603 illa
1539 5563 1552 5601 :
1588 5547 1727 5613 Scis,
1777 5548 1856 5601 iu-

275 5648 419 5718 quit,
454 5648 781 5702 avunculum
815 5657 964 5701 tuum
1015 5645 1179 5700 claris
1202 5646 1339 5700 bene
1370 5643 1640 5698 natalibus
1662 5658 1855 5713 propa-

274 5746 482 5805 gatum,
515 5739 601 5807 qui
631 5738 754 5807 quia
787 5737 896 5792 Deo
921 5750 1041 5792 cum
1064 5735 1317 5792 offerente
1342 5736 1594 5802 decessit,
1628 5751 1723 5791 sua
1751 5750 1855 5789 non

1952 4531 2085 4578 mat.

2560 4611 2789 4669 CAPUT
2830 4611 2971 4667 XIV.

2026 4726 2134 4781 Sed
2157 4725 2241 4780 his
2270 4724 2509 4790 omissis,
2563 4724 2617 4778 in
2646 4724 2842 4795 quibus
2865 4723 3083 4795 quidem
3111 4724 3276 4786 bona,
3307 4719 3400 4776 sed
3432 4734 3537 4774 non

1954 4819 2088 4874 adeo
2132 4817 2421 4886 spectanda
2470 4817 2754 4888 processit,
2806 4816 3020 4871 residua
3060 4823 3452 4870 consectemur.
3494 4814 3538 4865 Δ

1954 4907 2125 4977 patris
2150 4906 2251 4960 mei
2277 4906 2427 4960 obitu
2471 4921 2593 4960 cum
2624 4905 2796 4960 ferme
2820 4905 3207 4971 duodennium,
3236 4913 3293 4957 ut
3318 4903 3536 4973 quidam

1955 5005 2228 5064 asserunt,
2272 4997 2651 5067 explevissem,
2692 5013 2799 5067 quo
2850 5007 2904 5052 et
2930 4998 3146 5053 domum
3182 5006 3346 5064 atque
3385 5004 3540 5048 natos

1954 5090 2175 5162 prmlato
2197 5088 2379 5144 saeculi
2428 5089 2614 5143 habitu
2652 5090 2752 5143 sub
2774 5089 3038 5143 viduitate
3087 5086 3384 5150 curaverit,
3414 5098 3532 5153 quae

1955 5183 2160 5237 diutina
2186 5179 2520 5235 revolutione
2550 5180 2825 5249 parturiit,
2857 5177 3068 5232 felicem
3098 5176 3399 5244 perducere
3418 5187 3539 5243 pro-

1955 5274 2179 5341 perabat
2208 5270 2276 5325 ad
2326 5279 2563 5340 partum.
2614 5270 2750 5323 Dum
2800 5254 2931 5339 ergo
2980 5270 3032 5322 in
3066 5265 3224 5334 hujus
3280 5262 3538 5336 propositi

1956 5363 2341 5418 deliberatione
2370 5362 2648 5431 penderet,
2678 5370 2733 5414 et
2758 5375 2882 5415 cum
2936 5360 3052 5415 solo
3076 5357 3363 5429 paedagogo
3396 5370 3536 5420 meo,

1956 5460 2129 5529 quiet
2176 5459 2437 5529 magister
2480 5455 2660 5509 fuerat
2685 5455 2773 5519 (de
2811 5467 2917 5524 quo
2948 5452 3198 5522 superius
3239 5449 3345 5521 egi)
3376 5463 3539 5517 super

1957 5553 2059 5605 hoc
2084 5552 2200 5620 ipso
2225 5558 2510 5612 tractaret,
2558 5546 2737 5601 audivi
2763 5543 3533 5616 quemdamienergumenum,

1957 5642 2047 5710 qui
2076 5645 2126 5694 in
2160 5641 2276 5710 ejus
2305 5640 2553 5694 alebatur
2606 5638 2789 5704 domo,
2836 5651 2959 5693 cum
2985 5636 3051 5691 de
3082 5648 3145 5689 ea
3200 5631 3385 5688 nescio
3415 5646 3535 5701 qua:

1960 5734 2061 5790 alia
2094 5734 2404 5799 delatrarct,
2436 5741 2662 5805 urgente
2706 5746 2763 5787 se
2794 5732 3057 5793 daemone,
3092 5725 3489 5783 declamantem
3522 5741 3532 5752 ·
