3982 6346
552 292 659 352 833

1322 300 1378 352 ν.
1419 298 1459 353 G
1473 297 1740 353 L'lBEliTl
1780 298 2071 354 ABBATIS

2239 298 2481 355 ΜΛΒΙᾸΞ
2520 300 2606 354 DE
2658 299 3042 358 NOVIGENTO
3675 317 3743 373 εει

563 429 580 460 ι
617 410 870 472 Crucem,
903 411 1096 478 iuqu.t,
1135 422 1427 481 posuerunt
1472 413 1776 482 presbyteri
1830 418 1885 467 in
1918 414 2136 469 renibus
2166 415 2212 475 Α
2246 416 2565 477 necessitas,
2592 431 2776 469 earum
2806 426 2985 470 tamen
3017 414 3497 485 providentiarum,
3526 428 3747 494 (ιησεῑηίυς

556 498 693 565 ejus.
716 519 735 549 ι
762 498 881 566 Quo
916 500 1179 570 siquidem
1210 500 1346 555 nihil
1394 501 1596 566 verius,
1632 501 1759 557 licet
1786 512 1909 557 tunc
1939 518 2139 571 nequa-

557 604 721 659 quam
744 576 896 660 'quid
947 592 1195 647 innueret
1239 592 1511 647 sciverim.
1567 592 1699 647 Nam
1745 610 1851 647 non
1879 594 1991 654 uni,
2042 593 2134 647 sed

558 683 738 737 nniltis
769 684 942 752 seipsa
969 685 1162 739 deinde
1194 685 1479 756 supposuit
1504 686 1781 740 crucibus.
1828 686 1938 741 Nec
1984 700 2132 739 mora

558 791 678 828 cum
712 778 913 831 nemini
947 794 1033 833 res
1073 788 1303 848 pateret,
1343 790 1540 849 praeter
1570 781 1643 835 illi
1666 797 1838 850 .qnem
1887 781 2136 851 praeliba-

552 868 740 929 verim,
767 870 981 924 cuidam
1012 872 1203 927 domus
1256 888 1369 927 suae
1422 873 1783 943 dispensatori
1815 874 1904 943 qui
1936 883 1991 927 et
2022 873 2133 942 ipse

549 974 864 1014 conversam
895 976 1014 1016 eam
1064 963 1171 1017 cita
1227 973 1311 1017 est
1358 964 1698 1033 postmodum
1751 963 1931 1017 seaculi
1977 963 2133 1016 abre-

549 1053 886 1109 nuntiatione
915 1065 1157 1120 secutus,
1195 1056 1300 1110 tale
1331 1057 1458 1125 quid
1514 1057 1567 1110 in
1597 1058 1801 1112 somnis
1853 1058 2125 1126 apparuit,

545 1144 689 1210 quod
718 1144 966 1199 videlicet
1014 1145 1175 1216 47],
1209 1147 1385 1200 virum
1431 1146 1672 1210 duceret,
1724 1148 1939 1217 nuptias
1989 1146 2129 1200 cele-

542 1232 909 1303 braret;qu:e
948 1251 1036 1290 res
1067 1236 1255 1291 liberis
1283 1236 1421 1305 ejus,
1462 1237 1654 1292 amicis
1696 1252 1760 1291 ac
1808 1238 2126 1305 parentibus

545 1327 870 1381 miraculum
901 1337 955 1383 et
1008 1338 1282 1399 stuporem
1322 1330 1615 1384 maximum
1658 1340 1960 1399 generaret.
1996 1329 2128 1384 Pos-

545 1418 710 1473 tridie
738 1430 913 1473 mater
941 1434 1061 1474 cum
1089 1420 1487 1475 deambulatum
1506 1422 1706 1476 comite
1730 1421 1953 1476 doctore
1981 1436 2120 1484 meo,

543 1518 600 1564 et
627 1512 814 1566 eodem
844 1527 1125 1567 (economo
1156 1530 1247 1567 rus
1275 1514 1399 1578 i'ret,
1429 1514 1607 1568 intulit
1631 1514 1719 1570 ille
1742 1531 1864 1585 qua:
1891 1515 2119 1573 viderat.

543 1601 653 1658 Nec
678 1612 849 1658 mater
876 1605 928 1658 in
963 1605 1157 1660 talibus
1187 1606 1561 1661 versutissima
1614 1607 1914 1677 interprete
1952 1608 2121 1677 eguit,

541 1695 634 1750 sed
662 1696 728 1749 ad
761 1696 1077 1767 magistrum
1134 1697 1281 1751 illum
1332 1698 1655 1768 respiciens,
1702 1699 1846 1767 quod
1891 1714 1953 1753 ea
1999 1714 2119 1768 quae

2243 506 2342 558 :evi
2388 507 2723 573 impotentia:
2768 506 3115 571 conveniunt,
3170 521 3296 575 qua:
3335 510 3449 563 sine
3480 511 3747 575 femiuisal-

2242 594 2543 649 ministrari
2585 612 2691 650 non
2724 604 2971 665 possunt,
3015 610 3100 649 me
3128 596 3333 665 saepius
3360 599 3572 656 vexabat
3594 606 3743 677 inopia.

2236 686 2369 740 Cum
2412 702 2540 757 ergo
2572 703 2658 743 me
2684 689 2849 742 sciret
2882 688 2966 742 his
3005 687 3287 742 addictum
3331 688 3563 754 incuriis,
3606 699 3747 756 timore

2235 786 2289 832 et
2318 794 2504 832 amore
2538 788 2652 845 tuo,
2690 779 2850 843 Deus,
2891 792 2986 831 sua
3024 778 3338 832 obdurante
3370 785 3653 851 praecordia,
3678 790 3749 845 sub

2234 870 2431 939 Oppido
2470 870 2581 935 illo,
2624 871 2675 924 in
2728 885 2835 939 quo
2883 869 3176 939 degebam,
3232 869 3360 922 dum
3397 871 3459 924 ad
3495 877 3746 941 prtrdictum

2235 962 2624 1018 monasterium
2667 962 3025 1031 demigraret,
3072 960 3370 1014 transitum
3401 961 3604 1031 habens,
3631 972 3749 1027 tantis

2232 1051 2413 1105 cordis
2455 1053 2798 1106 lacerabatur
2835 1052 3060 1107 aestibus
3098 1063 3161 1108 ut
3201 1058 3481 1112 castellum
3516 1059 3663 1126 ipsum
3692 1064 3749 1116 rei

2235 1145 2506 1214 respicere
2559 1158 2659 1213 pro
2716 1152 2989 1198 tormento
3060 1144 3403 1202 intolerabili
3470 1149 3562 1202 sibi
3613 1160 3748 1215 esset,

2232 1236 2587 1290 acerbissima
2638 1235 2782 1289 enim
2835 1237 3120 1298 mmstitia,
3165 1238 3297 1292 dum
3340 1240 3531 1310 c0gitat
3551 1242 3656 1308 quid
3679 1243 3752 1297 ibi-

2230 1327 2351 1381 dem
2413 1326 2730 1395 reliquerit,
2791 1326 3171 1381 mordebatur.
3239 1327 3505 1382 Nimirum
3552 1330 3748 1398 plauesi

2228 1424 2394 1479 veluti
2424 1422 2493 1475 ab
2519 1418 2635 1488 ejus
2675 1434 2907 1489 corpore
2947 1420 3196 1474 membra
3250 1421 3469 1490 propria
3502 1422 3751 1476 viderentur

2227 1513 2509 1583 abrumpi,
2568 1527 2690 1566 cum
2740 1512 3120 1583 impiissimam
3168 1521 3227 1567 et
3271 1513 3540 1567 crudelem
3579 1529 3630 1568 se
3663 1529 3751 1584 pro-

2228 1604 2375 1659 fecto
2419 1610 2794 1673 cognosceret,
2846 1602 2958 1656 imo
3008 1603 3228 1657 audiret
3283 1603 3487 1667 vocari,
3531 1620 3634 1673 qua:
3667 1614 3751 1659 tan-

2227 1703 2336 1749 tam
2377 1692 2635 1755 sobolcm,
2681 1700 2851 1758 tanto,
2903 1701 2963 1747 ut
2994 1692 3305 1757 ferebatur,
3359 1693 3543 1748 aﬂeetu
3586 1695 3751 1763 dignam

540 1784 682 1840 inter
715 1799 809 1840 eos
847 1787 913 1841 de
942 1787 1057 1854 Dei,
1116 1789 1199 1842 cui
1251 1790 1503 1860 conjungi
1536 1790 1895 1854 desiderabat,
1942 1807 2127 1846 amore
2164 1770 2206 1824 Β
2234 1786 2482 1855 (mullum
2524 1782 2667 1837 θιιίῐη
2719 1798 2825 1838 ηοη
2876 1783 3041 1837 ῐηοάο
3076 1798 3105 1837 3
3139 1784 3498 1847 ηοεινεῑίὺηεν
3522 1785 3605 1839 θεά
3632 1786 3748 1839 “iam

541 1875 932 1941 tractabantur,
985 1877 1097 1931 visa
1130 1877 1215 1931 illa
1262 1880 1667 1949 portenderent,
1715 1879 1939 1934 silenter
1972 1881 2124 1934 inno-

540 1965 664 2019 tuit.
699 1967 1023 2023 Acceierans
1072 1983 1201 2038 ergo
1228 1970 1370 2039 quod
1402 1979 1661 2039 creperat,
1711 1978 1765 2023 et
1814 1971 2009 2025 interni
2041 1972 2123 2027 sui

538 2063 704 2110 cestus
746 2057 1052 2125 impatiens,
1082 2060 1285 2128 Oppidi,
1321 2059 1372 2113 in
1400 2075 1506 2130 quo
1528 2063 1862 2127 morabatur,
1894 2078 2124 2117 convcr-

538 2146 803 2201 sationem
827 2148 1086 2204 deseruit.

617 2236 788 2291 Guido
815 2239 1073 2295 Beilorac.
1098 2243 1323 2311 episcop.
1351 2244 1538 2311 fundat
1564 2244 1834 2298 ecclesiam
1868 2245 1924 2300 S.
1954 2247 2122 2313 Quin-

536 2332 654 2384 tini.
682 2332 972 2387 Simoniaci
1014 2335 1247 2389 criminis
1290 2346 1589 2402 accusatur,
1633 2338 2033 2409 deponiturqne,
2074 2349 2121 2393 et

540 2422 783 2477 liluniaci
819 2426 877 2493 ﬁt
920 2428 1229 2480 monac/ius.
1265 2425 1501 2480 Cuiberti
1539 2428 1715 2481 natale
1750 2430 2019 2498 Oppidum.
2054 2460 2122 2468 —

534 2509 656 2588 Quo
688 2512 1042 2581 digressionis
1086 2523 1327 2583 tempore
1362 2516 1507 2584 apud.
1541 2517 1901 2584 episcopalem
1931 2535 2121 2588 quam-

537 2586 659 2659 dam
693 2613 897 2657 morata
927 2614 1004 2659 est
1040 2606 1247 2673 villam,
1279 2623 1306 2660 a
1334 2608 1554 2661 domino
1592 2608 1956 2664 Bellovacensi
1989 2628 2119 2679 pon-

538 2694 684 2748 tilicc
713 2694 961 2750 Gnidonc
1002 2697 1113 2751 illic
1143 2697 1524 2752 connnauendi
1562 2698 1847 2765 impetrata
1879 2699 2115 2753 licentia.

536 2783 629 2854 (³ο)
661 2784 753 2839 llis
777 2785 949 2839 Guido
975 2787 1055 2841 vir
1083 2789 1229 2841 omni
1249 2788 1551 2842 curialitate
1581 2791 1931 2858 compositus,
1960 2792 2115 2846 nobi-

536 2876 662 2929 liter
684 2877 963 2942 oriundus,
1019 2878 1189 2933 forma
1244 2881 1501 2934 exteriori
1556 2881 1711 2935 valde
1753 2880 1923 2937 oﬂicio
1976 2884 2117 2951 quod

536 2968 758 3037 gerebat
804 2969 1047 3024 idoneus.
1102 2971 1201 3037 Qui
1241 2980 1364 3041 post
1417 2972 1750 3026 clarissimas
1779 2987 1911 3041 quas
1932 2972 2117 3027 Eccle-

536 3057 630 3111 εἰει·
682 3056 990 3113 Belvacensi
1042 3061 1375 3129 przestiterat
1424 3062 1727 3129 utilitates,
1786 3062 1929 3116 inter
1981 3079 2115 3132 quas

537 3150 711 3203 sancti
762 3148 1004 3216 Quintini
1046 3166 1073 3204 a
1106 3153 1282 3222 primo
1326 3154 1501 3223 lapide
1537 3156 1926 3210 canonicormn
1966 3171 2119 3224 regu-

534 3238 729 3292 larium
760 3238 1045 3293 ecclesiam
1072 3241 1407 3309 fundaverat,
1444 3252 1731 3297 accusatus
1764 3244 1830 3297 ah
1866 3245 1950 3297 his
1982 3260 2117 3313 quos

534 3333 884 3402 educaverat,
913 3348 1077 3408 atque
1106 3346 1473 3407 promoverat,
1507 3335 1642 3389 clam
1673 3338 1811 3403 apud
1838 3336 2117 3406 llugonem

536 3423 953 3496 Lugdunensem
1002 3431 1470 3499 archiepiscopum
1516 3428 1826 3498 apostolicae
1873 3431 2017 3483 sedis
2045 3430 2119 3485 leo

536 3524 741 3585 gatum,
775 3520 1034 3579 Simonice
1069 3532 1124 3578 et
1156 3522 1385 3575 aliorum
1434 3520 1749 3585 criminum,
1792 3522 1917 3589 quia
1960 3538 2119 3577 voca-

537 3614 625 3663 tus
681 3626 787 3665 non
843 3627 1091 3681 venerat,
1136 3614 1473 3682 adjudicatus
1520 3613 1716 3667 absens
1760 3612 2115 3684 depositioni,

534 3715 659 3755 cum
690 3713 832 3758 esset
860 3705 1139 3772 Cluniaco,
1186 3710 1400 3767 inﬂicta:
1430 3714 1531 3769 sibi
1563 3717 1842 3771 sententia:
1876 3715 2115 3778 timidus,

508 3792 602 3845 -ad
637 3797 975 3851 monachiatn
1002 3799 1197 3855 ibidem
1222 3818 1339 3858 sese
1362 3806 1690 3861 cuntradidit
1734 3807 1782 3861 ls
1809 3815 1862 3860 et
1887 3815 2115 3860 matrem

535 3892 591 3936 et
640 3894 895 3952 parentes
947 3904 1096 3945 meos
1150 3907 1275 3946 cum
1322 3895 1597 3950 videretur
1636 3897 1905 3966 amplecti,
1942 3906 2117 3952 etme

536 3974 880 4042 potissimum
934 3981 1278 4039 cbaritudine
1329 3987 1559 4055 plurima
1604 3988 1914 4057 allectaret,
1974 4009 2115 4062 prm-

540 4067 731 4120 sertim
764 4070 847 4123 cui
878 4074 1057 4126 omnia
1086 4075 1523 4133 benedictionum
1550 4091 1890 4135 sacramenta
1920 4093 2118 4153 praeter

535 4160 897 4215 sacerdotium
945 4166 1283 4234 contulisset,
1326 4184 1355 4223 a
1392 4172 1717 4227 necessariis
1758 4176 1950 4230 matris
1983 4192 2115 4231 meae

537 4257 774 4317 rogatus,
823 4261 881 4305 ut
931 4253 981 4307 in
1030 4258 1285 4326 pr0priis,
1341 4276 1462 4330 quze
1508 4261 1659 4329 juxta
1700 4262 1801 4319 loci
1830 4265 2113 4320 ecclesiam

496 4338 503 4345 ’
534 4342 841 4399 constituta:
868 4355 1045 4415 erant,
1081 4350 1285 4404 IDtllbllS
1322 4350 1520 4422 degere
1551 4355 1941 4428 aliquantisper
1970 4354 2131 4413 sine-7

2229 1878 2298 1931 ab
2328 1877 2533 1932 exteris
2560 1874 2868 1945 excolebar)
2906 1877 2978 1929 ita
3012 1876 3079 1930 ab
3108 1876 3301 1929 animo
3322 1876 3639 1939 exclusisset,
3664 1879 3751 1930 sub.

2227 1970 2460 2038 sidiique
2492 1970 2705 2038 inopem
2745 1967 3061 2022 dimisisset.
3102 1967 3172 2021 Et
3211 1976 3294 2030 tu,
3321 1968 3461 2022 Deus
3485 1967 3623 2032 bone,
3649 1967 3749 2021 Deus

2226 2062 2331 2130 pie,
2363 2069 2453 2114 tua
2483 2060 2790 2123 dulcedine,
2828 2067 2915 2112 tua
2953 2058 3227 2113 charitate
3246 2056 3404 2126 jecur
3429 2058 3550 2112 illud
3574 2066 3691 2112 certe
3712 2058 3749 2110 in

2225 2154 2422 2208 szeculo
2461 2154 2785 2223 piissimum,
2834 2167 2902 2207 ne
2928 2161 3074 2207 esset
3110 2161 3307 2207 contra
3337 2168 3397 2206 se
3429 2152 3582 2222 pium,
3625 2152 3744 2206 mira-

2223 2248 2404 2302 biliter
2452 2246 2800 2301 indurueras.
2848 2245 3050 2300 Contra
3095 2259 3155 2299 se
3187 2260 3389 2314 nempe
3439 2244 3735 2303 mollesceret,

2224 2340 2266 2393 si
2324 2352 2423 2392 nos
2470 2353 2580 2392 sum
2633 2336 2795 2391 saluti
2840 2334 3174 2406 praeferens,
3231 2336 3328 2390 Dei
3385 2334 3637 2405 negligens
3677 2348 3744 2402 pro

2222 2430 2378 2485 nobis
2427 2428 2697 2482 numdana
2744 2437 2982 2481 curaret.
3042 2425 3150 2480 Sed
3206 2425 3372 2480 fortis
3427 2424 3522 2477 fuit
3563 2434 3610 2477 ut
3644 2438 3745 2476 mors

2222 2519 2439 2572 dilectio
2489 2516 2669 2586 (Cant.
2704 2531 2822 2581 vm,
2851 2515 2927 2585 6),
2985 2515 3111 2583 quia
3153 2530 3267 2584 quo
3304 2524 3355 2569 te
3385 2513 3563 2569 dilexit
3590 2511 3745 2566 arctius

2223 2617 2373 2662 tanto
2396 2621 2459 2659 ea
2488 2620 2607 2675 quae
2634 2605 2785 2676 prius
2808 2614 3106 2671 amaverat,
3130 2605 3252 2660 visa
3283 2613 3369 2660 est
3396 2620 3423 2657 a
3447 2618 3500 2658 se
3524 2601 3747 2669 abrupisse

2224 2698 2492 2753 securius.

2292 2788 2373 2842 Ad
2414 2788 2725 2843 emnobium
2776 2803 2907 2859 ergo
2960 2788 3091 2843 illud
3147 2788 3381 2843 veniens
3430 2798 3745 2853 anumquam-

2221 2879 2345 2933 dam
2400 2880 2453 2933 in
2502 2878 2905 2933 sanctimoniali
2958 2879 3145 2933 habitu
3196 2880 3422 2947 reperit,
3472 2890 3613 2946 quam
3656 2873 3743 2942 qui:

2220 2972 2506 3041 plurimam
2536 2972 2813 3042 religionis
2837 2972 3074 3040 speciem
3114 2986 3233 3042 prae
3267 2986 3327 3026 se
3362 2970 3575 3031 ferebat,
3602 2966 3654 3021 ad
3672 2964 3742 3019 sibi

2222 3066 2643 3119 cohabitandum
2696 3064 3010 3133 discipulari
3038 3064 3293 3133 quadam
3326 3060 3554 3117 exhibita
3583 3059 3623 3113 ei
3650 3058 3741 3113 sub-

2217 3156 2455 3225 jectione
2483 3157 2683 3227 coegit.
2716 3154 2931 3225 Coegit,
2963 3155 3211 3223 inquam,
3246 3169 3370 3208 enm
3414 3152 3519 3221 ipsa
3559 3148 3743 3202 ambien-

2225 3248 2451 3313 tissime,
2497 3247 2737 3318 expertis
2768 3246 2883 3313 ejus
2913 3245 3180 3309 moribus,
3218 3242 3527 3299 sodalitium
3557 3238 3644 3292 tale
3666 3234 3744 3289 col-

2228 3341 2437 3411 legerit.
2490 3339 2669 3409 C(Bpit
2723 3340 2909 3407 itaque
2953 3337 3288 3407 pedetentim
3318 3331 3617 3402 antiquioris
3639 3327 3743 3425 illius

2223 3428 2441 3484 feminae
2475 3429 2714 3498 rigorem
2749 3428 2971 3492 imitari,
3002 3427 3180 3481 victus
3214 3424 3589 3494 pareimoniam
3613 3424 3739 3485 sequi.

2224 3522 2574 3593 pauperrima
2600 3521 2823 3575 obsonia
2855 3519 3126 3589 amplecti,
3162 3512 3607 3573 consuetudinarii
3635 3518 3738 3563 stra-

2224 3625 2312 3670 tus
2344 3615 2526 3668 mollia
2558 3613 2732 3668 fulcra
2780 3611 3030 3681 rejicere,
3063 3611 3290 3666 linteolo
3317 3619 3372 3665 et
3403 3605 3638 3664 stramine
3659 3599 3739 3653 fru-

2225 3708 2494 3759 mentario
2542 3713 2796 3759 contenta
2830 3702 3089 3775 dormire.
3142 3702 3209 3757 Et
3243 3718 3366 3757 cum
3421 3697 3572 3753 multa
3608 3692 3737 3747 adhuc

2223 3796 2422 3849 niteret
2479 3795 2660 3863 specie
2716 3794 3036 3862 nullumque
3096 3792 3461 3861 prieteuderet
3513 3780 3737 3839 vetustatis

2224 3885 2506 3947 indicium,
2558 3885 2623 3938 ad
2662 3885 2766 3937 hoc
2796 3883 2911 3953 ipsa
2944 3885 3275 3937 contendere
3306 3891 3363 3936 ut
3398 3880 3533 3950 rugis
3559 3873 3734 3928 anilibus

2221 3974 2287 4027 ad
2334 3988 2568 4028 cernuos
2615 3972 2903 4027 deﬂuxisse
2952 3981 3240 4041 putaretur
3273 3954 3736 4027 ξιιηιοε.ὐρῦιιεήιὶ³

2222 4080 2351 4135 ergo
2385 4064 2641 4128 crinium,
2685 4078 2806 4132 quae
2846 4062 3094 4117 femineis
3132 4064 3471 4133 petissimum
3501 4058 3646 4113 solent
3670 4064 3734 4103 0r-

2223 4157 2444 4210 natibus
2482 4156 2770 4219 inservire,
2805 4155 3001 4209 crebro
3026 4154 3234 4225 forcipe
3263 4154 3606 4210 succidantur,
3632 4138 3733 4213 pulla

2220 4250 2392 4303 vestis
2435 4257 2491 4302 et
2535 4247 2893 4316 amplitudine
2942 4247 3159 4301 insolita
3208 4247 3511 4317 displicens,
3550 4242 3733 4294 innume-

2221 4342 2297 4395 ris
2333 4339 2783 4395 resareitionibus
2813 4348 3149 4410 segmentata
3183 4340 3446 4410 prodebat
3472 4348 3578 4390 cum
3609 4322 3731 4383 mliti

535 4438 652 4494 ret,
698 4441 982 4499 gratanter
1024 4436 1265 4492 admisit.
1316 4438 1553 4495 Vocatur
1593 4436 1783 4498 autem
1829 4424 1951 4499 villa
1997 4448 2108 4517 ipsa

2225 4432 2424 4487 coloris
2472 4431 2693 4501 palliolo
2738 4430 2849 4502 (⁸³),
2878 4440 2932 4486 et
2966 4431 3202 4486 sutulari
3234 4428 3531 4502 partusuris
3560 4424 3732 4517 incorri-

534 4518 918 4577 Castanentum
952 4526 1019 4580 ab
1049 4528 1244 4596 oppido
1285 4541 1476 4586 nostro
1521 4533 1788 4589 milliariis
1819 4534 1984 4590 ferme
2012 4534 2114 4592 're-

537 4620 685 4663 mota
715 4614 942 4671 duobus.

606 4700 843 4757 Guibcrti
883 4707 1257 4764 (.‘astnnrnlum
1304 4726 1470 4768 muter
1512 4721 1743 4781 secessit,
1772 4729 1817 4772 et
1853 4718 1912 4774 S.
1960 4716 2116 4773 Cere-

536 4796 671 4849 mari
717 4813 875 4866 prope
916 4800 1184 4855 ecclesiam
1234 4810 1484 4860 construit
1536 4811 1832 4864 a'dirulum.
1874 4843 1944 4851 —
1984 4811 2116 4865 Inibi

536 4887 1015 4955 igitureonsistens
1031 4891 1095 4945 ad
1115 4894 1201 4964 (⁵³)
1219 4895 1565 4952 Flaviacense
1589 4905 1974 4956 monasterium
1997 4920 2115 4959 sese

536 4978 937 5037 deliberaverat
989 5000 1391 5041 concessuram.
1438 4989 1527 5059 (δ’)
1577 4991 1881 5048 Exstructis
1936 4995 2119 5065 itaque

535 5075 666 5131 inibi
718 5080 959 5135 aadiculis
1006 5096 1171 5153 prOpe
1214 5084 1524 5149 ecclesiam,
1573 5088 1847 5142 mediante
1889 5087 2118 5156 praefato

535 5169 799 5239 magistro
851 5188 993 5240 meo,
1055 5175 1270 5230 tandem
1320 5192 1349 5229 a
1391 5176 1507 5231 loco
1551 5179 1602 5231 in
1651 5195 1758 5248 quo
1803 5182 2117 5234 morabatur

537 5264 778 5329 emersit,
823 5274 878 5320 ct
918 5282 1040 5321 cum
1091 5268 1257 5322 sciret
1298 5284 1383 5323 me
1414 5278 1654 5339 prorsus
1693 5270 2019 5340 orphanum,
2065 5280 2121 5326 et

536 5351 738 5406 nullam
785 5359 1004 5414 omnino
1052 5360 1253 5415 habere
1294 5360 1395 5416 sub
1426 5377 1530 5431 qua
1566 5363 1771 5417 nitet-er
1814 5377 1989 5431 opem,
2028 5378 2121 5431 pa-

538 5452 754 5497 rentum
792 5447 1058 5515 siquidem
1102 5460 1157 5505 et
1206 5451 1443 5505 aﬂinium
1479 5453 1755 5522 multiplex
1785 5464 1903 5507 erat
1929 5454 2116 5523 copia;

540 5539 598 5585 at
622 5547 749 5587 vero
795 5536 975 5592 nullus
1004 5541 1093 5607 qui
1144 5543 1373 5611 puerulo
1417 5543 1470 5597 in
1509 5544 1760 5599 onmibus
1798 5546 2119 5612 tenerrimo,

540 5638 639 5696 pro
665 5623 978 5697 indigentiis
1023 5634 1254 5689 aetatula:
1296 5635 1527 5692 sollicite
1568 5653 1753 5691 curam
1797 5637 2002 5704 ferret;
2045 5639 2123 5692 vi-

544 5717 805 5774 ctualium
852 5720 994 5777 enim
1043 5740 1103 5779 ac
1149 5724 1587 5784 imlumentornm
1634 5732 1734 5786 etsi
1788 5740 1931 5787 esset
1974 5731 2118 5785 nulla

2222 4525 2475 4595 gibilibus
2535 4524 2833 4589 terebrato,
2873 4525 3130 4594 quoniam
3180 4524 3409 4578 interius
3435 4505 3730 4575 eratcuisub

2223 4625 2330 4669 tam
2361 4614 2597 4685 inglorio
2629 4624 2888 4685 apparatu
2922 4614 3136 4683 placere
3163 4616 3436 4684 gestiebat.

2293 4707 2579 4763 Confessio
2631 4708 2795 4776 igitur
2840 4717 3082 4761 veterum
3127 4718 3485 4777 peccatorum,
3529 4690 3726 4766 quoniam

2223 4801 2392 4869 ipsam
2440 4801 2708 4855 didicerat
2758 4801 2970 4855 initium
3024 4803 3318 4864 honorum,
3376 4791 3594 4866 quotidie
3630 4792 3726 4853 pelle

2220 4909 2358 4947 nova
2387 4910 2507 4947 cum
2548 4893 2724 4958 ﬁeret,
2757 4908 2971 4963 semper
3003 4895 3217 4948 animus
3247 4891 3474 4961 ejusdem
3502 4876 3724 4969 exactione

2220 4986 2623 5057 praeteritorum
2674 5000 2895 5039 suorum
2967 4998 3184 5038 actuum
3248 4981 3583 5039 versahazur,
3633 4960 3724 5031 ίΙ¹¹¹¹Ι

2221 5080 2376 5149 virgo
2413 5077 2635 5131 ineunte
2665 5080 2764 5131 sub
2799 5092 2935 5142 navo,
2972 5079 3099 5146 quid
3125 5079 3305 5141 virita,
3340 5073 3459 5145 quid
3486 5065 3620 5120 vidua
3638 5064 3722 5151 sltl‘

2223 5174 2312 5226 dio
2361 5172 2471 5241 jam
2503 5169 2846 5240 possibiliore
2878 5173 3167 5241 peregerit,
3213 5163 3530 5240 cogitaverit,
3558 5151 3721 5241 dixerit.

2225 5278 2441 5332 semper
2469 5260 2695 5314 rationis
2724 5262 3037 5315 examinare
3069 5264 3339 5323 thronum,
3368 5267 3417 5311 et
3445 5252 3504 5307 ad
3531 5237 3719 5302 sacerdo-

2224 5356 2310 5420 tis,
2355 5358 2464 5409 imo
2501 5355 2569 5407 ad
2613 5353 2704 5408 Dei
2756 5370 2852 5423 per
2888 5356 3062 5426 ipsum
3103 5356 3452 5425 cognitionem
3480 5335 3721 5398 examinata

2225 5451 2517 5505 deducere.
2555 5453 2685 5507 Inde
2737 5466 2858 5504 cum
2910 5450 3075 5504 tantis
3104 5449 3314 5503 videres
3353 5442 3573 5497 feminam
3605 5428 3715 5479 ora"

2232 5544 2584 5611 stridoribus,
2634 5553 2782 5599 tanta
2835 5543 3063 5614 spiritus
3107 5542 3375 5596 anxietate
3402 5532 3651 5614 tabescere.
3679 5515 3715 5562 υ¹

2228 5636 2369 5689 inter
2398 5636 2731 5705 operandam
2768 5652 2889 5691 cum
2919 5633 3215 5689 dirissimis
3245 5634 3329 5686 vix
3355 5626 3452 5683 ullo
3477 5613 3607 5674 modo
3633 5614 3700 5658 σεε

2229 5739 2417 5785 sarcnt
2446 5729 2608 5801 472
2634 5728 3004 5798 deprecatoria
3032 5727 3191 5781 verba
3220 5719 3529 5793 singultibus.
3554 5704 3709 5769 Sept?“
