3982 6346
269 351 375 407 855

1301 341 1390 398 DE
1433 339 1589 397 VITA
1625 336 1757 395 SUA
1803 337 1980 393 LIBRI
2020 337 2219 395 TRES.
2261 369 2327 378 —
2368 337 2496 392 LIB.
2527 337 2566 391 Ι.

3425 341 3534 399 866

271 459 675 536 pmnitentiales
705 456 942 530 psalmos
969 455 1068 512 sub
1092 451 1316 524 praefata
1347 467 1452 506 anu
1479 465 1585 504 non
1619 447 1850 503 videndo
1877 454 1926 513 Α
1955 448 2137 503 studio
2192 447 2446 517 deinceps
2497 445 2812 516 benigniore
2870 446 3143 502 tractavit.
3205 445 3399 504 Testor
3456 460 3529 518 te,

269 555 367 612 sed
417 551 686 609 audiendo
735 550 1014 610 didicerat,
1073 560 1210 616 quas
1259 553 1440 599 tamen
1483 553 1763 610 saporose,
1793 552 1852 594 ut

272 648 352 704 sic
401 644 655 708 dixerim,
707 642 895 697 diebus
923 653 987 695 ac
1013 637 1264 694 noctibus
1293 631 1601 688 ruminabat
1629 637 1689 684 ut
1718 645 1852 683 nun-

272 753 440 810 quam
465 734 736 805 suspiriis,
767 746 1042 803 nunquam
1069 728 1358 800 gemitibus
1391 727 1444 780 in
1474 722 1694 778 auribus
1726 722 1851 782 tuis,

276 832 442 894 Deus,
473 825 797 882 suavissime
825 837 1089 878 resonans
1114 818 1386 875 cantilena
1413 816 1502 870 illa
1534 821 1766 870 careret.
1795 810 1852 865 Si

275 918 493 989 quando
524 930 652 970 vero
683 922 995 969 exterarum
1029 909 1308 965 hominum
1343 901 1706 961 conventiculi
1738 900 1855 968 ejus

276 1006 582 1066 solitudinis
630 1020 791 1075 quam
844 999 1274 1071 amplectebatur
1333 994 1622 1051 admodum
1671 992 1855 1044 turba—

278 1107 495 1161 rentur;
530 1111 651 1150 cum
684 1095 796 1164 ipsa
825 1093 970 1148 enim
1000 1105 1209 1152 omnes,
1255 1087 1344 1154 qui
1381 1085 1548 1156 ipsius
1582 1083 1852 1137 notionem

275 1190 588 1260 attigerant,
629 1186 728 1240 viri
772 1184 1071 1255 praesertim
1111 1197 1176 1237 ac
1206 1179 1421 1234 feminae
1451 1176 1684 1238 nobiles,
1718 1188 1855 1244 quo-

277 1281 424 1334 niam
477 1278 614 1333 mire
665 1285 781 1332 erat
836 1277 1010 1331 faceta
1061 1282 1115 1328 et
1165 1284 1504 1341 temperans,
1546 1277 1854 1338 gratussrmc

277 1372 675 1442 loquebantur,
732 1368 861 1438 ipsis
909 1364 1346 1426 discedentibus,
1401 1361 1446 1415 si
1501 1359 1630 1428 quid
1675 1357 1855 1410 minus

281 1478 492 1526 verum,
520 1461 566 1516 si
593 1461 721 1531 quid
755 1458 926 1524 futile,
965 1457 1009 1512 si
1045 1456 1174 1526 quid
1213 1456 1448 1510 otiosum
1481 1468 1539 1507 se
1569 1449 1857 1520 colloquiis

277 1554 668 1618 immersisset,
721 1550 850 1606 illud
906 1551 959 1604 in
1012 1549 1154 1603 illius
1211 1548 1394 1601 animo
1447 1546 1553 1598 dici
1607 1559 1712 1598 non
1761 1556 1856 1611 po-

279 1652 385 1697 test
423 1658 557 1712 quas
596 1641 933 1711 parturiebat
975 1638 1284 1709 angustias,
1322 1637 1493 1690 donec
1542 1634 1728 1689 solitas
1765 1639 1857 1685 aut

277 1734 712 1806 compunctionis
745 1749 838 1788 seu
869 1729 1226 1788 confessionis
1258 1728 1552 1798 attingeret
1587 1726 1779 1780 undas.

1951 539 2170 606 horum,
2192 539 2280 608 pie
2322 539 2614 609 dispositor
2640 538 2814 606 Dens,_
2835 538 2982 609 quia,
3009 555 3076 593 ex
3103 553 3210 609 quo
3245 538 3530 596 Basilicam

1953 629 2270 686 monasterii
2309 630 2480 700 ipsius
2529 630 2748 694 intravi,
2781 639 2836 684 et
2867 630 3161 685 monachos
3189 632 3535 690 considentes

1953 720 2157 790 pariter
2183 720 2289 774 vidi
2319 729 2372 774 et
2402 735 2470 774 ex
2500 735 2686 775 eorum
2712 721 2958 775 contuitu
2991 729 3199 776 tantum
3237 724 3535 778 monachis:

1955 811 2182 880 concepi
2237 811 2564 866 desiderium
2615 820 2676 866 ut
2729 813 3531 879 nullatenus-defervesceret,

1953 915 2055 956 nec
2093 901 2192 956 sub
2220 901 2404 970 quiete
2445 901 2660 956 animus
2688 913 2894 973 ageret,
2921 905 3094 959 donec
3123 905 3204 959 sui
3239 907 3345 960 voti
3374 909 3534 961 sorti-

1955 999 2106 1046 retur
2135 988 2410 1044 efl'ectum.
2454 989 2588 1044 Cum
2641 991 2804 1061 igitur
2841 994 2941 1048 sub
2971 995 3159 1048 eodem
3194 996 3272 1050 eis
3298 995 3536 1052 claustro

1955 1079 2309 1147 cohabitans,
2362 1088 2532 1135 totum
2591 1094 2711 1135 esse
2776 1082 3015 1150 ipsorum
3081 1085 3536 1157 babitudincsque

1956 1173 2330 1237 considerans,
2374 1181 2428 1226 et
2475 1172 2616 1227 sicut
2659 1173 2795 1228 solet
2823 1190 2852 1228 a
2884 1185 3045 1229 vento
3068 1175 3282 1232 ﬂamma
3316 1195 3534 1234 succre-

1955 1277 2129 1328 scere,
2174 1262 2247 1316 ita
2286 1277 2351 1316 ex
2382 1263 2840 1333 contemplatione
2886 1279 3076 1318 eorum
3124 1282 3338 1336 semper
3381 1286 3536 1324 meus

1957 1369 2076 1408 mea
2132 1353 2549 1408 conformationi
2602 1355 2817 1408 illorum
2869 1356 3109 1420 Inhians,
3168 1373 3275 1412 non
3323 1369 3539 1426 poterat

1957 1462 2063 1500 non
2113 1447 2328 1500 ardere.
2389 1446 2732 1501 Sollicitatur
2787 1447 3024 1518 denique
3076 1448 3144 1502 ab
3192 1449 3387 1503 abbate
3432 1449 3538 1505 loci

1956 1536 2352 1606 congeminatis
2379 1537 2621 1606 quotidie
2662 1537 2913 1618 precibus
2959 1549 3016 1590 ut
3061 1540 3385 1594 monaclmm
3437 1541 3539 1595 ibi-

1957 1627 2080 1681 dem
2129 1643 2214 1681 me
2262 1626 2519 1692 facerem,
2571 1636 2625 1680 et
2667 1642 2788 1682 cum
2833 1628 3042 1681 infinito
3076 1632 3141 1684 ad
3173 1628 3221 1683 id
3250 1641 3537 1686 aestuarem

1959 1719 2250 1784 desiderio,
2303 1720 2370 1773 ad
2415 1717 2720 1786 Imjusmodi
2753 1719 3198 1788 pollicitationem
3234 1730 3412 1775 tamen
3445 1736 3539 1792 per

349 1826 456 1880 Sed
489 1835 966 1895 quantumcunque
995 1822 1258 1882 studimn,
1289 1827 1711 1889 quantacunque
1746 1814 1854 1869 sol-
1887 1813 1928 1872 Β
1958 1812 2097 1866 ullas
2134 1812 2440 1882 rogantium
2487 1811 2739 1880 angarias
2782 1827 2898 1865 mea
2932 1810 3108 1882 lingua
3141 1812 3275 1867 Solvi
3309 1828 3413 1866 non
3444 1827 3540 1880 po-
3629 1882 3632 1884 _

276 1917 504 1972 Iicitudo
550 1916 668 1986 ejus
717 1915 1010 1969 haberetur
1040 1913 1093 1967 in
1130 1911 1350 1976 talibus,
1385 1909 1459 1965 nil
1509 1908 1737 1973 fiduciae,
1780 1906 1855 1960 nil

275 2006 592 2061 securitatis
626 2004 793 2059 menti
823 2002 940 2072 ejus
968 2000 1166 2056 afferre
1201 2008 1437 2070 poterat,
1479 1999 1609 2068 quin
1643 2012 1857 2066 semper

275 2097 510 2166 lugeret,
543 2095 670 2165 quin
720 2109 951 2164 semper,
986 2108 1052 2146 an
1105 2101 1352 2146 reatuum
1405 2105 1624 2145 suorum
1675 2097 1856 2160 posset

275 2183 477 2236 mereri
526 2184 759 2249 veniam,
793 2181 1129 2238 ﬂebilissimc
1177 2182 1456 2252 rogitaret.
1508 2182 1575 2236 Et
1624 2189 1677 2234 tu
1725 2179 1853 2243 seis,

277 2272 442 2340 Deus,
494 2281 820 2343 quantorum
860 2282 1239 2344 peccatorum,
1284 2282 1338 2328 et
1383 2287 1482 2327 nos
1525 2286 1631 2326 non
1681 2269 1857 2325 nesci-

277 2379 423 2419 mus.
466 2365 638 2431 Quam
666 2381 832 2436 prava
865 2375 968 2432 est,
1005 2366 1251 2430 Domine,
1289 2366 1356 2419 ad
1396 2363 1856 2434 comparationem

277 2465 428 2510 tuam
455 2455 545 2528 [f.,
569 2457 710 2530 ejus]
735 2461 1116 2527 quorumdam,
1143 2458 1232 2528 qui
1262 2472 1436 2526 neque
1463 2455 1663 2522 dolent,
1687 2469 1860 2523 neque

279 2549 586 2618 suspirant,
631 2566 840 2605 summa
880 2553 1109 2606 eorum!
1167 2552 1244 2605 'I‘u
1291 2551 1456 2609 nosti.
1501 2549 1749 2615 Domine,
1805 2549 1858 2602 in

275 2649 538 2708 quantam
578 2642 756 2696 metiri
788 2651 1029 2712 poteram
1059 2651 1257 2697 statum
1289 2641 1634 2712 cogitationis
1665 2641 1858 2710 ipsius,

275 2728 424 2799 quod
450 2746 725 2801 nunquam
757 2734 808 2786 in
839 2732 1032 2787 timore
1063 2732 1309 2802 supplicii
1342 2741 1397 2786 et
1425 2746 1611 2785 amore
1643 2731 1717 2785 tui
1745 2729 1862 2800 ejus

277 2819 514 2875 viderim
543 2821 782 2876 animum
814 2824 1069 2894 tepuisse.

876 2907 1106 2964 CAPUT
1146 2907 1257 2962 XV.

355 2993 638 3051 Cuiberlus
669 2998 820 3067 genio
850 3009 897 3052 et
951 2998 1298 3067 voluptatibus
1345 2996 1596 3065 iudm'get.
1622 3027 1680 3034 —-
1721 2996 1859 3061 Quid

276 3087 474 3157 plura?
518 3089 630 3157 ipsa
683 3097 741 3142 ut
791 3090 1128 3159 prtelibatum
1175 3101 1280 3154 ρει,
1328 3091 1524 3143 swt-nlo
1577 3091 1857 3158 repudium

1958 1909 2120 1966 terat,
2157 1901 2380 1971 etquod
2413 1901 2543 1956 mihi
2574 1901 2733 1956 modo
2769 1902 2880 1972 jam
2917 1902 3260 1970 gravescenti
3287 1901 3540 1956 diflicilli-

1957 2009 2104 2048 mum
2134 2003 2303 2057 esset,
2336 2001 2394 2046 ut
2435 1994 2504 2048 de
2552 2001 2703 2047 tanta
2743 1995 2924 2048 cordis
2959 1995 3292 2050 abundantia
3319 1995 3540 2049 omnino

1959 2084 2172 2138 silerem
2198 2083 2339 2138 haud
2375 2098 2518 2152 mgre
2547 2083 2805 2152 puerulus
2831 2085 3212 2140 Observabam.

2035 2172 2362 2228 Monac/tum
2414 2174 2586 2226 induit
2646 2172 2908 2228 Flariaci.
2961 2205 3030 2214 --
3083 2175 3323 2230 Tandem
3378 2177 3541 2231 matri

1959 2278 2072 2320 rem
2102 2263 2313 2333 prodidi
2339 2279 2480 2333 qua},
2517 2265 2826 2334 pucrariam
2849 2266 3020 2320 verita
3051 2265 3346 2333 levitatem,
3387 2277 3536 2322 tanta

1962 2357 2030 2409 ab
2077 2357 2178 2410 hoc
2227 2355 2503 2426 proposito
2548 2371 2636 2410 me
2687 2357 3107 2413 ratiocinatione
3139 2360 3328 2430 rcjecit
3367 2368 3424 2413 ut
3457 2374 3543 2414 me

1960 2464 2066 2502 non
2095 2448 2377 2519 minimum
2406 2449 2696 2518 paeniteret
2723 2451 2865 2520 quod
2886 2452 2936 2506 ei
2963 2457 3195 2522 gerenda
3221 2454 3539 2520 retezerim;

1962 2557 2085 2597 cum
2118 2550 2174 2596 et
2200 2540 2390 2596 eadem
2427 2541 2688 2612 magistro
2720 2543 3003 2610 dixissem,
3033 2545 3202 2600 multo
3233 2545 3372 2617 longi
3407 2561 3453 2600 ts
3490 2555 3546 2599 et

1963 2632 2077 2703 ipse
2117 2646 2203 2686 me
2241 2631 2464 2701 pepulit.
2498 2633 2613 2698 Qua
2663 2634 2946 2703 utriusque
2975 2636 3187 2706 repulsa
3215 2636 3545 2706 gravissime

1964 2726 2230 2789 irritatus,
2275 2725 2409 2778 alias
2441 2726 2680 2779 animum
2713 2727 3005 2783 deliberavi
3037 2728 3328 2799 appellere.
3359 2729 3545 2798 Itaque

1963 2815 2042 2870 sic
2069 2829 2153 2868 me
2196 2816 2334 2884 ραιρί
2383 2830 2544 2885 agere
2579 2831 2642 2870 ac
2666 2817 2710 2870 si
2747 2817 2878 2870 nihil
2910 2819 3102 2873 borum
3129 2821 3416 2889 coepissem
3451 2835 3545 2890 ap-

1962 2915 2165 2976 petere.
2202 2906 2267 2960 Et
2313 2921 2435 2960 cum
2487 2907 2556 2961 ab
2602 2907 2812 2962 octavis
2863 2907 3210 2964 Pentecostes
3257 2925 3426 2980 usque
3477 2911 3546 2964 ad

1963 2996 2206 3052 Natalem
2238 2996 2577 3051 Dominicum
2609 2998 2964 3065 distulissem,
3007 3011 3060 3054 et
3101 3001 3243 3054 votis
3274 3001 3548 3056 ardentis-

1963 3087 2114 3141 simis
2148 3088 2454 3155 peragentlo
2481 3090 2698 3156 negotio
2729 3093 3050 3158 aspirarent,
3083 3092 3270 3148 matris
3294 3107 3551 3146 reveren-

277 3177 356 3230 ita
389 3178 568 3245 dante,
596 3194 695 3248 ego
717 3180 864 3235 solus
888 3181 1006 3235 sine
1030 3189 1227 3246 matre,
1250 3181 1366 3236 sine
1393 3182 1709 3252 paedagogo,
1741 3182 1858 3236 sine
1887 3155 1933 3219 ο
1967 3177 2096 3230 tiam
2130 3175 2484 3245 magistrique
2525 3179 2775 3235 timorem
2815 3180 3124 3251 impatiens,
3159 3180 3404 3248 Domine,
3447 3190 3551 3234 tute

275 3267 541 3336 magistro
586 3284 973 3325 remanseram.
1018 3270 1109 3324 Ille
1149 3270 1292 3324 enim
1324 3271 1412 3339 qui
1446 3283 1534 3323 me
1565 3271 1700 3323 adeo
1731 3269 1860 3324 fide-

274 3358 406 3412 liter
429 3369 548 3430 post
572 3370 800 3417 matrem
826 3362 1147 3418 educaverat
1175 3372 1336 3432 atque
1361 3363 1639 3428 docuerat,
1672 3362 1860 3416 matris

283 3463 422 3502 mea:
467 3451 735 3520 exemplo,
792 3466 977 3506 amore
1025 3467 1086 3507 ac
1141 3453 1351 3506 monitu
1403 3453 1726 3516 concitatus,
1791 3454 1859 3507 ad

289 3541 669 3595 monacbatum
710 3541 949 3597 Flaviaci
997 3557 1115 3598 sese
1155 3545 1480 3599 contulerat.
1532 3547 1700 3600 Prava
1732 3561 1861 3616 ergo

287 3631 542 3709 libertate
570 3635 792 3704 potitus,
819 3636 956 3705 ccepi
987 3636 1538 3706 intemperantissime
1567 3655 1686 3695 meo
1712 3641 1861 3695 abuti

283 3723 536 3793 imperio,
579 3724 755 3780 ridere
804 3726 1094 3792 ecclesias,
1139 3728 1355 3782 scholas
1395 3730 1645 3795 horrere,
1675 3745 1863 3786 conso—

279 3815 617 3872 brinulorum
682 3833 924 3873 meorum
984 3819 1290 3884 Iaicorum,
1365 3821 1454 3890 qui
1519 3823 1862 3893 equestribus

281 3909 664 3964 imbuebantur
689 3911 902 3977 studiis,
937 3911 1196 3968 affectare
1224 3913 1497 3981 sodalitia,
1527 3920 1862 3974 exsecranda

279 3999 571 4056 clericatus
601 4003 836 4072 signum,
868 4006 1242 4062 remissionem
1280 4007 1568 4062 criminum
1601 4011 1860 4080 polliceri,

283 4107 498 4158 somno,
529 4091 684 4162 cujus
711 4110 880 4164 parva
921 4095 1136 4152 licentia
1177 4099 1448 4170 quondam
1482 4102 1611 4156 mihi
1643 4102 1863 4158 laxaba-

279 4191 394 4248 tur,
431 4184 732 4256 indulgere,
763 4195 821 4239 ut
849 4201 914 4241 ex
944 4188 1158 4243 insolita
1190 4193 1468 4247 nimietate
1505 4194 1874 4250 tabcscerem.’

280 4271 494 4328 Interea
529 4285 743 4331 actuum
793 4293 1037 4332 meorum
1084 4279 1256 4350 gloria
1302 4291 1578 4338 maternas
1626 4287 1864 4340 concutit

280 4379 465 4430 aures,
503 4375 556 4420 et
583 4380 645 4421 ex
675 4368 880 4423 auditis
908 4369 1116 4424 instans
1137 4372 1360 4426 exitium
1388 4389 1566 4428 memn
1599 4376 1710 4444 ipsa
1737 4393 1864 4430 con-

275 4453 474 4522 jiciens
500 4471 638 4526 pene
659 4458 967 4512 exanimata
993 4457 1209 4514 defecit.
1237 4461 1425 4516 Cultus
1445 4464 1588 4517 enim
1613 4466 1858 4527 vestium,

280 4561 421 4617 quos
451 4548 592 4602 inter
637 4550 1044 4619 procedendum
1090 4554 1155 4605 ad
1207 4553 1465 4608 ecclesias
1505 4555 1704 4610 habere
1729 4556 1865 4611 sole-

282 4641 430 4706 bam,
461 4650 515 4696 et
549 4658 703 4711 quos,
751 4651 808 4696 ut
859 4644 1030 4713 magis
1082 4644 1148 4697 ad
1203 4645 1520 4699 clericatum
1569 4648 1862 4714 animarer,

281 4731 399 4803 ipsa
445 4746 757 4802 paraverat,
807 4737 907 4790 bos
946 4736 1014 4790 ad
1052 4735 1354 4801 lasciviam,
1397 4752 1559 4807 quam
1597 4753 1702 4794 nee
1734 4748 1866 4794 mtas

278 4828 614 4896 patiebatur,
644 4829 1022 4893 circumferre,
1053 4829 1384 4898 majusculos
1411 4831 1478 4886 ad
1509 4833 1864 4902 petulantiam

275 4920 508 4988 juvenes
562 4920 827 4988 aemulari,
860 4920 1035 4991 'pensi
1071 4930 1126 4975 et
1157 4923 1420 4978 moderati
1461 4925 1684 4980 omnino
1731 4925 1866 4979 nihil

281 5011 507 5065 habere.

356 5102 520 5164 Redit,
539 5104 607 5157 ad
631 5104 819 5157 bonam
857 5103 1080 5174 frugem.
1107 5135 1178 5144 —-
1202 5106 1332 5161 Cum
1363 5122 1490 5177 ergo
1521 5116 1670 5161 tanto
1693 5107 1865 5162 disso-

279 5198 473 5262 Iutius,
516 5199 624 5251 imo
662 5197 916 5252 vesanius
953 5213 1038 5254 me
1072 5200 1325 5256 haberem
1353 5208 1555 5269 quanto
1585 5199 1787 5254 arctius
1813 5210 1868 5254 et

279 5289 606 5358 castigatius
651 5299 808 5343 antea
844 5289 1202 5357 victitassem,
1239 5301 1416 5346 mater
1454 5292 1742 5360 impatiens
1771 5308 1866 5345 au-

282 5379 521 5433 ditorum
569 5380 635 5434 ad
681 5381 929 5436 abbatem
974 5398 1032 5438 se
1073 5384 1336 5449 contulit,
1394 5393 1449 5438 et
1500 5393 1558 5438 ut
1609 5383 1868 5455 magister

283 5485 440 5525 meus
482 5482 677 5526 iterum
725 5489 810 5526 me
859 5474 1099 5538 doceret,
1153 5487 1206 5530 et
1251 5477 1318 5531 ab
1357 5474 1548 5530 eodem
1589 5475 1784 5530 abbate
1815 5485 1868 5530 et

282 5562 547 5618 fratribus
569 5564 892 5634 impetravit.
938 5568 1119 5622 Abbas
1146 5568 1413 5639 siquidem
1441 5568 1525 5621 avi
1561 5568 1664 5622 mei
1691 5568 1866 5621 almu-

283 5670 410 5719 nus,
435 5663 490 5709 et
517 5655 632 5724 ejus
659 5658 824 5713 curiae
847 5672 911 5713 ex
944 5661 1207 5716 beneticio
1227 5661 1515 5727 obnoxius,
1548 5660 1707 5716 facile
1741 5658 1864 5725 fuit,

284 5755 488 5820 etmeo
539 5750 882 5821 aggratnlans
935 5753 1208 5821 adventui,
1269 5755 1498 5827 benigne
1549 5763 1855 5825 susceptum

1962 3272 2189 3325 interna:
2239 3267 2624 3325 stimulationis
2675 3271 2879 3339 abjeci,
2927 3282 2982 3328 et
3031 3274 3098 3327 ad
3143 3274 3420 3337 abbatem,
3456 3273 3549 3342 qui

1953 3369 2247 3433 tantopere
2275 3361 2391 3416 fieri
2421 3363 2522 3417 hoc
2553 3363 2806 3428 ardebat,
2854 3373 2908 3418 et
2959 3365 3092 3419 nihil
3139 3365 3446 3433 sponsionis
3491 3365 3549 3420 in

1957 3456 2130 3528 tantis
2151 3453 2632 3512 sollicitationibus
2655 3452 2724 3506 ab
2757 3469 2855 3510 ore
2885 3470 3004 3511 meo
3031 3456 3252 3512 haurire
3286 3456 3548 3526 potaerit,

1963 3562 2051 3602 me
2111 3549 2421 3613 conferens,
2467 3548 2583 3617 ejus
2631 3548 2861 3614 pedibus
2894 3563 2978 3602 me
3007 3546 3188 3613 affndi,
3232 3557 3284 3600 et
3315 3546 3552 3615 ltisipsis

1964 3639 2167 3703 verbis,
2211 3650 2269 3694 ut
2296 3639 2548 3695 videlicet
2574 3651 2917 3710 peccatorem
2945 3639 3266 3707 susciperet,
3298 3637 3552 3692 flebiliter

1968 3731 2260 3787 admodum
2290 3734 2536 3788 exoravi.
2585 3732 2686 3798 Qui
2731 3730 2917 3802 petitis
2949 3730 3104 3784 laetus
3129 3727 3345 3792 favens,
3371 3736 3553 3782 vestes

1966 3836 2087 3891 quae
2118 3824 2436 3880 necessariae
2472 3822 2690 3878 fuerant
2720 3819 3064 3892 quantocius,
3099 3818 3150 3872 id
3181 3826 3266 3872 est
3293 3815 3554 3886 postridie

1965 3922 2320 3982 prmparalas,
2345 3913 2618 3982 produxit,
2645 3921 2700 3965 et
2727 3925 2815 3964 me
2844 3919 3018 3963 matre
3040 3906 3224 3974 procul
3251 3907 3552 3968 aspicietite

1966 4017 2030 4056 ac
2055 4003 2213 4056 flente
2246 4002 2442 4058 induit.
2473 4011 2529 4058 et
2553 4001 2930 4072 cleemosynas
2961 3999 3188 4070 proinde
3219 4013 3286 4054 eo
3315 3999 3402 4054 die
3434 3997 3552 4053 fieri

1965 4094 2265 4151 mandavit.
2778 4161 2784 4166 Ι

2041 4188 2250 4243 Interea
2285 4187 2372 4243 ille
2405 4202 2560 4243 meus
2601 4187 2875 4257 quondam
2921 4184 3200 4252 magister,
3239 4183 3365 4252 quia
3389 4180 3551 4253 473

1967 4281 2324 4337 districtioris
2349 4295 2513 4336 causa
2545 4280 2743 4350 regula:
2791 4293 2879 4332 me
2923 4276 3152 4332 ulterius
3197 4275 3390 4329 docere
3444 4289 3551 4326 non

1967 4385 2200 4444 poterat,
2236 4375 2426 4430 saltem
2455 4375 2712 4444 instigare
2742 4372 2809 4426 ad
2840 4386 2902 4425 ea
2931 4385 3052 4438 quae
3089 4368 3330 4438 legebam
3368 4367 3550 4421 divina

1968 4465 2243 4520 volumina
2309 4464 2652 4520 discutienda
2726 4461 2993 4524 curabat,
3057 4460 3238 4513 minus
3305 4458 3552 4526 cognitas

1967 4572 2211 4628 quasque
2234 4558 2498 4614 dictiones
2524 4565 2576 4612 et
2604 4553 2940 4610 doctioribus
2967 4550 3286 4621 recogitate,
3313 4550 3403 4620 (⁵³)
3428 4564 3553 4621 pro.-

1967 4648 2135 4714 sulas,
2189 4649 2594 4718 versiculosque
2642 4659 2990 4716 componere,
3022 4654 3075 4698 et
3113 4658 3222 4712 quo
3250 4642 3383 4697 mihi
3429 4657 3554 4697 ern-

1969 4739 2167 4794 diendo
2217 4740 2397 4794 minor
2446 4741 2515 4795 ab
2555 4738 2677 4793 aliis
2709 4753 2839 4792 cura
2881 4736 3312 4805 impenderetur,
3365 4749 3430 4788 eo
3464 4749 3553 4788 me

1968 4847 2320 4886 commonens
2345 4832 2554 4886 arctius
2579 4830 2882 4886 elaborare.
2915 4828 3001 4894 Et,
3031 4844 3064 4883 o
3091 4828 3337 4891 Domine,
3369 4826 3550 4878 lumen

1967 4937 2187 4984 verum,
2231 4922 2388 4992 plene
2443 4923 2702 4978 recordor
2752 4929 2856 4974 tua:
2907 4918 3336 4980 inaestimabilis)
3388 4930 3550 4986 quam

1971 5013 2100 5067 mihi
2138 5023 2264 5069 tunc
2286 5015 2624 5079 cxtribuisti,
2680 5011 2965 5082 largitatis.
2994 5009 3129 5064 Nam
3157 5024 3282 5064 mox
3312 5017 3370 5061 ut
3399 5007 3551 5062 habi-

1970 5113 2083 5158 tum
2118 5114 2266 5160 tuum
2295 5115 2345 5161 te
2381 5107 2646 5161 invitante
2677 5104 2913 5174 suscepi,
2955 5103 3101 5158 illico
3141 5101 3274 5155 mihi
3324 5099 3437 5154 visa
3469 5106 3554 5153 est

1971 5215 2000 5252 a
2044 5199 2179 5254 facie
2219 5199 2398 5255 cordis
2443 5199 2614 5254 nubes
2650 5205 2852 5263 amota,
2891 5205 2948 5250 ct
2971 5194 3058 5248 illa
3123 5209 3242 5249 mox
3305 5191 3555 5246 introdu-

1970 5307 2092 5346 cere
2117 5302 2426 5363 cmperunt,
2459 5292 2511 5345 in
2550 5292 2746 5361 quibus
2797 5289 3006 5360 pridem
3059 5284 3332 5350 evagabar
3377 5296 3553 5337 camus

1969 5394 2024 5440 et
2055 5401 2264 5441 errans.
2300 5385 2566 5439 Prtetcrea
2615 5391 2762 5436 tanto
2802 5378 3045 5435 discendi
3091 5376 3287 5431 affectu
3331 5383 3556 5444 repente

1970 5497 2088 5536 sum
2138 5481 2409 5536 animatus
2451 5488 2508 5532 ut
2557 5477 2682 5532 huic
2730 5477 2829 5532 soli
2862 5476 2940 5531 rei
2974 5474 3132 5531 unice
3172 5473 3462 5531 inbiarem.
3501 5485 3554 5524 et

1971 5571 2240 5627 incassum
2285 5586 2370 5624 me
2412 5571 2596 5624 vivere
2644 5569 2994 5632 a‘stimarem,
3044 5567 3088 5620 si
3133 5566 3277 5622 diem
3311 5563 3425 5619 sine
3464 5561 3553 5616 tali

1971 5663 2211 5732 quolibet
2242 5673 2362 5716 actu
2407 5661 2788 5731 transigeretn.
2828 5659 2872 5715 Ο
2897 5659 3110 5729 quoties
3136 5659 3371 5714 dormire
3399 5670 3553 5726 puta-

1971 5756 2092 5822 bar,
2141 5763 2193 5809 et
2237 5769 2434 5824 corpus
2462 5754 2565 5810 sub
2609 5753 2843 5820 paintnlo
2891 5754 3074 5808 fovere
3128 5749 3460 5811 tenellulum,
3501 5758 3554 5803 ct
