3980 6324
499 324 599 380 867

1248 319 1308 374 V.
1360 319 1681 377 GUlBEllTl
1741 317 2030 374 ABBATIS
2070 315 2128 374 S.
2191 317 2428 374 MAlllziﬂ
2472 319 2558 375 DE
2607 316 2998 376 NOVIGENTO
3619 353 3700 411 893

499 435 724 506 spiritus
752 449 903 491 meus
932 445 1024 490 aut
1054 434 1405 490 dictaturicus
1437 435 1766 498 arctabatur,
1792 445 1883 488 aut
1915 434 2071 505 quid--
2101 434 2145 489 Α
2173 433 2289 502 ipse
2315 434 2402 502 qui
2432 435 2657 503 patitur,
2684 435 2914 504 idipsum
2945 437 3086 506 quod
3125 437 3340 506 patitur,
3371 441 3698 520 lloceipcrrlat,

496 528 644 597 piam
669 525 880 585 obieeta
911 526 1108 592 lodice,
1138 523 1264 578 dum
1303 523 1509 594 judicia
1551 539 1746 579 vereor
1767 524 1965 590 aliena,
1996 523 2073 578 le—

534 618 715 672 ebam.

534 633 715 672 cnam.

499 633 532 687 Β
571 710 796 765 Strenue
825 709 1009 764 litteris
1041 709 1129 761 dat
1161 722 1389 774 operam.
1438 705 1545 761 Sed
1584 718 1638 760 ut
1680 706 1863 760 laudes
1909 715 2080 777 captet

499 801 778 852 humanas.
821 827 889 838 —-
943 797 1011 851 Et
1046 805 1123 861 tu,
1169 795 1294 851 Jesu
1347 796 1455 865 pie,
1491 810 1600 850 non
1638 795 1922 850 nesciebas
1973 811 2080 862 qua

501 889 799 946 intentione
838 889 889 944 id
941 888 1196 953 facerem,
1246 888 1626 957 conquirenda:
1681 888 1868 957 utique
1910 888 2081 957 gratia

500 979 690 1045 laudis,
718 989 774 1036 et
813 990 871 1035 ιιι
897 980 1182 1050 ρττρεθηιὶε
1227 978 1406 1034 saeculi
1458 977 1864 1033 honorificentia
1911 977 2082 1046 major

500 1081 836 1128 occurreret.
875 1071 1151 1129 llabebam
1181 1070 1343 1141 plane
1374 1079 1560 1126 contra
1590 1084 1676 1124 me
1707 1069 1926 1135 amicos,
1989 1071 2079 1141 qui

500 1163 602 1218 etsi
626 1163 769 1220 bona
797 1163 927 1218 mihi
951 1163 1267 1229 suadebant,
1297 1163 1493 1218 crebro
1519 1171 1696 1218 tamen
1727 1171 1781 1218 et
1799 1163 1986 1218 laudes
2029 1173 2083 1219 et

499 1272 567 1311 ex
590 1258 787 1314 litteris
821 1257 1170 1314 claritudines
1198 1258 1514 1328 ingerebant
1531 1266 1607 1321 ,et
1631 1272 1727 1328 per
1749 1259 1862 1312 haec
1890 1257 2081 1313 culmi-

503 1367 631 1406 num
655 1366 926 1422 opumque
964 1350 1353 1408 assecutiones.
1385 1351 1521 1419 Spes
1551 1351 1714 1421 igitur
1760 1351 1905 1404 omni
1934 1350 2080 1420 aspi-

503 1445 632 1499 dum
663 1460 764 1500 ovo
794 1445 1091 1500 deteriores
1147 1444 1297 1498 cordi
1341 1443 1642 1513 improvido
1680 1442 1993 1507 all‘erebant,
2029 1451 2084 1498 et

505 1551 625 1590 cum
653 1539 834 1590 omnia
863 1549 984 1604 qua:
1024 1533 1382 1604 spondebant,
1433 1533 1692 1589 citissime
1743 1533 2081 1603 adimplenda

503 1636 767 1697 putarem,
796 1626 1104 1681 vanissimis
1124 1641 1209 1680 me
1228 1625 1720 1696 exspectationibus
1737 1624 2079 1682 deludebant.

501 1718 652 1785 Quod
680 1717 824 1772 enim
857 1717 910 1772 in
935 1719 1224 1788 grandrevo
1244 1726 1502 1772 eventura
1525 1717 1905 1786 dicebant,ch
1927 1717 2083 1786 plane

501 1807 829 1865 adolescenti
859 1807 1322 1879 alquejuveneulo
1344 1823 1622 1864 accessum
1646 1809 1924 1879 putabam.
1948 1809 2082 1862 Pro-

499 1902 771 1970 penebant
803 1915 996 1971 nempe
1025 1899 1154 1954 mihi
1183 1908 1236 1952 et
1266 1914 1385 1953 eam
1413 1915 1531 1970 qua:
1557 1909 1606 1953 te
1635 1907 1856 1952 auctore
1890 1899 2084 1979 inodics

499 1991 852 2046 cxcrescebat
877 1991 1158 2046 scientiam
1192 1997 1247 2044 et
1280 1991 1448 2044 bonos
1475 1991 1540 2044 ad
1567 1989 1824 2044 saeculum
1877 1989 2083 2044 natales

499 2091 555 2136 et
586 2081 845 2148 formam;
892 2081 986 2137 sed
1034 2096 1139 2136 non
1195 2081 1620 2136 recordabantur
1667 2079 1791 2150 quia
1843 2095 1938 2150 per
1987 2081 2083 2136 hos

498 2173 698 2243 gradus
729 2171 947 2227 vetuisti
992 2171 1210 2227 ascendi
1257 2171 1324 2226 ad
1377 2171 1547 2226 altare
1599 2179 1772 2236 tuum,
1815 2172 1959 2241 quod
2005 2173 2084 2227 sic

499 2261 672 2316 soleat
693 2262 968 2332 turpitudo
997 2262 1252 2318 revelari.
1298 2261 1399 2329 Qui
1423 2262 1563 2318 enim
1593 2263 1838 2317 ascendit
1869 2263 2083 2317 aliunde

497 2351 588 2408 ille
635 2351 720 2408 fur
757 2362 841 2410 est
884 2361 940 2409 et
995 2353 1136 2409 latro
1195 2354 1213 2425 (
1234 2352 1394 2408 Joan.
1428 2371 1484 2422 x,
1519 2354 1601 2425 l),
1626 2354 1770 2425 quod
1801 2364 1883 2410 est.
1914 2355 2082 2426 turpi-

499 2443 648 2499 tudo.

570 2532 782 2598 Quanta
809 2535 1202 2604 compunctione
1233 2535 1530 2595 adolescens
1569 2535 1823 2606 pra-:ditus
1851 2546 1984 2602 erat,
2034 2546 2080 2590 et

495 2640 654 2693 quam
682 2623 878 2678 utiliter
902 2625 1108 2680 lectioni
1129 2627 1444 2682 intendebat.
1477 2656 1546 2666 —
1589 2625 1698 2682 Sed
1732 2627 1785 2680 in
1819 2627 1904 2682 his
1949 2627 2082 2682 meis

500 2726 554 2772 te
575 2715 898 2787 inspiratore
918 2719 1246 2789 primordiis,
1275 2720 1319 2775 si
1359 2720 1503 2774 aliud
1537 2719 1836 2790 sapuisset,
1871 2735 2082 2790 prmpa-

498 2807 671 2862 randa
701 2806 834 2862 mihi
869 2807 1054 2864 fuisset
1089 2809 1265 2864 anima
1301 2809 1369 2864 ad
1423 2809 1795 2864 tentationem.
1840 2808 1906 2864 Et
1933 2819 2081 2866 certe

501 2905 630 2953 tunc
657 2899 916 2969 temporis
939 2899 1335 2968 quodammodo
1358 2900 1589 2970 insipide
1611 2902 1906 2970 sapiebam.
1929 2901 2080 2958 Licet

495 2986 643 3042 enim
674 2988 908 3058 pueriles
935 2989 1224 3044 admodum
1256 2990 1573 3061 gaudiorum
1605 2993 1812 3047 scilicet
1853 3007 1917 3048 ac
1967 2993 2076 3046 ira-

496 3091 618 3131 rum
668 3086 847 3134 motus
875 3079 1158 3146 haberem,
1187 3095 1220 3135 o
1241 3082 1443 3134 utinam
1477 3089 1612 3148 tum,
1642 3081 1898 3146 Domine,
1927 3092 2074 3137 tuum
2106 3113 2148 3148 Γ

495 3168 752 3238 judicium
775 3169 854 3224 sic
887 3171 1160 3237 timerem,
1210 3183 1432 3241 peccata
1478 3173 1642 3228 etiam
1702 3175 1934 3227 maxima
1999 3175 2077 3229 sic

495 3258 655 3312 modo
683 3259 983 3323 horrercm,
1041 3261 1310 3329 quomodo
1365 3272 1490 3318 tunc
1537 3263 1758 3316 minima
1813 3272 1867 3317 et
1912 3279 2077 3332 prope

493 3349 641 3404 nulla
673 3349 988 3405 horrcbam!
1046 3353 1366 3408 IEmulabar
1389 3369 1548 3420 sane,
1573 3364 1626 3409 et
1670 3371 1828 3426 quam
1880 3357 2078 3411 avidis-

493 3439 630 3494 sime
659 3455 775 3506 eos,
801 3457 936 3510 quos
958 3458 1055 3497 sua
1078 3443 1325 3500 videbam
1356 3446 1645 3500 commissa
1687 3444 1968 3509 tlefleutcs,
2022 3455 2077 3499 et

494 3531 630 3586 visui
653 3531 966 3602 audituique
993 3547 1113 3589 meo
1148 3545 1302 3589 erant
1322 3537 1627 3606 gratissima
1656 3552 1989 3607 quaecunque
2011 3553 2076 3590 ex

492 3629 547 3675 te
571 3631 746 3676 erant.
773 3623 840 3676 Et
886 3623 978 3694 qui
1035 3625 1087 3678 in
1141 3626 1422 3694 scripturis
1471 3643 1611 3682 nunc
1653 3629 1972 3698 jactautiam
2025 3637 2078 3683 et

491 3713 655 3767 verba
684 3729 884 3783 qurcro,
909 3717 1016 3771 imo
1039 3717 1275 3786 ipsorum
1309 3718 1650 3774 ethnicorum
1677 3719 1897 3775 infamia
1933 3722 2076 3776 dicta

491 3815 592 3872 pro
632 3807 951 3874 garrulitate
998 3809 1279 3876 contineo;
1327 3819 1454 3866 tunc
1503 3810 1680 3878 ﬂetus,
1723 3813 2076 3883 dolorumque

491 3909 686 3949 causas
715 3896 911 3951 exinde
954 3897 1256 3969 exigebant,
1289 3917 1388 3957 nec
1432 3918 1518 3957 me
1558 3902 1751 3973 legisse
1799 3903 2071 3972 putabam,

489 3985 706 4054 quoties
731 3986 782 4040 in
810 3987 921 4058 ipsa
951 3988 1182 4046 lectione
1212 3992 1342 4047 nihil
1371 3994 1852 4063 contemplativum
1873 4035 1890 4060 ,
1941 3995 2074 4050 nihil

491 4078 895 4144 compunctioui
923 4077 1100 4134 habile
1123 4081 1476 4154 attingebam,
1493 4083 1726 4138 scienter
1741 4098 1840 4154 ego
1859 4086 2075 4142 nescius

488 4166 570 4221 sic
599 4167 841 4238 agebam.

563 4255 834 4314 Terricula
859 4277 976 4316 eum
1016 4263 1242 4318 maxime
1268 4266 1526 4318 cruciant.
1556 4297 1625 4305 —
1655 4264 1725 4320 Αι
1776 4267 1946 4324 hostis
1985 4269 2073 4324 ille

488 4352 760 4422 antiquus,
791 4355 880 4423 qui
918 4370 1014 4424 pro
1040 4357 1273 4412 statibus
1295 4358 1622 4425 animorum,
1668 4375 1766 4429 pro
1793 4361 2067 4431 qualitati-

487 4445 588 4498 bus
609 4452 827 4499 aztatum
860 4461 917 4500 se
942 4447 1139 4502 habere
1170 4448 1408 4520 lougzeva
1436 4450 1792 4508 diuturnitate
1833 4454 2068 4524 perdidi-

488 4534 592 4600 cit;
625 4534 735 4601 ille,
769 4537 1011 4606 inquam,
1065 4554 1163 4609 pro
1197 4541 1412 4596 modulo
1442 4545 1636 4600 mentis
1668 4561 1730 4600 ac
1765 4548 2067 4614 corpusculi

488 4625 594 4680 mei
627 4641 760 4680 nova
796 4628 925 4682 mihi
967 4629 1105 4684 bella
1133 4633 1409 4700 parturiit.
1439 4633 1571 4687 Nam
1604 4643 1655 4688 In
1685 4636 1886 4690 somnis
1925 4651 2070 4688 mor-

489 4724 702 4769 tuorum
762 4717 1040 4772 hominum
1093 4721 1289 4776 mentis
1327 4738 1460 4777 mea:
1504 4725 1780 4778 obtutibus
1826 4723 2070 4779 crebrius

488 4808 754 4878 imagines
791 4810 1047 4876 inferens,
1081 4823 1137 4868 et
1192 4815 1428 4870 maxime
1466 4831 1653 4870 eorum
1699 4831 1833 4884 quos
1863 4817 2066 4885 uspiam

487 4903 698 4973 gladiis,
721 4915 812 4959 aut
840 4907 1082 4976 qualibet
1109 4908 1492 4962 iuterneciouis
1525 4923 1726 4979 genere
1778 4919 1870 4963 aut
1921 4910 2069 4964 vide—

489 5011 623 5064 ram,
642 5007 736 5052 aut
763 4999 1080 5054 occubuisse
1108 5000 1403 5063 audieram,
1425 5002 1586 5054 tantis
1607 5002 1851 5070 spiritum
1880 5017 2069 5056 soumo

487 5088 718 5141 solutum
750 5089 1036 5157 speciebus
1069 5091 1379 5144 exterrcbat
1420 5099 1475 5144 ut
1509 5093 1778 5157 noctibus,
1829 5094 1929 5147 nisi
1984 5109 2068 5150 mc

486 5174 726 5244 praedicti
754 5178 996 5246 magistri
1040 5180 1142 5232 mei
1175 5179 1450 5250 vigilantia
1479 5184 1858 5249 communiret,
1893 5201 2068 5256 neque

487 5265 624 5323 lecto
647 5269 909 5333 cohiberi,
944 5285 1116 5339 neque
1137 5287 1165 5324 a
1195 5271 1522 5328 clamoribus
1547 5275 1740 5338 arceri,
1771 5277 1878 5331 imo
1897 5287 1950 5331 et
1978 5279 2066 5332 vix

485 5370 706 5411 sensum
751 5373 936 5427 regere
965 5376 1199 5428 possem.
1231 5363 1362 5430 Quae
1402 5367 1650 5423 molestia
1695 5371 1943 5438 quamvis
1971 5371 2067 5424 ali-

485 5447 683 5516 quibus
704 5447 1000 5516 inexpertis
1030 5453 1250 5520 puerilis
1277 5467 1396 5508 esse
1424 5466 1584 5525 atque
1616 5458 1840 5512 ridicula
1891 5459 2068 5513 videa-

489 5546 600 5604 tur,
631 5549 793 5593 tanta:
822 5543 962 5611 apud
991 5559 1086 5601 eos
1113 5549 1203 5617 qui
1236 5563 1299 5602 ea
1331 5558 1595 5619 urgentur
1616 5550 1944 5605 calamitatis
1971 5550 2066 5604 ha-

487 5628 645 5682 betur
675 5639 732 5683 ut
764 5631 924 5686 timor
953 5635 1086 5705 ipse,
1116 5640 1205 5708 qui
1231 5655 1259 5693 a
1289 5639 1563 5710 plerisque
1585 5650 1806 5711 putatur
1830 5643 2062 5713 ineptus,

487 5718 631 5772 nulla
658 5720 826 5774 valeat
855 5725 1076 5792 ratione,
1105 5729 1247 5784 nullo
1269 5731 1492 5786 consilio
1517 5733 1825 5802 temperari,
1861 5744 1907 5788 ct
1945 5752 2064 5789 cum

2187 523 2328 576 nulla
2364 534 2540 578 tamen
2568 525 2892 578 auctoritate
2926 525 3170 595 spiritus,
3202 528 3289 582 ubi
3334 544 3388 585 se
3421 538 3606 604 sapori,
3632 543 3700 596 rit

2182 637 2374 690 parum
2445 622 2772 678 immerserit
2838 623 3120 679 horrentia
3173 625 3284 681 visa
3331 631 3574 693 recutiat.
3617 637 3702 694 imo

2182 725 2430 766 somnum
2463 719 2701 781 repetere
2743 728 2895 768 mens
2933 714 3168 784 graviter
3210 730 3239 768 a
3289 716 3546 777 timoribus
3590 725 3691 781 irre-

2183 800 2366 870 quieta
2398 803 2708 872 pertimeat.
2740 804 2838 859 Cui
2867 806 3132 875 siquidem
3160 808 3390 876 passioni
3437 811 3581 866 etiam
3615 815 3703 870 lrc-

2182 892 2400 961 quenlia
2431 902 2486 947 et
2514 894 2746 949 solitudo
2784 896 2932 965 paria
2963 907 3108 963 sunt,
3144 900 3267 952 dum
3307 900 3520 958 societas
3559 894 3704 960 timori

2184 1000 2288 1039 non
2313 986 2512 1051 obstat,
2543 995 2597 1042 et
2621 987 2860 1042 solitaria
2891 1003 3107 1060 semper
3127 990 3384 1048 habitatio
3422 1003 3506 1049 aut
3547 997 3702 1069 magis,

2185 1083 2278 1128 aut
2306 1076 2636 1130 tantumdem
2673 1077 2814 1146 quod
2848 1080 3132 1133 consuevit
3156 1078 3368 1136 efficiat.

2263 1162 2405 1218 Visio
2436 1166 2686 1234 terriﬁca.
2711 1197 2779 1206 -—
2811 1167 3055 1236 Multum,
3089 1169 3310 1226 Domine
3332 1171 3487 1239 Deus,
3516 1175 3573 1230 ab
3591 1191 3644 1233 eo
3663 1179 3705 1234 in

2184 1268 2291 1323 quo
2324 1270 2467 1310 nunc
2496 1271 2593 1326 ego
2617 1264 2758 1311 statu
2786 1257 2996 1314 diversa
3015 1261 3298 1328 gerebam;
3332 1272 3450 1318 tunc
3474 1267 3610 1336 plane
3629 1271 3707 1326 sub

2184 1363 2377 1418 magna
2408 1355 2512 1402 tua:
2539 1349 2673 1420 legis
2700 1352 3018 1417 reverentia,
3043 1362 3097 1407 et
3127 1353 3334 1408 infinita
3362 1357 3514 1412 torius
3541 1363 3707 1429 peccati

2185 1440 2556 1496 exsecratione
2579 1441 2850 1508 vivebam,
2875 1458 3101 1512 quaeque
3122 1458 3188 1499 ex
3215 1454 3269 1500 te
3294 1456 3343 1500 et
3367 1449 3482 1512 dici,
3499 1462 3545 1505 et
3569 1454 3707 1510 audiri

2185 1538 2239 1584 et
2271 1531 2395 1585 sciri
2429 1541 2677 1600 poterant
2709 1533 3138 1589 ambientissime
3166 1537 3544 1593 combibebam.
3591 1543 3706 1612 Scio,

2186 1621 2424 1676 cmlestis
2468 1621 2648 1688 Pater,
2684 1623 2808 1692 quia
2843 1623 3040 1678 talibus
3073 1625 3284 1695 pueruli
3342 1628 3523 1682 studiis
3563 1633 3710 1686 suavis-

2187 1716 2323 1770 simo
2359 1715 2605 1771 diabolus
2635 1717 2978 1782 irritabatur,
3020 1733 3049 1772 a
3077 1734 3162 1773 me
3208 1723 3538 1790 postmodum
3581 1727 3710 1781 totius

2187 1807 2258 1876 pii
2279 1806 2510 1862 fervoris
2537 1809 2846 1864 desertione
2869 1809 3188 1880 placandus.
3215 1810 3366 1865 Unde
3388 1821 3438 1865 ct
3455 1823 3591 1867 nocte
3609 1830 3710 1884 qua-

2188 1897 2306 1950 dam
2341 1912 2462 1951 cum
2505 1908 2651 1954 tanta
2713 1900 2910 1954 misera
2966 1900 3332 1955 sollicitudine
3375 1916 3709 1973 experrectus.

2187 1989 2448 2053 hiberno,
2483 1999 2542 2043 ut
2593 1990 2805 2060 opinor,
2863 2001 3103 2060 tempore
3154 1993 3204 2044 in
3262 2007 3381 2045 meo
3426 2009 3505 2048 me
3544 1995 3710 2052 lectudo

2185 2083 2542 2151 continercm,
2577 2093 2631 2140 et
2660 2084 2906 2155 lampade
2937 2085 3181 2154 proxima
3236 2085 3580 2141 clarissimum
3619 2090 3713 2144 red~

2186 2175 2346 2230 dente
2370 2175 2550 2230 lumen
2576 2176 2818 2232 securior
2849 2191 2966 2231 esse
2996 2176 3231 2240 viderer,
3266 2189 3396 2231 cccc
3443 2187 3636 2246 repente
3673 2187 3714 2234 ct

2186 2266 2328 2321 haud
2378 2266 2535 2337 longe
2564 2268 2628 2322 de
2673 2266 3064 2336 superioribus,
3117 2275 3176 2320 ut
3216 2266 3427 2336 putavi,
3471 2267 3714 2323 multarum

2183 2372 2399 2424 vocum,
2433 2373 2554 2410 cum
2586 2373 2691 2411 nox
2722 2365 2867 2412 esset
2894 2356 3239 2426 intempesta,
3272 2355 3474 2410 clamor
3515 2359 3711 2412 emersit.

2186 2447 2297 2502 Vox
2341 2458 2521 2502 autem
2549 2449 2667 2502 sine
2692 2449 2857 2502 verbo
2881 2447 3060 2516 fuit,o
3107 2446 3192 2520 [f.,
3216 2447 3343 2519 sed]
3389 2448 3547 2502 solum
3580 2451 3621 2504 vi
3644 2463 3714 2506 ca-

2183 2538 2463 2593 lamitatis.
2493 2537 2562 2593 Et
2583 2538 2728 2592 illico
2760 2539 3045 2593 concussis
3069 2539 3230 2593 veluti
3261 2540 3332 2592 ad
3357 2555 3587 2594 somnum
3611 2551 3712 2596 tem-

2184 2629 2402 2699 poribus
2423 2645 2452 2684 a
2472 2645 2631 2684 sensu
2661 2631 2858 2698 rapior,
2875 2639 2927 2684 et
2952 2639 3223 2684 mortuum
3253 2631 3712 2703 quempiam,quem

2182 2721 2382 2778 obiisse
2410 2722 2462 2776 in
2487 2721 2692 2776 balneis
2721 2721 2938 2791 quidam
2965 2721 3367 2784 conclamabat,
3403 2723 3571 2778 videre
3611 2726 3714 2783 mihi

2184 2813 2387 2868 videor.
2430 2813 2545 2880 Qua
2578 2811 2963 2884 imaginatione
3013 2811 3383 2878 conterritus,
3416 2827 3528 2868 cum
3557 2821 3713 2868 estatu

2183 2905 2469 2976 prosiliens
2503 2903 2954 2968 subclamassem,
2985 2903 3036 2958 iu
3063 2903 3179 2972 ipso
3219 2902 3400 2972 primo
3429 2912 3562 2958 motu
3620 2915 3712 2957 meo

2184 2994 2501 3063 respiciens,
2530 2993 2828 3063 lampadem
2859 2992 2966 3046 vidi
2999 2992 3409 3059 cxstinclam,et
3435 3008 3524 3062 per
3551 2989 3716 3046 medias

2183 3085 2448 3156 rugientis
2477 3085 2680 3138 umbra:
2710 3084 2968 3156 caligines
3006 3099 3100 3138 sua
3134 3084 3306 3154 ipsius
3334 3085 3506 3154 specie
3558 3085 3716 3137 daemo-

2183 3193 2393 3232 moncm
2423 3185 2657 3231 stantem
2685 3191 2852 3246 prope
2881 3177 3114 3231 intueor.
3157 3176 3328 3244 Cujus
3363 3177 3557 3231 visione
3585 3183 3716 3229 teter-

2181 3268 2311 3320 rima
2341 3283 2476 3336 pene
2506 3265 2758 3322 efierarcr
2807 3267 2858 3320 in
2918 3266 3146 3332 rabiem,
3205 3267 3312 3320 uisi
3375 3282 3458 3320 me
3515 3265 3716 3335 magistri

2177 3357 2342 3430 [.74
2369 3359 2491 3422 mei,
2533 3359 2622 3428 qui
2663 3358 2748 3413 his
2795 3358 3093 3412 terroribus
3138 3358 3488 3412 ruoderandis
3513 3357 3715 3411 crebrius

2178 3449 2496 3515 excubabat,
2524 3450 2900 3519 perturbatum
2929 3459 2982 3506 et
3019 3457 3294 3502 amentem
3351 3447 3558 3502 solertia
3607 3445 3720 3500 refo-

2179 3543 2364 3593 vissct.

2261 3631 2618 3686 Vehementius
2647 3633 2699 3685 in
2731 3649 2904 3686 recens
2931 3648 3202 3686 conversos
3237 3634 3385 3686 sweit
3417 3631 3625 3684 dromon.
3662 3657 3717 3670 --

2177 3723 2287 3778 Nec
2318 3737 2403 3777 me
2431 3722 2652 3790 latebat,
2685 3723 2828 3778 Deus
2857 3739 3027 3788 meus,
3065 3724 3117 3778 in
3150 3723 3260 3793 ipsa
3291 3737 3550 3777 annorum
3571 3721 3717 3791 pueri-

2178 3816 2305 3870 lium
2345 3817 2724 3880 teneritudine,
2756 3815 2881 3885 quia
2931 3813 3168 3868 studium
3208 3815 3367 3868 boum
3419 3813 3715 3876 intentionis,

2176 3921 2281 3976 quo
2307 3922 2458 3963 meus
2499 3908 2712 3960 animus
2757 3915 2884 3960 tunc
2934 3904 3212 3971 fervebat,
3248 3905 3571 3960 incentorem
3611 3915 3717 3956 mea:

2175 4001 2526 4070 malignitatis
2557 3999 2828 4054 diabolum
2860 4012 2966 4051 non
3002 3997 3212 4052 modice
3250 3997 3530 4052 incitabat.
3576 3995 3657 4060 Et,
3692 4008 3718 4048 ο

2173 4093 2260 4163 pie
2291 4093 2451 4158 Deus,
2479 4093 2609 4162 quid
2640 4091 3018 4154 victoriarum,
3047 4089 3174 4159 quid
3214 4105 3312 4160 pro
3337 4088 3574 4144 victoriis
3594 4101 3717 4141 coro-

2173 4198 2364 4236 narum
2411 4182 2572 4236 hodie
2604 4184 3073 4245 commeruisscm,
3100 4180 3142 4234 si
3192 4179 3538 4234 immobiliter
3580 4178 3638 4231 ad
3677 4175 3717 4229 il

2173 4275 2486 4328 certaminis
2517 4273 2910 4344 perstitissent?
2937 4272 3191 4328 Plurimis
3221 4273 3389 4328 etiam
3436 4271 3715 4326 auditarum

2175 4381 2353 4421 rerum
2387 4365 2713 4434 conjecturis
2737 4365 2990 4435 CXpCI‘iOI'
3017 4364 3278 4420 adversus
3309 4379 3482 4434 nuper
3526 4375 3722 4419 convcr-

2101 4480 2145 4534 ι)
2172 4470 2280 4519 sos,
2311 4472 2407 4511 seu
2437 4471 2529 4510 cos
2545 4456 2634 4524 qui
2665 4454 2729 4509 ad
2759 4455 2861 4508 hoc
2884 4453 3218 4523 propositum
3247 4469 3464 4522 semper
3489 4454 3716 4522 aspirarit,

2172 4548 2545 4604 vehementius
2570 4547 2844 4601 dremones
2875 4546 3144 4601 acerbari.
3172 4545 3322 4600 Unde
3365 4545 3579 4600 memini
3607 4554 3720 4598 tem-

2170 4653 2300 4708 pore
2321 4636 2582 4692 Guidonis
2607 4635 3018 4691 Bellovacorum
3045 4637 3280 4706 episc0pi
3307 4634 3482 4707 (cujus
3503 4633 3718 4703 superius

2175 4729 2505 4784 mentionem
2539 4728 2782 4795 fecerim)
2811 4730 3097 4798 quemdam
3131 4729 3271 4782 inter
3301 4728 3591 4781 familiares
3617 4736 3720 4779 suos

2165 4820 2417 4890 juvenem
2447 4821 2512 4873 dc
2555 4819 2902 4889 equestribus
2943 4819 3246 4880 exstitisse,
3291 4833 3454 4887 quem
3492 4831 3594 4886 prae
3627 4815 3745 4867 suis-

2168 4925 2304 4980 pene
2361 4910 2840 4965 contubernalibus
2895 4911 3179 4980 episcopus
3251 4909 3392 4963 idem
3449 4906 3720 4979 specialiter

2169 5003 2474 5058 affectabat.
2495 5001 2661 5068 Quem
2682 5018 2800 5056 cum
2825 5002 3152 5072 pravitatum
3180 5018 3397 5056 suarum
3417 5000 3720 5055 atrocissime

2169 5095 2475 5164 pmniterel,
2497 5104 2550 5149 et
2577 5096 2642 5150 de
2671 5094 2914 5150 surculari
2947 5095 3354 5150 conversatione
3379 5095 3548 5149 modis
3571 5090 3720 5144 omni-

2169 5188 2268 5243 bus
2315 5187 2598 5242 moliretur
2631 5187 2918 5258 ellugium;
2949 5203 3068 5241 cum
3097 5202 3260 5257 super
3305 5187 3406 5241 hac
3449 5185 3721 5239 novitatum

2169 5280 2502 5335 revolutione
2535 5279 2800 5333 acerrime
2826 5281 3128 5346 roderetur,
3165 5291 3320 5334 nocte
3351 5278 3582 5348 quadam
3611 5287 3717 5329 cum

2170 5373 2220 5425 in
2252 5373 2488 5443 episcopi
2527 5373 2780 5427 cubiculo
2809 5375 2923 5442 ipse
2945 5374 3226 5436 dormiret,
3254 5383 3304 5425 et
3331 5371 3613 5439 religiosus
3641 5366 3721 5418 ad-

2170 5464 2385 5517 modum
2416 5465 2499 5518 vir
2523 5465 2740 5534 quidam
2780 5465 2868 5518 lvo
2896 5465 3112 5519 nomine
3165 5463 3341 5518 Sancti
3375 5457 3718 5527 Quiutincnsis

2173 5553 2505 5621 indigena,ni
2537 5555 2718 5621 fallor,
2745 5557 2937 5610 litteris
2963 5555 3310 5618 clarissimus,
3339 5552 3586 5607 facumlia
3607 5560 3723 5618 pro-

2168 5651 2456 5715 pemodum
2481 5648 2713 5703 clariore
2758 5647 3109 5718 prmpollens,
3146 5645 3514 5702 Cluniacensis
3555 5653 3722 5697 mona-

2167 5741 2320 5796 chus.
2350 5740 2441 5809 qui
2473 5741 2570 5795 sub
2599 5741 2892 5796 benedictm
2919 5741 3190 5796 memoriae
3235 5740 3430 5794 abbate
3457 5737 3610 5802 hujus
3631 5733 3719 5792 loci
