3980 6324
275 335 377 391 869

1304 333 1390 389 DE
1435 333 1587 388 ma
1632 332 1762 389 sua
1805 329 1983 387 LIBRI
2028 319 2224 389 ratas.
2272 333 2485 388 -ιω
2527 334 2570 389 t.

3423 336 3528 393 870

276 447 499 518 llugone
520 447 611 502 diu
638 446 748 518 egit
774 444 1002 500 ollicium
1029 444 1326 524 prioratus,
1351 458 1474 496 cum
1503 441 1856 510 aliisquibus-
1881 441 1932 501 Α
1959 440 2154 498 interni
2183 445 2308 498 boni
2338 444 2678 500 aemulatione
2707 444 3044 502 creabantur.
3088 445 3206 501 Mox
3266 446 3430 516 igitur
3467 455 3532 507 ut

275 541 398 596 dam
421 548 610 594 sancta
632 540 741 593 vita
771 553 921 609 atque
941 538 1208 594 nobilibus
1235 538 1436 608 pariter
1451 536 1581 590 inibi
1603 535 1854 605 episcopo

274 638 544 702 praesente
585 630 950 702 quiescerent,
979 630 1200 698 quidam
1247 629 1313 682 de
1356 627 1518 682 vicini
1573 625 1853 695 cujusdam

275 723 594 793 proceribus
636 721 837 790 oppidi,
889 721 970 776 vir
1017 720 1173 774 valde
1221 718 1445 774 curialis
1492 725 1547 771 et
1595 707 1851 787 prudens,

275 814 607 883 intempesto
639 804 855 866 silentio
876 809 1144 879 soporatis
1165 808 1419 863 omnibus
1444 805 1718 876 vigilabat.
1752 804 1854 871 Qui

270 919 400 957 cum
433 918 554 964 qua:
579 903 796 957 volebat
825 901 1096 972 cogitans,
1124 901 1232 953 huc
1261 898 1492 966 illucque
1520 897 1852 966 despiceret;

272 1009 407 1049 ecce
446 995 660 1064 proceri
691 993 860 1064 figura
892 990 1175 1056 daemonis,
1206 989 1332 1044 exili
1363 988 1562 1056 capite,
1588 985 1855 1055 turgenti-

275 1083 381 1140 bus
411 1084 645 1154 scapulis
673 1083 1025 1154 progrediens
1050 1080 1168 1134 viro
1214 1079 1486 1150 apparuit,
1534 1088 1587 1132 et
1618 1076 1855 1132 seriatim

271 1171 417 1227 lecta
441 1187 666 1242 quaeque
695 1181 1032 1242 respectans,
1063 1170 1395 1240 pedetentim
1446 1182 1543 1237 per
1582 1180 1854 1221 cameram

276 1263 626 1318 deambulare
656 1277 714 1317 se
742 1261 1170 1331 finxit.Cumquc
1203 1259 1268 1314 ad
1295 1259 1410 1329 ejus
1433 1265 1855 1324 stratum,qucm

269 1352 680 1421 pra-libavimus
697 1352 933 1423 juvenis,
953 1365 1222 1421 quemque
1245 1350 1312 1403 ab
1353 1346 1542 1403 eodem
1567 1345 1855 1416 plurimum

273 1444 551 1514 accepturi
582 1445 852 1514 episcopo,
881 1442 1200 1498 falsissimus
1225 1439 1564 1502 accessisset,
1596 1436 1855 1502 substitit,

273 1543 337 1587 et
371 1533 588 1589 retortis
616 1534 681 1586 ad
731 1533 1085 1588 dormientem
1128 1530 1464 1600 aspectibus;
1499 1527 1620 1594 llic,
1663 1527 1856 1597 inquit,

273 1623 476 1678 anxius
505 1633 558 1676 et
587 1624 740 1694 pejus.
766 1623 852 1678 his
876 1623 1156 1687 omnibus,
1185 1618 1276 1688 qui
1308 1620 1432 1672 istic
1462 1617 1754 1682 dormiunt,
1773 1631 1859 1672 me

274 1723 463 1768 vexat.
499 1715 616 1781 Quo
640 1714 803 1778 dicto,
827 1713 893 1767 ad
933 1713 1130 1768 ostium
1159 1727 1218 1768 se
1243 1711 1481 1781 dirigens
1526 1708 1854 1776 cloacarum,

275 1805 332 1859 iu
361 1804 578 1860 easdem
611 1819 668 1858 se
690 1803 940 1858 contulit.

380 1911 406 1950 s
432 1905 608 1950 autem
636 1895 727 1964 qui
756 1896 858 1948 hoc
892 1893 1292 1964 speculabatur,
1317 1893 1441 1946 dum
1468 1891 1583 1946 haec
1608 1891 1858 1945 attende-

277 1995 385 2051 ret,
425 1996 575 2041 tanto
604 1987 842 2056 pondere
865 1985 1213 2056 premebatur
1238 1991 1297 2038 ut
1325 1984 1496 2052 impos
1539 1984 1604 2038 ad
1636 1983 1861 2037 locutio-

275 2089 403 2128 nem
435 2082 487 2127 et
511 2083 709 2129 motum
741 2073 1066 2128 omnimodis
1118 2073 1291 2127 fieret.
1341 2071 1647 2126 Excedente
1701 2071 1862 2139 igitur

277 2163 621 2229 adversario,
657 2163 886 2218 facultas
926 2163 1025 2218 sibi
1055 2163 1260 2232 pariter
1301 2162 1354 2216 in
1396 2169 1626 2230 utroque
1678 2160 1860 2226 rediit,

276 2262 334 2307 et
362 2269 522 2308 mane
551 2254 854 2325 quibusque
883 2253 1277 2308 sensatioribus
1320 2252 1437 2306 visa
1482 2260 1768 2318 retexens,
1807 2261 1862 2305 et

277 2360 406 2400 cum
432 2343 798 2414 ipsisjuvcnis
819 2344 962 2398 illius
987 2351 1189 2398 statum
1219 2343 1622 2411 assentiamque
1667 2342 1857 2412 requi-

279 2436 431 2496 rens",
461 2434 664 2502 reperit
685 2432 800 2502 ejus
828 2435 1067 2488 animum
1090 2434 1305 2489 enixius
1333 2433 1400 2488 ad
1443 2433 1860 2503 aggrediendum

278 2525 553 2579 sanctiora
576 2524 892 2594 proclivem.
929 2523 985 2580 Si
1014 2540 1144 2594 ergo
1181 2525 1434 2596 gaudium
1468 2533 1550 2578 est
1579 2539 1737 2593 super
1757 2541 1862 2580 uno

275 2627 573 2686 peccatore
595 2632 858 2672 converso
902 2618 954 2672 in
987 2618 1125 2672 caelo
1153 2633 1313 2686 quam
1359 2631 1522 2684 super
1572 2616 1861 2687 nonaginta

277 2707 373 2776 qui
411 2722 516 2761 non
563 2707 809 2778 indigent
847 2708 1166 2778 poenitentia
1213 2706 1376 2775 justis
1423 2705 1576 2777 (Luc.
1615 2721 1724 2769 xv,
1783 2706 1860 2776 7),

277 2798 469 2866 procul
497 2797 660 2854 dubio
683 2799 901 2868 plenum
924 2797 1043 2852 fidei
1071 2807 1154 2853 est
1184 2799 1365 2852 hostes
1396 2795 1614 2850 humani
1645 2797 1859 2865 generis

279 2891 636 2944 acerbissima
691 2891 986 2946 invidentia
1038 2891 1103 2945 de
1133 2907 1348 2955 eorum,
1378 2889 1470 2958 qui
1503 2899 1777 2944 mutantur
1811 2891 1861 2944 in

289 2981 507 3048 melius,
540 2982 817 3053 ereptione
862 2981 1088 3036 tristari.
1119 2981 1186 3035 Et
1209 2990 1359 3035 certe
1390 2981 1534 3035 sicut
1571 2995 1670 3051 ego
1709 2981 1865 3036 bouis

280 3073 462 3128 initiis
493 3087 780 3142 processus
807 3075 983 3128 habeo
1017 3073 1352 3143 pestilentes,
1380 3071 1459 3126 sic
1489 3081 1545 3125 et
1571 3070 1679 3137 ille,
1711 3073 1801 3142 qui
1833 3087 1861 3125 a

212 3223 220 3230 ,
280 3164 532 3220 daemone
555 3165 918 3219 testimonium
937 3172 1217 3233 acceperat
1242 3162 1584 3232 postmodum
1608 3162 1864 3231 paulatim

279 3253 610 3322 tepescendo
634 3252 866 3318 refrixit,
895 3262 951 3308 et
978 3255 1045 3308 ad
1072 3253 1312 3308 studium
1339 3265 1459 3306 sese
1485 3267 1745 3306 satcutare
1778 3268 1866 3308 re-

281 3346 474 3410 torsit;
504 3354 558 3400 et
603 3353 780 3399 tamen
834 3346 1047 3400 subitus
1108 3345 1198 3400 ille
1247 3345 1510 3400 bonarum
1563 3354 1867 3400 nostrarum

282 3437 627 3491 voluntatum
660 3445 860 3503 motus,
893 3437 1152 3492 credibile
1205 3447 1288 3492 est
1344 3451 1505 3506 quam
1553 3435 1869 3507 gravissime

282 3527 556 3583 diabolica
581 3528 744 3582 corda
779 3527 1071 3584 morderet.
1099 3527 1209 3584 Nec
1249 3528 1444 3584 mirum
1471 3527 1516 3582 si
1547 3525 1727 3580 doleat
1752 3526 1870 3580 dia-

281 3619 446 3674 bolus
495 3619 806 3689 repentinos
864 3627 920 3674 et
969 3618 1149 3673 futiles
1215 3618 1514 3688 cujuspiam
1558 3617 1870 3686 parnitentis

283 3708 533 3774 affectus,
600 3724 720 3763 cum
769 3708 1138 3779 perfunctoria
1190 3707 1392 3763 Achabi
1457 3708 1600 3762 illius
1654 3707 1868 3768 scelesti

285 3799 433 3868 regis
485 3798 785 3864 humilitas,
815 3799 980 3853 etiam
1026 3798 1238 3852 divinos
1269 3806 1555 3867 antequam
1607 3799 1869 3853 humanos

287 3887 356 3940 ad
405 3901 463 3940 se
492 3887 706 3941 deﬂexit
753 3895 1023 3958 aspectus.
1069 3885 1221 3941 Unde
1268 3885 1545 3952 Dominus,
1593 3887 1644 3940 ni
1695 3887 1866 3952 fallor,

283 3977 466 4032 Elia}:
509 3995 526 4028 ι
574 3976 763 4032 Nonne
792 4017 808 4042 ,
883 3977 998 4040 ait,
1049 3975 1228 4030 vidisti
1287 3975 1473 4030 Achab
1531 3977 1869 4030 humiliatum

289 4080 479 4121 coram
527 4066 650 4121 me?
688 4064 821 4132 Quia
853 4082 982 4137 ergo
1029 4066 1344 4122 humiliatus
1400 4075 1482 4121 est
1525 4068 1630 4122 mei
1684 4083 1866 4134 causa,

288 4173 400 4213 non
429 4158 660 4214 inferam
712 4158 850 4213 mala
905 4158 960 4213 in
1005 4158 1194 4214 diebus
1228 4157 1344 4226 ejus
1393 4157 1512 4228 (111
1567 4157 1696 4230 Reg.
1730 4175 1866 4230 ριςι,

279 4249 405 4321 29).
455 4269 474 4304 ι

885 4359 1110 4418 CAPUT
1142 4359 1278 4415 XVI.

1953 531 2252 600 piissimam
2281 533 2398 603 ejus
2431 543 2665 590 mentem
2712 537 2848 591 visio
2886 537 3189 606 importuna
3248 547 3526 609 tangebat,

1953 631 2007 676 et
2026 623 2166 677 sicut
2190 633 2308 678 erat
2337 624 2390 678 in
2419 625 2614 681 talibus
2634 628 2974 683 exsolvendis
3001 629 3286 685 admodum
3315 630 3528 688 subtilis

1954 719 2006 768 et
2030 713 2333 782 perspicax,
2382 731 2528 781 mox,
2581 717 2822 787 inquam,
2874 728 2936 774 ut
2981 719 3034 774 id
3080 719 3400 776 incommodi
3431 737 3528 778 suo

1953 803 2056 859 sibi
2083 807 2293 860 somnio
2316 817 2626 874 portensum
2662 810 3028 877 intellexerat,
3047 813 3222 868 accito
3250 827 3337 868 me
3367 828 3529 884 super

1955 911 2074 950 nico
2106 897 2288 951 studio
2309 899 2436 966 quid
2467 915 2704 969 agerem,
2732 902 2860 971 quid
2908 911 3196 960 tractarem
3251 907 3388 976 apud
3441 921 3528 961 me

1956 987 2217 1042 secretius
2241 988 2528 1057 rogitabat.
2551 989 2647 1044 Cui
2673 1006 2796 1046 cum
2843 993 2920 1048 sic
2943 1009 3144 1050 morem
3172 1009 3441 1065 gererem,
3467 1004 3529 1050 ut

1955 1078 2002 1134 ei
2035 1093 2212 1132 meam
2241 1079 2549 1136 nullatenus
2587 1082 3002 1137 unanimitatem
3035 1099 3318 1155 negarem,
3343 1086 3528 1140 omnia

1957 1166 2044 1220 illa
2073 1182 2192 1236 qua:
2236 1169 2535 1224 secundum
2597 1179 2814 1225 tenores
2851 1172 3122 1226 audieram
3174 1176 3524 1241 somniorum,

1957 1258 2010 1312 in
2041 1273 2159 1327 quae
2188 1258 2489 1316 lentescere
2545 1276 2698 1316 meus
2746 1260 2958 1316 animus
3006 1261 3303 1328 videbatur,
3362 1264 3529 1320 alacri

1957 1346 2294 1403 confessione
2323 1350 2640 1418 prodebant,
2681 1359 2734 1405 et
2781 1365 2904 1406 cum
2937 1351 3001 1404 de
3031 1353 3362 1407 correctione
3408 1368 3529 1409 mo-

1958 1449 2132 1508 neret,
2189 1441 2334 1496 veris
2369 1441 2616 1510 profecto
2661 1443 2844 1498 statim
2873 1443 3154 1500 affectibus
3200 1444 3254 1500 id
3300 1444 3532 1514 spondeo

1956 1530 2100 1586 bam.

2031 1623 2172 1678 Deus
2224 1637 2398 1688 meus,
2445 1630 2645 1678 statum
2691 1623 2864 1692 illum,
2920 1639 3078 1694 quem
3125 1623 3284 1679 modo
3328 1624 3527 1694 patior,

1960 1713 2118 1768 toties
2161 1720 2238 1767 tot
2265 1713 2624 1782 significatum
2647 1713 3021 1782 :euigmatibus
3049 1715 3162 1783 ipsa
3200 1713 3329 1767 mihi
3356 1728 3528 1768 enun-

1889 1784 1932 1838 Β
1961 1803 2133 1867 tiavit,
2159 1812 2213 1858 et
2241 1805 2381 1872 quod
2408 1803 2458 1856 in
2489 1803 2663 1871 primo
2689 1812 2828 1857 statu
2862 1813 2953 1858 aut
2979 1813 3204 1874 gestum,
3224 1812 3317 1858 aut
3341 1818 3532 1874 geren-

1959 1893 2083 1949 dum
2119 1903 2425 1964 putaverat,
2460 1895 2561 1948 hoc
2585 1893 2748 1965 475
2786 1895 3027 1963 quotidie
3052 1897 3188 1950 intra
3217 1897 3397 1951 cordis
3425 1895 3532 1950 mei

1958 1983 2254 2052 penetralia
2304 1983 2555 2052 experior
2621 1993 2676 2038 ct
2732 1985 3067 2054 contemplor
3115 1985 3346 2056 impleri.
3393 1984 3532 2052 Quin

1959 2074 2122 2128 etiam
2147 2073 2260 2142 ipse
2289 2075 2548 2144 magister
2587 2089 2762 2138 meus,
2800 2090 2924 2129 cum
2953 2075 3140 2130 eadem
3174 2077 3303 2130 mihi
3333 2075 3535 2132 sollici-

1962 2163 2089 2217 tudo
2117 2177 2214 2217 suo
2245 2162 2557 2218 indesinens
2589 2165 2849 2233 penderet
2879 2181 2908 2218 a
2936 2174 3176 2235 pectore,
3199 2166 3380 2221 multis
3405 2166 3536 2236 {igu-

1962 2267 2146 2306 rarum
2176 2252 2374 2321 modis,
2401 2267 2518 2321 qua:
2550 2269 2649 2322 pro
2679 2261 2919 2323 tempore
2944 2255 3284 2321 accidebant,
3313 2263 3367 2310 et
3413 2271 3532 2327 quae

1961 2358 2124 2412 porro
2148 2343 2198 2396 in
2231 2341 2468 2398 futurum
2501 2353 2762 2399 eventura
2791 2345 3027 2413 fuerant,
3057 2354 3112 2402 te
3151 2347 3536 2402 manifestante

1964 2433 2195 2488 videbat.
2227 2432 2306 2488 Ab
2331 2441 2554 2502 utroque
2581 2433 2743 2504 igitur
2765 2434 2901 2501 viro,
2925 2434 3019 2490 Dei
3044 2419 3284 2501 munere,
3316 2436 3444 2491 hinc
3467 2436 3538 2491 ad

1965 2524 2296 2588 terrendum,
2329 2523 2454 2578 inde
2508 2523 2575 2578 ad
2624 2523 2972 2579 refovendum
3028 2525 3253 2580 adversa
3307 2535 3365 2582 et
3412 2540 3538 2595 pro-

1964 2628 2119 2682 spera
2151 2611 2530 2678 ca'ntabantur,
2577 2621 2636 2666 ut
2665 2622 2719 2667 et
2752 2613 2975 2668 occulta:
3027 2613 3368 2684 malignitati,
3419 2613 3538 2668 vel-

1966 2705 2069 2760 lem
2099 2704 2322 2768 nollem,
2363 2705 2487 2774 quia
2519 2713 2609 2759 tuo
2661 2707 2922 2761 miraculo
2945 2706 3024 2762 eis
3049 2715 3280 2771 tantum,
3309 2707 3400 2775 qui
3451 2720 3538 2760 me

1967 2797 2662 2868 diligebant,detegebatur,
2686 2813 2987 2866 parcerem,
3009 2797 3145 2854 etde
3169 2798 3406 2854 melioris
3425 2798 3541 2868 spei

1965 2889 2251 2959 aliquoties
2287 2888 2677 2959 pollicitatione
2702 2891 3015 2960 gauderem.

2041 2981 2281 3036 Invident
2331 2982 2428 3051 ipsi
2479 2982 2684 3036 sodales
2731 2982 2792 3036 ob
2840 2983 3132 3036 scientiam.
3179 2982 3261 3036 Eo
3314 2982 3538 3051 amplius

1969 3073 2178 3125 acuitur
2213 3072 2326 3136 eius
2357 3072 2642 3141 ingenium.
2670 3103 2739 3116 -
2762 3071 2893 3126 Cum
2923 3073 3064 3126 enim
3111 3071 3398 3134 aliquando
3429 3071 3541 3141 spi-

1972 3163 2078 3216 ritu
2127 3162 2328 3217 accdize
2382 3162 2690 3228 ventilarcr,
2722 3162 2836 3236 ([⁵³]
2871 3163 3066 3218 multas
3103 3164 3246 3218 enim
3299 3163 3542 3218 inviden-

1971 3255 2074 3309 tias
2113 3255 2181 3308 ab
2210 3255 2275 3309 iis
2306 3254 2396 3325 qui
2441 3271 2602 3326 supra
2635 3266 2689 3310 et
2723 3256 2876 3325 juxta
2919 3271 3004 3310 me
3055 3265 3231 3322 erant,
3270 3255 3541 3326 patiebar)

1968 3354 2249 3415 parentum
2294 3361 2534 3399 meorum
2589 3345 2929 3401 adminiculis
2979 3345 3286 3416 aSpirabam
3335 3347 3404 3401 ad
3443 3362 3542 3400 ex-

1971 3445 2122 3490 terna
2179 3436 2506 3490 monasteria
2573 3437 2955 3508 commigrare.
3035 3436 3169 3492 Nam
3234 3446 3540 3492 nostratem

1969 3528 2156 3598 aliqui,
2190 3545 2310 3584 cum
2357 3545 2441 3584 me
2483 3529 2610 3584 olim
2641 3530 2797 3598 longe
2825 3529 2965 3586 infra
3018 3546 3078 3586 se
3107 3539 3267 3587 aetate
3297 3547 3360 3586 ac
3390 3531 3540 3587 litte—

1971 3620 2068 3685 ris,
2113 3622 2351 3690 potentia
2393 3629 2448 3676 et
2495 3621 2800 3691 cognitione
2839 3621 3122 3686 vidissent,
3150 3631 3203 3676 et
3232 3621 3398 3677 solius
3425 3622 3544 3692 ejus

1969 3710 2109 3767 dono
2137 3712 2251 3782 ipso
2281 3713 2519 3768 discendi
2561 3714 2858 3784 appetitum
2902 3715 3034 3768 meis
3067 3715 3315 3770 sensibus
3344 3714 3541 3768 instin-

1970 3811 2188 3870 guente,
2214 3803 2302 3870 qui
2340 3803 2504 3856 totius
2535 3811 2618 3858 est
2649 3803 2816 3857 clavis
2846 3804 3107 3870 scientire,
3143 3820 3228 3859 me
3250 3803 3352 3859 sibi
3388 3818 3534 3858 exae-

1969 3891 2146 3960 quari,
2179 3900 2272 3945 aut
2295 3892 2537 3958 omnino,
2575 3893 2620 3948 si
2651 3893 2756 3948 dici
2789 3893 2868 3949 fas
2895 3903 2994 3961 est,
3024 3893 3287 3949 excellere
3316 3907 3540 3964 persen-

1971 3982 2188 4048 sissent,
2221 3992 2372 4038 tanto
2403 3984 2588 4040 furore
2635 3986 2918 4040 adversum
2951 4002 3036 4039 me
3074 4001 3262 4041 eorum
3298 3986 3544 4056 indigna-

1969 4073 2150 4128 bunda
2193 4073 2483 4129 excanduit
2524 4076 2762 4144 nequitia
2801 4085 2860 4130 ut
2892 4092 2976 4132 me
3008 4076 3380 4147 frequentibus
3415 4092 3545 4132 con-

1974 4163 2271 4231 troversiis,
2321 4173 2376 4219 et
2424 4165 2790 4220 simultatibus
2835 4166 3114 4238 fatigatum
3163 4169 3438 4223 multoties
3486 4177 3546 4223 et

1973 4253 2168 4308 vidisse
2216 4262 2270 4308 et
2297 4254 2466 4309 scisse
2513 4254 2723 4311 litteras
2753 4257 3062 4326 pmnitcret.
3095 4256 3340 4312 Studium
3383 4256 3545 4327 plane

1973 4359 2151 4398 meum
2197 4343 2264 4398 ab
2297 4346 2376 4401 eis
2408 4355 2686 4418 tantopere
2713 4347 3052 4414 turbabatdr,
3097 4363 3158 4402 ac
3198 4356 3274 4402 tot
3301 4349 3366 4402 de
3409 4348 3543 4418 ipsis

365 4450 698 4522 Swpiuscule
739 4450 948 4506 revolvit
995 4451 1170 4505 animo
1215 4459 1400 4504 auctor
1439 4467 1555 4520 quia
1578 4452 1632 4505 in
1679 4452 1870 4505 mundo
1899 4459 1947 4518 ι)
1975 4435 2170 4490 “ueris
2201 4445 2411 4506 sumpta
2440 4439 2726 4494 occasione
2751 4454 2849 4508 ρον
2895 4439 3179 4494 θσιὶῑίηυδε
3215 4439 3551 4509 (ἰδιωειῖοηθε.

289 4541 522 4611 reliquit.
563 4572 634 4582 —
666 4542 798 4597 Cum
831 4557 961 4612 ergo
990 4540 1248 4610 paulatim
1275 4550 1654 4596 succrescente
1682 4557 1874 4612 corpu-

287 4630 464 4698 sculo,
520 4632 684 4687 etiam
717 4633 952 4687 animam
1007 4631 1061 4686 in
1124 4632 1576 4701 concupiscentiis
1629 4647 1727 4702 pro
1777 4647 1875 4687 suo

289 4720 514 4776 modulo
545 4732 598 4777 et
641 4722 1028 4793 cupiditatibus
1061 4721 1398 4792 prurientem
1443 4721 1718 4776 surcularis
1764 4723 1874 4778 vita

290 4810 563 4876 titillaret,
592 4812 851 4866 memoria
877 4821 932 4867 et
961 4821 1138 4867 rotatu
1157 4811 1484 4867 creberrimo
1510 4812 1685 4882 qualis
1707 4829 1875 4882 quau-

291 4907 489 4969 tusque
525 4901 576 4954 in
602 4899 798 4955 saeculo
819 4914 936 4955 esse
962 4901 1276 4970 potuissem,
1301 4903 1488 4957 eadem
1508 4916 1640 4971 pene
1663 4917 1876 4972 semper

289 4993 589 5060 repetendo
615 4992 971 5058 revelverem,
993 5001 1048 5048 et
1076 4992 1243 5047 multo
1273 4992 1472 5062 majora
1500 5010 1660 5064 quam
1676 4997 1874 5052 veritas

287 5092 598 5152 pateretur,
645 5099 789 5156 szepe
840 5085 1230 5157 contingerem,
1265 5085 1409 5140 Bone
1460 5087 1634 5151 Deus,
1680 5090 1766 5143 cui
1807 5089 1874 5144 de

291 5173 550 5230 omnibus
577 5191 706 5230 cura
737 5185 841 5240 est,
871 5175 1198 5231 ostendebas
1220 5175 1322 5230 ista
1343 5176 1556 5232 famulae
1583 5188 1689 5232 tuae
1715 5179 1871 5234 matri

291 5275 451 5324 mete,
497 5269 552 5315 et
581 5262 634 5315 in
661 5276 1039 5332 quemcunque
1080 5269 1280 5317 statum
1320 5277 1509 5316 sanum
1556 5265 1760 5332 utique,
1791 5266 1874 5319 vel

289 5351 546 5405 insanum
595 5353 930 5408 conscientia
985 5351 1161 5407 labilis
1210 5352 1560 5418 vertebatur,
1614 5355 1871 5410 visionem

287 5442 537 5511 ejusdem
568 5444 778 5514 species
807 5439 913 5500 non
948 5444 1066 5499 sine
1097 5452 1208 5506 tuo,
1253 5441 1498 5506 Domine,
1535 5441 1740 5511 judicio
1785 5459 1872 5499 sc-

285 5535 582 5604 quebatur.
637 5535 709 5590 At
757 5535 1013 5604 quoniam
1077 5535 1276 5589 multas
1326 5548 1486 5588 curas
1525 5534 1874 5603 perhibentur

284 5623 450 5693 sequi
478 5624 710 5690 somnia,
741 5633 796 5679 et
833 5637 1020 5678 verum
1056 5622 1274 5679 indubie
1304 5631 1544 5686 constat;
1581 5623 1664 5678 ha:
1697 5633 1873 5679 tamen

280 5731 442 5774 cura:
484 5731 589 5771 non
613 5715 853 5771 avaritite
875 5717 1092 5773 testibus
1122 5717 1452 5784 citabantur,
1479 5717 1575 5774 sed
1627 5733 1689 5772 ex
1745 5731 1871 5772 vera

1971 4527 2150 4599 jurgia
2191 4530 2536 4585 motabantur
2569 4540 2625 4585 ut
2670 4533 2737 4586 ad
2787 4533 2889 4586 hoc
2937 4530 3130 4598 solum,
3173 4541 3438 4601 quatenus
3469 4533 3540 4588 ab

1975 4635 2036 4676 ea
2063 4635 2192 4676 cura
2231 4635 2350 4674 mea
2397 4621 2631 4677 resiliret
2679 4623 2926 4688 intentio,
2959 4638 3246 4694 meumque
3277 4624 3539 4694 praepedi-

1975 4721 2124 4767 retur
2153 4712 2445 4783 ingenium,
2484 4714 2616 4768 eniti
2649 4714 2972 4768 viderentur.
3027 4713 3133 4770 Sed
3184 4715 3324 4770 sicut
3359 4717 3538 4771 oleum

1974 4804 2186 4858 camino
2233 4803 2497 4870 additum,
2545 4806 2687 4861 unde
2735 4815 2952 4876 putatur
2991 4807 3362 4877 exstinguere,
3417 4807 3545 4862 inde

1974 4893 2185 4948 flamma
2225 4893 2497 4951 vivaciore
2531 4898 2821 4968 proserpit,
2865 4913 2930 4954 eo
2979 4898 3151 4952 instar
3183 4898 3379 4953 clibani
3427 4913 3534 4967 quo

1975 4987 2206 5058 amplius
2232 5004 2350 5042 mea
2399 5005 2560 5060 super
2589 5005 2653 5045 eo
2700 4991 2881 5046 labore
2910 4991 3129 5046 solertia
3171 4988 3542 5060 premebatur,

1977 5086 2124 5131 tanto
2174 5078 2290 5133 suis
2348 5080 2554 5134 reddita
2609 5081 2876 5136 valentior
2935 5081 3158 5136 testibus
3215 5080 3266 5134 in
3352 5078 3546 5134 melius

1975 5167 2252 5238 agebatur.
2304 5166 2660 5237 Qumstiones,
2709 5173 2905 5240 quibus
2945 5168 3258 5224 mstitnabar
3295 5168 3542 5234 obtundi,

1975 5259 2337 5330 intelligentia:
2364 5262 2651 5328 plurimam
2697 5245 3231 5318 mihi‘acrimouiam
3269 5261 3544 5315 ministra-

1973 5352 2126 5414 bant,
2165 5361 2219 5406 et
2265 5352 2629 5418 objectionum
2677 5354 3012 5409 ditlieultates
3042 5354 3232 5408 crebra
3275 5351 3546 5422 conjectu-

1976 5460 2160 5498 rarum
2194 5462 2436 5501 mearum
2477 5447 2858 5510 ruminatione,
2889 5454 2943 5500 et
2987 5445 3322 5499 diversorum
3355 5457 3540 5498 versa-

1977 5536 2121 5589 tione
2158 5537 2511 5602 voluminum,
2557 5537 3010 5607 mnltiplicitatem
3047 5551 3305 5590 sensuum
3360 5545 3416 5588 et
3463 5523 3545 5588 re-

1976 5626 2274 5694 spondendi
2326 5627 2456 5682 mihi
2497 5628 2788 5682 efﬁcaciam
2835 5629 3137 5698 pariebant.
3199 5625 3313 5680 lloc
3360 5622 3542 5692 itaque

1979 5717 2138 5773 modo
2167 5719 2266 5775 etsi
2295 5720 2611 5790 gravissime
2639 5721 2715 5776 eis
2742 5722 3038 5778 invidiosus
3072 5735 3242 5776 eram.
3281 5726 3333 5771 tu
3366 5725 3545 5770 tamen
