3980 6324
512 308 611 362 871

1410 301 1466 357 ν.
1481 314 1486 316 ’
1500 299 1822 358 GUIDERTI
1863 296 2106 352 ABBATI

2211 296 2249 352 5.
2293 292 2532 352 MARUE
2568 296 2655 353 DE
2687 295 3078 354 NOYIGENTU
3637 312 3717 368 8ἷῖ

513 416 689 482 nosti,
763 414 990 470 Domine
1013 455 1028 480 ,
1082 428 1243 483 quam
1305 427 1497 483 parum
1548 423 1642 468 aut
1713 414 1844 467 nihil
1906 411 2103 464 talibus
2131 416 2175 470 Α
2209 411 2431 480 provida
2467 411 2764 476 retulisset,
2801 427 2926 467 cum
2963 411 3130 466 multa
3165 407 3325 467 animi
3363 425 3718 486 eompunctione

434 549 436 552 μ
512 507 843 575 iuvidebam,
892 514 950 560 et
997 521 1120 560 cum
1158 515 1341 562 nolam
1393 505 1458 559 ad
1504 520 1661 560 suum
1717 503 1847 558 mihi
1887 503 2097 562 libitum

515 609 726 670 turpem
758 613 863 653 non
891 609 1108 668 possent
1140 598 1382 660 inurere,
1414 597 1737 651 astruebant
1781 610 1870 651 me
1903 595 2102 664 ubique

514 691 756 748 rodendo
780 706 880 761 pro
917 690 1200 746 scientioia
1226 689 1532 759 superbire.

585 779 832 833 Mummii
857 779 1165 832 monasterii
1189 778 1488 832 consilium.
1515 808 1584 818 —-
1609 777 1761 831 inter
1789 777 1887 832 has
1913 778 2098 846 igitur,

515 884 654 940 quas
685 868 929 923 ferebam
967 869 1249 939 :rgerrinie
1271 867 1611 931 vexationes,
1643 866 1770 921 licet
1816 865 1868 920 in
1918 865 2104 934 hujus-

515 956 660 1012 modi
715 957 956 1028 auguriis
1016 958 1306 1012 uberrima:
1362 957 1769 1027 parturirentur
1818 955 2098 1018 utilitates,

513 1051 876 1106 lassabundus
917 1050 1136 1104 animus
1175 1051 1276 1104 sub
1317 1049 1528 1104 inﬁnita
1567 1047 1854 1114 aliquoties
1895 1048 2102 1118 cogita-

514 1145 721 1199 tionum
779 1143 1014 1198 tertioue
1059 1141 1372 1211 languebat,
1421 1156 1522 1195 nec
1576 1140 1742 1194 corde
1789 1139 2003 1207 pavido,
2047 1147 2102 1192 et

513 1237 742 1291 rationis
775 1235 981 1290 viribus
1009 1249 1151 1305 stupe
1200 1233 1427 1289 defectis
1471 1231 1777 1302 cogitabam
1806 1231 1934 1300 quid
1976 1246 2102 1300 pro-

515 1329 702 1382 desset
766 1325 1110 1388 adversitas,
1173 1325 1268 1379 sed
1342 1322 1699 1378 libentissime
1750 1321 2099 1376 decreveram

515 1428 707 1489 petere
743 1418 1051 1476 censionem
1082 1431 1190 1486 quo
1225 1415 1466 1471 carnalis
1503 1413 1825 1484 suggerebat
1873 1412 2102 1467 inlirmi-

517 1521 620 1566 tas.
659 1510 792 1566 Cum
836 1526 964 1580 ergo
993 1508 1330 1579 propositum
1359 1506 1712 1578 appulissent,
1746 1515 1805 1559 ut
1852 1519 1958 1558 non
1993 1513 2099 1558 tam

515 1602 778 1658 benevola
799 1602 1012 1657 abbatis
1046 1600 1148 1655 mei
1173 1600 1411 1662 licentia,
1447 1613 1609 1668 quam
1638 1605 1924 1668 parentum
1951 1612 2100 1652 meo-

515 1707 636 1746 rum
667 1692 942 1748 incentivo
969 1700 1023 1748 et
1045 1691 1352 1755 exactione,
1382 1690 1502 1744 loco
1530 1689 1872 1760 digrederer;
1908 1688 2098 1744 matris

2203 511 2256 555 et
2279 501 2536 572 lacrymis
2571 511 2724 556 tanta
2756 502 2920 557 verba
2944 503 3265 572 suscipiens,
3291 504 3340 558 in
3369 513 3554 563 tantam
3589 528 3717 584 vaga.

2203 591 2398 646 bunda:
2430 592 2779 662 cogitationis
2811 593 3105 657 licentiam,
3135 594 3234 649 sub
3262 603 3367 648 tam
3396 596 3715 662 desiderabilis

2204 683 2400 736 somnii
2459 693 2644 738 tenore
2704 684 2922 737 cohiliui
2967 693 3028 738 ut
3083 700 3413 754 nequaquam
3472 690 3719 762 cujuspiam

2205 773 2560 842 aiteriusjam
2595 773 2838 827 traherer
2866 773 3164 827 intentione
3209 776 3454 830 emnobii.

2275 867 2442 939 476
2459 867 2591 920 Item
2622 867 2871 920 Guibcrto
2904 869 2956 921 in
2980 871 3175 922 somnis
3196 881 3402 938 apparet
3425 873 3558 927 beata
3583 874 3718 948 Virgo.

2202 989 2270 1000 —
2298 959 2421 1014 llaec
2462 969 2514 1014 et
2564 959 2649 1013 his
2695 959 2920 1022 similia,
2955 977 2988 1014 ο
3019 961 3271 1026 Domine,
3319 962 3541 1017 caelestis
3590 966 3721 1024 Mater

2205 1048 2418 1119 imperii
2469 1063 2634 1117 super
2681 1060 3027 1118 pecca'orum
3077 1066 3318 1105 meorum
3359 1052 3566 1108 horrore
3595 1071 3722 1126 super

2205 1140 2707 1203 innumerabilibus,
2761 1140 2955 1208 quibus
3006 1156 3035 1194 a
3087 1149 3179 1194 tuo
3232 1156 3411 1195 amore
3453 1151 3500 1196 et
3546 1148 3724 1202 scrvit'o

2204 1231 2429 1295 descivi,
2480 1228 2790 1300 apostasiis,
2839 1245 3024 1284 ansam
3063 1233 3129 1286 ad
3183 1239 3236 1285 te
3284 1232 3528 1286 redeundi
3574 1237 3720 1290 conle-

2205 1331 2351 1386 runt,
2377 1321 2503 1374 dum
2535 1319 2666 1374 mihi
2699 1333 2821 1374 meo
2853 1330 3206 1391 precantatur
3231 1337 3260 1374 a
3291 1323 3468 1387 corde,
3503 1327 3722 1394 amplissi-

2205 1429 2324 1468 mos
2372 1414 2784 1470 clementiarum
2828 1424 3041 1470 tuarum
3087 1415 3237 1469 sinus
3293 1414 3414 1469 ullis
3455 1415 3724 1486 ﬂagitiorum

2203 1522 2449 1562 meormn
2508 1507 2742 1562 molibus
2795 1508 3051 1578 praecludi
3109 1523 3214 1562 non
3270 1519 3446 1577 posse.
3501 1507 3726 1564 Recordor

2203 1598 2366 1652 etiam
2400 1611 2634 1668 semper,
2667 1598 2903 1654 celestis
2937 1597 3185 1662 Domina,
3216 1598 3343 1668 quia
3385 1613 3500 1652 cum
3523 1601 3726 1668 puerulus

2205 1691 2333 1745 huic
2368 1689 2696 1746 assumenda
2744 1689 2953 1745 habitui
2990 1690 3319 1761 aspirarem,
3353 1698 3502 1743 nocte
3539 1691 3726 1759 quadam

513 1797 731 1852 quoque
773 1798 1052 1848 assensus,
1113 1782 1168 1838 id
1218 1781 1334 1837 fieri
1387 1783 1476 1851 pia
1528 1781 1827 1836 intentione
1871 1781 2100 1836 credens
2130 1769 2176 1830 Β
2204 1798 2303 1854 per
2331 1788 2507 1838 visunt
2546 1785 2600 1838 in
2629 1783 2862 1840 ecclesia
2907 1783 2981 1836 ιιιί
3015 1781 3255 1836 nominis
3281 1795 3450 1844 eram,
3479 1791 3530 1835 et
3555 1782 3727 1836 videba-

515 1873 736 1930 adesset
757 1873 906 1944 (nam
940 1873 1076 1929 bene
1117 1872 1400 1942 religiosus
1430 1886 1538 1941 quo
1585 1870 1878 1926 succedere
1903 1870 2101 1940 gestie-

513 1965 639 2021 bam
674 1965 826 2021 locus
876 1965 1171 2035 ferebatur)
1203 1964 1358 2019 testis
1407 1963 1676 2018 malorum
1723 1977 1787 2016 ac
1833 1962 2099 2018 bonorum

514 2072 762 2114 meorum
796 2057 918 2112 talis
943 2059 992 2112 ei
1016 2073 1074 2112 se
1097 2056 1328 2127 praebuit
1353 2056 1511 2109 visio.

587 2147 695 2203 Per
721 2149 888 2202 visum
911 2149 1068 2201 matri
1087 2147 1260 2216 [ilium
1289 2146 1384 2201 sub
1405 2162 1503 2200 sua
1526 2146 1846 2210 proiectione
1875 2146 2101 2201 ostendit

517 2241 583 2295 B.
645 2239 822 2310 Virgo.
853 2270 925 2280 ——
954 2239 1011 2295 In
1056 2239 1287 2295 ecclesia
1335 2239 1569 2294 emnobii
1621 2239 1790 2308 ipsius
1821 2277 1836 2304 ,
1889 2237 2100 2292 scilicet

513 2333 848 2389 Flavicensis
908 2332 1030 2404 [al.,
1083 2330 1498 2402 Flaviaeensis],
1555 2346 1676 2400 qua:
1720 2330 1921 2384 dicitur
1950 2328 2100 2384 Beati

517 2423 820 2490 Geremari,
850 2423 955 2478 sibi
995 2437 1118 2478 esse
1145 2422 1451 2477 videbatur.
1486 2419 1662 2486 Quam
1699 2436 1824 2475 cmn
1848 2419 2103 2488 ,interius

516 2519 835 2574 attendisset
857 2517 1229 2572 desertissime
1251 2516 1596 2580 destitutam;
1623 2514 1920 2568 monachos
1937 2513 2102 2568 etiam

515 2625 624 2664 non
655 2609 816 2665 modo
841 2608 1064 2672 scisses,
1101 2617 1158 2661 et
1185 2605 1482 2660 involucris
1519 2605 1642 2660 lidei
1683 2605 1910 2658 nimium
1945 2620 2106 2659 enor-

517 2700 697 2755 mibus
729 2700 1049 2770 adopertos;
1091 2700 1186 2754 sed
1215 2711 1270 2754 et
1309 2710 1516 2755 statura
1549 2697 1773 2752 cubitali
1811 2696 1864 2750 in
1897 2713 2101 2751 morem

521 2808 712 2848 eorum
752 2807 891 2862 quos
941 2792 1100 2863 vulgo
1145 2807 1316 2846 nanos
1367 2790 1630 2856 vocitant,
1664 2805 1854 2844 omnes
1897 2790 2106 2859 pariter

521 2883 861 2937 imminutos.
895 2882 1001 2937 Sed
1043 2882 1169 2952 quia
1201 2882 1289 2936 ubi
1323 2883 1632 2945 thesaurus,
1672 2880 1743 2934 ibi
1775 2895 1892 2945 cor,
1927 2889 1981 2935 ct
2015 2881 2104 2935 uhi

519 2975 816 3041 contuitus,
873 2975 946 3030 ibi
999 2990 1176 3038 amor,
1226 2989 1350 3029 cum
1381 2975 1448 3028 ad
1488 2987 1574 3028 me
1617 2972 1833 3026 oculum
1874 2972 2103 3028 sollicita

518 3069 870 3132 destinasset,
916 3069 1116 3134 cernit,
1173 3068 1317 3137 quod
1369 3082 1476 3122 non
1513 3066 1707 3122 melior
1751 3067 1965 3121 caeteris
2017 3081 2102 3120 tne

519 3172 692 3218 status
749 3165 1012 3232 erigeret,
1067 3176 1168 3217 nec
1221 3170 1515 3232 apparatus
1569 3160 1781 3226 dignior
1841 3168 2100 3229 operiret.

519 3255 764 3326 Cumque
811 3272 906 3326 pro
945 3271 1066 3311 meo
1114 3266 1168 3309 et
1217 3264 1381 3309 tanta:
1427 3253 1678 3308 Ecclesiae
1731 3260 1922 3305 moesta
1968 3250 2108 3306 foret

439 3377 446 3388 κ
521 3346 859 3413 discrimine,
893 3361 1022 3402 ecce
1050 3347 1277 3402 infinitae
1306 3344 1728 3415 pulchritudinis
1757 3357 1822 3398 ac
1855 3340 2109 3410 majesta-

523 3440 594 3494 tis
630 3438 832 3494 femina
879 3455 977 3510 per
1021 3439 1254 3494 mediam
1279 3436 1580 3506 ibasilicam
1627 3435 1694 3489 ad
1724 3435 1898 3489 altare
1937 3447 2110 3503 usque

520 3529 810 3598 processit,
838 3544 1002 3599 quam
1045 3528 1201 3596 quasi
1231 3526 1521 3597 juvencnla
1561 3525 1916 3594 sequebatur,
1959 3521 2110 3590 cujus

521 3623 733 3692 species
790 3623 907 3692 ejus
971 3622 1198 3676 multum
1249 3619 1440 3674 idonea
1503 3618 1792 3674 videbatur
1849 3616 2110 3686 obsequio

521 3728 686 3783 quam
716 3713 1159 3768 consectabatur.
1209 3711 1344 3766 Cum
1379 3725 1510 3781 ergo
1558 3709 1931 3766 curiosissima
1965 3718 2108 3764 esset

523 3806 666 3862 seire
687 3820 934 3876 quamam
966 3805 1109 3859 foret
1136 3804 1353 3859 domina
1380 3803 1528 3874 ipsa,
1557 3803 1764 3858 dictum
1795 3811 1879 3857 est
1912 3802 1959 3855 ei
1985 3801 2110 3871 quia

522 3907 671 3953 esset
715 3897 934 3952 domina
979 3896 1355 3952 Carnotensis.
1405 3895 1559 3962 Quod
1613 3909 1713 3949 nec
1750 3907 1899 3948 mora
1942 3891 2113 3960 conji-

524 3991 695 4055 ciens,
741 3990 957 4046 beatam
994 3989 1104 4044 °Dei
1146 3989 1480 4045 Genitricem
1514 3987 1801 4052 intellexit,
1831 3986 1921 4056 (")
1960 3985 2113 4056 cujus

529 4097 726 4138 nomen
766 4089 820 4135 et
860 4081 1086 4152 pignora
1132 4079 1334 4135 ibidem
1376 4079 1543 4132 totius
1583 4093 1717 4147 pene
1745 4077 1923 4131 Latini
1963 4076 2112 4130 orbis

525 4173 875 4227 veneratione
925 4172 1196 4226 coluntur.
1242 4172 1322 4224 Ad
1365 4169 1536 4223 altare
1571 4169 1735 4238 igitur
1762 4168 2108 4237 perveniens,

527 4280 703 4335 genua
747 4265 814 4320 ad
858 4265 1159 4320 orationem
1202 4261 1384 4327 ﬂexit;
1440 4258 1532 4314 sed
1588 4269 1640 4314 et
1681 4260 1787 4325 illa,
1825 4275 1945 4329 qua:
1989 4269 2111 4329 post

527 4359 698 4426 ipsam
734 4356 940 4428 ingredi
975 4356 1281 4418 videbatur,
1321 4350 1518 4406 nobilis
1543 4350 1889 4420 pedissequa,
1925 4349 2110 4404 itidem

2205 1884 2295 1929 tur
2322 1876 2453 1930 mihi
2483 1873 2628 1945 quod
2657 1889 2688 1927 a
2733 1875 2944 1930 duobus
2978 1873 3046 1928 ab
3071 1874 3187 1944 ipsa
3217 1872 3498 1927 auferebar
3520 1873 3721 1928 damoni-

2204 1967 2324 2023 bus.
2353 1967 2602 2038 Cumque
2633 1967 2699 2022 ad
2728 1967 2967 2023 basilica:
3005 1981 3092 2022 me
3134 1965 3412 2034 fastigium
3441 1965 3727 2032 extulissent,

2208 2061 2555 2132 aufugerunt,
2599 2070 2654 2118 et
2684 2061 2947 2116 intactum
2981 2061 3122 2115 intra
3153 2059 3394 2129 ejusdem
3426 2069 3564 2129 septa
3592 2059 3732 2114 eccle-

2205 2155 2298 2210 sia:
2328 2155 2678 2212 dimiserunt.
2713 2155 2839 2210 [hec
2867 2153 3163 2218 multoties,
3204 2153 3335 2206 dum
3370 2167 3537 2206 meam
3565 2151 3730 2206 intueor

2207 2227 2757 2318 incorrigibilitatem,
2803 2244 3147 2310 reminiscor,
3177 2251 3232 2297 et
3277 2242 3405 2296 dum
3449 2245 3616 2295 eadem
3641 2255 3734 2311 pec-

2205 2350 2328 2394 cata
2356 2341 2552 2410 saepius
2585 2349 2792 2410 repeto,
2835 2339 2945 2393 imo
2983 2335 3234 2406 pessimis
3261 2334 3448 2405 pejora
3487 2331 3733 2400 superiore,

2207 2434 2272 2488 ad
2307 2443 2378 2501 te,
2422 2435 2695 2505 piissima,
2728 2447 2828 2502 pro
2877 2429 3132 2484 evitando
3179 2428 3357 2482 solum
3403 2426 3736 2496 desperationis

2206 2526 2447 2596 periculo
2478 2544 2584 2581 non
2619 2527 2800 2581 nimiae
2832 2524 2969 2594 spei,
3000 2531 3091 2576 aut
3117 2518 3350 2588 alicujus
3380 2535 3548 2588 parva:
3572 2517 3737 2571 fiducia:

2207 2619 2468 2673 abusione
2500 2635 2743 2674 recurro.

2281 2709 2395 2764 Etsi
2441 2710 2586 2764 enirn
2641 2726 2856 2778 semper
2904 2725 2971 2764 ex
3013 2706 3244 2778 impulsu
3303 2703 3619 2774 fragilitatis,
3659 2715 3739 2755 non

2209 2800 2480 2870 superbire
2520 2799 2891 2854 obstinatione
2921 2797 3195 2866 delinquo,
3223 2810 3378 2864 spem
3413 2802 3578 2846 tamen
3602 2789 3739 2843 nulla-

2211 2900 2368 2948 tenus
2390 2890 2750 2946 correctionis
2777 2890 2989 2943 amitto.
3015 2888 3228 2957 Septies
3249 2885 3413 2956 plane
3436 2880 3738 2949 caditjuslus,

2207 2994 2263 3040 et
2308 2985 2545 3056 resurgit
2601 2982 2784 3057 (Prov.
2821 2998 2968 3046 xxiv,
3027 2980 3134 3047 lli).
3198 2979 3255 3034 Si
3311 2975 3630 3048 septenarius
3666 2989 3740 3042 pro

2208 3078 2564 3132 universitate
2615 3091 2870 3131 numerus
2920 3071 3235 3129 solemniter
3293 3071 3527 3140 ponitur,
3569 3067 3746 3136 quibus-

2210 3186 2425 3241 cunque
2466 3171 2640 3224 modis
2673 3169 2948 3239 peccando
2980 3167 3102 3237 quis
3141 3164 3325 3229 cadat,
3355 3163 3399 3218 si
3440 3159 3745 3215 intentionem

2211 3265 2525 3334 rcsurgendi
2571 3263 2636 3316 ad
2666 3262 2934 3333 justitiam
2983 3259 3200 3325 habeat,
3229 3256 3482 3326 quamvis
3511 3269 3570 3307 ex
3598 3264 3748 3306 carna-

2210 3359 2360 3413 litale
2391 3357 2622 3420 labatur,
2657 3357 2699 3408 si
2727 3354 2969 3408 dolorem
3003 3360 3148 3404 recte
3173 3347 3493 3418 paenitentis
3517 3343 3746 3401 adhibeat,

2211 3462 2553 3517 nequaquam
2574 3444 2706 3514 justi
2749 3443 2968 3496 nomine
2999 3455 3119 3494 sese
3145 3439 3351 3509 privat.
3397 3436 3466 3490 Ut
3497 3434 3612 3503 quid
3637 3432 3749 3484 enini

2211 3541 2480 3597 clam-:tur
2509 3538 2573 3590 ad
2602 3538 2790 3602 Deum,
2830 3543 2888 3586 ut
2927 3534 2992 3588 de
3022 3530 3221 3586 nostris
3255 3545 3358 3584 nos
3389 3523 3752 3582 necessitatibus

2210 3622 2367 3688 eruat
2408 3629 2581 3701 (Pali.
2621 3644 2770 3688 xxiv,
2809 3627 2920 3696 li),
2956 3626 3059 3680 nisi
3103 3624 3229 3693 quia
3283 3632 3496 3676 natura:
3526 3615 3754 3684 corruptio

2211 3727 2422 3796 peccati
2473 3726 2697 3780 servitio
2749 3738 2848 3776 nos
2901 3719 3129 3775 velimus
3181 3713 3421 3767 nolimus
3471 3703 3754 3764 addemnatl

2218 3795 2236 3867 ι
2272 3817 2460 3881 Video,
2487 3817 2585 3879 ait,
2611 3814 2883 3884 captivum
2915 3823 3000 3865 me
3023 3807 3312 3862 ducentem
3340 3803 3395 3857 in
3426 3801 3538 3874 lege
3567 3795 3754 3871 peccati,

2211 3910 2453 3979 qum'est
2495 3909 2548 3962 itt
2607 3907 2864 3962 membris
2913 3903 3077 3967 meis;
3135 3915 3239 3956 non
3287 3897 3441 3951 enim
3493 3893 3623 3964 quod
3663 3890 3756 3942 volo

2212 4001 2414 4055 bonum
2457 4001 2557 4054 hoc
2603 4013 2724 4066 ago,
2776 3997 2870 4052 sed
2909 3996 3053 4064 quod
3099 3992 3223 4048 nolo
3265 3989 3496 4049 malum,
3525 3987 3619 4041 hoc
3651 3981 3759 4036 iacio

2213 4092 2396 4164 (Rom.
2431 4109 2526 4162 vit,
2559 4096 2672 4166 ‘23).
2707 4114 2724 4146 ι
2759 4093 2853 4148 Est
2880 4100 3058 4145 autem
3088 4085 3421 4157 profundum
3444 4076 3758 4152 quorumdam

2214 4187 2507 4254 malorum,
2542 4190 2595 4244 in
2631 4187 2774 4258 quod
2817 4202 2940 4242 cum
2981 4182 3193 4238 venerit
3232 4178 3458 4248 impius,
3506 4167 3760 4258 contemnit

2215 4275 2400 4348 (Prov.
2449 4295 2603 4344 xvttt,
2639 4257 2715 4350 3),
2760 4289 2815 4333 et
2867 4285 3048 4331 tamen
3097 4285 3260 4342 super
3297 4265 3622 4338 qttihusdam
3669 4257 3761 4350 aliis

2214 4369 2500 4441 profundis
2545 4371 2813 4424 clamatur
2864 4368 2931 4422 ad
2991 4367 3194 4430 Deum,
3246 4375 3350 4415 nec
3407 4370 3558 4412 suam
3601 4348 3765 4422 petitor

532 4467 563 4504 a
611 4460 762 4520 tergo
805 4449 922 4521 ejus
968 4449 1117 4504 fecit.
1166 4446 1292 4501 Inde
1325 4457 1659 4515 consurgens
1709 4457 1831 4496 cum
1875 4441 2107 4510 plurima
2144 4475 2193 4536 υ
2220 4463 2432 4518 dum,“
2457 4465 2706 4519 exaudiri
2741 4477 2949 4516 vocem.
2987 4459 3079 4514 Es,
3108 4455 3377 4527 siquidem
3408 4441 3766 4520 desperationis

528 4543 684 4613 quasi
725 4537 1198 4596 animadversione
1237 4545 1487 4607 protenta
1536 4552 1719 4601 manu,
1758 4553 1776 4585 ι
1812 4536 1970 4598 hanc,
2028 4534 2112 4588 iti-

528 4635 679 4704 quit,
733 4634 1019 4688 ecclesiam
1063 4646 1162 4702 ego
1229 4627 1470 4693 institui,
1523 4643 1626 4698 qua
1677 4626 1884 4680 ratione
1937 4627 2113 4694 patiar

530 4726 792 4780 destitui?
827 4729 888 4780 Et
920 4727 986 4780 ad
1026 4741 1112 4779 me
1139 4723 1365 4778 subinde
1399 4721 1805 4777 serenissiumm
1851 4717 2112 4784 pietatem

528 4819 784 4890 signifera
830 4820 1070 4890 dirigens
1118 4817 1359 4881 oculum,
1401 4814 1876 4880 clarissimamque
1929 4813 2118 4867 dexte-

531 4932 683 4969 ram:
721 4933 738 4965 ι
769 4914 944 4980 Hune,
979 4916 1074 4976 ait,
1109 4915 1215 4968 huc
1259 4911 1482 4973 adiuxi,
1521 4919 1576 4962 ct
1624 4909 1949 4961 monachum
1987 4906 2113 4973 feci,

531 5023 693 5078 quem
722 5008 868 5062 nullo
909 5007 1069 5062 modo
1097 5007 1276 5076 patiar
1296 5005 1425 5058 hinc
1465 5001 1683 5056 abduci.
1716 5021 1732 5052 ι
1771 4999 1896 5056 Haec
1923 4997 2115 5055 eadem

537 5103 698 5156 verba
756 5101 981 5172 prtcfata
1055 5108 1175 5168 post
1234 5099 1346 5166 ipsa
1409 5097 1526 5165 pari
1588 5096 1745 5150 modo
1796 5094 2115 5164 pcdissequa

536 5197 832 5250 astruebat.
889 5193 1111 5245 Dixerat
1155 5190 1493 5259 potensilla,
1562 5198 1618 5243 et
1683 5189 1830 5243 dicto
1887 5199 2118 5242 ce.crtus

538 5291 714 5344 omnis
753 5289 838 5343 illa
887 5286 1173 5350 desolatio,
1203 5294 1258 5339 et
1302 5286 1526 5340 vastitas
1559 5285 1625 5339 ad
1659 5283 1927 5354 integrum
1960 5295 2115 5350 repa-

542 5394 692 5438 ratur
713 5397 940 5453 quaeque
971 5381 1218 5452 primitus
1249 5379 1552 5446 videbatur,
1582 5387 1635 5432 et
1671 5387 2004 5432 staturarum
2030 5375 2118 5428 illa

539 5478 779 5531 enormis
822 5476 1123 5541 modicitas,
1163 5491 1270 5528 non
1324 5475 1483 5528 modo
1531 5484 1876 5537 cteterorum,
1931 5471 2023 5525 sed
2065 5479 2120 5524 et

541 5585 658 5624 mea
697 5566 934 5638 potentia
964 5566 1437 5636 faventcjubcntis
1483 5566 1713 5636 imperio
1743 5564 1810 5620 ad
1849 5569 2116 5636 regulam,

543 5664 880 5718 emendatur.
931 5661 1096 5728 Hujus
1122 5663 1256 5717 mihi
1299 5661 1524 5716 visionis
1556 5661 1754 5716 seriem
1799 5676 1921 5715 cum
1953 5669 2123 5715 mater

617 5775 727 5842 (58)
768 5773 924 5826 Deest
953 5774 1174 5844 aliquid.

2219 4572 2285 4611 ex
2327 4557 2534 4627 peccati
2588 4557 2866 4612 nimietate
2915 4559 3280 4620 contemptus,
3328 4547 3422 4618 qui
3473 4557 3588 4600 esse
3624 4542 3769 4610 potest

2219 4648 2472 4721 profundi
2503 4647 2685 4718 hujus,
2710 4664 2817 4718 quo
2845 4665 2951 4704 non
2977 4655 3060 4702 est
3089 4641 3392 4699 substantia
3419 4636 3588 4709 (Psal.
3607 4643 3765 4687 vani.

2225 4741 2312 4811 5),
2372 4741 2423 4793 in
2471 4756 2575 4810 qua
2630 4740 2848 4794 miseria
2889 4756 2994 4793 non
3042 4733 3387 4797 subsistitur;
3449 4738 3535 4784 est
3574 4723 3770 4790 denique

2226 4832 2551 4903 profundum
2581 4832 2646 4886 de
2686 4847 2793 4902 quo
2836 4830 3098 4885 Jeremias
3128 4824 3544 4898 panniculorum
3574 4816 3770 4881 subliga-

2231 4927 2376 4980 tioue
2431 4925 2767 4996 protrahitur
2819 4925 2953 4995 (Jer.
3011 4938 3204 4987 xxvttt,
3259 4920 3370 4992 ll),
3425 4912 3569 4986 quod
3612 4919 3772 4979 quam‘

2232 5017 2313 5070 \‘is
2345 5016 2480 5088 (58).
2509 5017 2678 5072 Porro
2701 5016 2923 5070 fundunt
2953 5025 3134 5067 tamen
3165 5011 3327 5066 habet
3359 5028 3372 5063 :
3403 5008 3531 5078 quia
3563 4996 3773 5072 quamvis

2231 5107 2540 5180 ingentibus
2580 5109 2650 5162 sit
2695 5123 2848 5162 mens
2881 5106 3101 5160 dimissa
3133 5102 3387 5174 peccatis,
3418 5099 3582 5152 habet
3624 5103 3773 5146 tamen

2226 5201 2552 5268 talceunque
2594 5198 2931 5255 obstaculutn
2974 5195 3204 5251 rationis
3239 5204 3295 5248 ut
3330 5207 3441 5246 non
3481 5191 3676 5242 feratur
3699 5192 3776 5248 per

2226 5291 2607 5347 interminatus
2633 5288 2922 5360 voragines
2947 5287 3064 5343 sine
3091 5286 3196 5340 ulla
3226 5281 3620 5354 recogitatione
3644 5270 3779 5326 totius

2224 5383 2546 5454 iniquitatis.
3699 5371 3706 5376 ’

2811 5473 3039 5530 CAPUT
3078 5473 3237 5528 XVII.

2303 5572 2457 5627 Poesi
2502 5570 2618 5640 plus
2668 5585 2815 5638 a'qtto
2853 5565 3141 5620 delectatur
3171 5563 3484 5634 .Guibertus.
3517 5555 3782 5609 ——iuterca

2231 5681 2352 5721 cum
2383 5663 2729 5719 versificandi
2759 5663 2940 5718 studio
2971 5661 3109 5716 ultra
3142 5670 3349 5712 omnem
3376 5651 3600 5707 modum
3630 5652 3782 5699 ineunt
