3980 6324
182 256 278 321 873

1191 239 1284 302 DE
1318 237 1484 313 Vl'l’A
1514 240 1655 301 SUA
1690 234 1875 297 LIBRI
1904 236 2106 298 TRES.
2124 230 2214 284 "-77-
2238 236 2368 296 LIB.
2391 237 2431 297 Ι.

3318 242 3424 308 8η

179 360 403 432 animum
428 336 827 427 immersissem,
856 357 933 416 ita
966 363 1026 415 ut
1050 356 1318 415 universae
1354 358 1549 415 divinae
1578 354 1729 427 pagi-

1840 350 2033 422 saepins
2070 361 2250 410 tamen
2296 353 2527 409 mentito
2575 358 2822 421 auctore,
2862 350 2977 426 ipsa
3021 354 3221 427 quibus
3265 364 3421 427 pote-

169 479 247 524 nm
265 457 400 518 seria
424 467 524 527 pro
551 453 686 508 ‘tam
722 451 954 508 ridicula
985 451 1225 509 vanitate
1273 440 1628 523 seponerent,
1660 448 1730 505 ad

164 559 256 615 hoc
310 554 473 625 ipsum
523 544 678 601 (luce
739 561 860 602 mea
908 545 1130 602 levitate
1178 542 1293 614 jam
1350 559 1607 600 veneram
1667 552 1730 598 ut

164 648 399 707 Ovidiana
453 650 508 698 et
568 638 946 696 Bucolicorum
1006 639 1150 695 dicta
1196 652 1613 711 praesumerem,
1677 642 1732 691 et

163 742 355 811 lepores
391 738 719 811 amatorios
755 731 812 788 in
868 731 1172 803 specierum
1222 727 1730 792 distributionibus,

169 808 489 904 epistolisque
569 808 840 879 nexilibus
915 822 1254 878 alfectarem.
1329 819 1506 876 Oblita
1565 818 1732 890 igitur

174 937 315 979 mens
342 918 501 975 debiti
538 916 756 989 rigoris,
796 925 853 972 et
885 914 1240 988 professionis
1274 913 1591 968 monasticae
1634 926 1734 983 pu-

173 1012 293 1069 dore
324 1010 540 1078 rejecto,
591 1008 787 1064 talibus
816 1008 1099 1063 virulenta:
1135 1005 1295 1075 hujus
1321 1006 1555 1062 licentia:
1579 1003 1732 1061 leuo-

169 1105 315 1163 ciniis
367 1104 689 1168 lavabatur,
756 1103 862 1159 hoc
906 1102 1080 1159 solum
1133 1104 1428 1167 trutinans,
1477 1102 1524 1157 si
1558 1110 1733 1172 poeta:

170 1196 389 1268 cuipiam
418 1194 746 1264 comportari
779 1205 993 1266 poterat
1037 1195 1181 1267 quod
1209 1195 1486 1251 curialiter
1514 1192 1732 1249 diceba-

171 1299 285 1346 tur:
319 1287 621 1344 nullatenus
674 1303 809 1344 vero
866 1287 1148 1360 pensitans
1201 1297 1538 1359 quantOpere
1588 1286 1733 1343 sacri

165 1381 379 1447 ordinis,
416 1380 483 1434 de
517 1395 581 1435 ea
603 1394 725 1451 quae
760 1379 1175 1437 desiderabatur
1207 1380 1494 1445 industria,
1528 1393 1732 1451 propo-

165 1472 317 1529 situm
357 1470 668 1528 laedebatur.
715 1470 880 1543 Cujus
924 1473 1182 1529 nimirum
1218 1474 1510 1544 utrobique
1553 1481 1734 1543 rapta-

162 1563 254 1620 bar
320 1561 481 1636 [deest
520 1563 656 1634 forte
695 1578 911 1634 amore,
952 1563 1028 1619 vel
1077 1562 1400 1636 voluptate],
1450 1565 1576 1619 dum
1624 1580 1731 1620 non

164 1657 323 1714 solum
350 1658 641 1713 verborum
667 1657 932 1725 dulcium,
963 1674 1083 1729 qum
1122 1674 1151 1713 a
1180 1659 1360 1730 poetis
1387 1673 1730 1729 acceperam,

162 1749 249 1804 sed
284 1756 336 1804 et
372 1763 494 1819 quae
542 1764 644 1822 ego
689 1750 1039 1819 profuderam
1071 1750 1313 1807 lasciviis
1346 1752 1613 1817 irretirer,
1644 1767 1732 1809 ve.

160 1856 269 1897 rum
299 1840 462 1897 etiam
493 1857 593 1913 per
623 1844 817 1898 horum
844 1853 899 1898 et
947 1844 1036 1900 his
1076 1844 1335 1899 similium
1364 1843 1734 1901 revolutiones

158 1930 439 1986 immodica
463 1931 756 2005 aliquoties
785 1932 970 1989 carnis
992 1948 1125 1989 mea:
1155 1933 1465 1989 titillatione
1496 1943 1730 1991 tenerer.

158 2022 412 2092 Quoniam
448 2023 568 2080 haec
618 2025 829 2081 terebat
866 2024 1122 2082 volubilis
1150 2034 1207 2081 et
1234 2026 1397 2081 totius
1423 2026 1735 2083 severitatis

154 2112 459 2183 infrequens
511 2114 763 2182 animus,
824 2111 963 2171 alius
1013 2113 1258 2187 profecto
1317 2120 1425 2170 non
1483 2124 1734 2186 poterat,

154 2219 303 2275 quam
340 2219 505 2277 quem
543 2206 809 2278 cogitatio
854 2215 1222 2279 suggesserat,
1267 2220 1299 2262 e
1351 2205 1511 2262 labiis
1540 2222 1736 2279 proce-

151 2299 269 2357 dere
295 2313 483 2356 sonus.

214 2393 435 2466 Scriptis
472 2402 525 2450 et
571 2395 739 2452 verbis
766 2394 987 2453 obscena
1025 2394 1243 2469 profert.
1290 2393 1445 2463 Quod
1478 2401 1525 2449 et
1554 2392 1736 2464 pateﬁt

148 2487 385 2544 divinitus
427 2490 711 2560 magistro.
736 2519 808 2533 ο-
834 2489 962 2546 lude
1011 2492 1210 2547 accidit
1252 2499 1312 2544 ut
1349 2488 1739 2545 effervescente

149 2580 386 2637 interiori
416 2582 580 2637 rabie
607 2582 675 2636 ad
701 2580 994 2638 obseeuula
1022 2584 1269 2653 quaedam
1300 2581 1464 2637 verba
1489 2581 1739 2637 devolve-

148 2688 251 2739 rer,
280 2681 338 2728 et
379 2673 607 2744 aliquas
644 2673 913 2730 litterulas
960 2675 1143 2732 minus
1167 2676 1319 2747 pensi
1358 2693 1421 2732 ac
1470 2678 1738 2734 moderati

145 2765 427 2832 habentes,
450 2767 573 2821 imo
604 2766 771 2823 totius
803 2767 1106 2824 honestatis
1147 2768 1360 2824 nescias
1402 2768 1738 2827 dictitarem.

144 2857 266 2926 Qua:
308 2875 434 2915 cum
474 2860 548 2915 ad
600 2860 846 2931 magistri
889 2860 1135 2932 praedicti
1177 2862 1428 2917 notitiam
1457 2863 1740 2935 pervenis:-

142 2958 277 3017 sent,
320 2958 377 3007 et
418 2952 546 3023 ipse
598 2953 882 3024 aegerrime
936 2952 1126 3021 ferret,
1168 2955 1226 3009 in
1253 2954 1400 3011 illius
1443 2958 1739 3013 exacerba-

1834 460 1952 501 ram
1983 446 2303 513 recitabam,
2344 454 2398 501 ct
2438 446 2663 503 hetabar
2691 464 2752 504 ea
2801 463 2831 503 a
2868 447 2976 505 voti
3010 448 3115 505 mei
3148 451 3422 508 consorti-

1833 536 1935 594 bus
1961 538 2284 605 collaudari,
2318 555 2438 612 quae
2475 557 2594 597 mea
2629 540 2744 598 fore
2794 543 2953 597 rebar
2979 558 3206 613 prorsus
3237 544 3423 601 incon-

1832 632 2059 687 veniens
2086 632 2348 703 proliteri,
2383 643 2438 689 et
2464 638 2606 705 quod
2637 636 2703 689 ad
2739 635 2972 692 fructum
3008 638 3170 694 ullius
3204 640 3422 698 auctori

1834 739 1933 781 suo
1962 740 2069 780 non
2102 726 2361 796 proderat
2389 727 2584 795 laudis,
2627 728 2743 784 solo
2786 732 3028 787 restabat
3057 731 3261 800 fructu,
3307 734 3422 792 imo

1836 816 2170 887 turpitudine
2213 817 2453 888 gaudere
2502 820 2733 889 peccati.
2783 820 2888 877 Sed
2923 824 3056 891 haec,
3100 824 3285 895 Pater,
3318 842 3423 898 pu-

1835 909 1990 977 nisti,
2042 912 2262 980 quando
2308 910 2547 967 voluisti.
2594 912 3012 985 Emergentibus
3044 919 3191 974 enim
3232 920 3451 980 contra

1837 1020 1924 1059 me
1956 1018 2120 1074 super
2150 1003 2244 1058 tali
2288 1019 2452 1075 opera
2503 1004 2837 1071 infortuniis,
2880 1018 2934 1064 et
2980 1010 3144 1066 multa
3177 1012 3425 1070 animum

1837 1104 2158 1167 evagantem
2185 1096 2525 1152 adversitate
2550 1097 2796 1164 eiuxisti,
2834 1108 2889 1155 et
2919 1104 3165 1173 corporis
3192 1104 3427 1164 inﬁrmi-

1837 1196 1947 1244 tate
1975 1190 2246 1259 pressisti.
2276 1191 2533 1247 Pervenit
2566 1208 2697 1266 ergo
2744 1208 2871 1249 tunc
2902 1196 3117 1267 gladius
3146 1202 3425 1273 usquead

1837 1281 2096 1348 animam,
2131 1282 2260 1339 dum
2290 1285 2507 1341 vexatio
2535 1287 2715 1357 attigit
2749 1287 3185 1361 intelligentiam.

1906 1416 1973 1471 Β.
2000 1414 2238 1489 Gregorii
2259 1419 2472 1490 scripta,
2497 1436 2598 1491 quo
2623 1420 3021 1492 intelligentiam
3045 1421 3107 1478 S.
3134 1420 3430 1495 Scriptura!

1837 1509 2238 1579 adipisceretur,
2292 1511 2523 1566 revolvit.
2573 1510 2799 1567 Doctore
2830 1511 2896 1567 Β.
2928 1512 3176 1568 Anselnto
3215 1514 3428 1569 easdem

1836 1600 2214 1673 interpretandi
2262 1604 2475 1657 modum
2519 1605 2765 1659 addiscit.
2792 1634 2864 1645 —
2890 1604 3024 1661 Cum
3058 1605 3240 1675 itaque
3266 1621 3428 1677 ptena

1766 1716 1810 1774 Β
1837 1695 2045 1765 peccati
2085 1693 2420 1750 intellectum
2467 1695 2706 1751 dedisset
2740 1696 2947 1751 auditui
2973 1737 2988 1763 ,
3041 1706 3168 1752 tunc
3208 1697 3427 1753 demum

1837 1786 2046 1841 inutilis
2098 1787 2267 1843 studii
2308 1796 2584 1842 marcente
2642 1786 2909 1851 socordia,
2943 1802 3065 1842 cum
3108 1799 3288 1843 tamen
3328 1787 3427 1843 otii

1836 1877 2127 1948 impatiens
2171 1892 2368 1943 essem,
2397 1878 2551 1949 quasi
2575 1893 2639 1933 ex
2672 1878 2997 1933 necessitate
3047 1877 3262 1947 rejectis
3290 1877 3426 1933 ima.

1836 1969 2226 2039 giuationibus,
2277 1970 2664 2041 spiritualitate
2720 1978 2972 2042 recepta,
3028 1968 3095 2024 ad
3163 1968 3426 2025 exercitia

1837 2063 2207 2119 commodiora
2249 2064 2490 2133 perveni.
2527 2062 2677 2134 ϐωρὶ
2724 2062 2891 2133 igitur
2933 2060 3046 2131 jam
3097 2076 3221 2118 sero
3266 2061 3332 2116 ad
3372 2060 3430 2117 id

1836 2154 1983 2223 quod
2011 2168 2158 2225 saepe
2181 2170 2210 2209 a
2236 2154 2485 2226 plurimis
2513 2154 2646 2209 mihi
2678 2153 2835 2209 bonis
2863 2151 3177 2208 doctoribus
3198 2150 3434 2223 praestil-

1838 2244 2007 2300 latum
2038 2244 2238 2313 fuerat,
2272 2243 2559 2310 anhelare;
2601 2244 2812 2299 scilicet
2841 2244 3247 2314 Scripturaium
3277 2250 3432 2299 com-‘-

1840 2338 2038 2393 mentis
2062 2338 2365 2403 intendere,
2396 2336 2736 2409 Gregoriana
2767 2337 2936 2403 dicta,
2969 2337 3022 2390 in
3052 2336 3250 2407 quibus
3294 2335 3431 2392 artis

1839 2426 2003 2498 hujus
2053 2430 2394 2501 potissimum
2429 2429 2777 2500 reperiuntur
2805 2428 3016 2493 claves,
3052 2428 3302 2485 crebrius
3353 2437 3437 2484 te-

1841 2535 1985 2587 rere,
2022 2522 2318 2578 secundttm
2356 2530 2598 2577 veterum
2646 2528 2928 2576 auctorum
2977 2519 3212 2591 regulas,
3248 2521 3314 2575 ad
3350 2519 3435 2577 ιιι-

1840 2613 2160 2687 legoricum,
2189 2627 2283 2670 seu
2311 2614 2596 2682 moralem,
2636 2612 2766 2684 quin
2796 2622 2851 2669 et
2899 2616 3254 2684 anagogicum
3306 2627 3440 2670 sen-

1840 2722 1961 2763 sum
1990 2705 2328 2779 prophetica,
2361 2706 2447 2761 vel
2489 2707 2800 2777 evangelica
2831 2705 2995 2762 verba
3041 2706 3432 2776 perstringere.

1839 2797 1899 2854 lu
1928 2798 2014 2855 bis
2044 2796 2373 2869 praecipuum
2416 2797 2579 2853 habui
2608 2798 2941 2854 incentorem
2977 2794 3304 2853 Beccensem
3334 2796 3437 2853 ab-

1841 2890 2022 2948 batem
2053 2892 2399 2961 Auselmum,
2443 2902 2633 2962 postea
2681 2894 3128 2950 Cantuariensem
3160 2892 3437 2964 archiepi-

1842 3001 2065 3059 scopum
2098 3002 2165 3042 εκ
2201 2986 2549 3058 transalpinis
2592 2988 2861 3058 partibus,
2902 2987 3216 3058 Augustana
3241 2985 3437 3043 videli—

141 3042 281 3098 tione
310 3043 526 3149 fastidii
590 3059 714 3149 cunt
761 3045 1381 3149 contigit.obdo‘rtnisseL
1417 3049 1535 3117 Quo
1575 3067 1738 3120 sopo-
1764 3076 1813 3141 ς
1843 3042 2188 3149 “(regione
2223 3042 2546 3147 oriundum,
2582 3042 2761 3134 ξενική
2808 3042 3296 3149 ίιίηοηῷδηωιριη
3333 3042 3434 3135 do.

142 3145 256 3191 rato
284 3136 410 3192 talis
439 3136 492 3192 ei
543 3150 608 3192 se
655 3136 884 3208 ingessit
917 3138 1075 3194 visio.
1129 3138 1326 3196 Senior
1363 3143 1581 3200 canitiei
1620 3144 1740 3215 pul-

137 3228 447 3295 cherrimae,
497 3228 619 3284 imo
654 3229 701 3284 is
750 3229 884 3300 ipse,
924 3230 969 3286 si
1025 3231 1207 3288 dicere
1252 3231 1508 3299 audeam,
1550 3236 1641 3306 qui
1667 3236 1737 3307 [in

136 3320 286 3377 initio
317 3335 407 3376 me
456 3320 529 3376 ad
564 3319 817 3375 eumdem
849 3322 1201 3394 perduxerat,
1240 3334 1296 3381 et
1333 3341 1577 3382 amorem
1619 3326 1738 3398 ejus

133 3412 261 3467 mihi
309 3427 544 3483 semper
582 3410 901 3468 adfuturum
945 3416 1427 3487 spopomlcrat,_ei
1466 3421 1736 3490 apparuit,

132 3506 607 3578 severissimeque
640 3507 821 3563 intulit
850 3522 866 3562 :
900 3527 918 3561 ι
946 3506 1103 3577 Volo,
1142 3509 1341 3580 inquit,
1365 3518 1425 3566 ut
1448 3511 1514 3583 de
1541 3512 1739 3572 litteris

90 3614 247 3673 oquae
288 3599 456 3657 facta:
487 3611 625 3658 sunt
646 3600 780 3656 mibi
804 3601 1069 3658 rationem
1098 3604 1527 3671 reddas;verum
1543 3623 1738 3665 manus

128 3706 244 3763 quae
273 3689 500 3747 litteras
564 3691 714 3762 ipsas
751 3692 970 3762 scripsit
1015 3708 1121 3747 non
1152 3701 1239 3748 est
1276 3709 1374 3749 sua
1417 3695 1589 3766 ipsius
1617 3712 1740 3769 quae

126 3783 367 3855 scripsit.
404 3803 425 3837 ι
462 3783 629 3851 Quod
668 3798 793 3839 cum
824 3799 855 3837 a
885 3781 1146 3854 magistro
1171 3783 1302 3839 mihi
1337 3784 1566 3841 relatum
1596 3787 1734 3845 fuis-

124 3881 227 3940 set,
255 3890 359 3948 ego
378 3884 439 3931 et
466 3876 593 3946 ipse
612 3876 815 3944 pariter
835 3889 998 3942 super
1024 3883 1209 3930 tenore
1224 3877 1420 3931 somnii
1440 3892 1548 3932 non
1575 3878 1739 3935 dissi-

127 3966 309 4025 milem
331 3967 721 4039 conjecturam
743 3966 1056 4035 habuimus;
1084 3967 1189 4023 lzeti
1207 3968 1352 4024 enim
1369 3969 1736 4041 ingemuimus

122 4062 221 4117 sub
240 4078 342 4133 spe
368 4072 490 4129 tua,
523 4060 779 4126 Domine,
808 4062 932 4117 inde
953 4060 1476 4119 animadversionem
1504 4073 1650 4121 tuam
1679 4067 1734 4122 in

125 4162 231 4209 tam
271 4165 525 4228 paterna
575 4153 918 4215 correctione
964 4154 1227 4219 videntes,
1283 4156 1409 4211 hinc
1450 4158 1735 4227 cujusdam

116 4248 223 4319 piae
267 4246 642 4305 alterationis
688 4246 938 4303 ﬁduciam
972 4247 1108 4302 meis
1150 4246 1465 4303 levitatibus
1510 4257 1737 4303 eventu-

119 4356 237 4397 ram
284 4357 359 4397 ει
409 4340 658 4397 visionis
688 4340 988 4398 intentione
1023 4350 1299 4413 putantes.
1349 4339 1453 4396 Ubi
1499 4355 1736 4414 namque

1844 3171 2114 3228 cumentis
2138 3180 2192 3226 et
2220 3171 2328 3226 vita
2357 3170 2782 3227 sanctissimum.
2813 3171 2914 3239 Qui
2944 3186 3068 3228 cum
3112 3173 3165 3227 in
3188 3173 3434 3244 prioratu

1840 3264 2108 3337 praeiibati
2139 3264 2372 3321 coenobii
2421 3264 2597 3320 adhuc
2624 3272 2835 3336 ageret,
2866 3280 2978 3321 suae
3007 3279 3094 3321 me
3133 3265 3433 3337 cognitioni

1842 3360 2053 3424 ascivit,
2077 3368 2133 3415 et
2172 3360 2395 3416 omnino
2428 3357 2738 3430 puerulum,
2761 3366 2817 3415 et
2841 3359 2894 3414 in
2930 3375 3142 3415 summa
3171 3369 3227 3415 et
3253 3360 3432 3415 relatis

1841 3462 1897 3509 et
1930 3468 2124 3509 sensus
2157 3454 2522 3509 teneritudine
2568 3455 2825 3525 positum,
2852 3453 3090 3525 qualiter
3116 3455 3433 3513 interiorem

1840 3560 2024 3602 meum
2066 3546 2340 3602 hominem
2390 3562 2628 3619 agerem,
2675 3548 2911 3620 qualiter
2958 3565 3126 3622 super
3166 3550 3435 3623 regimine

1841 3637 2170 3709 corpusculi,
2204 3638 2431 3696 rationis
2453 3640 2577 3709 jura
2620 3641 2983 3709 consulerem,
3012 3644 3180 3700 multa
3218 3660 3305 3702 me
3334 3647 3434 3703 do-

1843 3747 1972 3789 cere
2019 3732 2317 3789 intentione
2340 3736 2641 3806 proposuit.
2678 3736 2779 3803 Qui
2810 3745 2937 3795 ante
2959 3739 3256 3807 abbatiain,
3292 3749 3348 3796 et
3376 3741 3432 3797 in

1823 3826 2059 3884 .abbatia
2096 3827 2325 3899 positus,
2358 3844 2479 3883 cum
2511 3829 2579 3884 ad
2608 3828 2984 3898 Flaviacense,
3034 3832 3088 3888 in
3118 3848 3227 3904 quo
3256 3849 3432 3902 eram,

1842 3922 2255 3987 monasterium,
2290 3920 2610 3978 familiarem
2640 3923 2918 3995 religionis
2945 3933 3001 3982 et
3029 3928 3291 3983 doctrina:
3318 3944 3434 3986 suae

1842 4016 2015 4087 gratia
2048 4016 2276 4071 haberet
2300 4015 2615 4084 adventum,
2638 4020 2772 4072 adeo
2801 4018 2985 4075 sedule
3009 4017 3139 4075 mihi
3166 4020 3436 4078 eruditio-

1842 4110 1927 4164 nis
1957 4108 2270 4181 indulgebat
2299 4109 2586 4177 beneﬁcia,
2615 4119 2763 4166 tanta
2801 4111 2867 4165 ad
2920 4109 2971 4165 id
3004 4110 3320 4169 elaborabat
3350 4115 3436 4170 in-

1842 4200 2139 4267 stantia,ut
2165 4202 2323 4258 unica
2355 4218 2419 4257 ac
2442 4196 2734 4274 singularis
2758 4203 2839 4256 sui
2869 4203 2934 4257 ad
2959 4219 3058 4259 nos
3086 4205 3351 4262 adventus
3378 4215 3435 4263 ct

1840 4293 2299 4367 frequentationis
2328 4310 2428 4368 ego
2461 4296 2676 4352 viderer
2712 4294 2861 4352 solus
2892 4311 3014 4352 esse
3044 4311 3230 4353 causa.

115 4450 319 4491 manus
370 4451 511 4507 quas
558 4434 770 4491 litteras
790 4407 1108 4505 scripserat,
1159 4449 1264 4489 non
1314 4434 1432 4505 ejus
1481 4449 1604 4491 esse
1644 4407 1736 4505 qui
1770 4446 1815 4503 ι)
1911 4432 1962 4488 ls
2023 4430 2207 4503 itaque
2261 4430 2535 4501 tripartito
2568 4407 2683 4486 aut
2722 4429 3145 4502 quadripartito
3192 4440 3430 4488 mentem

114 4530 432 4601 scripserat
515 4527 739 4594 dicitur,
790 4527 949 4599 plane
994 4543 1102 4582 non
1153 4541 1509 4597 permansura
1553 4526 1607 4581 in
1648 4526 1737 4581 illa

112 4619 510 4693 ignominiosa
569 4636 668 4678 sua
707 4619 924 4676 actione
970 4618 1191 4675 indubie
1236 4617 1549 4674 denotatur.
1619 4615 1739 4673 Mea

110 4716 260 4773 enim
293 4716 432 4783 fuit,
470 4726 537 4772 et
566 4730 671 4771 non
704 4723 788 4771 est
817 4715 976 4771 sicuti
1006 4712 1203 4785 legitur
1230 4730 1243 4768 :
1274 4731 1293 4765 ι
1326 4710 1489 4768 Verte
1517 4712 1735 4784 impios,

106 4820 163 4867 et
202 4828 323 4869 non
367 4819 556 4867 erunt
584 4809 768 4881 (Prov.
821 4824 920 4876 xu,
954 4807 1032 4880 7),
1058 4828 1076 4862 ι
1126 4809 1254 4864 dum
1290 4824 1354 4864 ea
1385 4824 1505 4879 quae
1546 4808 1599 4863 in
1632 4824 1734 4866 usu

105 4903 229 4961 vitii
287 4920 426 4961 mea
492 4902 635 4969 fuit,
689 4903 908 4958 virtutis
964 4901 1144 4957 studio
1196 4901 1454 4974 applicita
1515 4914 1735 4957 omnem

103 4996 487 5057 ellicientiam
525 4997 917 5070 indignissimae
962 4995 1109 5052 illius
1140 4995 1494 5067 proprietatis
1524 4995 1731 5052 amisit.

102 5090 175 5148 Et
205 5101 265 5149 tu
320 5092 483 5149 nosti
525 5100 729 5159 tamen,
766 5090 1015 5156 Domine,
1052 5098 1107 5145 et
1150 5105 1249 5160 ego
1275 5088 1561 5156 contiteor,
1610 5091 1736 5160 quia

99 5193 237 5243 tunc
272 5184 575 5256 temporis
601 5198 702 5239 nec
734 5193 824 5239 tuo
858 5181 1073 5246 timore,
1102 5197 1202 5236 nec
1234 5197 1355 5236 meo
1380 5182 1608 5252 pudore,
1636 5198 1737 5239 nec

99 5294 285 5336 sacra:
343 5278 537 5350 hujus
582 5277 812 5334 visionis
868 5277 1075 5333 honore
1126 5277 1476 5350 castigatiora
1513 5291 1740 5348 perege-

94 5372 231 5429 rim.
297 5371 385 5427 Ea
464 5385 669 5442 nempe
724 5368 1126 5435 irreverentia,
1192 5369 1319 5439 quia
1367 5367 1598 5422 interius
1650 5379 1738 5422 me

92 5463 395 5521 habebam
434 5504 453 5531 ,
535 5472 590 5519 et
641 5463 971 5534 scriptorum
1019 5462 1339 5533 nngantium
1391 5448 1736 5531 nequaquam

85 5554 271 5635 477
310 5553 774 5615 scurrilitatibus
814 5556 1210 5628 temperabant.
1241 5553 1503 5610 Latenter
1540 5553 1738 5623 quippe

89 5667 226 5708 cum
277 5652 511 5710 eadem
562 5650 804 5707 carmina
841 5651 1119 5713 cuderem,
1177 5657 1232 5705 et
1268 5646 1472 5705 nemini
1516 5656 1610 5701 aut
1646 5646 1736 5702 vix

86 5745 340 5807 omnino
400 5744 560 5803 meis
611 5743 986 5801 consimilibus
1038 5742 1129 5801 illa
1165 5742 1398 5815 prodere
1450 5739 1736 5806 auderem,

557 5859 825 5921 ΡΑτιιοι,
858 5855 1072 5925 CLVl.

1842 4526 2006 4581 modo
2035 4525 2370 4594 distinguere
2386 4526 2609 4591 docens,
2636 4526 2736 4581 sub
2759 4525 2977 4591 atlectu,
3008 4526 3107 4580 sub
3134 4526 3428 4595 voluntate,
3474 4572 3477 4577 .

1844 4617 1944 4673 sub
1972 4616 2204 4683 ratione,
2235 4616 2335 4672 sub
2361 4615 2634 4672 intellectu
2658 4617 2986 4673 commercia
3032 4616 3196 4674 totius
3226 4616 3432 4675 interni

1844 4708 2090 4782 mysterii
2129 4717 2386 4774 tractare,
2431 4717 2487 4763 et
2519 4724 2639 4780 qme
2690 4724 2794 4764 una
2826 4724 2856 4764 a
2888 4710 3161 4782 plerisque
3200 4721 3254 4766 et
3287 4726 3317 4766 a
3345 4727 3432 4767 me

1841 4804 1959 4876 ipso
2004 4803 2337 4876 putabantur
2393 4803 2558 4859 certis
2616 4803 2974 4861 divisionibus
3003 4804 3264 4875 resoluta,
3320 4820 3428 4863 non

1842 4898 1985 4953 idem
2016 4897 2123 4952 duo
2174 4897 2344 4967 prima
2378 4895 2494 4953 fore
2523 4898 2880 4963 monstrabat,
2910 4913 3029 4969 qua:
3057 4906 3232 4954 tamen
3268 4911 3427 4953 acce-

1842 4990 2094 5046 dentibus
2127 4998 2325 5060 quarto
2351 4988 2435 5044 vel
2461 4991 2619 5045 tertio
2640 4990 2828 5044 eadem
2867 5004 2991 5043 mox
3022 5003 3143 5044 esse
3164 4989 3430 5059 promptis

1842 5081 2235 5139 assertionibus
2254 5089 2488 5136 constat.
2521 5078 2695 5152 Super
2717 5095 2825 5151 quo
2847 5094 3008 5135 sensu
3035 5093 3156 5134 cum
3179 5077 3428 5147 quasdam

1841 5174 2157 5242 evangelica
2198 5174 2433 5245 capitula
2466 5174 2596 5229 mihi
2629 5174 2994 5236 disseruisset,
3025 5188 3146 5228 cum
3192 5174 3426 5243 primunt

1840 5269 2059 5340 quidem
2088 5266 2215 5338 quid
2247 5267 2389 5323 inter
2411 5264 2549 5321 velle
2577 5274 2629 5320 et
2663 5265 2801 5320 allici
2831 5266 3081 5330 distaret,
3117 5264 3432 5322 luculentis-

1840 5361 1977 5418 sime
2006 5358 2341 5431 aperuisset;
2373 5372 2492 5428 qua}
2524 5365 2704 5410 tamen
2736 5371 2842 5409 non
2874 5370 2942 5409 ex
2965 5369 3046 5420 se,
3092 5355 3187 5409 sed
3214 5370 3278 5410 ex
3307 5356 3431 5425 qui-

1840 5454 2069 5510 busdam
2122 5450 2391 5523 contignis
2444 5449 2839 5514 voluminibus,
2873 5457 2930 5503 at
2970 5448 3149 5503 minus
3180 5457 3432 5519 patenter

1841 5547 2060 5619 quidem
2092 5546 2193 5600 ista
2225 5543 2586 5599 tractantibus
2638 5559 2760 5598 eum
2812 5542 3066 5598 habuisse
3107 5531 3426 5607 constarct';

1843 5639 1983 5708 carpi
2012 5636 2355 5709 postmodum
2383 5644 2435 5689 et
2456 5649 2556 5704 ego
2569 5632 2692 5714 ejus
2719 5647 2876 5688 sensa
2901 5634 3246 5701 commentis,
3271 5641 3433 5714 pro_nt

1840 5705 2108 5805 poteram,
2139 5726 2406 5786 similibus
2421 5707 2683 5793 aemulari,
2702 5736 2755 5782 ct
2780 5726 2976 5797 ubique
3002 5705 3427 5810 Scripturarm'n,

2837 5843 2914 5907 28
