3980 6324
588 268 689 331 δῖε

1345 269 1408 324 v.
1443 233 1771 325 GUIBERTI
1801 253 2090 320 ABBATIS
2119 261 2178 319 s.
2221 257 2464 319 annos
2503 259 2589 318 or:
2626 255 3019 318 NOWGENTO
3692 249 3774 340 ετσ

589 385 631 442 si
685 384 812 455 quid
866 381 984 438 istis
1029 381 1309 439 moraliter
1359 381 1648 448 arrideret,
1696 380 1945 436 sensibus
2009 367 2175 434 multa
2207 381 2252 441 Α
2282 377 2424 448 quod
2453 391 2559 431 non
2611 390 2801 445 parum
2831 373 3101 430 commodi
3132 369 3260 428 mihi
3291 376 3548 446 prtestitit,
3577 383 3622 439 in
3647 404 3775 460 (plan.

588 480 754 534 animi
779 478 1073 532 acrimonia
1101 475 1457 546 perscrutari.

661 573 974 627 (lancionem
1018 570 1171 623 habet
1220 567 1500 622 Guibertus
1522 567 1739 638 Jubente
1769 585 1863 622 suo
1908 567 2093 620 abbate
2123 566 2177 620 in

589 676 801 719 externo
825 662 1079 716 ctrnobio.
1104 692 1175 702 —
1218 660 1374 716 Unde
1406 660 1606 714 factum
1641 669 1726 714 est
1778 669 1835 713 ut
1881 674 2001 714 cum
2044 672 2178 728 quo-

589 757 711 809 dam
741 752 936 807 abbate
966 767 1086 807 meo
1113 751 1178 806 ad
1207 751 1426 821 aliquod
1445 751 1741 820 provincia:
1766 759 1962 804 nostrae
1988 763 2179 804 emno-

590 846 745 899 bium
780 842 1112 897 devenit-cm.
1157 841 1399 911 Cumque
1431 841 1504 895 illi
1537 851 1789 910 tanquam
1829 840 2071 910 plurimae
2097 855 2180 894 re-

590 935 812 1006 ligionis
844 934 960 990 viro
990 949 1361 1006 suggeret-ent,
1391 942 1450 987 ιιι
1471 935 1536 988 ad
1567 931 1916 1002 capitularem
1946 947 2180 986 conven-

592 1037 701 1082 tum
734 1013 976 1093 veniens,
997 1027 1130 1081 inibi
1174 1040 1481 1082 sermonem
1537 1025 1762 1089 faceret,
1796 1039 1860 1077 ea
1911 1039 2031 1093 (pne
2061 1038 2091 1076 a
2122 1035 2179 1077 se

590 1121 912 1191 petebantur
940 1121 994 1174 in
1033 1136 1118 1175 me
1169 1119 1484 1182 transfodit,
1515 1128 1569 1172 et
1598 1128 1656 1172 ut.
1685 1120 1830 1172 vices
1860 1131 2020 1186 super
2075 1115 2178 1171 isto

590 1217 708 1284 ejus
735 1228 1071 1283 exsequerer
1095 1213 1342 1267 exoravit
1364 1222 1415 1266 et
1439 1212 1622 1282 jussit.
1665 1212 1761 1265 Die
1789 1223 1967 1265 autem
1999 1209 2178 1264 Maria:

590 1305 923 1376 Magdalente
953 1303 1161 1358 Natalis
1190 1303 1494 1358 celebratur
1521 1302 1729 1358 eodem.
1763 1303 1835 1356 Ea
1863 1310 2084 1371 propter
2113 1301 2179 1355 de

591 1384 730 1454 libro
762 1394 1053 1468 Sapientia:
1087 1393 1332 1456 adhibita
1356 1395 1628 1450 sermonis
1660 1393 1886 1450 materia
1927 1393 2045 1450 solo
2088 1391 2178 1446 illo

593 1487 752 1544 unico
783 1487 946 1542 verbo
977 1484 1182 1552 illi-qui
1237 1486 1524 1554 petebatur
1567 1485 1823 1544 tractatui
1886 1493 2180 1540 contentus

594 1578 671 1644 [ui
706 1595 718 1630 :
759 1597 775 1628 ι
815 1575 1114 1647 Sapientia,
1145 1575 1400 1642 videlicet,
1435 1577 1602 1632 vincit
1633 1577 1927 1640 malitiam,
1960 1575 2180 1645 attingit

589 1682 622 1740 a
676 1666 784 1724 ﬁne
832 1681 1002 1736 usque
1051 1665 1120 1722 ad
1175 1667 1334 1722 tinem
1369 1667 1606 1733 fortiter,
1635 1679 1690 1724 et
1719 1669 1955 1738 disponit
1995 1667 2176 1722 omnia

2283 479 2394 524 tum
2427 468 2799 535 me,ministro
2831 467 3107 532 vitiorum,
3143 464 3385 520 liberavit
3411 468 3473 522 ab
3496 471 3610 527 otio.

2352 561 2608 615 Libellum
2655 560 2719 614 de
2771 558 3036 614 sententiis
3072 558 3286 612 rlirersis
3338 555 3690 631 Evangeliorum
3741 585 3777 629 τι

2280 660 2648 726 prophetarum
2681 655 2988 725 composuit.
3025 652 3201 719 Quare
3237 671 3335 707 non
3369 657 3532 710 sensui
3557 660 3777 730 allegorica

2280 749 2369 802 sed
2405 747 2595 801 morali
2647 747 2869 801 studuit.
2899 777 2968 787 -
3009 745 3210 815 Scripsi
3256 746 3455 806 interea
3493 753 3777 819 capitularem

2281 838 2517 893 libellum
2555 839 2620 892 de
2640 837 2869 893 diversis
2901 837 3310 908 Evattgeliorum
3339 850 3389 894 et
3416 845 3779 912 prophetirorum

2282 932 2614 986 voluminum
2645 931 2952 996 sententiis,
2986 932 3052 986 de
3083 931 3223 986 libro
3267 931 3498 1002 Numeri,
3539 935 3780 1004 1υειιθ,1ει.

2282 1023 2566 1093 dicuntque
2597 1022 2775 1092 aliqua
2805 1025 3070 1086 inserens,
3100 1024 3185 1076 cui
3215 1023 3319 1077 huc
3343 1039 3504 1096 usque
3533 1027 3667 1082 linem
3687 1031 3780 1087 dare

2283 1115 2490 1182 diﬂ‘ero,
2522 1116 2646 1186 quia
2683 1115 2766 1170 his
2795 1115 3067 1184 explicitis
3103 1130 3220 1184 qua:
3257 1115 3698 1183 imprmscntiarmn
3725 1131 3781 1175 tc-

2281 1228 2404 1273 neo,
2437 1212 2488 1265 in
2523 1211 2792 1266 similibus
2814 1211 3058 1265 exerceri
3096 1210 3382 1280 aliquoties
3417 1212 3477 1279 (si
3523 1214 3617 1266 vita
3645 1231 3780 1271 comes

2281 1303 2461 1370 fuerit)
2487 1301 2594 1356 Deo
2616 1312 2940 1373 suggerente
2989 1301 3244 1356 delibero.
3277 1300 3331 1354 In
3357 1316 3569 1371 quorum
3595 1303 3782 1372 plurimis

2282 1395 2660 1466 tropologiam,
2691 1395 2742 1448 in
2780 1395 2966 1464 paucis
3000 1395 3313 1465 allegoriam
3345 1402 3567 1458 secutus,
3593 1399 3780 1454 eumdem

2281 1506 2440 1560 quem
2471 1490 2521 1542 in
2556 1487 2753 1543 Genesi
2792 1487 3088 1541 habueram
3138 1502 3342 1541 morem
3376 1487 3529 1557 gessi.
3581 1487 3715 1542 Porro
3746 1490 3781 1544 in

2279 1579 2475 1636 Genesi
2501 1581 2634 1634 adeo
2665 1579 2755 1652 [f.,
2793 1579 2934 1652 ideo]
2970 1580 3318 1649 potissimum
3352 1580 3619 1633 tnoralitati
3660 1583 3784 1636 inten-

2281 1678 2350 1738 di,
2396 1690 2500 1730 non
2533 1677 2672 1744 quod
2707 1678 2757 1729 itt
2784 1691 2946 1730 sensu
2971 1673 3281 1744 allegorice,
3311 1673 3354 1726 si
3387 1673 3576 1741 pariter
3595 1674 3782 1728 elabora-

588 1760 828 1832 suaviter
881 1758 1036 1830 (δίῳ.
1084 1776 1203 1826 vni,
1245 1763 1316 1831 1).
1357 1781 1374 1816 ι
1417 1760 1526 1816 lloc
1581 1778 1703 1816 cuin
1760 1778 1864 1831 qua
1899 1771 2178 1831 potueram
2212 1740 2254 1794 Β
2287 1788 2419 1837 rem,
2465 1771 2746 1826 sentienda
2795 1740 3110 1834 deﬁcerent,
3170 1765 3263 1821 sed
3317 1740 3455 1835 quod
3487 1765 3662 1834 judicio
3701 1784 3783 1823 tneo

541 1929 544 1932 _
587 1852 840 1912 oratione
863 1852 1262 1922 explanassetn,
1288 1863 1342 1907 et
1362 1853 1494 1922 ipsis
1517 1855 1858 1908 auditoribus
1880 1869 1975 1923 pro
2000 1854 2178 1910 dicto-

543 1937 547 1942 ’
589 1961 709 2012 tum
741 1947 1054 2004 earumdem
1090 1946 1466 2001 convenientia
1503 1947 1848 2016 placuissem,
1885 1947 2032 2016 prior
2077 1947 2180 2006 Ec-

589 2038 766 2100 clesia:
822 2038 1380 2108 ipsius,.jlitterarmn
1441 2054 1718 2094 sacrarum
1759 2056 1866 2094 non
1895 2040 2182 2098 minimum

585 2142 688 2198 pro
731 2128 974 2190 scientia:
1005 2129 1246 2198 potentia
1295 2130 1592 2194 studiosus,
1646 2131 1990 2188 lamiliariter
2029 2149 2058 2186 a
2089 2147 2180 2190 me

587 2225 769 2292 exegit
832 2235 890 2280 ut
925 2225 980 2280 id
1007 2224 1108 2278 sibi
1147 2224 1467 2288 scriberem,
1501 2225 1554 2280 in
1605 2241 1712 2294 quo
1756 2226 2040 2282 materiam
2087 2242 2180 2284 su-

585 2316 770 2382 mendi
825 2313 1197 2384 cujuscunque
1247 2316 1515 2372 sermonis
1568 2316 1861 2386 acciperet.
1908 2317 2176 2383 Quoniam

587 2421 717 2478 ergo
739 2407 990 2473 abbatem
1018 2423 1220 2472 memu,
1250 2424 1357 2476 quo
1378 2418 1644 2477 praesente
1669 2409 1720 2464 id
1744 2408 2010 2473 dixeram,
2035 2421 2180 2481 aegre

587 2499 828 2556 laturum
861 2499 1064 2568 scripta
1117 2515 1236 2556 mea
1267 2515 1654 2570 cognoveram,
1685 2513 1846 2556 caute
1894 2502 2180 2570 aggredior

586 2590 894 2658 hominem,
923 2600 978 2644 et
1009 2599 1066 2644 ut
1120 2606 1285 2654 causa
1313 2591 1414 2648 viri
1448 2591 1612 2656 illius,
1643 2607 1804 2660 quem
1851 2607 1908 2646 se
1956 2591 2182 2661 diligere

589 2685 926 2752 testabatur,
981 2683 1125 2752 quod
1172 2686 1455 2753 petebam,
1503 2672 1842 2753 indulgeret,
1891 2697 1955 2740 ex
2011 2683 2180 2744 latere

596 2777 756 2847 quasi
780 2792 1033 2840 ex........
1067 2777 1249 2842 amici,
1281 2786 1334 2842 et
1355 2777 1510 2846 quasi
1543 2777 1730 2836 talium
1761 2777 1940 2834 minus
1971 2778 2180 2832 studio-

590 2887 688 2929 sus
720 2887 934 2942 precor.
987 2871 1306 2941 Suspicatus
1337 2871 1502 2938 igitur
1541 2871 1862 2925 brevissima
1894 2888 1978 2926 tne
2007 2871 2182 2932 dictu-

587 2983 732 3032 rum,
767 2967 998 3028 assensit
1022 2983 1036 3032 ;
1069 2965 1372 3045 cujuseum
1402 2964 1467 3018 de
1487 2980 1583 3020 ore
1607 2966 1831 3024 verbum
1857 2965 2178 3034 rapuissent,

589 3061 730 3133 εωρί
761 3059 1008 3116 exerceri
1039 3060 1090 3115 in
1119 3077 1184 3115 eo
1219 3058 1364 3123 quod
1389 3073 1798 3128 preposueram.

662 3153 968 3216 Tractatum
999 3152 1243 3218 Qualiter
1269 3167 1436 3206 sermo
1463 3151 1580 3219 fieri
1601 3151 1804 3215 debeat,
1837 3160 1884 3206 et
1914 3167 2178 3208 commen-
2207 3145 2249 3166 “

587 3249 784 3310 w'ium
827 3248 880 3302 in
914 3246 1156 3304 Genesim
1184 3246 1366 3304 edulii.
1417 3244 1610 3316 Iniqua
1660 3246 1836 3304 animo
1867 3245 1920 3299 id
1955 3245 2054 3314 fert
2085 3245 2178 3300 alt-

586 3340 700 3398 bas.
730 3371 799 3382 -—
825 3340 1171 3411 Propositum
1205 3349 1385 3394 autem
1417 3339 1578 3396 habui
1609 3348 1666 3392 ut
1692 3339 1843 3396 initia
1880 3336 2176 3402 Geneseos.

587 3437 896 3502 Exameron
946 3435 1175 3502 scilicet,
1209 3433 1572 3490 commentari
1603 3432 1883 3488 moraliter
1914 3433 2178 3503 aggrede-

585 3547 697 3586 rer.
731 3530 828 3586 Cui
853 3539 1164 3586 commento
1201 3528 1468 3599 praeposui
1499 3538 1792 3584 tractatum
1813 3529 1944 3586 satis
1976 3529 2182 3586 medio-

587 3639 738 3682 crem
775 3623 1010 3694 qualiter
1057 3638 1364 3680 sermonem
1411 3622 1524 3678 ﬁeri
1572 3631 1838 3691 oporteat.
1887 3622 2005 3688 Quo
2041 3638 2180 3691 prte-

589 3718 759 3786 misso
824 3733 918 3772 sex
985 3717 1196 3770 dierum
1251 3715 1582 3786 trrpulogice
1636 3725 1956 3784 prosecutus
2013 3730 2182 3783 opera

589 3810 728 3876 fudi,
759 3811 1069 3880 importuno
1103 3809 1229 3864 licet
1253 3809 1490 3876 eloquio,
1515 3823 1744 3878 qumque
1769 3823 1887 3862 meo
1911 3807 2186 3864 sedissem.

592 3903 830 3974 ingenio.
861 3903 1104 3970 Coinque
1159 3901 1393 3970 primunt
1427 3901 1596 3956 abbas
1645 3916 1797 3954 meus
1835 3916 2005 3954 sacra:
2037 3899 2180 3956 illius

593 3994 836 4057 historia:
885 3994 1256 4061 conspexisset
1327 3991 1580 4046 adnotari
1632 3990 1946 4059 capitulum,
2003 3991 2179 4046 minus

593 4087 872 4152 satobmc
899 4085 1130 4140 attendit
1159 4083 1373 4146 intuitu,
1399 4091 1452 4134 et
1475 4098 1596 4136 cum
1616 4097 1699 4134 me
1721 4081 1948 4151 plurima
1973 4081 2178 4136 anima~

591 4147 879 4234 dversibne
912 4177 1076 4248 tinent
1107 4176 1342 4245 scriptis
1395 4174 1498 4228 illis
1544 4174 1719 4228 facere
1751 4175 2067 4238 monuisset,
2101 4175 2180 4228 vi-

591 4269 727 4324 dens
771 4269 915 4339 quod
962 4257 1215 4336 non-nisi.
1255 4266 1440 4336 spinas
1468 4274 1640 4335 cicpta
1698 4265 1824 4320 talia
1850 4265 2018 4320 oculis
2063 4267 2180 4334 ejus

590 4362 935 4432 ingerebant,
972 4377 1074 4413 non
1113 4359 1284 4412 solum
1324 4357 1463 4424 ejus,
1503 4359 1595 4412 sed
1638 4368 1692 4412 et
1718 4358 1957 4411 onmium
1986 4359 2076 4426 qui
2111 4359 2177 4411 ad

2282 1863 2588 1934 allegoricis
2637 1862 2859 1916 moralia
2894 1863 3025 1915 satis
3062 1861 3161 1914 hoc
3195 1869 3437 1936 tempore
3465 1859 3650 1912 utiliora
3672 1872 3784 1929 puta-

2281 1975 2417 2024 rem,
2454 1959 2555 2012 ﬁde
2584 1973 2646 2011 ex
2686 1957 2793 2011 Deo
2821 1958 2886 2012 ad
2932 1956 3200 2024 integrum
3228 1963 3430 2018 stante,
3459 1954 3668 2007 moribus
3687 1971 3784 2024 pene

2249 2049 2519 2106 'omnium
2553 2047 2832 2118 multiplici
2881 2047 3010 2100 vitio
3044 2043 3374 2116 proﬂigatis,
3403 2054 3457 2098 et
3480 2045 3605 2114 quod
3645 2045 3684 2098 in
3717 2047 3784 2100 im-

2281 2156 2526 2196 mensum
2560 2141 2783 2196 tendere
2822 2155 2957 2210 Opus
2987 2155 3094 2194 non
3129 2153 3261 2192 meae
3311 2136 3485 2191 fuerat
3514 2137 3705 2192 licenti-.c
3722 2145 3785 2191 aut

2279 2234 2593 2290 voluntatis.

2846 2320 3073 2378 CAPUT
3114 2319 3300 2375 XVIII.

2352 2419 2552 2474 Iterum
2581 2419 2650 2472 ad
2679 2419 2862 2472 matris
2890 2426 3034 2487 gesta
3066 2416 3210 2470 vertit
3242 2413 3528 2468 orationem
3557 2407 3783 2466 Guiberlttt.

2277 2545 2348 2554 —
2370 2513 2537 2584 Igilttr
2570 2521 2742 2566 mater
2791 2512 2962 2566 honos
3009 2517 3271 2578 quantum
3304 2507 3372 2561 ad
3399 2506 3652 2560 scientiam
3684 2519 3787 2560 uicos

2280 2605 2548 2659 admirata
2581 2620 2883 2668 successus,
2931 2602 3084 2656 valde
3130 2599 3396 2655 aestuabat
3439 2612 3588 2668 super
3630 2595 3788 2648 lubrica

2279 2698 2455 2752 aetatis
2505 2713 2640 2768 quos
2688 2697 2979 2750 verebatur
3029 2693 3370 2749 excessibus.
3414 2689 3554 2745 Unde
3579 2690 3790 2743 ctsuimc

2283 2795 2610 2848 imitatorem
2657 2791 2770 2844 ﬁeri
2817 2806 2977 2860 quam
3021 2787 3207 2843 scdulo
3255 2783 3572 2856 postulabat,
3598 2784 3668 2837 cui
3705 2795 3787 2834 cum

2281 2886 2422 2940 Deus
2446 2885 2678 2953 speciem
2711 2891 2994 2950 tantopere
3024 2878 3399 2949 praestitisset,
3425 2876 3492 2929 ita
3521 2871 3734 2945 quidquid
3753 2871 3790 2924 in

2281 2993 2338 3033 se
2365 2977 2688 3031 laudabatur
2719 2973 3053 3046 posthabuit,
3082 2989 3145 3026 ac
3193 2971 3236 3025 si
3268 2985 3394 3024 sese
3427 2967 3692 3022 nullatenus
3714 2963 3791 3033 pul-

2283 3073 2470 3126 chram
2503 3072 2715 3134 scisset,
2743 3068 2814 3122 ita
2858 3067 3175 3120 viduitatem
3203 3063 3407 3126 coluit,
3438 3078 3498 3117 ac
3521 3063 3558 3116 si
3591 3057 3792 3114 maritalia

2279 3181 2494 3235 semper
2524 3163 2687 3218 debiti
2742 3160 2934 3215 cubilis
2995 3158 3286 3229 impatiens
3342 3156 3639 3211 horruisset.
3685 3148 3792 3206 Nosti

2276 3265 2481 3322 tamen,
2535 3255 2780 3319 Domine,
2814 3252 2943 3324 quid
3001 3252 3121 3306 ﬁdei
3142 3291 3156 3315 ,
3186 3249 3321 3320 qttid
3350 3247 3546 3302 amoris
3567 3246 3700 3301 etiam
3727 3244 3794 3298 de-

2275 3354 2465 3408 "luncto
2515 3351 2611 3420 ipsi
2665 3345 2960 3417 suojugali
2995 3344 3272 3410 detulerit,
3323 3358 3486 3414 quam
3533 3334 3794 3410 quotidiani:

2280 3459 2416 3514 pene
2446 3441 2752 3506 sacrificiis,
2778 3437 3120 3492 orationibus
3161 3451 3224 3490 ac
3277 3434 3550 3506 lacrymis,
3579 3430 3692 3486 haud
3717 3442 3794 3482 me-

2280 3536 2556 3592 diocribus
2595 3532 2958 3604 eleemosynis
2990 3530 3259 3586 solvendae
3292 3530 3411 3602 ejus
3465 3529 3652 3586 animm,
3679 3536 3792 3593 quam

2281 3628 2519 3700 peccatis
2551 3623 2836 3696 prcepediri
2867 3633 3116 3687 noverat,
3161 3622 3531 3676 indesinenter
3577 3593 3832 3672 institerit.

2281 3723 2396 3790 Qua
2423 3737 2485 3775 cx
2530 3735 2586 3774 re
2612 3717 2748 3772 mira
2783 3717 2876 3770 Dei
2918 3715 3322 3787 dispensatione
3355 3715 3532 3779 ﬁebat,
3559 3722 3610 3766 ιιι
3637 3708 3794 3764 creber-

2283 3815 2436 3869 rimis
2476 3812 2522 3866 ci
2554 3811 2874 3875 visionibus,
2906 3826 3042 3879 quos
3083 3808 3170 3863 ille
3197 3810 3420 3864 dolores
3449 3807 3502 3861 in
3549 3820 3632 3860 sua
3656 3816 3796 3872 purga-

2284 3907 2426 3960 tione
2462 3904 2687 3968 icrcbat,
2737 3902 3154 3973 patientissimis
3193 3899 3658 3973 imaginationilms
3685 3909 3794 3948 mun-

2282 4007 2603 4052 strarentur.
2637 3996 2765 4063 Quae
2811 3996 3047 4050 visorum
3078 4009 3275 4064 genera
3313 3991 3456 4047 haud
3488 3991 3683 4048 dubium
3707 3983 3796 4052 quin

2281 4106 2346 4145 ex
2375 4092 2482 4144 Deo
2533 4088 2888 4159 proveniant;
2934 4088 3022 4142 ubi
3051 4087 3194 4141 enim
3226 4085 3375 4139 nulla
3409 4101 3566 4156 prava
3592 4080 3795 4136 securitas

2281 4199 2347 4238 ex
2376 4191 2652 4254 assumpta
2701 4181 2839 4236 falso
2867 4180 3269 4254 pulchritmline
3311 4178 3530 4233 luminis
3563 4178 3712 4239 datur,
3734 4167 3797 4226 sed

2281 4289 2346 4328 ex
2395 4273 2576 4328 oblata
2622 4272 2826 4328 doloris
2859 4289 2922 4327 ac
2967 4288 3249 4342 pomorum
3300 4273 3486 4342 specie
3519 4266 3741 4325 orationis
3762 4269 3799 4316 et

2281 4367 2745 4438 elcemosynarum
2781 4368 3050 4421 incentiva
3102 4367 3435 4436 prtl‘beltlttl',
3488 4362 3575 4417 ubi
3615 4367 3798 4431 aperte:

589 4457 643 4510 id
672 4456 844 4525 ipsum
896 4453 1108 4509 deferre
1141 4461 1390 4522 poterant
1441 4452 1761 4521 prmscntias
1801 4453 2173 4522 pra‘cavendo,
2209 4465 2256 4524 υ
2285 4460 2532 4524 mortuis,
2587 4459 2695 4513 imo
2740 4460 2806 4512 al,
2855 4459 3088 4529 augt-lis,
3133 4460 3223 4527 qui
3257 4458 3498 4511 nat-tium
3531 4461 3800 4510 mortuorum

589 4549 728 4602 clam
754 4548 880 4601 illud
909 4563 1068 4601 omne
1097 4546 1298 4617 pert-gi.
1339 4545 1610 4616 Opuscula
1642 4546 1785 4598 enim
1837 4559 1954 4598 mea
1985 4545 2098 4598 lucc
2123 4554 2177 4598 et

589 4641 692 4695 alia
725 4641 815 4711 (")
849 4640 1006 4695 nullis
1037 4641 1296 4710 impressa
1330 4641 1525 4694 tabulis
1555 4638 1806 4694 dictando
1853 4645 1906 4691 et
1935 4638 2177 4692 scriben-

591 4733 682 4799 do,
720 4734 1004 4788 scribenda
1031 4735 1194 4786 etiam
1239 4733 1441 4803 pariter
1469 4732 1888 4788 commentando
1923 4731 2178 4786 immuta-

594 4826 776 4882 bililer
809 4827 1016 4899 paginis
1057 4827 1378 4881 inferebant.
1410 4825 1675 4896 Tempore
1729 4841 1857 4896 ergo
1911 4825 2053 4879 illius
2081 4827 2177 4878 ah—

590 4921 730 4976 balis
759 4920 1071 4976 omnimodo
1119 4920 1296 4974 studia
1337 4935 1452 4973 mea
1501 4919 1763 4974 tlclitucre
1795 4919 2028 4972 silentio.
2059 4918 2177 4984 Quo

591 5015 920 5080 decedente,
958 5025 1150 5070 nactus
1198 5013 1540 5068 occasionem
1598 5013 1722 5066 dmn
1772 5021 1986 5081 pastore
2025 5012 2177 5066 locus

590 5109 676 5163 ille
701 5118 937 5173 vacaret,
976 5109 1171 5178 impegi
1224 5109 1440 5161 tandem
1471 5106 1639 5179 478
1666 5116 1718 5160 ct
1743 5105 1894 5158 brevi
1923 5121 2056 5175 opus
2082 5121 2178 5160 ex-

591 5202 749 5272 plevi.
777 5203 928 5269 Quod
954 5203 1140 5256 decem
1167 5201 1317 5256 libris
1342 5202 1710 5271 complexum,
1733 5199 2025 5253 secundum
2057 5200 2177 5255 illos

586 5307 820 5365 quatuor
849 5295 1271 5366 pra-nominatos
1304 5296 1574 5349 interioris
1609 5296 1844 5350 hominis
1877 5305 2076 5358 motus,
2103 5297 2175 5350 ita

589 5390 843 5442 moralem
875 5399 1164 5443 exsecutus
1193 5404 1310 5442 sum
1361 5389 1410 5442 in
1438 5389 1691 5443 omnibus
1735 5397 1967 5458 tropum,
1995 5398 2051 5442 ut
2081 5404 2174 5458 pe-

588 5484 735 5537 nitus
767 5484 1050 5536 imtnntato
1093 5482 1424 5536 locutionum
1456 5483 1646 5538 ordine
1697 5482 1849 5536 initia
1886 5483 2175 5536 continua-

591 5584 780 5628 rentur
809 5589 870 5626 ac
905 5573 995 5645 [f.,
1043 5573 1132 5647 ad]
1171 5591 1506 5645 supremum.
1541 5578 1594 5631 In
1647 5594 1754 5649 quo
1792 5576 2049 5650 opuscolo
2107 5591 2175 5630 an

589 5665 842 5733 cuiquam
875 5663 1198 5733 profecerim
1244 5668 1447 5733 nescio,
1483 5669 1749 5738 placuisse
1781 5679 1957 5724 tatren
1989 5667 2180 5738 pleris-

589 5772 693 5832 que
719 5756 1011 5829 plurimum
1036 5756 1289 5816 litteratis
1314 5775 1420 5817 non
1444 5761 1664 5832 dubito;
1695 5763 1796 5819 hoc
1821 5777 1950 5820 vero
1965 5771 2175 5818 certum

2282 4567 2464 4606 curam
2494 4559 2721 4620 gerunt,
2761 4551 2927 4605 divini
2958 4550 3115 4606 ollicii
3166 4551 3404 4605 remedia
3451 4550 3727 4620 exiguntur,
3756 4553 3801 4593 ex

2281 4645 2390 4700 Deo
2420 4647 2533 4700 lnec
2566 4645 2684 4699 ﬁeri
2725 4647 2830 4700 hoc
2877 4646 3150 4700 subiciens
3189 4644 3500 4715 probationi
3537 4651 3630 4704 est,
3660 4637 3756 4708 quia
3781 4637 3810 4684 a‘

2280 4739 2615 4794 dremonibus
2672 4755 2949 4809 tamquam
3002 4738 3162 4792 saluti
3222 4736 3529 4808 cujuspiam
3583 4729 3802 4803 profutura

2279 4841 2616 4900 qnzerttntnr.
2682 4829 2958 4884 Sollicitus
3013 4831 3174 4901 igitur
3229 4830 3384 4883 home
3440 4828 3581 4881 illius
3623 4816 3804 4876 mulieris

2281 4923 2507 4994 animus
2531 4922 2618 4976 bis
2649 4921 3137 4994 signiﬁcationibus
3171 4921 3497 4986 recalelieri,
3531 4935 3588 4975 ac
3620 4919 3802 4972 interno-

2281 5034 2398 5071 rum
2434 4993 2828 5072 toimentormn
2877 5019 2943 5071 ad
2976 5016 3273 5088 profectum
3300 5018 3520 5071 assidue
3547 5029 3636 5085 pro
3659 5006 3803 5064 marito

2279 5113 2550 5181 quondam
2583 5128 2682 5168 suo
2715 5112 3120 5166 intercessionis
3151 5111 3492 5183 porten’lionc
3520 5101 3753 5163 succendi.

2355 5202 2590 5258 Guiberti
2640 5214 2788 5274 pater
2818 5203 3088 5258 Evrardus
3135 5203 3555 5270 nuncupabatur.
3588 5200 3654 5252 Ab
3687 5204 3805 5248 uxore

2281 5297 2518 5349 cernitur
2550 5313 2644 5367 per
2695 5299 2881 5352 visunt.
2915 5328 2986 5338 -——
3019 5296 3168 5353 Unde
3218 5297 3358 5351 inter
3411 5306 3601 5350 caetera
3626 5288 3803 5362 quadam

2281 5403 2459 5455 noete.
2517 5392 2792 5446 Dominica
2847 5401 2966 5463 post
2998 5394 3307 5455 matutinos,
3353 5391 3561 5444 aestatis
3598 5394 3800 5453 tempore.

2281 5498 2403 5536 cum
2453 5484 2694 5537 membra
2727 5500 2948 5538 scamno
2985 5485 3226 5539 cubitum
3257 5483 3637 5553 angustissimo
3663 5483 3805 5532 canttr

2280 5577 2466 5644 Iisset,
2524 5593 2647 5632 mox
2703 5578 2753 5632 in
2783 5595 2977 5633 somno
3022 5581 3188 5649 carpit
3243 5579 3504 5648 deprimi,
3549 5591 3637 5630 sua
3683 5568 3805 5639 ipsius

2280 5670 2460 5724 anima
2493 5673 2558 5725 de
2598 5686 2827 5742 corpore
2876 5672 3209 5727 sensibiliter
3243 5670 3348 5736 “sibi
3396 5671 3508 5724 visa
3538 5679 3617 5723 est
3647 5655 3802 5735 egredi.

2279 5765 2518 5838 Cumque
2567 5768 2729 5822 veluti
2763 5783 2870 5839 per
2895 5770 3181 5842 quamdam
3225 5766 3494 5839 porticum
3547 5765 3803 5819 duceretur:
