  <div class='ocr_page' id='page_1' title='image "/cluster/home/n/w/nwhite01/storage/ocr_20150623/156/hvd.32044010683712/444.png"; bbox 0 0 3980 6324; ppageno 0'>
   <div class='ocr_carea' id='block_1_1' title="bbox 232 371 331 435">
    <p class='ocr_par' dir='ltr' id='par_1_1' title="bbox 232 371 331 435">
     <span class='ocr_line' id='line_1_1' title="bbox 232 371 331 435; baseline -0.061 0"><span class='ocrx_word' id='word_1_1' title='bbox 232 371 331 435; x_wconf 73' lang='grc' dir='ltr'>ιη</span> 
     </span>
    </p>
   </div>
   <div class='ocr_carea' id='block_1_2' title="bbox 1270 328 2491 425">
    <p class='ocr_par' dir='ltr' id='par_1_2' title="bbox 1270 328 2491 425">
     <span class='ocr_line' id='line_1_2' title="bbox 1270 328 2491 425; baseline 0.004 -6"><span class='ocrx_word' id='word_1_2' title='bbox 1270 359 1361 420; x_wconf 79' lang='lat' dir='ltr'><strong>es</strong></span> <span class='ocrx_word' id='word_1_3' title='bbox 1391 360 1550 420; x_wconf 78' lang='lat' dir='ltr'><strong>rm</strong></span> <span class='ocrx_word' id='word_1_4' title='bbox 1572 360 1707 421; x_wconf 68' lang='lat' dir='ltr'><strong>sua</strong></span> <span class='ocrx_word' id='word_1_5' title='bbox 1732 360 1919 421; x_wconf 80' lang='lat' dir='ltr'><strong>.Lmat</strong></span> <span class='ocrx_word' id='word_1_6' title='bbox 1952 362 2162 424; x_wconf 70' lang='lat' dir='ltr'><strong>mss.</strong></span> <span class='ocrx_word' id='word_1_7' title='bbox 2192 350 2264 413; x_wconf 61' lang='grc' dir='ltr'><strong>-ς</strong></span> <span class='ocrx_word' id='word_1_8' title='bbox 2292 364 2409 424; x_wconf 79' lang='lat' dir='ltr'><strong>ue</strong></span> <span class='ocrx_word' id='word_1_9' title='bbox 2440 365 2491 425; x_wconf 83' lang='grc' dir='ltr'>ι.</span> 
     </span>
    </p>
   </div>
   <div class='ocr_carea' id='block_1_3' title="bbox 3338 362 3587 485">
    <p class='ocr_par' dir='ltr' id='par_1_3' title="bbox 3338 362 3587 485">
     <span class='ocr_line' id='line_1_3' title="bbox 3338 362 3587 485; baseline 0 -74"><span class='ocrx_word' id='word_1_10' title='bbox 3338 362 3587 485; x_wconf 48' lang='grc' dir='ltr'><em>Μ</em></span> 
     </span>
    </p>
   </div>
   <div class='ocr_carea' id='block_1_4' title="bbox 166 475 3563 553">
    <p class='ocr_par' dir='ltr' id='par_1_4' title="bbox 166 475 3563 553">
     <span class='ocr_line' id='line_1_4' title="bbox 166 475 3563 553; baseline 0.002 -13"><span class='ocrx_word' id='word_1_11' title='bbox 166 476 169 479; x_wconf 77' lang='grc'><em>’</em></span> <span class='ocrx_word' id='word_1_12' title='bbox 233 483 439 544; x_wconf 83' lang='lat' dir='ltr'><strong>tandem</strong></span> <span class='ocrx_word' id='word_1_13' title='bbox 487 477 609 535; x_wconf 87' lang='lat' dir='ltr'><strong>inde</strong></span> <span class='ocrx_word' id='word_1_14' title='bbox 661 490 948 548; x_wconf 73' lang='lat' dir='ltr'><strong>emergens</strong></span> <span class='ocrx_word' id='word_1_15' title='bbox 972 476 1039 532; x_wconf 84' lang='lat' dir='ltr'><strong>ad</strong></span> <span class='ocrx_word' id='word_1_16' title='bbox 1070 490 1166 533; x_wconf 88' lang='lat' dir='ltr'><strong>ora</strong></span> <span class='ocrx_word' id='word_1_17' title='bbox 1197 475 1480 545; x_wconf 80' lang='lat' dir='ltr'><strong>cujusdam</strong></span> <span class='ocrx_word' id='word_1_18' title='bbox 1511 479 1659 549; x_wconf 86' lang='lat' dir='ltr'><strong>putei</strong></span> <span class='ocrx_word' id='word_1_19' title='bbox 1690 493 1799 534; x_wconf 81' lang='lat' dir='ltr'><strong>cee-</strong></span> <span class='ocrx_word' id='word_1_20' title='bbox 1826 483 1873 539; x_wconf 88' lang='lat' dir='ltr'><strong>A</strong></span> <span class='ocrx_word' id='word_1_21' title='bbox 1899 481 2157 548; x_wconf 70' lang='lat' dir='ltr'><strong>attentius</strong></span> <span class='ocrx_word' id='word_1_22' title='bbox 2190 480 2518 551; x_wconf 80' lang='lat' dir='ltr'><strong>faciebat)et</strong></span> <span class='ocrx_word' id='word_1_23' title='bbox 2542 482 2633 539; x_wconf 88' lang='lat' dir='ltr'><strong>ille</strong></span> <span class='ocrx_word' id='word_1_24' title='bbox 2660 482 3065 553; x_wconf 76' lang='lat' dir='ltr'><strong>suban‘nuisset,</strong></span> <span class='ocrx_word' id='word_1_25' title='bbox 3090 482 3356 543; x_wconf 74' lang='lat' dir='ltr'><strong>addiditu</strong></span> <span class='ocrx_word' id='word_1_26' title='bbox 3382 490 3489 548; x_wconf 83' lang='lat' dir='ltr'><strong>Sed</strong></span> <span class='ocrx_word' id='word_1_27' title='bbox 3539 475 3563 537; x_wconf 63' lang='grc' dir='ltr'><strong>ῗ</strong></span> 
     </span>
    </p>
   </div>
   <div class='ocr_carea' id='block_1_5' title="bbox 229 568 1793 650">
    <p class='ocr_par' dir='ltr' id='par_1_5' title="bbox 229 568 1793 650">
     <span class='ocr_line' id='line_1_5' title="bbox 229 568 1793 650; baseline -0.004 -20"><span class='ocrx_word' id='word_1_28' title='bbox 229 584 373 650; x_wconf 84' lang='lat' dir='ltr'><strong>perat</strong></span> <span class='ocrx_word' id='word_1_29' title='bbox 399 570 777 643; x_wconf 84' lang='lat' dir='ltr'><strong>propinquare.</strong></span> <span class='ocrx_word' id='word_1_30' title='bbox 826 568 925 623; x_wconf 81' lang='lat' dir='ltr'><strong>Cui</strong></span> <span class='ocrx_word' id='word_1_31' title='bbox 986 584 1106 624; x_wconf 89' lang='lat' dir='ltr'><strong>cum</strong></span> <span class='ocrx_word' id='word_1_32' title='bbox 1138 578 1285 625; x_wconf 86' lang='lat' dir='ltr'><strong>esset</strong></span> <span class='ocrx_word' id='word_1_33' title='bbox 1333 569 1474 624; x_wconf 85' lang='lat' dir='ltr'><strong>facta</strong></span> <span class='ocrx_word' id='word_1_34' title='bbox 1517 569 1793 640; x_wconf 84' lang='lat' dir='ltr'><strong>contigua,</strong></span> 
     </span>
    </p>
   </div>
   <div class='ocr_carea' id='block_1_6' title="bbox 228 661 1795 732">
    <p class='ocr_par' dir='ltr' id='par_1_6' title="bbox 228 661 1795 732">
     <span class='ocr_line' id='line_1_6' title="bbox 228 661 1795 732; baseline -0.005 -7"><span class='ocrx_word' id='word_1_35' title='bbox 228 683 345 726; x_wconf 87' lang='lat' dir='ltr'><strong>ecce</strong></span> <span class='ocrx_word' id='word_1_36' title='bbox 376 666 438 720; x_wconf 89' lang='lat' dir='ltr'><strong>de</strong></span> <span class='ocrx_word' id='word_1_37' title='bbox 462 663 630 717; x_wconf 61' lang='lat' dir='ltr'><strong>fovete</strong></span> <span class='ocrx_word' id='word_1_38' title='bbox 660 661 804 717; x_wconf 88' lang='lat' dir='ltr'><strong>illius</strong></span> <span class='ocrx_word' id='word_1_39' title='bbox 832 661 1092 730; x_wconf 85' lang='lat' dir='ltr'><strong>voragine</strong></span> <span class='ocrx_word' id='word_1_40' title='bbox 1124 661 1307 716; x_wconf 87' lang='lat' dir='ltr'><strong>larvali</strong></span> <span class='ocrx_word' id='word_1_41' title='bbox 1336 663 1516 732; x_wconf 80' lang='lat' dir='ltr'><strong>specie</strong></span> <span class='ocrx_word' id='word_1_42' title='bbox 1546 662 1795 717; x_wconf 80' lang='lat' dir='ltr'><strong>homines</strong></span> 
     </span>
    </p>
   </div>
   <div class='ocr_carea' id='block_1_7' title="bbox 227 754 1790 831">
    <p class='ocr_par' dir='ltr' id='par_1_7' title="bbox 227 754 1790 831">
     <span class='ocr_line' id='line_1_7' title="bbox 227 754 1790 831; baseline -0.001 -19"><span class='ocrx_word' id='word_1_43' title='bbox 227 759 521 831; x_wconf 78' lang='lat' dir='ltr'><strong>prosiliunt,</strong></span> <span class='ocrx_word' id='word_1_44' title='bbox 554 770 781 824; x_wconf 84' lang='lat' dir='ltr'><strong>quorum</strong></span> <span class='ocrx_word' id='word_1_45' title='bbox 824 754 1107 810; x_wconf 72' lang='lat' dir='ltr'><strong>videbatur</strong></span> <span class='ocrx_word' id='word_1_46' title='bbox 1128 754 1288 810; x_wconf 77' lang='lat' dir='ltr'><strong>lineis</strong></span> <span class='ocrx_word' id='word_1_47' title='bbox 1315 771 1476 811; x_wconf 74' lang='lat' dir='ltr'><strong>exesa</strong></span> <span class='ocrx_word' id='word_1_48' title='bbox 1513 756 1790 821; x_wconf 66' lang='lat' dir='ltr'><strong>caesaries,</strong></span> 
     </span>
    </p>
   </div>
   <div class='ocr_carea' id='block_1_8' title="bbox 218 846 1793 917">
    <p class='ocr_par' dir='ltr' id='par_1_8' title="bbox 218 846 1793 917">
     <span class='ocr_line' id='line_1_8' title="bbox 218 846 1793 917; baseline -0.001 -10"><span class='ocrx_word' id='word_1_49' title='bbox 218 866 333 907; x_wconf 84' lang='lat' dir='ltr'><strong>eam</strong></span> <span class='ocrx_word' id='word_1_50' title='bbox 377 847 615 903; x_wconf 85' lang='lat' dir='ltr'><strong>volentes</strong></span> <span class='ocrx_word' id='word_1_51' title='bbox 652 846 902 901; x_wconf 70' lang='lat' dir='ltr'><strong>nisnibus</strong></span> <span class='ocrx_word' id='word_1_52' title='bbox 948 848 1255 915; x_wconf 85' lang='lat' dir='ltr'><strong>corripere,</strong></span> <span class='ocrx_word' id='word_1_53' title='bbox 1304 858 1361 902; x_wconf 88' lang='lat' dir='ltr'><strong>et</strong></span> <span class='ocrx_word' id='word_1_54' title='bbox 1392 848 1537 902; x_wconf 88' lang='lat' dir='ltr'><strong>intro</strong></span> <span class='ocrx_word' id='word_1_55' title='bbox 1582 856 1793 917; x_wconf 81' lang='lat' dir='ltr'><strong>protra-</strong></span> 
     </span>
    </p>
   </div>
   <div class='ocr_carea' id='block_1_9' title="bbox 210 937 1791 1007">
    <p class='ocr_par' dir='ltr' id='par_1_9' title="bbox 210 937 1791 1007">
     <span class='ocr_line' id='line_1_9' title="bbox 210 937 1791 1007; baseline 0 -14"><span class='ocrx_word' id='word_1_56' title='bbox 210 942 361 998; x_wconf 79' lang='lat' dir='ltr'><strong>here.</strong></span> <span class='ocrx_word' id='word_1_57' title='bbox 392 939 459 993; x_wconf 85' lang='lat' dir='ltr'><strong>Et</strong></span> <span class='ocrx_word' id='word_1_58' title='bbox 488 952 616 993; x_wconf 89' lang='lat' dir='ltr'><strong>ecce</strong></span> <span class='ocrx_word' id='word_1_59' title='bbox 641 951 743 993; x_wconf 67' lang='lat' dir='ltr'><strong>vos</strong></span> <span class='ocrx_word' id='word_1_60' title='bbox 772 953 805 993; x_wconf 83' lang='lat' dir='ltr'><strong>u</strong></span> <span class='ocrx_word' id='word_1_61' title='bbox 836 945 987 1007; x_wconf 84' lang='lat' dir='ltr'><strong>tergo</strong></span> <span class='ocrx_word' id='word_1_62' title='bbox 1032 937 1248 992; x_wconf 81' lang='lat' dir='ltr'><strong>l‘euiime</strong></span> <span class='ocrx_word' id='word_1_63' title='bbox 1280 938 1617 1007; x_wconf 87' lang='lat' dir='ltr'><strong>trepidantis,</strong></span> <span class='ocrx_word' id='word_1_64' title='bbox 1641 948 1697 993; x_wconf 87' lang='lat' dir='ltr'><strong>et</strong></span> <span class='ocrx_word' id='word_1_65' title='bbox 1723 938 1791 993; x_wconf 84' lang='lat' dir='ltr'><strong>ad</strong></span> 
     </span>
    </p>
   </div>
   <div class='ocr_carea' id='block_1_10' title="bbox 215 1028 1789 1099">
    <p class='ocr_par' dir='ltr' id='par_1_10' title="bbox 215 1028 1789 1099">
     <span class='ocr_line' id='line_1_10' title="bbox 215 1028 1789 1099; baseline -0.003 -11"><span class='ocrx_word' id='word_1_66' title='bbox 215 1046 395 1089; x_wconf 86' lang='lat' dir='ltr'><strong>eorum</strong></span> <span class='ocrx_word' id='word_1_67' title='bbox 430 1029 712 1083; x_wconf 82' lang='lat' dir='ltr'><strong>incursum</strong></span> <span class='ocrx_word' id='word_1_68' title='bbox 752 1028 1141 1084; x_wconf 77' lang='lat' dir='ltr'><strong>miserabiliter</strong></span> <span class='ocrx_word' id='word_1_69' title='bbox 1162 1030 1469 1093; x_wconf 62' lang='lat' dir='ltr'><strong>testuantis,</strong></span> <span class='ocrx_word' id='word_1_70' title='bbox 1497 1031 1679 1099; x_wconf 88' lang='lat' dir='ltr'><strong>erupit</strong></span> <span class='ocrx_word' id='word_1_71' title='bbox 1721 1030 1789 1083; x_wconf 84' lang='lat' dir='ltr'><strong>ad</strong></span> 
     </span>
    </p>
   </div>
   <div class='ocr_carea' id='block_1_11' title="bbox 213 1118 1789 1191">
    <p class='ocr_par' dir='ltr' id='par_1_11' title="bbox 213 1118 1789 1191">
     <span class='ocr_line' id='line_1_11' title="bbox 213 1118 1789 1191; baseline -0.002 -12"><span class='ocrx_word' id='word_1_72' title='bbox 213 1123 328 1179; x_wconf 81' lang='lat' dir='ltr'><strong>illos</strong></span> <span class='ocrx_word' id='word_1_73' title='bbox 354 1136 370 1176; x_wconf 88' lang='lat'><strong>:</strong></span> <span class='ocrx_word' id='word_1_74' title='bbox 399 1138 419 1171; x_wconf 83' lang='grc' dir='ltr'><strong>ι</strong></span> <span class='ocrx_word' id='word_1_75' title='bbox 449 1118 659 1185; x_wconf 81' lang='lat' dir='ltr'><strong>Nolite,</strong></span> <span class='ocrx_word' id='word_1_76' title='bbox 696 1121 885 1190; x_wconf 77' lang='lat' dir='ltr'><strong>inquit,</strong></span> <span class='ocrx_word' id='word_1_77' title='bbox 915 1136 1035 1176; x_wconf 86' lang='lat' dir='ltr'><strong>eam</strong></span> <span class='ocrx_word' id='word_1_78' title='bbox 1066 1131 1309 1191; x_wconf 89' lang='lat' dir='ltr'><strong>tangere.</strong></span> <span class='ocrx_word' id='word_1_79' title='bbox 1351 1140 1372 1173; x_wconf 75' lang='grc' dir='ltr'><strong>ι</strong></span> <span class='ocrx_word' id='word_1_80' title='bbox 1404 1121 1505 1188; x_wconf 82' lang='lat' dir='ltr'><strong>Qui</strong></span> <span class='ocrx_word' id='word_1_81' title='bbox 1540 1136 1669 1176; x_wconf 91' lang='lat' dir='ltr'><strong>voce</strong></span> <span class='ocrx_word' id='word_1_82' title='bbox 1697 1135 1789 1176; x_wconf 76' lang='lat' dir='ltr'><strong>ve-</strong></span> 
     </span>
    </p>
   </div>
   <div class='ocr_carea' id='block_1_12' title="bbox 214 1214 1783 1283">
    <p class='ocr_par' dir='ltr' id='par_1_12' title="bbox 214 1214 1783 1283">
     <span class='ocr_line' id='line_1_12' title="bbox 214 1214 1783 1283; baseline -0.002 -11"><span class='ocrx_word' id='word_1_83' title='bbox 214 1215 371 1273; x_wconf 79' lang='lat' dir='ltr'><strong>tantis</strong></span> <span class='ocrx_word' id='word_1_84' title='bbox 414 1214 594 1269; x_wconf 88' lang='lat' dir='ltr'><strong>adacti</strong></span> <span class='ocrx_word' id='word_1_85' title='bbox 656 1214 971 1269; x_wconf 82' lang='lat' dir='ltr'><strong>resilierunt</strong></span> <span class='ocrx_word' id='word_1_86' title='bbox 1007 1215 1059 1269; x_wconf 94' lang='lat' dir='ltr'><strong>in</strong></span> <span class='ocrx_word' id='word_1_87' title='bbox 1109 1225 1354 1283; x_wconf 80' lang='lat' dir='ltr'><strong>puteum.</strong></span> <span class='ocrx_word' id='word_1_88' title='bbox 1406 1215 1541 1269; x_wconf 88' lang='lat' dir='ltr'><strong>Cum</strong></span> <span class='ocrx_word' id='word_1_89' title='bbox 1580 1227 1783 1280; x_wconf 85' lang='lat' dir='ltr'><strong>autem,</strong></span> 
     </span>
    </p>
   </div>
   <div class='ocr_carea' id='block_1_13' title="bbox 208 1304 1786 1379">
    <p class='ocr_par' dir='ltr' id='par_1_13' title="bbox 208 1304 1786 1379">
     <span class='ocr_line' id='line_1_13' title="bbox 208 1304 1786 1379; baseline 0 -16"><span class='ocrx_word' id='word_1_90' title='bbox 208 1307 342 1379; x_wconf 79' lang='lat' dir='ltr'><strong>quod</strong></span> <span class='ocrx_word' id='word_1_91' title='bbox 370 1320 457 1360; x_wconf 85' lang='lat' dir='ltr'><strong>me</strong></span> <span class='ocrx_word' id='word_1_92' title='bbox 492 1304 856 1374; x_wconf 59' lang='lat' dir='ltr'><strong>praeterierat,</strong></span> <span class='ocrx_word' id='word_1_93' title='bbox 882 1320 978 1374; x_wconf 89' lang='lat' dir='ltr'><strong>per</strong></span> <span class='ocrx_word' id='word_1_94' title='bbox 1009 1306 1277 1375; x_wconf 82' lang='lat' dir='ltr'><strong>porticum</strong></span> <span class='ocrx_word' id='word_1_95' title='bbox 1310 1306 1660 1375; x_wconf 81' lang='lat' dir='ltr'><strong>procederet,</strong></span> <span class='ocrx_word' id='word_1_96' title='bbox 1680 1307 1786 1363; x_wconf 87' lang='lat' dir='ltr'><strong>hoc</strong></span> 
     </span>
    </p>
   </div>
   <div class='ocr_carea' id='block_1_14' title="bbox 175 1400 1785 1471">
    <p class='ocr_par' dir='ltr' id='par_1_14' title="bbox 175 1400 1785 1471">
     <span class='ocr_line' id='line_1_14' title="bbox 175 1400 1785 1471; baseline -0.001 -12"><span class='ocrx_word' id='word_1_97' title='bbox 175 1402 372 1465; x_wconf 73' lang='lat' dir='ltr'><strong>.sulum</strong></span> <span class='ocrx_word' id='word_1_98' title='bbox 403 1401 624 1471; x_wconf 81' lang='lat' dir='ltr'><strong>petebat</strong></span> <span class='ocrx_word' id='word_1_99' title='bbox 679 1417 709 1454; x_wconf 83' lang='grc' dir='ltr'><strong>ιι</strong></span> <span class='ocrx_word' id='word_1_100' title='bbox 744 1400 858 1454; x_wconf 79' lang='lat' dir='ltr'><strong>Deo</strong></span> <span class='ocrx_word' id='word_1_101' title='bbox 888 1415 1013 1455; x_wconf 87' lang='lat' dir='ltr'><strong>cum</strong></span> <span class='ocrx_word' id='word_1_102' title='bbox 1057 1401 1237 1455; x_wconf 74' lang='lat' dir='ltr'><strong>exisse</strong></span> <span class='ocrx_word' id='word_1_103' title='bbox 1264 1401 1539 1456; x_wconf 76' lang='lat' dir='ltr'><strong>honiincm</strong></span> <span class='ocrx_word' id='word_1_104' title='bbox 1573 1418 1634 1459; x_wconf 87' lang='lat' dir='ltr'><strong>se</strong></span> <span class='ocrx_word' id='word_1_105' title='bbox 1665 1415 1785 1457; x_wconf 80' lang='lat' dir='ltr'><strong>scn-</strong></span> 
     </span>
    </p>
   </div>
   <div class='ocr_carea' id='block_1_15' title="bbox 208 1494 1784 1565">
    <p class='ocr_par' dir='ltr' id='par_1_15' title="bbox 208 1494 1784 1565">
     <span class='ocr_line' id='line_1_15' title="bbox 208 1494 1784 1565; baseline 0.001 -17"><span class='ocrx_word' id='word_1_106' title='bbox 208 1497 345 1559; x_wconf 74' lang='lat' dir='ltr'><strong>tiret,</strong></span> <span class='ocrx_word' id='word_1_107' title='bbox 373 1494 516 1549; x_wconf 85' lang='lat' dir='ltr'><strong>utad</strong></span> <span class='ocrx_word' id='word_1_108' title='bbox 553 1509 750 1563; x_wconf 84' lang='lat' dir='ltr'><strong>corpus</strong></span> <span class='ocrx_word' id='word_1_109' title='bbox 771 1494 875 1549; x_wconf 90' lang='lat' dir='ltr'><strong>sibi</strong></span> <span class='ocrx_word' id='word_1_110' title='bbox 901 1494 1078 1549; x_wconf 87' lang='lat' dir='ltr'><strong>redire</strong></span> <span class='ocrx_word' id='word_1_111' title='bbox 1099 1494 1310 1551; x_wconf 80' lang='lat' dir='ltr'><strong>liceret.</strong></span> <span class='ocrx_word' id='word_1_112' title='bbox 1340 1495 1412 1549; x_wconf 90' lang='lat' dir='ltr'><strong>De</strong></span> <span class='ocrx_word' id='word_1_113' title='bbox 1442 1495 1587 1565; x_wconf 86' lang='lat' dir='ltr'><strong>putei</strong></span> <span class='ocrx_word' id='word_1_114' title='bbox 1619 1496 1784 1565; x_wconf 87' lang='lat' dir='ltr'><strong>igitur</strong></span> 
     </span>
    </p>
   </div>
   <div class='ocr_carea' id='block_1_16' title="bbox 202 1584 1783 1658">
    <p class='ocr_par' dir='ltr' id='par_1_16' title="bbox 202 1584 1783 1658">
     <span class='ocr_line' id='line_1_16' title="bbox 202 1584 1783 1658; baseline 0.001 -15"><span class='ocrx_word' id='word_1_115' title='bbox 202 1584 593 1643; x_wconf 82' lang='lat' dir='ltr'><strong>habitatoribus</strong></span> <span class='ocrx_word' id='word_1_116' title='bbox 617 1585 867 1653; x_wconf 84' lang='lat' dir='ltr'><strong>liberata,</strong></span> <span class='ocrx_word' id='word_1_117' title='bbox 889 1602 1012 1641; x_wconf 79' lang='lat' dir='ltr'><strong>cuni</strong></span> <span class='ocrx_word' id='word_1_118' title='bbox 1044 1598 1235 1651; x_wconf 87' lang='lat' dir='ltr'><strong>contra</strong></span> <span class='ocrx_word' id='word_1_119' title='bbox 1274 1588 1569 1658; x_wconf 75' lang='lat' dir='ltr'><strong>marginem</strong></span> <span class='ocrx_word' id='word_1_120' title='bbox 1611 1588 1783 1657; x_wconf 93' lang='lat' dir='ltr'><strong>ipsius</strong></span> 
     </span>
    </p>
   </div>
   <div class='ocr_carea' id='block_1_17' title="bbox 199 1678 1782 1751">
    <p class='ocr_par' dir='ltr' id='par_1_17' title="bbox 199 1678 1782 1751">
     <span class='ocr_line' id='line_1_17' title="bbox 199 1678 1782 1751; baseline 0.001 -16"><span class='ocrx_word' id='word_1_121' title='bbox 199 1678 556 1742; x_wconf 81' lang='lat' dir='ltr'><strong>constitisset,</strong></span> <span class='ocrx_word' id='word_1_122' title='bbox 614 1689 837 1748; x_wconf 88' lang='lat' dir='ltr'><strong>repente</strong></span> <span class='ocrx_word' id='word_1_123' title='bbox 886 1689 1097 1749; x_wconf 84' lang='lat' dir='ltr'><strong>patrem</strong></span> <span class='ocrx_word' id='word_1_124' title='bbox 1135 1696 1350 1745; x_wconf 81' lang='lat' dir='ltr'><strong>nicum,</strong></span> <span class='ocrx_word' id='word_1_125' title='bbox 1391 1680 1443 1735; x_wconf 91' lang='lat' dir='ltr'><strong>in</strong></span> <span class='ocrx_word' id='word_1_126' title='bbox 1486 1696 1551 1736; x_wconf 87' lang='lat' dir='ltr'><strong>ea</strong></span> <span class='ocrx_word' id='word_1_127' title='bbox 1598 1682 1782 1751; x_wconf 88' lang='lat' dir='ltr'><strong>specie</strong></span> 
     </span>
    </p>
   </div>
   <div class='ocr_carea' id='block_1_18' title="bbox 196 1766 1777 1840">
    <p class='ocr_par' dir='ltr' id='par_1_18' title="bbox 196 1766 1777 1840">
     <span class='ocr_line' id='line_1_18' title="bbox 196 1766 1777 1840; baseline 0.004 -19"><span class='ocrx_word' id='word_1_128' title='bbox 196 1784 295 1838; x_wconf 85' lang='lat' dir='ltr'><strong>qua</strong></span> <span class='ocrx_word' id='word_1_129' title='bbox 346 1766 572 1836; x_wconf 81' lang='lat' dir='ltr'><strong>juvenis</strong></span> <span class='ocrx_word' id='word_1_130' title='bbox 618 1768 924 1834; x_wconf 77' lang='lat' dir='ltr'><strong>exstiterat,</strong></span> <span class='ocrx_word' id='word_1_131' title='bbox 970 1770 1072 1825; x_wconf 83' lang='lat' dir='ltr'><strong>sibi</strong></span> <span class='ocrx_word' id='word_1_132' title='bbox 1123 1771 1408 1840; x_wconf 74' lang='lat' dir='ltr'><strong>conspexit</strong></span> <span class='ocrx_word' id='word_1_133' title='bbox 1483 1772 1777 1840; x_wconf 79' lang='lat' dir='ltr'><strong>assistere;</strong></span> 
     </span>
    </p>
   </div>
   <div class='ocr_carea' id='block_1_19' title="bbox 1896 570 3489 653">
    <p class='ocr_par' dir='ltr' id='par_1_19' title="bbox 1896 570 3489 653">
     <span class='ocr_line' id='line_1_19' title="bbox 1896 570 3489 653; baseline 0.008 -28"><span class='ocrx_word' id='word_1_134' title='bbox 1896 570 2041 626; x_wconf 89' lang='lat' dir='ltr'><strong>inter</strong></span> <span class='ocrx_word' id='word_1_135' title='bbox 2098 587 2194 627; x_wconf 89' lang='lat' dir='ltr'><strong>vos</strong></span> <span class='ocrx_word' id='word_1_136' title='bbox 2244 574 2490 642; x_wconf 65' lang='lat' dir='ltr'><strong>quaedam</strong></span> <span class='ocrx_word' id='word_1_137' title='bbox 2555 575 2765 631; x_wconf 83' lang='lat' dir='ltr'><strong>habitat</strong></span> <span class='ocrx_word' id='word_1_138' title='bbox 2824 574 3231 648; x_wconf 78' lang='lat' dir='ltr'><strong>Leodegardis:</strong></span> <span class='ocrx_word' id='word_1_139' title='bbox 3267 599 3287 633; x_wconf 74' lang='grc' dir='ltr'><strong>ι</strong></span> <span class='ocrx_word' id='word_1_140' title='bbox 3325 597 3489 653; x_wconf 85' lang='lat' dir='ltr'><strong>quam</strong></span> 
     </span>
    </p>
   </div>
   <div class='ocr_carea' id='block_1_20' title="bbox 1884 668 3483 743">
    <p class='ocr_par' dir='ltr' id='par_1_20' title="bbox 1884 668 3483 743">
     <span class='ocr_line' id='line_1_20' title="bbox 1884 668 3483 743; baseline 0.006 -23"><span class='ocrx_word' id='word_1_141' title='bbox 1884 676 2072 721; x_wconf 81' lang='lat' dir='ltr'><strong>mater</strong></span> <span class='ocrx_word' id='word_1_142' title='bbox 2102 681 2312 722; x_wconf 74' lang='lat' dir='ltr'><strong>moues</strong></span> <span class='ocrx_word' id='word_1_143' title='bbox 2336 668 2639 726; x_wconf 82' lang='lat' dir='ltr'><strong>intentione</strong></span> <span class='ocrx_word' id='word_1_144' title='bbox 2671 669 2822 724; x_wconf 88' lang='lat' dir='ltr'><strong>illum</strong></span> <span class='ocrx_word' id='word_1_145' title='bbox 2848 672 3165 728; x_wconf 83' lang='lat' dir='ltr'><strong>nominasse</strong></span> <span class='ocrx_word' id='word_1_146' title='bbox 3197 674 3483 743; x_wconf 79' lang='lat' dir='ltr'><strong>intellexit,</strong></span> 
     </span>
    </p>
   </div>
   <div class='ocr_carea' id='block_1_21' title="bbox 1886 758 3485 832">
    <p class='ocr_par' dir='ltr' id='par_1_21' title="bbox 1886 758 3485 832">
     <span class='ocr_line' id='line_1_21' title="bbox 1886 758 3485 832; baseline 0.007 -20"><span class='ocrx_word' id='word_1_147' title='bbox 1886 768 2164 829; x_wconf 73' lang='lat' dir='ltr'><strong>quatenus</strong></span> <span class='ocrx_word' id='word_1_148' title='bbox 2188 758 2307 827; x_wconf 84' lang='lat' dir='ltr'><strong>ipsa</strong></span> <span class='ocrx_word' id='word_1_149' title='bbox 2347 761 2415 814; x_wconf 82' lang='lat' dir='ltr'><strong>ab</strong></span> <span class='ocrx_word' id='word_1_150' title='bbox 2466 775 2531 816; x_wconf 90' lang='lat' dir='ltr'><strong>ea</strong></span> <span class='ocrx_word' id='word_1_151' title='bbox 2578 769 2811 831; x_wconf 80' lang='lat' dir='ltr'><strong>peteret,</strong></span> <span class='ocrx_word' id='word_1_152' title='bbox 2859 763 2987 832; x_wconf 85' lang='lat' dir='ltr'><strong>quid</strong></span> <span class='ocrx_word' id='word_1_153' title='bbox 3037 764 3118 819; x_wconf 89' lang='lat' dir='ltr'><strong>sui</strong></span> <span class='ocrx_word' id='word_1_154' title='bbox 3167 767 3485 823; x_wconf 70' lang='lat' dir='ltr'><strong>meritoriam</strong></span> 
     </span>
    </p>
   </div>
   <div class='ocr_carea' id='block_1_22' title="bbox 1894 850 3486 927">
    <p class='ocr_par' dir='ltr' id='par_1_22' title="bbox 1894 850 3486 927">
     <span class='ocr_line' id='line_1_22' title="bbox 1894 850 3486 927; baseline 0.008 -24"><span class='ocrx_word' id='word_1_155' title='bbox 1894 850 2144 906; x_wconf 79' lang='lat' dir='ltr'><strong>haberet.</strong></span> <span class='ocrx_word' id='word_1_156' title='bbox 2174 850 2310 905; x_wconf 77' lang='lat' dir='ltr'><strong>Erat</strong></span> <span class='ocrx_word' id='word_1_157' title='bbox 2359 862 2543 907; x_wconf 87' lang='lat' dir='ltr'><strong>autem</strong></span> <span class='ocrx_word' id='word_1_158' title='bbox 2594 853 2820 923; x_wconf 76' lang='lat' dir='ltr'><strong>pra-fata</strong></span> <span class='ocrx_word' id='word_1_159' title='bbox 2868 854 3228 927; x_wconf 76' lang='lat' dir='ltr'><strong>Lcodegurdis</strong></span> <span class='ocrx_word' id='word_1_160' title='bbox 3285 858 3486 915; x_wconf 83' lang='lat' dir='ltr'><strong>femina</strong></span> 
     </span>
    </p>
   </div>
   <div class='ocr_carea' id='block_1_23' title="bbox 1893 942 3483 1014">
    <p class='ocr_par' dir='ltr' id='par_1_23' title="bbox 1893 942 3483 1014">
     <span class='ocr_line' id='line_1_23' title="bbox 1893 942 3483 1014; baseline 0.006 -16"><span class='ocrx_word' id='word_1_161' title='bbox 1893 942 2090 1013; x_wconf 75' lang='lat' dir='ltr'><strong>spiritu</strong></span> <span class='ocrx_word' id='word_1_162' title='bbox 2120 943 2491 1014; x_wconf 73' lang='lat' dir='ltr'><strong>pauperrimo,</strong></span> <span class='ocrx_word' id='word_1_163' title='bbox 2516 952 2573 999; x_wconf 89' lang='lat' dir='ltr'><strong>et</strong></span> <span class='ocrx_word' id='word_1_164' title='bbox 2600 960 2721 1014; x_wconf 66' lang='lat' dir='ltr'><strong>quae</strong></span> <span class='ocrx_word' id='word_1_165' title='bbox 2751 946 2869 1001; x_wconf 89' lang='lat' dir='ltr'><strong>sine</strong></span> <span class='ocrx_word' id='word_1_166' title='bbox 2895 949 3137 1003; x_wconf 88' lang='lat' dir='ltr'><strong>moribus</strong></span> <span class='ocrx_word' id='word_1_167' title='bbox 3157 951 3339 1005; x_wconf 68' lang='lat' dir='ltr'><strong>saeculi</strong></span> <span class='ocrx_word' id='word_1_168' title='bbox 3373 953 3483 1007; x_wconf 79' lang='lat' dir='ltr'><strong>Deo</strong></span> 
     </span>
    </p>
   </div>
   <div class='ocr_carea' id='block_1_24' title="bbox 1891 1033 3482 1112">
    <p class='ocr_par' dir='ltr' id='par_1_24' title="bbox 1891 1033 3482 1112">
     <span class='ocr_line' id='line_1_24' title="bbox 1891 1033 3482 1112; baseline 0.004 -22"><span class='ocrx_word' id='word_1_169' title='bbox 1891 1033 2214 1105; x_wconf 78' lang='lat' dir='ltr'><strong>simpliciter</strong></span> <span class='ocrx_word' id='word_1_170' title='bbox 2243 1034 2541 1091; x_wconf 85' lang='lat' dir='ltr'><strong>victitaret.</strong></span> <span class='ocrx_word' id='word_1_171' title='bbox 2594 1036 2805 1090; x_wconf 80' lang='lat' dir='ltr'><strong>Interea</strong></span> <span class='ocrx_word' id='word_1_172' title='bbox 2858 1037 3110 1107; x_wconf 79' lang='lat' dir='ltr'><strong>loquendi</strong></span> <span class='ocrx_word' id='word_1_173' title='bbox 3157 1042 3224 1095; x_wconf 84' lang='lat' dir='ltr'><strong>ad</strong></span> <span class='ocrx_word' id='word_1_174' title='bbox 3270 1052 3482 1112; x_wconf 81' lang='lat' dir='ltr'><strong>patrem</strong></span> 
     </span>
    </p>
   </div>
   <div class='ocr_carea' id='block_1_25' title="bbox 1888 1124 3484 1204">
    <p class='ocr_par' dir='ltr' id='par_1_25' title="bbox 1888 1124 3484 1204">
     <span class='ocr_line' id='line_1_25' title="bbox 1888 1124 3484 1204; baseline 0.005 -24"><span class='ocrx_word' id='word_1_175' title='bbox 1888 1139 2071 1180; x_wconf 80' lang='lat' dir='ltr'><strong>meum</strong></span> <span class='ocrx_word' id='word_1_176' title='bbox 2116 1125 2279 1181; x_wconf 65' lang='lat' dir='ltr'><strong>ﬁnem</strong></span> <span class='ocrx_word' id='word_1_177' title='bbox 2328 1124 2572 1189; x_wconf 79' lang='lat' dir='ltr'><strong>faciens,</strong></span> <span class='ocrx_word' id='word_1_178' title='bbox 2628 1127 2869 1194; x_wconf 74' lang='lat' dir='ltr'><strong>respexit</strong></span> <span class='ocrx_word' id='word_1_179' title='bbox 2920 1129 2988 1181; x_wconf 84' lang='lat' dir='ltr'><strong>ad</strong></span> <span class='ocrx_word' id='word_1_180' title='bbox 3050 1139 3268 1198; x_wconf 84' lang='lat' dir='ltr'><strong>puteum</strong></span> <span class='ocrx_word' id='word_1_181' title='bbox 3319 1149 3484 1204; x_wconf 87' lang='lat' dir='ltr'><strong>supra</strong></span> 
     </span>
    </p>
   </div>
   <div class='ocr_carea' id='block_1_26' title="bbox 1889 1216 3481 1287">
    <p class='ocr_par' dir='ltr' id='par_1_26' title="bbox 1889 1216 3481 1287">
     <span class='ocr_line' id='line_1_26' title="bbox 1889 1216 3481 1287; baseline 0.008 -18"><span class='ocrx_word' id='word_1_182' title='bbox 1889 1231 2049 1286; x_wconf 86' lang='lat' dir='ltr'><strong>quem</strong></span> <span class='ocrx_word' id='word_1_183' title='bbox 2080 1226 2199 1272; x_wconf 68' lang='lat' dir='ltr'><strong>erat</strong></span> <span class='ocrx_word' id='word_1_184' title='bbox 2225 1216 2435 1283; x_wconf 81' lang='lat' dir='ltr'><strong>tabuia;</strong></span> <span class='ocrx_word' id='word_1_185' title='bbox 2474 1232 2642 1287; x_wconf 80' lang='lat' dir='ltr'><strong>supra</strong></span> <span class='ocrx_word' id='word_1_186' title='bbox 2699 1217 2934 1273; x_wconf 83' lang='lat' dir='ltr'><strong>tabulam</strong></span> <span class='ocrx_word' id='word_1_187' title='bbox 2985 1234 3115 1275; x_wconf 87' lang='lat' dir='ltr'><strong>vero</strong></span> <span class='ocrx_word' id='word_1_188' title='bbox 3161 1223 3481 1282; x_wconf 71' lang='lat' dir='ltr'><strong>Raiualalum</strong></span> 
     </span>
    </p>
   </div>
   <div class='ocr_carea' id='block_1_27' title="bbox 1888 1306 3513 1381">
    <p class='ocr_par' dir='ltr' id='par_1_27' title="bbox 1888 1306 3513 1381">
     <span class='ocr_line' id='line_1_27' title="bbox 1888 1306 3513 1381; baseline 0.007 -20"><span class='ocrx_word' id='word_1_189' title='bbox 1888 1306 2176 1376; x_wconf 82' lang='lat' dir='ltr'><strong>tptennlam</strong></span> <span class='ocrx_word' id='word_1_190' title='bbox 2230 1308 2405 1363; x_wconf 88' lang='lat' dir='ltr'><strong>virum</strong></span> <span class='ocrx_word' id='word_1_191' title='bbox 2436 1318 2750 1378; x_wconf 77' lang='lat' dir='ltr'><strong>equestrem</strong></span> <span class='ocrx_word' id='word_1_192' title='bbox 2798 1310 3104 1381; x_wconf 82' lang='lat' dir='ltr'><strong>conspicit,</strong></span> <span class='ocrx_word' id='word_1_193' title='bbox 3160 1329 3266 1369; x_wconf 88' lang='lat' dir='ltr'><strong>non</strong></span> <span class='ocrx_word' id='word_1_194' title='bbox 3308 1317 3513 1373; x_wconf 79' lang='lat' dir='ltr'><strong>infimi-</strong></span> 
     </span>
    </p>
   </div>
   <div class='ocr_carea' id='block_1_28' title="bbox 1886 1398 3486 1477">
    <p class='ocr_par' dir='ltr' id='par_1_28' title="bbox 1886 1398 3486 1477">
     <span class='ocr_line' id='line_1_28' title="bbox 1886 1398 3486 1477; baseline 0.007 -23"><span class='ocrx_word' id='word_1_195' title='bbox 1886 1400 2043 1468; x_wconf 87' lang='lat' dir='ltr'><strong>pretii</strong></span> <span class='ocrx_word' id='word_1_196' title='bbox 2076 1398 2219 1455; x_wconf 85' lang='lat' dir='ltr'><strong>inter</strong></span> <span class='ocrx_word' id='word_1_197' title='bbox 2253 1415 2405 1469; x_wconf 86' lang='lat' dir='ltr'><strong>suos,</strong></span> <span class='ocrx_word' id='word_1_198' title='bbox 2435 1402 2526 1470; x_wconf 92' lang='lat' dir='ltr'><strong>qui</strong></span> <span class='ocrx_word' id='word_1_199' title='bbox 2576 1402 2628 1455; x_wconf 83' lang='lat' dir='ltr'><strong>in</strong></span> <span class='ocrx_word' id='word_1_200' title='bbox 2659 1402 2771 1473; x_wconf 82' lang='lat' dir='ltr'><strong>ipsa</strong></span> <span class='ocrx_word' id='word_1_201' title='bbox 2800 1402 2910 1470; x_wconf 81' lang='lat' dir='ltr'><strong>die,</strong></span> <span class='ocrx_word' id='word_1_202' title='bbox 2942 1418 3062 1473; x_wconf 74' lang='lat' dir='ltr'><strong>qum</strong></span> <span class='ocrx_word' id='word_1_203' title='bbox 3087 1415 3226 1473; x_wconf 86' lang='lat' dir='ltr'><strong>erat,</strong></span> <span class='ocrx_word' id='word_1_204' title='bbox 3258 1416 3315 1460; x_wconf 84' lang='lat' dir='ltr'><strong>ut</strong></span> <span class='ocrx_word' id='word_1_205' title='bbox 3344 1423 3486 1477; x_wconf 67' lang='lat' dir='ltr'><strong>prae-</strong></span> 
     </span>
    </p>
   </div>
   <div class='ocr_carea' id='block_1_29' title="bbox 1885 1490 3486 1566">
    <p class='ocr_par' dir='ltr' id='par_1_29' title="bbox 1885 1490 3486 1566">
     <span class='ocr_line' id='line_1_29' title="bbox 1885 1490 3486 1566; baseline 0.006 -22"><span class='ocrx_word' id='word_1_206' title='bbox 1885 1490 2018 1555; x_wconf 72' lang='lat' dir='ltr'><strong>dixi,</strong></span> <span class='ocrx_word' id='word_1_207' title='bbox 2050 1491 2354 1559; x_wconf 79' lang='lat' dir='ltr'><strong>Dominiea,</strong></span> <span class='ocrx_word' id='word_1_208' title='bbox 2385 1509 2413 1545; x_wconf 90' lang='lat' dir='ltr'><strong>a</strong></span> <span class='ocrx_word' id='word_1_209' title='bbox 2452 1493 2569 1547; x_wconf 88' lang='lat' dir='ltr'><strong>suis</strong></span> <span class='ocrx_word' id='word_1_210' title='bbox 2605 1493 3003 1550; x_wconf 88' lang='lat' dir='ltr'><strong>contribulibus</strong></span> <span class='ocrx_word' id='word_1_211' title='bbox 3046 1497 3486 1566; x_wconf 83' lang='lat' dir='ltr'><strong>proditionaliter</strong></span> 
     </span>
    </p>
   </div>
   <div class='ocr_carea' id='block_1_30' title="bbox 1884 1583 3484 1663">
    <p class='ocr_par' dir='ltr' id='par_1_30' title="bbox 1884 1583 3484 1663">
     <span class='ocr_line' id='line_1_30' title="bbox 1884 1583 3484 1663; baseline 0.006 -24"><span class='ocrx_word' id='word_1_212' title='bbox 1884 1583 2104 1641; x_wconf 83' lang='lat' dir='ltr'><strong>Balvaei</strong></span> <span class='ocrx_word' id='word_1_213' title='bbox 2152 1585 2473 1641; x_wconf 82' lang='lat' dir='ltr'><strong>interfectus</strong></span> <span class='ocrx_word' id='word_1_214' title='bbox 2498 1596 2620 1656; x_wconf 77' lang='lat' dir='ltr'><strong>post</strong></span> <span class='ocrx_word' id='word_1_215' title='bbox 2647 1587 2931 1656; x_wconf 90' lang='lat' dir='ltr'><strong>prandium</strong></span> <span class='ocrx_word' id='word_1_216' title='bbox 2960 1600 3065 1644; x_wconf 86' lang='lat' dir='ltr'><strong>est.</strong></span> <span class='ocrx_word' id='word_1_217' title='bbox 3104 1591 3154 1646; x_wconf 87' lang='lat' dir='ltr'><strong>Is</strong></span> <span class='ocrx_word' id='word_1_218' title='bbox 3185 1605 3320 1663; x_wconf 82' lang='lat' dir='ltr'><strong>ergo</strong></span> <span class='ocrx_word' id='word_1_219' title='bbox 3357 1608 3484 1649; x_wconf 89' lang='lat' dir='ltr'><strong>cum</strong></span> 
     </span>
    </p>
   </div>
   <div class='ocr_carea' id='block_1_31' title="bbox 1882 1678 3482 1757">
    <p class='ocr_par' dir='ltr' id='par_1_31' title="bbox 1882 1678 3482 1757">
     <span class='ocr_line' id='line_1_31' title="bbox 1882 1678 3482 1757; baseline 0.005 -24"><span class='ocrx_word' id='word_1_220' title='bbox 1882 1685 2026 1757; x_wconf 75' lang='lat' dir='ltr'><strong>esset</strong></span> <span class='ocrx_word' id='word_1_221' title='bbox 2082 1691 2247 1747; x_wconf 86' lang='lat' dir='ltr'><strong>super</strong></span> <span class='ocrx_word' id='word_1_222' title='bbox 2294 1678 2542 1734; x_wconf 83' lang='lat' dir='ltr'><strong>eamdem</strong></span> <span class='ocrx_word' id='word_1_223' title='bbox 2605 1679 2840 1734; x_wconf 80' lang='lat' dir='ltr'><strong>tabulam</strong></span> <span class='ocrx_word' id='word_1_224' title='bbox 2872 1720 2887 1745; x_wconf 95' lang='lat'><strong>,</strong></span> <span class='ocrx_word' id='word_1_225' title='bbox 2960 1690 3187 1737; x_wconf 70' lang='lat' dir='ltr'><strong>curvato</strong></span> <span class='ocrx_word' id='word_1_226' title='bbox 3246 1693 3482 1757; x_wconf 81' lang='lat' dir='ltr'><strong>utroque</strong></span> 
     </span>
    </p>
   </div>
   <div class='ocr_carea' id='block_1_32' title="bbox 1883 1752 3482 1841">
    <p class='ocr_par' dir='ltr' id='par_1_32' title="bbox 1883 1752 3482 1841">
     <span class='ocr_line' id='line_1_32' title="bbox 1883 1752 3482 1841; baseline 0.005 -16"><span class='ocrx_word' id='word_1_227' title='bbox 1883 1752 2048 1839; x_wconf 66' lang='lat' dir='ltr'><strong>genu,</strong></span> <span class='ocrx_word' id='word_1_228' title='bbox 2094 1778 2151 1825; x_wconf 88' lang='lat' dir='ltr'><strong>et</strong></span> <span class='ocrx_word' id='word_1_229' title='bbox 2177 1770 2392 1826; x_wconf 81' lang='lat' dir='ltr'><strong>cervice</strong></span> <span class='ocrx_word' id='word_1_230' title='bbox 2417 1769 2676 1838; x_wconf 88' lang='lat' dir='ltr'><strong>demissa,</strong></span> <span class='ocrx_word' id='word_1_231' title='bbox 2721 1780 2874 1827; x_wconf 87' lang='lat' dir='ltr'><strong>strue</strong></span> <span class='ocrx_word' id='word_1_232' title='bbox 2916 1771 3163 1841; x_wconf 78' lang='lat' dir='ltr'><strong>conjecta</strong></span> <span class='ocrx_word' id='word_1_233' title='bbox 3211 1752 3482 1833; x_wconf 83' lang='lat' dir='ltr'><strong>conﬂabat</strong></span> 
     </span>
    </p>
   </div>
   <div class='ocr_carea' id='block_1_33' title="bbox 111 1846 3480 1934">
    <p class='ocr_par' dir='ltr' id='par_1_33' title="bbox 111 1846 3480 1934">
     <span class='ocr_line' id='line_1_33' title="bbox 111 1846 3480 1934; baseline 0.004 -21"><span class='ocrx_word' id='word_1_234' title='bbox 111 1848 126 1860; x_wconf 77' lang='grc'><strong>’</strong></span> <span class='ocrx_word' id='word_1_235' title='bbox 194 1874 418 1929; x_wconf 79' lang='lat' dir='ltr'><strong>cumque</strong></span> <span class='ocrx_word' id='word_1_236' title='bbox 465 1860 520 1915; x_wconf 91' lang='lat' dir='ltr'><strong>in</strong></span> <span class='ocrx_word' id='word_1_237' title='bbox 558 1875 684 1917; x_wconf 85' lang='lat' dir='ltr'><strong>eum</strong></span> <span class='ocrx_word' id='word_1_238' title='bbox 741 1860 1083 1927; x_wconf 84' lang='lat' dir='ltr'><strong>intenderet,</strong></span> <span class='ocrx_word' id='word_1_239' title='bbox 1118 1873 1176 1918; x_wconf 91' lang='lat' dir='ltr'><strong>ct</strong></span> <span class='ocrx_word' id='word_1_240' title='bbox 1222 1880 1292 1919; x_wconf 86' lang='lat' dir='ltr'><strong>an</strong></span> <span class='ocrx_word' id='word_1_241' title='bbox 1343 1864 1458 1934; x_wconf 76' lang='lat' dir='ltr'><strong>ipse</strong></span> <span class='ocrx_word' id='word_1_242' title='bbox 1506 1864 1783 1921; x_wconf 80' lang='lat' dir='ltr'><strong>Evrardus</strong></span> <span class='ocrx_word' id='word_1_243' title='bbox 1804 1846 1857 1906; x_wconf 74' lang='grc' dir='ltr'><strong>Β</strong></span> <span class='ocrx_word' id='word_1_244' title='bbox 1886 1860 2073 1915; x_wconf 82' lang='lat' dir='ltr'><strong>bllCCis</strong></span> <span class='ocrx_word' id='word_1_245' title='bbox 2104 1860 2444 1930; x_wconf 73' lang='lat' dir='ltr'><strong>pulsantibus</strong></span> <span class='ocrx_word' id='word_1_246' title='bbox 2472 1862 2676 1931; x_wconf 70' lang='lat' dir='ltr'><strong>ignem.</strong></span> <span class='ocrx_word' id='word_1_247' title='bbox 2703 1862 2831 1918; x_wconf 81' lang='lat' dir='ltr'><strong>Htec</strong></span> <span class='ocrx_word' id='word_1_248' title='bbox 2864 1879 3025 1920; x_wconf 81' lang='lat' dir='ltr'><strong>mune</strong></span> <span class='ocrx_word' id='word_1_249' title='bbox 3052 1866 3391 1932; x_wconf 80' lang='lat' dir='ltr'><strong>videbantur,</strong></span> <span class='ocrx_word' id='word_1_250' title='bbox 3422 1878 3480 1926; x_wconf 86' lang='lat' dir='ltr'><strong>et</strong></span> 
     </span>
    </p>
   </div>
   <div class='ocr_carea' id='block_1_34' title="bbox 194 1954 1779 2031">
    <p class='ocr_par' dir='ltr' id='par_1_34' title="bbox 194 1954 1779 2031">
     <span class='ocr_line' id='line_1_34' title="bbox 194 1954 1779 2031; baseline 0.004 -24"><span class='ocrx_word' id='word_1_251' title='bbox 194 1964 474 2009; x_wconf 84' lang='lat' dir='ltr'><strong>vocaretur</strong></span> <span class='ocrx_word' id='word_1_252' title='bbox 521 1954 630 2020; x_wconf 87' lang='lat' dir='ltr'><strong>(sic</strong></span> <span class='ocrx_word' id='word_1_253' title='bbox 682 1955 825 2010; x_wconf 89' lang='lat' dir='ltr'><strong>enim</strong></span> <span class='ocrx_word' id='word_1_254' title='bbox 863 1970 986 2011; x_wconf 90' lang='lat' dir='ltr'><strong>eum</strong></span> <span class='ocrx_word' id='word_1_255' title='bbox 1018 1959 1292 2027; x_wconf 89' lang='lat' dir='ltr'><strong>quondam</strong></span> <span class='ocrx_word' id='word_1_256' title='bbox 1328 1958 1659 2015; x_wconf 84' lang='lat' dir='ltr'><strong>constiterat</strong></span> <span class='ocrx_word' id='word_1_257' title='bbox 1686 1974 1779 2031; x_wconf 70' lang='lat' dir='ltr'><strong>ap-</strong></span> 
     </span>
    </p>
   </div>
   <div class='ocr_carea' id='block_1_35' title="bbox 189 2046 1461 2122">
    <p class='ocr_par' dir='ltr' id='par_1_35' title="bbox 189 2046 1461 2122">
     <span class='ocr_line' id='line_1_35' title="bbox 189 2046 1461 2122; baseline 0.005 -21"><span class='ocrx_word' id='word_1_258' title='bbox 189 2046 393 2115; x_wconf 85' lang='lat' dir='ltr'><strong>pellari)</strong></span> <span class='ocrx_word' id='word_1_259' title='bbox 418 2047 741 2116; x_wconf 87' lang='lat' dir='ltr'><strong>suppliciter</strong></span> <span class='ocrx_word' id='word_1_260' title='bbox 770 2048 1052 2118; x_wconf 80' lang='lat' dir='ltr'><strong>rogitaret,</strong></span> <span class='ocrx_word' id='word_1_261' title='bbox 1080 2051 1193 2122; x_wconf 87' lang='lat' dir='ltr'><strong>ipse</strong></span> <span class='ocrx_word' id='word_1_262' title='bbox 1224 2054 1461 2120; x_wconf 71' lang='lat' dir='ltr'><strong>negavit.</strong></span> 
     </span>
    </p>
   </div>
   <div class='ocr_carea' id='block_1_36' title="bbox 166 2136 1778 2217">
    <p class='ocr_par' dir='ltr' id='par_1_36' title="bbox 166 2136 1778 2217">
     <span class='ocr_line' id='line_1_36' title="bbox 166 2136 1778 2217; baseline 0.006 -27"><span class='ocrx_word' id='word_1_263' title='bbox 166 2150 171 2153; x_wconf 71' lang='lat'><strong><em>‘</em></strong></span> <span class='ocrx_word' id='word_1_264' title='bbox 253 2136 363 2191; x_wconf 75' lang='lat' dir='ltr'><strong>Nec</strong></span> <span class='ocrx_word' id='word_1_265' title='bbox 415 2138 645 2204; x_wconf 86' lang='lat' dir='ltr'><strong>mirum,</strong></span> <span class='ocrx_word' id='word_1_266' title='bbox 675 2139 722 2195; x_wconf 84' lang='lat' dir='ltr'><strong>si</strong></span> <span class='ocrx_word' id='word_1_267' title='bbox 765 2140 991 2209; x_wconf 84' lang='lat' dir='ltr'><strong>spiritus</strong></span> <span class='ocrx_word' id='word_1_268' title='bbox 1046 2157 1114 2199; x_wconf 89' lang='lat' dir='ltr'><strong>eo</strong></span> <span class='ocrx_word' id='word_1_269' title='bbox 1148 2157 1211 2198; x_wconf 88' lang='lat' dir='ltr'><strong>se</strong></span> <span class='ocrx_word' id='word_1_270' title='bbox 1268 2145 1487 2200; x_wconf 88' lang='lat' dir='ltr'><strong>nomine</strong></span> <span class='ocrx_word' id='word_1_271' title='bbox 1530 2145 1778 2217; x_wconf 77' lang='lat' dir='ltr'><strong>insigniri</strong></span> 
     </span>
    </p>
   </div>
   <div class='ocr_carea' id='block_1_37' title="bbox 188 2230 1775 2305">
    <p class='ocr_par' dir='ltr' id='par_1_37' title="bbox 188 2230 1775 2305">
     <span class='ocr_line' id='line_1_37' title="bbox 188 2230 1775 2305; baseline 0.006 -20"><span class='ocrx_word' id='word_1_272' title='bbox 188 2230 527 2296; x_wconf 84' lang='lat' dir='ltr'><strong>dilliteretur,</strong></span> <span class='ocrx_word' id='word_1_273' title='bbox 588 2248 694 2301; x_wconf 83' lang='lat' dir='ltr'><strong>quo</strong></span> <span class='ocrx_word' id='word_1_274' title='bbox 750 2234 913 2289; x_wconf 90' lang='lat' dir='ltr'><strong>homo</strong></span> <span class='ocrx_word' id='word_1_275' title='bbox 949 2234 1078 2289; x_wconf 92' lang='lat' dir='ltr'><strong>olim</strong></span> <span class='ocrx_word' id='word_1_276' title='bbox 1132 2234 1342 2302; x_wconf 72' lang='lat' dir='ltr'><strong>trierat;</strong></span> <span class='ocrx_word' id='word_1_277' title='bbox 1373 2237 1600 2305; x_wconf 82' lang='lat' dir='ltr'><strong>spiritus</strong></span> <span class='ocrx_word' id='word_1_278' title='bbox 1627 2239 1775 2295; x_wconf 89' lang='lat' dir='ltr'><strong>enim</strong></span> 
     </span>
    </p>
   </div>
   <div class='ocr_carea' id='block_1_38' title="bbox 184 2324 1776 2398">
    <p class='ocr_par' dir='ltr' id='par_1_38' title="bbox 184 2324 1776 2398">
     <span class='ocr_line' id='line_1_38' title="bbox 184 2324 1776 2398; baseline 0.004 -19"><span class='ocrx_word' id='word_1_279' title='bbox 184 2324 390 2393; x_wconf 85' lang='lat' dir='ltr'><strong>spiritui</strong></span> <span class='ocrx_word' id='word_1_280' title='bbox 416 2324 554 2380; x_wconf 87' lang='lat' dir='ltr'><strong>nihil</strong></span> <span class='ocrx_word' id='word_1_281' title='bbox 583 2326 727 2381; x_wconf 87' lang='lat' dir='ltr'><strong>aliud</strong></span> <span class='ocrx_word' id='word_1_282' title='bbox 748 2343 909 2396; x_wconf 86' lang='lat' dir='ltr'><strong>quam</strong></span> <span class='ocrx_word' id='word_1_283' title='bbox 926 2328 1067 2397; x_wconf 85' lang='lat' dir='ltr'><strong>quod</strong></span> <span class='ocrx_word' id='word_1_284' title='bbox 1086 2328 1457 2398; x_wconf 76' lang='lat' dir='ltr'><strong>Spiritualitati</strong></span> <span class='ocrx_word' id='word_1_285' title='bbox 1474 2346 1776 2398; x_wconf 78' lang='lat' dir='ltr'><strong>congruum</strong></span> 
     </span>
    </p>
   </div>
   <div class='ocr_carea' id='block_1_39' title="bbox 183 2418 1777 2492">
    <p class='ocr_par' dir='ltr' id='par_1_39' title="bbox 183 2418 1777 2492">
     <span class='ocr_line' id='line_1_39' title="bbox 183 2418 1777 2492; baseline 0.004 -19"><span class='ocrx_word' id='word_1_286' title='bbox 183 2418 250 2473; x_wconf 87' lang='lat' dir='ltr'><strong>sil</strong></span> <span class='ocrx_word' id='word_1_287' title='bbox 303 2418 644 2488; x_wconf 74' lang='lat' dir='ltr'><strong>rc5pondere</strong></span> <span class='ocrx_word' id='word_1_288' title='bbox 700 2420 985 2476; x_wconf 85' lang='lat' dir='ltr'><strong>debuerat.</strong></span> <span class='ocrx_word' id='word_1_289' title='bbox 1038 2420 1277 2476; x_wconf 78' lang='lat' dir='ltr'><strong>Mutuant</strong></span> <span class='ocrx_word' id='word_1_290' title='bbox 1328 2432 1507 2476; x_wconf 88' lang='lat' dir='ltr'><strong>autem</strong></span> <span class='ocrx_word' id='word_1_291' title='bbox 1552 2423 1777 2492; x_wconf 80' lang='lat' dir='ltr'><strong>spiritus</strong></span> 
     </span>
    </p>
   </div>
   <div class='ocr_carea' id='block_1_40' title="bbox 180 2512 1775 2581">
    <p class='ocr_par' dir='ltr' id='par_1_40' title="bbox 180 2512 1775 2581">
     <span class='ocr_line' id='line_1_40' title="bbox 180 2512 1775 2581; baseline 0.004 -16"><span class='ocrx_word' id='word_1_292' title='bbox 180 2526 270 2581; x_wconf 89' lang='lat' dir='ltr'><strong>per</strong></span> <span class='ocrx_word' id='word_1_293' title='bbox 298 2514 522 2569; x_wconf 85' lang='lat' dir='ltr'><strong>nomina</strong></span> <span class='ocrx_word' id='word_1_294' title='bbox 560 2512 767 2569; x_wconf 89' lang='lat' dir='ltr'><strong>habere</strong></span> <span class='ocrx_word' id='word_1_295' title='bbox 815 2513 1092 2580; x_wconf 86' lang='lat' dir='ltr'><strong>notitiam,</strong></span> <span class='ocrx_word' id='word_1_296' title='bbox 1122 2515 1270 2569; x_wconf 87' lang='lat' dir='ltr'><strong>credi</strong></span> <span class='ocrx_word' id='word_1_297' title='bbox 1308 2516 1465 2570; x_wconf 85' lang='lat' dir='ltr'><strong>valde</strong></span> <span class='ocrx_word' id='word_1_298' title='bbox 1488 2514 1775 2571; x_wconf 88' lang='lat' dir='ltr'><strong>ridiculum</strong></span> 
     </span>
    </p>
   </div>
   <div class='ocr_carea' id='block_1_41' title="bbox 179 2604 1773 2679">
    <p class='ocr_par' dir='ltr' id='par_1_41' title="bbox 179 2604 1773 2679">
     <span class='ocr_line' id='line_1_41' title="bbox 179 2604 1773 2679; baseline 0.003 -20"><span class='ocrx_word' id='word_1_299' title='bbox 179 2613 280 2667; x_wconf 85' lang='lat' dir='ltr'><strong>est,</strong></span> <span class='ocrx_word' id='word_1_300' title='bbox 310 2604 557 2673; x_wconf 88' lang='lat' dir='ltr'><strong>alioquin</strong></span> <span class='ocrx_word' id='word_1_301' title='bbox 592 2607 644 2661; x_wconf 88' lang='lat' dir='ltr'><strong>in</strong></span> <span class='ocrx_word' id='word_1_302' title='bbox 678 2604 860 2661; x_wconf 90' lang='lat' dir='ltr'><strong>futuro</strong></span> <span class='ocrx_word' id='word_1_303' title='bbox 902 2607 1124 2671; x_wconf 59' lang='lat' dir='ltr'><strong>saeculo,</strong></span> <span class='ocrx_word' id='word_1_304' title='bbox 1150 2624 1271 2661; x_wconf 82' lang='lat' dir='ltr'><strong>rara</strong></span> <span class='ocrx_word' id='word_1_305' title='bbox 1302 2608 1404 2663; x_wconf 86' lang='lat' dir='ltr'><strong>nisi</strong></span> <span class='ocrx_word' id='word_1_306' title='bbox 1448 2609 1773 2679; x_wconf 79' lang='lat' dir='ltr'><strong>nostratium</strong></span> 
     </span>
    </p>
   </div>
   <div class='ocr_carea' id='block_1_42' title="bbox 177 2696 1775 2770">
    <p class='ocr_par' dir='ltr' id='par_1_42' title="bbox 177 2696 1775 2770">
     <span class='ocr_line' id='line_1_42' title="bbox 177 2696 1775 2770; baseline 0.004 -19"><span class='ocrx_word' id='word_1_307' title='bbox 177 2696 412 2766; x_wconf 78' lang='lat' dir='ltr'><strong>cognitio</strong></span> <span class='ocrx_word' id='word_1_308' title='bbox 434 2706 542 2753; x_wconf 88' lang='lat' dir='ltr'><strong>est.</strong></span> <span class='ocrx_word' id='word_1_309' title='bbox 584 2697 813 2753; x_wconf 80' lang='lat' dir='ltr'><strong>Nomina</strong></span> <span class='ocrx_word' id='word_1_310' title='bbox 846 2698 1005 2770; x_wconf 87' lang='lat' dir='ltr'><strong>plane</strong></span> <span class='ocrx_word' id='word_1_311' title='bbox 1054 2715 1160 2755; x_wconf 91' lang='lat' dir='ltr'><strong>non</strong></span> <span class='ocrx_word' id='word_1_312' title='bbox 1201 2715 1424 2756; x_wconf 86' lang='lat' dir='ltr'><strong>necesse</strong></span> <span class='ocrx_word' id='word_1_313' title='bbox 1457 2711 1542 2757; x_wconf 87' lang='lat' dir='ltr'><strong>est</strong></span> <span class='ocrx_word' id='word_1_314' title='bbox 1573 2703 1775 2758; x_wconf 79' lang='lat' dir='ltr'><strong>habere</strong></span> 
     </span>
    </p>
   </div>
   <div class='ocr_carea' id='block_1_43' title="bbox 176 2790 1774 2861">
    <p class='ocr_par' dir='ltr' id='par_1_43' title="bbox 176 2790 1774 2861">
     <span class='ocr_line' id='line_1_43' title="bbox 176 2790 1774 2861; baseline 0.004 -18"><span class='ocrx_word' id='word_1_315' title='bbox 176 2790 430 2859; x_wconf 83' lang='lat' dir='ltr'><strong>spiritus,</strong></span> <span class='ocrx_word' id='word_1_316' title='bbox 480 2806 726 2861; x_wconf 90' lang='lat' dir='ltr'><strong>quorum</strong></span> <span class='ocrx_word' id='word_1_317' title='bbox 780 2801 889 2846; x_wconf 87' lang='lat' dir='ltr'><strong>tota</strong></span> <span class='ocrx_word' id='word_1_318' title='bbox 921 2791 1079 2858; x_wconf 85' lang='lat' dir='ltr'><strong>visio,</strong></span> <span class='ocrx_word' id='word_1_319' title='bbox 1129 2791 1237 2847; x_wconf 90' lang='lat' dir='ltr'><strong>imo</strong></span> <span class='ocrx_word' id='word_1_320' title='bbox 1284 2792 1510 2849; x_wconf 81' lang='lat' dir='ltr'><strong>visionis</strong></span> <span class='ocrx_word' id='word_1_321' title='bbox 1547 2794 1774 2850; x_wconf 83' lang='lat' dir='ltr'><strong>scicntia</strong></span> 
     </span>
    </p>
   </div>
   <div class='ocr_carea' id='block_1_44' title="bbox 173 2883 1775 2956">
    <p class='ocr_par' dir='ltr' id='par_1_44' title="bbox 173 2883 1775 2956">
     <span class='ocr_line' id='line_1_44' title="bbox 173 2883 1775 2956; baseline 0.002 -17"><span class='ocrx_word' id='word_1_322' title='bbox 173 2894 251 2939; x_wconf 86' lang='lat' dir='ltr'><strong>est</strong></span> <span class='ocrx_word' id='word_1_323' title='bbox 278 2883 347 2939; x_wconf 87' lang='lat' dir='ltr'><strong>ab</strong></span> <span class='ocrx_word' id='word_1_324' title='bbox 397 2884 576 2942; x_wconf 85' lang='lat' dir='ltr'><strong>intus.</strong></span> <span class='ocrx_word' id='word_1_325' title='bbox 610 2884 746 2943; x_wconf 80' lang='lat' dir='ltr'><strong>Cum</strong></span> <span class='ocrx_word' id='word_1_326' title='bbox 778 2899 910 2951; x_wconf 70' lang='lat' dir='ltr'><strong>ergo</strong></span> <span class='ocrx_word' id='word_1_327' title='bbox 958 2885 1040 2941; x_wconf 87' lang='lat' dir='ltr'><strong>sic</strong></span> <span class='ocrx_word' id='word_1_328' title='bbox 1084 2900 1144 2940; x_wconf 91' lang='lat' dir='ltr'><strong>se</strong></span> <span class='ocrx_word' id='word_1_329' title='bbox 1186 2886 1367 2943; x_wconf 87' lang='lat' dir='ltr'><strong>vocari</strong></span> <span class='ocrx_word' id='word_1_330' title='bbox 1423 2897 1691 2956; x_wconf 72' lang='lat' dir='ltr'><strong>iicgasuet,</strong></span> <span class='ocrx_word' id='word_1_331' title='bbox 1720 2896 1775 2943; x_wconf 89' lang='lat' dir='ltr'><strong>et</strong></span> 
     </span>
    </p>
   </div>
   <div class='ocr_carea' id='block_1_45' title="bbox 174 2977 1775 3049">
    <p class='ocr_par' dir='ltr' id='par_1_45' title="bbox 174 2977 1775 3049">
     <span class='ocr_line' id='line_1_45' title="bbox 174 2977 1775 3049; baseline 0 -14"><span class='ocrx_word' id='word_1_332' title='bbox 174 2983 351 3039; x_wconf 77' lang='lat' dir='ltr'><strong>tamen</strong></span> <span class='ocrx_word' id='word_1_333' title='bbox 382 2978 476 3034; x_wconf 92' lang='lat' dir='ltr'><strong>illa</strong></span> <span class='ocrx_word' id='word_1_334' title='bbox 506 2994 637 3034; x_wconf 88' lang='lat' dir='ltr'><strong>eum</strong></span> <span class='ocrx_word' id='word_1_335' title='bbox 684 2994 788 3033; x_wconf 91' lang='lat' dir='ltr'><strong>non</strong></span> <span class='ocrx_word' id='word_1_336' title='bbox 830 2977 1011 3034; x_wconf 90' lang='lat' dir='ltr'><strong>minus</strong></span> <span class='ocrx_word' id='word_1_337' title='bbox 1045 2993 1166 3033; x_wconf 87' lang='lat' dir='ltr'><strong>esse</strong></span> <span class='ocrx_word' id='word_1_338' title='bbox 1190 2978 1440 3043; x_wconf 86' lang='lat' dir='ltr'><strong>sentiret,</strong></span> <span class='ocrx_word' id='word_1_339' title='bbox 1474 2979 1775 3049; x_wconf 78' lang='lat' dir='ltr'><strong>interrogat</strong></span> 
     </span>
    </p>
   </div>
   <div class='ocr_carea' id='block_1_46' title="bbox 170 3068 1772 3141">
    <p class='ocr_par' dir='ltr' id='par_1_46' title="bbox 170 3068 1772 3141">
     <span class='ocr_line' id='line_1_46' title="bbox 170 3068 1772 3141; baseline -0.001 -15"><span class='ocrx_word' id='word_1_340' title='bbox 170 3071 519 3141; x_wconf 83' lang='lat' dir='ltr'><strong>postmodum</strong></span> <span class='ocrx_word' id='word_1_341' title='bbox 558 3070 653 3127; x_wconf 90' lang='lat' dir='ltr'><strong>ubi</strong></span> <span class='ocrx_word' id='word_1_342' title='bbox 693 3079 1091 3127; x_wconf 87' lang='lat' dir='ltr'><strong>commancret.</strong></span> <span class='ocrx_word' id='word_1_343' title='bbox 1126 3070 1222 3124; x_wconf 82' lang='lat' dir='ltr'><strong>Cui</strong></span> <span class='ocrx_word' id='word_1_344' title='bbox 1259 3068 1348 3124; x_wconf 90' lang='lat' dir='ltr'><strong>ille</strong></span> <span class='ocrx_word' id='word_1_345' title='bbox 1378 3084 1441 3125; x_wconf 85' lang='lat' dir='ltr'><strong>ac</strong></span> <span class='ocrx_word' id='word_1_346' title='bbox 1468 3070 1512 3127; x_wconf 83' lang='lat' dir='ltr'><strong>si</strong></span> <span class='ocrx_word' id='word_1_347' title='bbox 1541 3070 1772 3140; x_wconf 84' lang='lat' dir='ltr'><strong>plateam</strong></span> 
     </span>
    </p>
   </div>
   <div class='ocr_carea' id='block_1_47' title="bbox 172 3165 1846 3267">
    <p class='ocr_par' dir='ltr' id='par_1_47' title="bbox 172 3165 1846 3267">
     <span class='ocr_line' id='line_1_47' title="bbox 172 3165 1846 3267; baseline 0.001 -45"><span class='ocrx_word' id='word_1_348' title='bbox 172 3166 307 3222; x_wconf 82' lang='lat' dir='ltr'><strong>haud</strong></span> <span class='ocrx_word' id='word_1_349' title='bbox 340 3166 539 3237; x_wconf 83' lang='lat' dir='ltr'><strong>procul</strong></span> <span class='ocrx_word' id='word_1_350' title='bbox 576 3181 609 3223; x_wconf 71' lang='grc' dir='ltr'><strong>ιι</strong></span> <span class='ocrx_word' id='word_1_351' title='bbox 657 3165 778 3222; x_wconf 87' lang='lat' dir='ltr'><strong>loco</strong></span> <span class='ocrx_word' id='word_1_352' title='bbox 800 3166 1036 3235; x_wconf 85' lang='lat' dir='ltr'><strong>positam</strong></span> <span class='ocrx_word' id='word_1_353' title='bbox 1081 3166 1348 3231; x_wconf 87' lang='lat' dir='ltr'><strong>insinuat,</strong></span> <span class='ocrx_word' id='word_1_354' title='bbox 1392 3174 1447 3221; x_wconf 89' lang='lat' dir='ltr'><strong>et</strong></span> <span class='ocrx_word' id='word_1_355' title='bbox 1484 3166 1684 3223; x_wconf 83' lang='lat' dir='ltr'><strong>ibidem</strong></span> <span class='ocrx_word' id='word_1_356' title='bbox 1713 3182 1773 3223; x_wconf 83' lang='lat' dir='ltr'><strong>se</strong></span> <span class='ocrx_word' id='word_1_357' title='bbox 1801 3205 1846 3267; x_wconf 64' lang='grc' dir='ltr'>Ο</span> 
     </span>
    </p>
   </div>
   <div class='ocr_carea' id='block_1_48' title="bbox 167 3258 1773 3328">
    <p class='ocr_par' dir='ltr' id='par_1_48' title="bbox 167 3258 1773 3328">
     <span class='ocr_line' id='line_1_48' title="bbox 167 3258 1773 3328; baseline 0.001 -12"><span class='ocrx_word' id='word_1_358' title='bbox 167 3260 526 3316; x_wconf 70' lang='grc' dir='ltr'>εοιιιιιιοωιὶ.</span> <span class='ocrx_word' id='word_1_359' title='bbox 569 3258 779 3326; x_wconf 64' lang='lat' dir='ltr'><strong>Quaerit</strong></span> <span class='ocrx_word' id='word_1_360' title='bbox 806 3261 970 3315; x_wconf 86' lang='lat' dir='ltr'><strong>etiam</strong></span> <span class='ocrx_word' id='word_1_361' title='bbox 999 3259 1237 3328; x_wconf 85' lang='lat' dir='ltr'><strong>qualiter</strong></span> <span class='ocrx_word' id='word_1_362' title='bbox 1258 3275 1318 3316; x_wconf 89' lang='lat' dir='ltr'><strong>se</strong></span> <span class='ocrx_word' id='word_1_363' title='bbox 1350 3260 1563 3316; x_wconf 83' lang='lat' dir='ltr'><strong>habent.</strong></span> <span class='ocrx_word' id='word_1_364' title='bbox 1587 3259 1658 3315; x_wconf 79' lang='lat' dir='ltr'><strong>At</strong></span> <span class='ocrx_word' id='word_1_365' title='bbox 1686 3260 1773 3317; x_wconf 90' lang='lat' dir='ltr'><strong>ille</strong></span> 
     </span>
    </p>
   </div>
   <div class='ocr_carea' id='block_1_49' title="bbox 167 3352 1773 3425">
    <p class='ocr_par' dir='ltr' id='par_1_49' title="bbox 167 3352 1773 3425">
     <span class='ocr_line' id='line_1_49' title="bbox 167 3352 1773 3425; baseline -0.001 -14"><span class='ocrx_word' id='word_1_366' title='bbox 167 3352 395 3411; x_wconf 82' lang='lat' dir='ltr'><strong>brachio</strong></span> <span class='ocrx_word' id='word_1_367' title='bbox 426 3362 652 3409; x_wconf 89' lang='lat' dir='ltr'><strong>retecto</strong></span> <span class='ocrx_word' id='word_1_368' title='bbox 681 3369 802 3407; x_wconf 89' lang='lat' dir='ltr'><strong>cum</strong></span> <span class='ocrx_word' id='word_1_369' title='bbox 834 3352 1006 3408; x_wconf 92' lang='lat' dir='ltr'><strong>latere</strong></span> <span class='ocrx_word' id='word_1_370' title='bbox 1054 3353 1191 3409; x_wconf 87' lang='lat' dir='ltr'><strong>adeo</strong></span> <span class='ocrx_word' id='word_1_371' title='bbox 1217 3364 1508 3425; x_wconf 82' lang='lat' dir='ltr'><strong>utrumque</strong></span> <span class='ocrx_word' id='word_1_372' title='bbox 1535 3355 1773 3410; x_wconf 80' lang='lat' dir='ltr'><strong>ostendit</strong></span> 
     </span>
    </p>
   </div>
   <div class='ocr_carea' id='block_1_50' title="bbox 162 3443 1775 3511">
    <p class='ocr_par' dir='ltr' id='par_1_50' title="bbox 162 3443 1775 3511">
     <span class='ocr_line' id='line_1_50' title="bbox 162 3443 1775 3511; baseline 0.001 -12"><span class='ocrx_word' id='word_1_373' title='bbox 162 3443 439 3508; x_wconf 80' lang='lat' dir='ltr'><strong>lacerum.</strong></span> <span class='ocrx_word' id='word_1_374' title='bbox 478 3444 700 3501; x_wconf 89' lang='lat' dir='ltr'><strong>crebris</strong></span> <span class='ocrx_word' id='word_1_375' title='bbox 754 3444 893 3501; x_wconf 83' lang='lat' dir='ltr'><strong>adeo</strong></span> <span class='ocrx_word' id='word_1_376' title='bbox 942 3444 1260 3501; x_wconf 84' lang='lat' dir='ltr'><strong>vulneribus</strong></span> <span class='ocrx_word' id='word_1_377' title='bbox 1309 3445 1685 3511; x_wconf 83' lang='lat' dir='ltr'><strong>interscctum,</strong></span> <span class='ocrx_word' id='word_1_378' title='bbox 1717 3454 1775 3503; x_wconf 88' lang='lat' dir='ltr'><strong>ut</strong></span> 
     </span>
    </p>
   </div>
   <div class='ocr_carea' id='block_1_51' title="bbox 162 3535 1772 3607">
    <p class='ocr_par' dir='ltr' id='par_1_51' title="bbox 162 3535 1772 3607">
     <span class='ocr_line' id='line_1_51' title="bbox 162 3535 1772 3607; baseline -0.002 -14"><span class='ocrx_word' id='word_1_379' title='bbox 162 3552 397 3607; x_wconf 82' lang='lat' dir='ltr'><strong>magnus</strong></span> <span class='ocrx_word' id='word_1_380' title='bbox 427 3536 742 3592; x_wconf 86' lang='lat' dir='ltr'><strong>intuentem</strong></span> <span class='ocrx_word' id='word_1_381' title='bbox 775 3546 1097 3605; x_wconf 89' lang='lat' dir='ltr'><strong>sequeretur</strong></span> <span class='ocrx_word' id='word_1_382' title='bbox 1128 3535 1340 3598; x_wconf 90' lang='lat' dir='ltr'><strong>horror,</strong></span> <span class='ocrx_word' id='word_1_383' title='bbox 1380 3545 1437 3591; x_wconf 91' lang='lat' dir='ltr'><strong>et</strong></span> <span class='ocrx_word' id='word_1_384' title='bbox 1480 3535 1772 3591; x_wconf 86' lang='lat' dir='ltr'><strong>commotio</strong></span> 
     </span>
    </p>
   </div>
   <div class='ocr_carea' id='block_1_52' title="bbox 160 3628 1772 3699">
    <p class='ocr_par' dir='ltr' id='par_1_52' title="bbox 160 3628 1772 3699">
     <span class='ocr_line' id='line_1_52' title="bbox 160 3628 1772 3699; baseline 0.002 -17"><span class='ocrx_word' id='word_1_385' title='bbox 160 3630 462 3689; x_wconf 82' lang='lat' dir='ltr'><strong>viscerum.</strong></span> <span class='ocrx_word' id='word_1_386' title='bbox 499 3630 593 3686; x_wconf 82' lang='lat' dir='ltr'><strong>Ad</strong></span> <span class='ocrx_word' id='word_1_387' title='bbox 632 3629 733 3685; x_wconf 86' lang='lat' dir='ltr'><strong>hoc</strong></span> <span class='ocrx_word' id='word_1_388' title='bbox 777 3631 941 3685; x_wconf 88' lang='lat' dir='ltr'><strong>etiam</strong></span> <span class='ocrx_word' id='word_1_389' title='bbox 976 3628 1187 3699; x_wconf 83' lang='lat' dir='ltr'><strong>pueruli</strong></span> <span class='ocrx_word' id='word_1_390' title='bbox 1232 3628 1534 3698; x_wconf 87' lang='lat' dir='ltr'><strong>cujuspiam</strong></span> <span class='ocrx_word' id='word_1_391' title='bbox 1561 3630 1772 3699; x_wconf 83' lang='lat' dir='ltr'><strong>species</strong></span> 
     </span>
    </p>
   </div>
   <div class='ocr_carea' id='block_1_53' title="bbox 161 3721 1770 3793">
    <p class='ocr_par' dir='ltr' id='par_1_53' title="bbox 161 3721 1770 3793">
     <span class='ocr_line' id='line_1_53' title="bbox 161 3721 1770 3793; baseline -0.001 -16"><span class='ocrx_word' id='word_1_392' title='bbox 161 3723 372 3793; x_wconf 79' lang='lat' dir='ltr'><strong>pariter</strong></span> <span class='ocrx_word' id='word_1_393' title='bbox 406 3724 616 3781; x_wconf 86' lang='lat' dir='ltr'><strong>aderat</strong></span> <span class='ocrx_word' id='word_1_394' title='bbox 665 3725 828 3777; x_wconf 89' lang='lat' dir='ltr'><strong>tantis</strong></span> <span class='ocrx_word' id='word_1_395' title='bbox 865 3721 1197 3779; x_wconf 84' lang='lat' dir='ltr'><strong>clamoribus</strong></span> <span class='ocrx_word' id='word_1_396' title='bbox 1242 3730 1610 3791; x_wconf 86' lang='lat' dir='ltr'><strong>perstrepens,</strong></span> <span class='ocrx_word' id='word_1_397' title='bbox 1636 3730 1694 3776; x_wconf 88' lang='lat' dir='ltr'><strong>ut</strong></span> <span class='ocrx_word' id='word_1_398' title='bbox 1720 3721 1770 3777; x_wconf 90' lang='lat' dir='ltr'><strong>ei</strong></span> 
     </span>
    </p>
   </div>
   <div class='ocr_carea' id='block_1_54' title="bbox 158 3810 1768 3885">
    <p class='ocr_par' dir='ltr' id='par_1_54' title="bbox 158 3810 1768 3885">
     <span class='ocr_line' id='line_1_54' title="bbox 158 3810 1768 3885; baseline -0.001 -16"><span class='ocrx_word' id='word_1_399' title='bbox 158 3828 379 3885; x_wconf 77' lang='lat' dir='ltr'><strong>quoque</strong></span> <span class='ocrx_word' id='word_1_400' title='bbox 409 3830 545 3884; x_wconf 79' lang='lat' dir='ltr'><strong>quae</strong></span> <span class='ocrx_word' id='word_1_401' title='bbox 588 3810 640 3866; x_wconf 91' lang='lat' dir='ltr'><strong>id</strong></span> <span class='ocrx_word' id='word_1_402' title='bbox 672 3810 987 3871; x_wconf 84' lang='lat' dir='ltr'><strong>intuebatur</strong></span> <span class='ocrx_word' id='word_1_403' title='bbox 1040 3812 1333 3880; x_wconf 85' lang='lat' dir='ltr'><strong>plurimum</strong></span> <span class='ocrx_word' id='word_1_404' title='bbox 1377 3811 1641 3867; x_wconf 80' lang='lat' dir='ltr'><strong>molestiae</strong></span> <span class='ocrx_word' id='word_1_405' title='bbox 1672 3827 1768 3883; x_wconf 81' lang='lat' dir='ltr'><strong>ge-</strong></span> 
     </span>
    </p>
   </div>
   <div class='ocr_carea' id='block_1_55' title="bbox 159 3905 1769 3975">
    <p class='ocr_par' dir='ltr' id='par_1_55' title="bbox 159 3905 1769 3975">
     <span class='ocr_line' id='line_1_55' title="bbox 159 3905 1769 3975; baseline -0.002 -14"><span class='ocrx_word' id='word_1_406' title='bbox 159 3916 405 3962; x_wconf 87' lang='lat' dir='ltr'><strong>neraret.</strong></span> <span class='ocrx_word' id='word_1_407' title='bbox 439 3906 625 3975; x_wconf 82' lang='lat' dir='ltr'><strong>Cujus</strong></span> <span class='ocrx_word' id='word_1_408' title='bbox 652 3914 707 3961; x_wconf 92' lang='lat' dir='ltr'><strong>et</strong></span> <span class='ocrx_word' id='word_1_409' title='bbox 738 3916 885 3963; x_wconf 84' lang='lat' dir='ltr'><strong>mota</strong></span> <span class='ocrx_word' id='word_1_410' title='bbox 916 3905 1291 3963; x_wconf 76' lang='lat' dir='ltr'><strong>vocibusdixit</strong></span> <span class='ocrx_word' id='word_1_411' title='bbox 1316 3906 1381 3960; x_wconf 90' lang='lat' dir='ltr'><strong>ad</strong></span> <span class='ocrx_word' id='word_1_412' title='bbox 1406 3920 1531 3963; x_wconf 85' lang='lat' dir='ltr'><strong>eum</strong></span> <span class='ocrx_word' id='word_1_413' title='bbox 1554 3922 1601 3960; x_wconf 73' lang='grc' dir='ltr'>ει</span> <span class='ocrx_word' id='word_1_414' title='bbox 1623 3906 1769 3973; x_wconf 73' lang='grc' dir='ltr'>ριιορ</span> 
     </span>
    </p>
   </div>
   <div class='ocr_carea' id='block_1_56' title="bbox 154 3996 1770 4068">
    <p class='ocr_par' dir='ltr' id='par_1_56' title="bbox 154 3996 1770 4068">
     <span class='ocr_line' id='line_1_56' title="bbox 154 3996 1770 4068; baseline 0 -14"><span class='ocrx_word' id='word_1_415' title='bbox 154 3998 339 4065; x_wconf 83' lang='lat' dir='ltr'><strong>modo,</strong></span> <span class='ocrx_word' id='word_1_416' title='bbox 372 3999 646 4064; x_wconf 87' lang='lat' dir='ltr'><strong>Domine,</strong></span> <span class='ocrx_word' id='word_1_417' title='bbox 700 4007 878 4055; x_wconf 88' lang='lat' dir='ltr'><strong>tantos</strong></span> <span class='ocrx_word' id='word_1_418' title='bbox 926 3996 1086 4067; x_wconf 86' lang='lat' dir='ltr'><strong>hujus</strong></span> <span class='ocrx_word' id='word_1_419' title='bbox 1116 3998 1338 4055; x_wconf 80' lang='lat' dir='ltr'><strong>infantis</strong></span> <span class='ocrx_word' id='word_1_420' title='bbox 1363 3998 1596 4068; x_wconf 87' lang='lat' dir='ltr'><strong>ejulatus</strong></span> <span class='ocrx_word' id='word_1_421' title='bbox 1618 4007 1770 4067; x_wconf 80' lang='lat' dir='ltr'><strong>potas</strong></span> 
     </span>
    </p>
   </div>
   <div class='ocr_carea' id='block_1_57' title="bbox 155 4091 1771 4162">
    <p class='ocr_par' dir='ltr' id='par_1_57' title="bbox 155 4091 1771 4162">
     <span class='ocr_line' id='line_1_57' title="bbox 155 4091 1771 4162; baseline -0.001 -14"><span class='ocrx_word' id='word_1_422' title='bbox 155 4092 395 4161; x_wconf 73' lang='lat' dir='ltr'><strong>pati‘l—</strong></span> <span class='ocrx_word' id='word_1_423' title='bbox 419 4092 633 4157; x_wconf 79' lang='lat' dir='ltr'><strong>Velim,</strong></span> <span class='ocrx_word' id='word_1_424' title='bbox 672 4091 861 4162; x_wconf 80' lang='lat' dir='ltr'><strong>inquit,</strong></span> <span class='ocrx_word' id='word_1_425' title='bbox 901 4092 1091 4155; x_wconf 88' lang='lat' dir='ltr'><strong>nolim,</strong></span> <span class='ocrx_word' id='word_1_426' title='bbox 1137 4092 1379 4161; x_wconf 73' lang='lat' dir='ltr'><strong>patiorzi</strong></span> <span class='ocrx_word' id='word_1_427' title='bbox 1412 4091 1655 4161; x_wconf 86' lang='lat' dir='ltr'><strong>ploratus</strong></span> <span class='ocrx_word' id='word_1_428' title='bbox 1681 4109 1771 4147; x_wconf 85' lang='lat' dir='ltr'><strong>an-</strong></span> 
     </span>
    </p>
   </div>
   <div class='ocr_carea' id='block_1_58' title="bbox 158 4183 1768 4255">
    <p class='ocr_par' dir='ltr' id='par_1_58' title="bbox 158 4183 1768 4255">
     <span class='ocr_line' id='line_1_58' title="bbox 158 4183 1768 4255; baseline -0.001 -13"><span class='ocrx_word' id='word_1_429' title='bbox 158 4194 267 4243; x_wconf 88' lang='lat' dir='ltr'><strong>tem</strong></span> <span class='ocrx_word' id='word_1_430' title='bbox 282 4185 458 4255; x_wconf 84' lang='lat' dir='ltr'><strong>hnjus</strong></span> <span class='ocrx_word' id='word_1_431' title='bbox 482 4184 739 4249; x_wconf 83' lang='lat' dir='ltr'><strong>infantis,</strong></span> <span class='ocrx_word' id='word_1_432' title='bbox 766 4194 820 4239; x_wconf 84' lang='lat' dir='ltr'><strong>ct</strong></span> <span class='ocrx_word' id='word_1_433' title='bbox 840 4184 1048 4241; x_wconf 86' lang='lat' dir='ltr'><strong>brachii</strong></span> <span class='ocrx_word' id='word_1_434' title='bbox 1076 4184 1354 4241; x_wconf 80' lang='lat' dir='ltr'><strong>itttcrcisio</strong></span> <span class='ocrx_word' id='word_1_435' title='bbox 1368 4199 1431 4239; x_wconf 87' lang='lat' dir='ltr'><strong>ac</strong></span> <span class='ocrx_word' id='word_1_436' title='bbox 1452 4183 1637 4239; x_wconf 79' lang='lat' dir='ltr'><strong>lateris</strong></span> <span class='ocrx_word' id='word_1_437' title='bbox 1654 4183 1768 4254; x_wconf 84' lang='lat'><strong>(59)</strong></span> 
     </span>
    </p>
   </div>
   <div class='ocr_carea' id='block_1_59' title="bbox 148 4278 1768 4348">
    <p class='ocr_par' dir='ltr' id='par_1_59' title="bbox 148 4278 1768 4348">
     <span class='ocr_line' id='line_1_59' title="bbox 148 4278 1768 4348; baseline -0.001 -15"><span class='ocrx_word' id='word_1_438' title='bbox 148 4278 293 4335; x_wconf 87' lang='lat' dir='ltr'><strong>hanc</strong></span> <span class='ocrx_word' id='word_1_439' title='bbox 328 4279 707 4336; x_wconf 87' lang='lat' dir='ltr'><strong>sententiam.</strong></span> <span class='ocrx_word' id='word_1_440' title='bbox 731 4278 865 4335; x_wconf 83' lang='lat' dir='ltr'><strong>Cum</strong></span> <span class='ocrx_word' id='word_1_441' title='bbox 890 4288 1045 4348; x_wconf 83' lang='lat' dir='ltr'><strong>pater</strong></span> <span class='ocrx_word' id='word_1_442' title='bbox 1068 4293 1223 4333; x_wconf 89' lang='lat' dir='ltr'><strong>meus</strong></span> <span class='ocrx_word' id='word_1_443' title='bbox 1245 4278 1299 4332; x_wconf 94' lang='lat' dir='ltr'><strong>in</strong></span> <span class='ocrx_word' id='word_1_444' title='bbox 1333 4278 1591 4347; x_wconf 82' lang='lat' dir='ltr'><strong>primva</strong></span> <span class='ocrx_word' id='word_1_445' title='bbox 1617 4294 1717 4333; x_wconf 78' lang='lat' dir='ltr'><strong>suo</strong></span> <span class='ocrx_word' id='word_1_446' title='bbox 1734 4292 1768 4332; x_wconf 87' lang='lat' dir='ltr'><strong>a</strong></span> 
     </span>
    </p>
   </div>
   <div class='ocr_carea' id='block_1_60' title="bbox 146 4368 1769 4442">
    <p class='ocr_par' dir='ltr' id='par_1_60' title="bbox 146 4368 1769 4442">
     <span class='ocr_line' id='line_1_60' title="bbox 146 4368 1769 4442; baseline -0.001 -18"><span class='ocrx_word' id='word_1_447' title='bbox 146 4368 404 4442; x_wconf 84' lang='lat' dir='ltr'><strong>legitimo</strong></span> <span class='ocrx_word' id='word_1_448' title='bbox 462 4369 665 4425; x_wconf 85' lang='lat' dir='ltr'><strong>matris</strong></span> <span class='ocrx_word' id='word_1_449' title='bbox 710 4384 845 4424; x_wconf 77' lang='lat' dir='ltr'><strong>mete</strong></span> <span class='ocrx_word' id='word_1_450' title='bbox 892 4369 1221 4425; x_wconf 87' lang='lat' dir='ltr'><strong>couunercio</strong></span> <span class='ocrx_word' id='word_1_451' title='bbox 1271 4384 1369 4439; x_wconf 84' lang='lat' dir='ltr'><strong>per</strong></span> <span class='ocrx_word' id='word_1_452' title='bbox 1409 4370 1769 4438; x_wconf 87' lang='lat' dir='ltr'><strong>quorumdam</strong></span> 
     </span>
    </p>
   </div>
   <div class='ocr_carea' id='block_1_61' title="bbox 145 4458 1771 4530">
    <p class='ocr_par' dir='ltr' id='par_1_61' title="bbox 145 4458 1771 4530">
     <span class='ocr_line' id='line_1_61' title="bbox 145 4458 1771 4530; baseline -0.001 -14"><span class='ocrx_word' id='word_1_453' title='bbox 145 4460 437 4519; x_wconf 80' lang='lat' dir='ltr'><strong>maleficia</strong></span> <span class='ocrx_word' id='word_1_454' title='bbox 472 4468 630 4517; x_wconf 85' lang='lat' dir='ltr'><strong>esset</strong></span> <span class='ocrx_word' id='word_1_455' title='bbox 687 4460 947 4523; x_wconf 75' lang='lat' dir='ltr'><strong>extorris,</strong></span> <span class='ocrx_word' id='word_1_456' title='bbox 978 4458 1199 4530; x_wconf 88' lang='lat' dir='ltr'><strong>quidam</strong></span> <span class='ocrx_word' id='word_1_457' title='bbox 1251 4460 1317 4514; x_wconf 86' lang='lat' dir='ltr'><strong>ad</strong></span> <span class='ocrx_word' id='word_1_458' title='bbox 1342 4460 1604 4528; x_wconf 88' lang='lat' dir='ltr'><strong>puerilem</strong></span> <span class='ocrx_word' id='word_1_459' title='bbox 1653 4459 1771 4528; x_wconf 87' lang='lat' dir='ltr'><strong>ejus</strong></span> 
     </span>
    </p>
   </div>
   <div class='ocr_carea' id='block_1_62' title="bbox 1860 1953 3478 2024">
    <p class='ocr_par' dir='ltr' id='par_1_62' title="bbox 1860 1953 3478 2024">
     <span class='ocr_line' id='line_1_62' title="bbox 1860 1953 3478 2024; baseline 0.006 -15"><span class='ocrx_word' id='word_1_460' title='bbox 1860 1953 2000 2023; x_wconf 52' lang='lat' dir='ltr'><strong>.ipsc</strong></span> <span class='ocrx_word' id='word_1_461' title='bbox 2043 1966 2172 2011; x_wconf 83' lang='lat' dir='ltr'><strong>suos</strong></span> <span class='ocrx_word' id='word_1_462' title='bbox 2211 1969 2348 2024; x_wconf 87' lang='lat' dir='ltr'><strong>quos</strong></span> <span class='ocrx_word' id='word_1_463' title='bbox 2391 1956 2602 2010; x_wconf 83' lang='lat' dir='ltr'><strong>meritis</strong></span> <span class='ocrx_word' id='word_1_464' title='bbox 2654 1958 2985 2012; x_wconf 79' lang='lat' dir='ltr'><strong>accenderat</strong></span> <span class='ocrx_word' id='word_1_465' title='bbox 3030 1959 3362 2017; x_wconf 85' lang='lat' dir='ltr'><strong>deventurus</strong></span> <span class='ocrx_word' id='word_1_466' title='bbox 3409 1964 3478 2018; x_wconf 88' lang='lat' dir='ltr'><strong>ad</strong></span> 
     </span>
    </p>
   </div>
   <div class='ocr_carea' id='block_1_63' title="bbox 1860 2046 3477 2122">
    <p class='ocr_par' dir='ltr' id='par_1_63' title="bbox 1860 2046 3477 2122">
     <span class='ocr_line' id='line_1_63' title="bbox 1860 2046 3477 2122; baseline 0.009 -27"><span class='ocrx_word' id='word_1_467' title='bbox 1860 2046 2034 2118; x_wconf 63' lang='lat' dir='ltr'><strong>ignes</strong></span> <span class='ocrx_word' id='word_1_468' title='bbox 2066 2048 2272 2103; x_wconf 89' lang='lat' dir='ltr'><strong>interiit</strong></span> <span class='ocrx_word' id='word_1_469' title='bbox 2310 2047 2557 2104; x_wconf 81' lang='lat' dir='ltr'><strong>meridie.</strong></span> <span class='ocrx_word' id='word_1_470' title='bbox 2600 2049 2742 2105; x_wconf 80' lang='lat' dir='ltr'><strong>Vidit</strong></span> <span class='ocrx_word' id='word_1_471' title='bbox 2778 2058 2835 2105; x_wconf 89' lang='lat' dir='ltr'><strong>et</strong></span> <span class='ocrx_word' id='word_1_472' title='bbox 2862 2066 3027 2122; x_wconf 87' lang='lat' dir='ltr'><strong>super</strong></span> <span class='ocrx_word' id='word_1_473' title='bbox 3052 2055 3364 2122; x_wconf 70' lang='lat' dir='ltr'><strong>praedictam</strong></span> <span class='ocrx_word' id='word_1_474' title='bbox 3396 2065 3477 2110; x_wconf 79' lang='lat' dir='ltr'><strong>ta-</strong></span> 
     </span>
    </p>
   </div>
   <div class='ocr_carea' id='block_1_64' title="bbox 1881 2138 3473 2217">
    <p class='ocr_par' dir='ltr' id='par_1_64' title="bbox 1881 2138 3473 2217">
     <span class='ocr_line' id='line_1_64' title="bbox 1881 2138 3473 2217; baseline 0.005 -22"><span class='ocrx_word' id='word_1_475' title='bbox 1881 2138 2064 2197; x_wconf 82' lang='lat' dir='ltr'><strong>bulam</strong></span> <span class='ocrx_word' id='word_1_476' title='bbox 2091 2140 2383 2209; x_wconf 83' lang='lat' dir='ltr'><strong>quemdam</strong></span> <span class='ocrx_word' id='word_1_477' title='bbox 2406 2141 2499 2211; x_wconf 90' lang='lat' dir='ltr'><strong>qni</strong></span> <span class='ocrx_word' id='word_1_478' title='bbox 2528 2141 2833 2211; x_wconf 85' lang='lat' dir='ltr'><strong>adjuvabat,</strong></span> <span class='ocrx_word' id='word_1_479' title='bbox 2860 2144 3143 2216; x_wconf 72' lang='lat' dir='ltr'><strong>sed‘longe</strong></span> <span class='ocrx_word' id='word_1_480' title='bbox 3168 2156 3291 2217; x_wconf 87' lang='lat' dir='ltr'><strong>post</strong></span> <span class='ocrx_word' id='word_1_481' title='bbox 3318 2149 3473 2215; x_wconf 79' lang='lat' dir='ltr'><strong>abiit,</strong></span> 
     </span>
    </p>
   </div>
   <div class='ocr_carea' id='block_1_65' title="bbox 1881 2231 3476 2312">
    <p class='ocr_par' dir='ltr' id='par_1_65' title="bbox 1881 2231 3476 2312">
     <span class='ocr_line' id='line_1_65' title="bbox 1881 2231 3476 2312; baseline 0.006 -24"><span class='ocrx_word' id='word_1_482' title='bbox 1881 2231 2107 2289; x_wconf 71' lang='lat' dir='ltr'><strong>fratrem</strong></span> <span class='ocrx_word' id='word_1_483' title='bbox 2130 2250 2334 2299; x_wconf 82' lang='lat' dir='ltr'><strong>meum,</strong></span> <span class='ocrx_word' id='word_1_484' title='bbox 2351 2235 2618 2290; x_wconf 82' lang='lat' dir='ltr'><strong>horrenda</strong></span> <span class='ocrx_word' id='word_1_485' title='bbox 2642 2237 2810 2295; x_wconf 81' lang='lat' dir='ltr'><strong>divini</strong></span> <span class='ocrx_word' id='word_1_486' title='bbox 2834 2238 3082 2308; x_wconf 82' lang='lat' dir='ltr'><strong>corporis</strong></span> <span class='ocrx_word' id='word_1_487' title='bbox 3108 2249 3164 2294; x_wconf 86' lang='lat' dir='ltr'><strong>et</strong></span> <span class='ocrx_word' id='word_1_488' title='bbox 3189 2242 3476 2312; x_wconf 81' lang='lat' dir='ltr'><strong>sanguinis</strong></span> 
     </span>
    </p>
   </div>
   <div class='ocr_carea' id='block_1_66' title="bbox 1860 2325 3475 2401">
    <p class='ocr_par' dir='ltr' id='par_1_66' title="bbox 1860 2325 3475 2401">
     <span class='ocr_line' id='line_1_66' title="bbox 1860 2325 3475 2401; baseline 0.006 -20"><span class='ocrx_word' id='word_1_489' title='bbox 1860 2341 1978 2396; x_wconf 77' lang='lat' dir='ltr'><strong>per</strong></span> <span class='ocrx_word' id='word_1_490' title='bbox 2019 2335 2361 2383; x_wconf 77' lang='lat' dir='ltr'><strong>sacramenta</strong></span> <span class='ocrx_word' id='word_1_491' title='bbox 2394 2325 2706 2396; x_wconf 82' lang='lat' dir='ltr'><strong>jursntem;</strong></span> <span class='ocrx_word' id='word_1_492' title='bbox 2748 2330 2804 2385; x_wconf 91' lang='lat' dir='ltr'><strong>in</strong></span> <span class='ocrx_word' id='word_1_493' title='bbox 2839 2345 2950 2401; x_wconf 85' lang='lat' dir='ltr'><strong>quo</strong></span> <span class='ocrx_word' id='word_1_494' title='bbox 2984 2331 3057 2386; x_wconf 86' lang='lat' dir='ltr'><strong>nil</strong></span> <span class='ocrx_word' id='word_1_495' title='bbox 3106 2333 3249 2388; x_wconf 87' lang='lat' dir='ltr'><strong>aliud</strong></span> <span class='ocrx_word' id='word_1_496' title='bbox 3278 2335 3475 2390; x_wconf 88' lang='lat' dir='ltr'><strong>melius</strong></span> 
     </span>
    </p>
   </div>
   <div class='ocr_carea' id='block_1_67' title="bbox 1880 2419 3473 2494">
    <p class='ocr_par' dir='ltr' id='par_1_67' title="bbox 1880 2419 3473 2494">
     <span class='ocr_line' id='line_1_67' title="bbox 1880 2419 3473 2494; baseline 0.005 -21"><span class='ocrx_word' id='word_1_497' title='bbox 1880 2419 2224 2492; x_wconf 77' lang='lat' dir='ltr'><strong>intelligitur,</strong></span> <span class='ocrx_word' id='word_1_498' title='bbox 2259 2420 2365 2477; x_wconf 83' lang='lat' dir='ltr'><strong>nisi</strong></span> <span class='ocrx_word' id='word_1_499' title='bbox 2408 2420 2599 2494; x_wconf 85' lang='lat' dir='ltr'><strong>[quod]</strong></span> <span class='ocrx_word' id='word_1_500' title='bbox 2634 2422 2956 2493; x_wconf 81' lang='lat' dir='ltr'><strong>pejorando,</strong></span> <span class='ocrx_word' id='word_1_501' title='bbox 2991 2433 3047 2479; x_wconf 84' lang='lat' dir='ltr'><strong>et</strong></span> <span class='ocrx_word' id='word_1_502' title='bbox 3084 2435 3334 2482; x_wconf 86' lang='lat' dir='ltr'><strong>sanctum</strong></span> <span class='ocrx_word' id='word_1_503' title='bbox 3377 2428 3473 2482; x_wconf 84' lang='lat' dir='ltr'><strong>Dei</strong></span> 
     </span>
    </p>
   </div>
   <div class='ocr_carea' id='block_1_68' title="bbox 1883 2514 3473 2586">
    <p class='ocr_par' dir='ltr' id='par_1_68' title="bbox 1883 2514 3473 2586">
     <span class='ocr_line' id='line_1_68' title="bbox 1883 2514 3473 2586; baseline 0.004 -18"><span class='ocrx_word' id='word_1_504' title='bbox 1883 2529 2109 2581; x_wconf 87' lang='lat' dir='ltr'><strong>nomen,</strong></span> <span class='ocrx_word' id='word_1_505' title='bbox 2142 2524 2198 2570; x_wconf 83' lang='lat' dir='ltr'><strong>et</strong></span> <span class='ocrx_word' id='word_1_506' title='bbox 2224 2514 2341 2584; x_wconf 84' lang='lat' dir='ltr'><strong>ejus</strong></span> <span class='ocrx_word' id='word_1_507' title='bbox 2365 2529 2520 2570; x_wconf 83' lang='lat' dir='ltr'><strong>sacra</strong></span> <span class='ocrx_word' id='word_1_508' title='bbox 2557 2515 2816 2586; x_wconf 82' lang='lat' dir='ltr'><strong>mysteri</strong></span> <span class='ocrx_word' id='word_1_509' title='bbox 2849 2531 3015 2584; x_wconf 87' lang='lat' dir='ltr'><strong>super</strong></span> <span class='ocrx_word' id='word_1_510' title='bbox 3042 2533 3103 2572; x_wconf 89' lang='lat' dir='ltr'><strong>re</strong></span> <span class='ocrx_word' id='word_1_511' title='bbox 3144 2532 3282 2574; x_wconf 83' lang='lat' dir='ltr'><strong>vana</strong></span> <span class='ocrx_word' id='word_1_512' title='bbox 3320 2535 3473 2575; x_wconf 84' lang='lat' dir='ltr'><strong>assu-</strong></span> 
     </span>
    </p>
   </div>
   <div class='ocr_carea' id='block_1_69' title="bbox 1876 2606 3470 2678">
    <p class='ocr_par' dir='ltr' id='par_1_69' title="bbox 1876 2606 3470 2678">
     <span class='ocr_line' id='line_1_69' title="bbox 1876 2606 3470 2678; baseline 0 -16"><span class='ocrx_word' id='word_1_513' title='bbox 1876 2607 2100 2673; x_wconf 85' lang='lat' dir='ltr'><strong>mendo,</strong></span> <span class='ocrx_word' id='word_1_514' title='bbox 2132 2606 2233 2663; x_wconf 88' lang='lat' dir='ltr'><strong>hos</strong></span> <span class='ocrx_word' id='word_1_515' title='bbox 2261 2615 2569 2661; x_wconf 86' lang='lat' dir='ltr'><strong>mereretur</strong></span> <span class='ocrx_word' id='word_1_516' title='bbox 2612 2616 2672 2661; x_wconf 87' lang='lat' dir='ltr'><strong>et</strong></span> <span class='ocrx_word' id='word_1_517' title='bbox 2700 2621 2984 2677; x_wconf 79' lang='lat' dir='ltr'><strong>poenarum</strong></span> <span class='ocrx_word' id='word_1_518' title='bbox 3012 2607 3160 2662; x_wconf 89' lang='lat' dir='ltr'><strong>locos</strong></span> <span class='ocrx_word' id='word_1_519' title='bbox 3186 2616 3237 2662; x_wconf 91' lang='lat' dir='ltr'><strong>et</strong></span> <span class='ocrx_word' id='word_1_520' title='bbox 3260 2616 3470 2678; x_wconf 76' lang='lat' dir='ltr'><strong>ptenas.</strong></span> 
     </span>
    </p>
   </div>
   <div class='ocr_carea' id='block_1_70' title="bbox 1952 2698 3471 2771">
    <p class='ocr_par' dir='ltr' id='par_1_70' title="bbox 1952 2698 3471 2771">
     <span class='ocr_line' id='line_1_70' title="bbox 1952 2698 3471 2771; baseline 0.002 -19"><span class='ocrx_word' id='word_1_521' title='bbox 1952 2698 2099 2754; x_wconf 84' lang='lat' dir='ltr'><strong>Vidit</strong></span> <span class='ocrx_word' id='word_1_522' title='bbox 2121 2712 2178 2754; x_wconf 89' lang='lat' dir='ltr'><strong>et</strong></span> <span class='ocrx_word' id='word_1_523' title='bbox 2204 2700 2257 2754; x_wconf 90' lang='lat' dir='ltr'><strong>in</strong></span> <span class='ocrx_word' id='word_1_524' title='bbox 2288 2698 2480 2754; x_wconf 88' lang='lat' dir='ltr'><strong>eadem</strong></span> <span class='ocrx_word' id='word_1_525' title='bbox 2503 2698 2649 2754; x_wconf 83' lang='lat' dir='ltr'><strong>serie</strong></span> <span class='ocrx_word' id='word_1_526' title='bbox 2672 2698 2900 2754; x_wconf 83' lang='lat' dir='ltr'><strong>visionis</strong></span> <span class='ocrx_word' id='word_1_527' title='bbox 2927 2714 3087 2753; x_wconf 89' lang='lat' dir='ltr'><strong>anum</strong></span> <span class='ocrx_word' id='word_1_528' title='bbox 3113 2699 3282 2766; x_wconf 87' lang='lat' dir='ltr'><strong>illam,</strong></span> <span class='ocrx_word' id='word_1_529' title='bbox 3306 2716 3471 2771; x_wconf 86' lang='lat' dir='ltr'><strong>quam</strong></span> 
     </span>
    </p>
   </div>
   <div class='ocr_carea' id='block_1_71' title="bbox 1878 2790 3468 2862">
    <p class='ocr_par' dir='ltr' id='par_1_71' title="bbox 1878 2790 3468 2862">
     <span class='ocr_line' id='line_1_71' title="bbox 1878 2790 3468 2862; baseline 0.001 -15"><span class='ocrx_word' id='word_1_530' title='bbox 1878 2792 1933 2847; x_wconf 87' lang='lat' dir='ltr'><strong>in</strong></span> <span class='ocrx_word' id='word_1_531' title='bbox 1991 2806 2104 2848; x_wconf 74' lang='lat' dir='ltr'><strong>sua:</strong></span> <span class='ocrx_word' id='word_1_532' title='bbox 2151 2791 2310 2847; x_wconf 83' lang='lat' dir='ltr'><strong>initio</strong></span> <span class='ocrx_word' id='word_1_533' title='bbox 2362 2790 2741 2849; x_wconf 84' lang='lat' dir='ltr'><strong>conversionis</strong></span> <span class='ocrx_word' id='word_1_534' title='bbox 2787 2792 3190 2862; x_wconf 81' lang='lat' dir='ltr'><strong>supradixlmus</strong></span> <span class='ocrx_word' id='word_1_535' title='bbox 3234 2809 3356 2848; x_wconf 89' lang='lat' dir='ltr'><strong>cum</strong></span> <span class='ocrx_word' id='word_1_536' title='bbox 3405 2808 3468 2849; x_wconf 89' lang='lat' dir='ltr'><strong>ea</strong></span> 
     </span>
    </p>
   </div>
   <div class='ocr_carea' id='block_1_72' title="bbox 1879 2884 3469 2955">
    <p class='ocr_par' dir='ltr' id='par_1_72' title="bbox 1879 2884 3469 2955">
     <span class='ocr_line' id='line_1_72' title="bbox 1879 2884 3469 2955; baseline 0 -13"><span class='ocrx_word' id='word_1_537' title='bbox 1879 2894 2281 2952; x_wconf 82' lang='lat' dir='ltr'><strong>conversatam,</strong></span> <span class='ocrx_word' id='word_1_538' title='bbox 2327 2885 2612 2940; x_wconf 75' lang='lat' dir='ltr'><strong>mulierem</strong></span> <span class='ocrx_word' id='word_1_539' title='bbox 2658 2884 2818 2955; x_wconf 89' lang='lat' dir='ltr'><strong>plane</strong></span> <span class='ocrx_word' id='word_1_540' title='bbox 2868 2884 3053 2939; x_wconf 82' lang='lat' dir='ltr'><strong>multis</strong></span> <span class='ocrx_word' id='word_1_541' title='bbox 3106 2887 3360 2942; x_wconf 84' lang='lat' dir='ltr'><strong>crucibus</strong></span> <span class='ocrx_word' id='word_1_542' title='bbox 3414 2889 3469 2942; x_wconf 86' lang='lat' dir='ltr'><strong>ir.</strong></span> 
     </span>
    </p>
   </div>
   <div class='ocr_carea' id='block_1_73' title="bbox 1877 2973 3469 3048">
    <p class='ocr_par' dir='ltr' id='par_1_73' title="bbox 1877 2973 3469 3048">
     <span class='ocr_line' id='line_1_73' title="bbox 1877 2973 3469 3048; baseline 0.002 -16"><span class='ocrx_word' id='word_1_543' title='bbox 1877 2978 2169 3048; x_wconf 82' lang='lat' dir='ltr'><strong>superficie</strong></span> <span class='ocrx_word' id='word_1_544' title='bbox 2215 2991 2315 3034; x_wconf 85' lang='lat' dir='ltr'><strong>suo</strong></span> <span class='ocrx_word' id='word_1_545' title='bbox 2357 2976 2575 3048; x_wconf 85' lang='lat' dir='ltr'><strong>corpori</strong></span> <span class='ocrx_word' id='word_1_546' title='bbox 2630 2991 2847 3045; x_wconf 88' lang='lat' dir='ltr'><strong>semper</strong></span> <span class='ocrx_word' id='word_1_547' title='bbox 2882 2973 3133 3031; x_wconf 78' lang='lat' dir='ltr'><strong>infestam</strong></span> <span class='ocrx_word' id='word_1_548' title='bbox 3161 3017 3175 3042; x_wconf 94' lang='lat'><strong>,</strong></span> <span class='ocrx_word' id='word_1_549' title='bbox 3235 2986 3292 3031; x_wconf 80' lang='lat' dir='ltr'><strong>at</strong></span> <span class='ocrx_word' id='word_1_550' title='bbox 3340 2994 3469 3035; x_wconf 86' lang='lat' dir='ltr'><strong>vero</strong></span> 
     </span>
    </p>
   </div>
   <div class='ocr_carea' id='block_1_74' title="bbox 1876 3069 3467 3143">
    <p class='ocr_par' dir='ltr' id='par_1_74' title="bbox 1876 3069 3467 3143">
     <span class='ocr_line' id='line_1_74' title="bbox 1876 3069 3467 3143; baseline -0.001 -17"><span class='ocrx_word' id='word_1_551' title='bbox 1876 3081 2069 3127; x_wconf 89' lang='lat' dir='ltr'><strong>contra</strong></span> <span class='ocrx_word' id='word_1_552' title='bbox 2094 3072 2393 3143; x_wconf 86' lang='lat' dir='ltr'><strong>appetitum</strong></span> <span class='ocrx_word' id='word_1_553' title='bbox 2426 3069 2623 3133; x_wconf 84' lang='lat' dir='ltr'><strong>inanis,</strong></span> <span class='ocrx_word' id='word_1_554' title='bbox 2650 3078 2709 3123; x_wconf 92' lang='lat' dir='ltr'><strong>ut</strong></span> <span class='ocrx_word' id='word_1_555' title='bbox 2740 3070 3047 3136; x_wconf 89' lang='lat' dir='ltr'><strong>dicebatur,</strong></span> <span class='ocrx_word' id='word_1_556' title='bbox 3072 3069 3259 3138; x_wconf 81' lang='lat' dir='ltr'><strong>gloriae</strong></span> <span class='ocrx_word' id='word_1_557' title='bbox 3289 3070 3467 3125; x_wconf 89' lang='lat' dir='ltr'><strong>minus</strong></span> 
     </span>
    </p>
   </div>
   <div class='ocr_carea' id='block_1_75' title="bbox 1877 3150 3521 3231">
    <p class='ocr_par' dir='ltr' id='par_1_75' title="bbox 1877 3150 3521 3231">
     <span class='ocr_line' id='line_1_75' title="bbox 1877 3150 3521 3231; baseline -0.001 -14"><span class='ocrx_word' id='word_1_558' title='bbox 1877 3170 2118 3217; x_wconf 79' lang='lat' dir='ltr'><strong>cautam.</strong></span> <span class='ocrx_word' id='word_1_559' title='bbox 2167 3160 2342 3228; x_wconf 73' lang='lat' dir='ltr'><strong>Halic,</strong></span> <span class='ocrx_word' id='word_1_560' title='bbox 2385 3162 2626 3231; x_wconf 81' lang='lat' dir='ltr'><strong>inquam,</strong></span> <span class='ocrx_word' id='word_1_561' title='bbox 2660 3159 2795 3215; x_wconf 85' lang='lat' dir='ltr'><strong>vidit</strong></span> <span class='ocrx_word' id='word_1_562' title='bbox 2823 3175 2851 3214; x_wconf 87' lang='lat' dir='ltr'><strong>a</strong></span> <span class='ocrx_word' id='word_1_563' title='bbox 2884 3160 3094 3215; x_wconf 82' lang='lat' dir='ltr'><strong>duobus</strong></span> <span class='ocrx_word' id='word_1_564' title='bbox 3126 3160 3253 3215; x_wconf 82' lang='lat' dir='ltr'><strong>ferri</strong></span> <span class='ocrx_word' id='word_1_565' title='bbox 3288 3163 3468 3231; x_wconf 82' lang='lat' dir='ltr'><strong>niger-</strong></span> <span class='ocrx_word' id='word_1_566' title='bbox 3508 3150 3521 3163; x_wconf 80' lang='grc'><strong>’</strong></span> 
     </span>
    </p>
   </div>
   <div class='ocr_carea' id='block_1_76' title="bbox 1881 3250 3467 3323">
    <p class='ocr_par' dir='ltr' id='par_1_76' title="bbox 1881 3250 3467 3323">
     <span class='ocr_line' id='line_1_76' title="bbox 1881 3250 3467 3323; baseline -0.001 -14"><span class='ocrx_word' id='word_1_567' title='bbox 1881 3253 2039 3311; x_wconf 85' lang='lat' dir='ltr'><strong>rimis</strong></span> <span class='ocrx_word' id='word_1_568' title='bbox 2064 3252 2347 3323; x_wconf 87' lang='lat' dir='ltr'><strong>spiritibus</strong></span> <span class='ocrx_word' id='word_1_569' title='bbox 2372 3253 2718 3322; x_wconf 85' lang='lat' dir='ltr'><strong>speciemque</strong></span> <span class='ocrx_word' id='word_1_570' title='bbox 2748 3251 2863 3320; x_wconf 86' lang='lat' dir='ltr'><strong>ejus</strong></span> <span class='ocrx_word' id='word_1_571' title='bbox 2889 3250 3272 3307; x_wconf 85' lang='lat' dir='ltr'><strong>umbraticam.</strong></span> <span class='ocrx_word' id='word_1_572' title='bbox 3296 3251 3467 3307; x_wconf 89' lang='lat' dir='ltr'><strong>Porro</strong></span> 
     </span>
    </p>
   </div>
   <div class='ocr_carea' id='block_1_77' title="bbox 1878 3345 3467 3415">
    <p class='ocr_par' dir='ltr' id='par_1_77' title="bbox 1878 3345 3467 3415">
     <span class='ocr_line' id='line_1_77' title="bbox 1878 3345 3467 3415; baseline -0.002 -12"><span class='ocrx_word' id='word_1_573' title='bbox 1878 3347 2005 3403; x_wconf 84' lang='lat' dir='ltr'><strong>dum</strong></span> <span class='ocrx_word' id='word_1_574' title='bbox 2040 3361 2179 3402; x_wconf 86' lang='lat' dir='ltr'><strong>unus</strong></span> <span class='ocrx_word' id='word_1_575' title='bbox 2210 3346 2301 3401; x_wconf 89' lang='lat' dir='ltr'><strong>illa</strong></span> <span class='ocrx_word' id='word_1_576' title='bbox 2333 3346 2563 3413; x_wconf 89' lang='lat' dir='ltr'><strong>viveret,</strong></span> <span class='ocrx_word' id='word_1_577' title='bbox 2615 3354 2671 3401; x_wconf 90' lang='lat' dir='ltr'><strong>et</strong></span> <span class='ocrx_word' id='word_1_578' title='bbox 2720 3345 2926 3415; x_wconf 85' lang='lat' dir='ltr'><strong>pariter</strong></span> <span class='ocrx_word' id='word_1_579' title='bbox 2961 3346 3135 3401; x_wconf 72' lang='lat' dir='ltr'><strong>amba:</strong></span> <span class='ocrx_word' id='word_1_580' title='bbox 3186 3345 3467 3400; x_wconf 84' lang='lat' dir='ltr'><strong>cohabita-</strong></span> 
     </span>
    </p>
   </div>
   <div class='ocr_carea' id='block_1_78' title="bbox 1877 3436 3459 3504">
    <p class='ocr_par' dir='ltr' id='par_1_78' title="bbox 1877 3436 3459 3504">
     <span class='ocr_line' id='line_1_78' title="bbox 1877 3436 3459 3504; baseline -0.003 -11"><span class='ocrx_word' id='word_1_581' title='bbox 1877 3449 2027 3504; x_wconf 83' lang='lat' dir='ltr'><strong>rent,</strong></span> <span class='ocrx_word' id='word_1_582' title='bbox 2075 3438 2201 3493; x_wconf 90' lang='lat' dir='ltr'><strong>dum</strong></span> <span class='ocrx_word' id='word_1_583' title='bbox 2233 3437 2300 3492; x_wconf 89' lang='lat' dir='ltr'><strong>de</strong></span> <span class='ocrx_word' id='word_1_584' title='bbox 2329 3445 2475 3492; x_wconf 87' lang='lat' dir='ltr'><strong>statu</strong></span> <span class='ocrx_word' id='word_1_585' title='bbox 2515 3436 2822 3490; x_wconf 75' lang='lat' dir='ltr'><strong>animarum</strong></span> <span class='ocrx_word' id='word_1_586' title='bbox 2864 3445 2922 3490; x_wconf 91' lang='lat' dir='ltr'><strong>et</strong></span> <span class='ocrx_word' id='word_1_587' title='bbox 2954 3450 3174 3490; x_wconf 82' lang='lat' dir='ltr'><strong>suarum</strong></span> <span class='ocrx_word' id='word_1_588' title='bbox 3206 3436 3459 3490; x_wconf 87' lang='lat' dir='ltr'><strong>mortium</strong></span> 
     </span>
    </p>
   </div>
   <div class='ocr_carea' id='block_1_79' title="bbox 1875 3527 3464 3599">
    <p class='ocr_par' dir='ltr' id='par_1_79' title="bbox 1875 3527 3464 3599">
     <span class='ocr_line' id='line_1_79' title="bbox 1875 3527 3464 3599; baseline -0.004 -14"><span class='ocrx_word' id='word_1_589' title='bbox 1875 3529 2158 3585; x_wconf 82' lang='lat' dir='ltr'><strong>eventibus</strong></span> <span class='ocrx_word' id='word_1_590' title='bbox 2186 3528 2556 3599; x_wconf 81' lang='lat' dir='ltr'><strong>loquerentur,</strong></span> <span class='ocrx_word' id='word_1_591' title='bbox 2588 3527 2883 3596; x_wconf 82' lang='lat' dir='ltr'><strong>aliquando</strong></span> <span class='ocrx_word' id='word_1_592' title='bbox 2929 3527 3244 3597; x_wconf 82' lang='lat' dir='ltr'><strong>pepigerant</strong></span> <span class='ocrx_word' id='word_1_593' title='bbox 3277 3535 3464 3580; x_wconf 83' lang='lat' dir='ltr'><strong>mutuo</strong></span> 
     </span>
    </p>
   </div>
   <div class='ocr_carea' id='block_1_80' title="bbox 1876 3618 3464 3692">
    <p class='ocr_par' dir='ltr' id='par_1_80' title="bbox 1876 3618 3464 3692">
     <span class='ocr_line' id='line_1_80' title="bbox 1876 3618 3464 3692; baseline -0.004 -13"><span class='ocrx_word' id='word_1_594' title='bbox 1876 3623 2001 3688; x_wconf 85' lang='lat' dir='ltr'><strong>sibi,</strong></span> <span class='ocrx_word' id='word_1_595' title='bbox 2032 3630 2090 3677; x_wconf 87' lang='lat' dir='ltr'><strong>ut</strong></span> <span class='ocrx_word' id='word_1_596' title='bbox 2113 3637 2235 3692; x_wconf 72' lang='lat' dir='ltr'><strong>qum</strong></span> <span class='ocrx_word' id='word_1_597' title='bbox 2274 3621 2452 3692; x_wconf 74' lang='lat' dir='ltr'><strong>prima</strong></span> <span class='ocrx_word' id='word_1_598' title='bbox 2480 3621 2787 3684; x_wconf 85' lang='lat' dir='ltr'><strong>decederet,</strong></span> <span class='ocrx_word' id='word_1_599' title='bbox 2827 3619 3105 3688; x_wconf 83' lang='lat' dir='ltr'><strong>superstiti</strong></span> <span class='ocrx_word' id='word_1_600' title='bbox 3146 3618 3464 3687; x_wconf 83' lang='lat' dir='ltr'><strong>qualitatem</strong></span> 
     </span>
    </p>
   </div>
   <div class='ocr_carea' id='block_1_81' title="bbox 1875 3710 3467 3781">
    <p class='ocr_par' dir='ltr' id='par_1_81' title="bbox 1875 3710 3467 3781">
     <span class='ocr_line' id='line_1_81' title="bbox 1875 3710 3467 3781; baseline -0.003 -11"><span class='ocrx_word' id='word_1_601' title='bbox 1875 3725 2051 3770; x_wconf 88' lang='lat' dir='ltr'><strong>status</strong></span> <span class='ocrx_word' id='word_1_602' title='bbox 2083 3716 2200 3781; x_wconf 87' lang='lat' dir='ltr'><strong>sui,</strong></span> <span class='ocrx_word' id='word_1_603' title='bbox 2231 3714 2346 3771; x_wconf 86' lang='lat' dir='ltr'><strong>sive</strong></span> <span class='ocrx_word' id='word_1_604' title='bbox 2378 3714 2599 3778; x_wconf 83' lang='lat' dir='ltr'><strong>bonam,</strong></span> <span class='ocrx_word' id='word_1_605' title='bbox 2626 3712 2743 3767; x_wconf 87' lang='lat' dir='ltr'><strong>sive</strong></span> <span class='ocrx_word' id='word_1_606' title='bbox 2779 3710 3001 3777; x_wconf 88' lang='lat' dir='ltr'><strong>malam,</strong></span> <span class='ocrx_word' id='word_1_607' title='bbox 3033 3712 3343 3781; x_wconf 82' lang='lat' dir='ltr'><strong>appareudo</strong></span> <span class='ocrx_word' id='word_1_608' title='bbox 3371 3726 3467 3781; x_wconf 73' lang='lat' dir='ltr'><strong>per</strong></span> 
     </span>
    </p>
   </div>
   <div class='ocr_carea' id='block_1_82' title="bbox 1874 3804 3463 3879">
    <p class='ocr_par' dir='ltr' id='par_1_82' title="bbox 1874 3804 3463 3879">
     <span class='ocr_line' id='line_1_82' title="bbox 1874 3804 3463 3879; baseline -0.003 -15"><span class='ocrx_word' id='word_1_609' title='bbox 1874 3808 1970 3864; x_wconf 80' lang='lat' dir='ltr'><strong>Dei</strong></span> <span class='ocrx_word' id='word_1_610' title='bbox 2013 3809 2241 3879; x_wconf 81' lang='lat' dir='ltr'><strong>gratiam</strong></span> <span class='ocrx_word' id='word_1_611' title='bbox 2281 3806 2673 3862; x_wconf 80' lang='lat' dir='ltr'><strong>manifestaret.</strong></span> <span class='ocrx_word' id='word_1_612' title='bbox 2731 3806 2797 3859; x_wconf 73' lang='lat' dir='ltr'><strong>Et</strong></span> <span class='ocrx_word' id='word_1_613' title='bbox 2848 3805 2948 3860; x_wconf 89' lang='lat' dir='ltr'><strong>hoc</strong></span> <span class='ocrx_word' id='word_1_614' title='bbox 2997 3804 3164 3858; x_wconf 84' lang='lat' dir='ltr'><strong>etiam</strong></span> <span class='ocrx_word' id='word_1_615' title='bbox 3218 3805 3463 3860; x_wconf 79' lang='lat' dir='ltr'><strong>oratione</strong></span> 
     </span>
    </p>
   </div>
   <div class='ocr_carea' id='block_1_83' title="bbox 1874 3897 3467 3966">
    <p class='ocr_par' dir='ltr' id='par_1_83' title="bbox 1874 3897 3467 3966">
     <span class='ocr_line' id='line_1_83' title="bbox 1874 3897 3467 3966; baseline -0.002 -12"><span class='ocrx_word' id='word_1_616' title='bbox 1874 3900 2180 3962; x_wconf 72' lang='lat' dir='ltr'><strong>firmarunt,</strong></span> <span class='ocrx_word' id='word_1_617' title='bbox 2218 3899 2388 3953; x_wconf 88' lang='lat' dir='ltr'><strong>Deum</strong></span> <span class='ocrx_word' id='word_1_618' title='bbox 2439 3898 2628 3953; x_wconf 90' lang='lat' dir='ltr'><strong>scdulo</strong></span> <span class='ocrx_word' id='word_1_619' title='bbox 2669 3897 3024 3952; x_wconf 84' lang='lat' dir='ltr'><strong>obsecrantes</strong></span> <span class='ocrx_word' id='word_1_620' title='bbox 3082 3907 3167 3962; x_wconf 90' lang='lat' dir='ltr'><strong>ut,</strong></span> <span class='ocrx_word' id='word_1_621' title='bbox 3211 3906 3332 3966; x_wconf 80' lang='lat' dir='ltr'><strong>post</strong></span> <span class='ocrx_word' id='word_1_622' title='bbox 3369 3898 3467 3951; x_wconf 51' lang='lat' dir='ltr'><strong>ob.</strong></span> 
     </span>
    </p>
   </div>
   <div class='ocr_carea' id='block_1_84' title="bbox 1874 3990 3463 4058">
    <p class='ocr_par' dir='ltr' id='par_1_84' title="bbox 1874 3990 3463 4058">
     <span class='ocr_line' id='line_1_84' title="bbox 1874 3990 3463 4058; baseline -0.005 -8"><span class='ocrx_word' id='word_1_623' title='bbox 1874 3994 2009 4050; x_wconf 91' lang='lat' dir='ltr'><strong>itum</strong></span> <span class='ocrx_word' id='word_1_624' title='bbox 2034 3992 2374 4058; x_wconf 81' lang='lat' dir='ltr'><strong>alterutrins,</strong></span> <span class='ocrx_word' id='word_1_625' title='bbox 2412 3991 2568 4047; x_wconf 90' lang='lat' dir='ltr'><strong>alteri</strong></span> <span class='ocrx_word' id='word_1_626' title='bbox 2593 3991 2755 4046; x_wconf 85' lang='lat' dir='ltr'><strong>liccat</strong></span> <span class='ocrx_word' id='word_1_627' title='bbox 2780 3991 3071 4045; x_wconf 84' lang='lat' dir='ltr'><strong>essentiam</strong></span> <span class='ocrx_word' id='word_1_628' title='bbox 3104 3990 3332 4044; x_wconf 78' lang='lat' dir='ltr'><strong>fortunae</strong></span> <span class='ocrx_word' id='word_1_629' title='bbox 3381 3990 3463 4043; x_wconf 85' lang='lat' dir='ltr'><strong>vel</strong></span> 
     </span>
    </p>
   </div>
   <div class='ocr_carea' id='block_1_85' title="bbox 1876 4085 3461 4156">
    <p class='ocr_par' dir='ltr' id='par_1_85' title="bbox 1876 4085 3461 4156">
     <span class='ocr_line' id='line_1_85' title="bbox 1876 4085 3461 4156; baseline -0.004 -13"><span class='ocrx_word' id='word_1_630' title='bbox 1876 4087 2160 4143; x_wconf 79' lang='lat' dir='ltr'><strong>infortunii</strong></span> <span class='ocrx_word' id='word_1_631' title='bbox 2205 4087 2288 4143; x_wconf 84' lang='lat' dir='ltr'><strong>sui</strong></span> <span class='ocrx_word' id='word_1_632' title='bbox 2329 4085 2559 4141; x_wconf 80' lang='lat' dir='ltr'><strong>visionis</strong></span> <span class='ocrx_word' id='word_1_633' title='bbox 2588 4085 2891 4156; x_wconf 85' lang='lat' dir='ltr'><strong>cujuspiam</strong></span> <span class='ocrx_word' id='word_1_634' title='bbox 2941 4085 3272 4140; x_wconf 81' lang='lat' dir='ltr'><strong>revelatione</strong></span> <span class='ocrx_word' id='word_1_635' title='bbox 3312 4085 3461 4137; x_wconf 84' lang='lat' dir='ltr'><strong>dete-</strong></span> 
     </span>
    </p>
   </div>
   <div class='ocr_carea' id='block_1_86' title="bbox 1870 4176 3463 4256">
    <p class='ocr_par' dir='ltr' id='par_1_86' title="bbox 1870 4176 3463 4256">
     <span class='ocr_line' id='line_1_86' title="bbox 1870 4176 3463 4256; baseline -0.006 -17"><span class='ocrx_word' id='word_1_636' title='bbox 1870 4198 2021 4256; x_wconf 87' lang='lat' dir='ltr'><strong>gere.</strong></span> <span class='ocrx_word' id='word_1_637' title='bbox 2053 4183 2174 4254; x_wconf 83' lang='lat' dir='ltr'><strong>Ipsa</strong></span> <span class='ocrx_word' id='word_1_638' title='bbox 2220 4195 2440 4252; x_wconf 85' lang='lat' dir='ltr'><strong>quoque</strong></span> <span class='ocrx_word' id='word_1_639' title='bbox 2466 4194 2606 4233; x_wconf 80' lang='lat' dir='ltr'><strong>anns</strong></span> <span class='ocrx_word' id='word_1_640' title='bbox 2652 4179 2915 4233; x_wconf 89' lang='lat' dir='ltr'><strong>moritura</strong></span> <span class='ocrx_word' id='word_1_641' title='bbox 2964 4177 3015 4231; x_wconf 93' lang='lat' dir='ltr'><strong>in</strong></span> <span class='ocrx_word' id='word_1_642' title='bbox 3060 4176 3270 4231; x_wconf 80' lang='lat' dir='ltr'><strong>visione</strong></span> <span class='ocrx_word' id='word_1_643' title='bbox 3303 4190 3361 4229; x_wconf 84' lang='lat' dir='ltr'><strong>se</strong></span> <span class='ocrx_word' id='word_1_644' title='bbox 3390 4176 3463 4229; x_wconf 76' lang='lat' dir='ltr'><strong>vi-</strong></span> 
     </span>
    </p>
   </div>
   <div class='ocr_carea' id='block_1_87' title="bbox 1873 4269 3462 4345">
    <p class='ocr_par' dir='ltr' id='par_1_87' title="bbox 1873 4269 3462 4345">
     <span class='ocr_line' id='line_1_87' title="bbox 1873 4269 3462 4345; baseline -0.008 -12"><span class='ocrx_word' id='word_1_645' title='bbox 1873 4277 2029 4335; x_wconf 82' lang='lat' dir='ltr'><strong>derat</strong></span> <span class='ocrx_word' id='word_1_646' title='bbox 2080 4290 2311 4345; x_wconf 87' lang='lat' dir='ltr'><strong>corpore</strong></span> <span class='ocrx_word' id='word_1_647' title='bbox 2359 4273 2671 4345; x_wconf 81' lang='lat' dir='ltr'><strong>spoliatam,</strong></span> <span class='ocrx_word' id='word_1_648' title='bbox 2726 4286 2850 4326; x_wconf 85' lang='lat' dir='ltr'><strong>cum</strong></span> <span class='ocrx_word' id='word_1_649' title='bbox 2905 4269 3026 4324; x_wconf 86' lang='lat' dir='ltr'><strong>aliis</strong></span> <span class='ocrx_word' id='word_1_650' title='bbox 3081 4269 3349 4323; x_wconf 81' lang='lat' dir='ltr'><strong>similibus</strong></span> <span class='ocrx_word' id='word_1_651' title='bbox 3396 4270 3462 4321; x_wconf 79' lang='lat' dir='ltr'><strong>ad</strong></span> 
     </span>
    </p>
   </div>
   <div class='ocr_carea' id='block_1_88' title="bbox 1873 4360 3459 4440">
    <p class='ocr_par' dir='ltr' id='par_1_88' title="bbox 1873 4360 3459 4440">
     <span class='ocr_line' id='line_1_88' title="bbox 1873 4360 3459 4440; baseline -0.007 -19"><span class='ocrx_word' id='word_1_652' title='bbox 1873 4369 2145 4440; x_wconf 78' lang='lat' dir='ltr'><strong>quoddam</strong></span> <span class='ocrx_word' id='word_1_653' title='bbox 2199 4366 2454 4421; x_wconf 75' lang='lat' dir='ltr'><strong>devenire</strong></span> <span class='ocrx_word' id='word_1_654' title='bbox 2507 4364 2791 4433; x_wconf 85' lang='lat' dir='ltr'><strong>templum,</strong></span> <span class='ocrx_word' id='word_1_655' title='bbox 2848 4376 2968 4431; x_wconf 68' lang='lat' dir='ltr'><strong>quae</strong></span> <span class='ocrx_word' id='word_1_656' title='bbox 3028 4361 3170 4414; x_wconf 87' lang='lat' dir='ltr'><strong>inter</strong></span> <span class='ocrx_word' id='word_1_657' title='bbox 3225 4360 3459 4415; x_wconf 86' lang='lat' dir='ltr'><strong>eundum</strong></span> 
     </span>
    </p>
   </div>
   <div class='ocr_carea' id='block_1_89' title="bbox 1876 4452 3459 4531">
    <p class='ocr_par' dir='ltr' id='par_1_89' title="bbox 1876 4452 3459 4531">
     <span class='ocr_line' id='line_1_89' title="bbox 1876 4452 3459 4531; baseline -0.008 -13"><span class='ocrx_word' id='word_1_658' title='bbox 1876 4477 2092 4518; x_wconf 85' lang='lat' dir='ltr'><strong>crucem</strong></span> <span class='ocrx_word' id='word_1_659' title='bbox 2119 4477 2147 4515; x_wconf 91' lang='lat' dir='ltr'><strong>a</strong></span> <span class='ocrx_word' id='word_1_660' title='bbox 2180 4460 2415 4531; x_wconf 84' lang='lat' dir='ltr'><strong>scapulis</strong></span> <span class='ocrx_word' id='word_1_661' title='bbox 2438 4452 2718 4513; x_wconf 78' lang='lat' dir='ltr'><strong>sibi‘lcrre</strong></span> <span class='ocrx_word' id='word_1_662' title='bbox 2750 4456 3055 4511; x_wconf 84' lang='lat' dir='ltr'><strong>videbatur.</strong></span> <span class='ocrx_word' id='word_1_663' title='bbox 3086 4452 3165 4507; x_wconf 81' lang='lat' dir='ltr'><strong>Ad</strong></span> <span class='ocrx_word' id='word_1_664' title='bbox 3203 4452 3459 4521; x_wconf 86' lang='lat' dir='ltr'><strong>templum</strong></span> 
     </span>
    </p>
   </div>
   <div class='ocr_carea' id='block_1_90' title="bbox 144 4544 3462 4639">
    <p class='ocr_par' dir='ltr' id='par_1_90' title="bbox 144 4544 3462 4639">
     <span class='ocr_line' id='line_1_90' title="bbox 144 4544 3462 4639; baseline -0.004 -30"><span class='ocrx_word' id='word_1_665' title='bbox 144 4555 406 4613; x_wconf 84' lang='lat' dir='ltr'><strong>animum</strong></span> <span class='ocrx_word' id='word_1_666' title='bbox 443 4553 612 4625; x_wconf 85' lang='lat' dir='ltr'><strong>pravi</strong></span> <span class='ocrx_word' id='word_1_667' title='bbox 663 4553 963 4609; x_wconf 87' lang='lat' dir='ltr'><strong>consiliarii</strong></span> <span class='ocrx_word' id='word_1_668' title='bbox 1007 4568 1313 4633; x_wconf 66' lang='lat' dir='ltr'><strong>accessere,</strong></span> <span class='ocrx_word' id='word_1_669' title='bbox 1345 4554 1437 4622; x_wconf 90' lang='lat' dir='ltr'><strong>qui</strong></span> <span class='ocrx_word' id='word_1_670' title='bbox 1468 4560 1525 4607; x_wconf 92' lang='lat' dir='ltr'><strong>ut</strong></span> <span class='ocrx_word' id='word_1_671' title='bbox 1554 4553 1772 4622; x_wconf 74' lang='lat' dir='ltr'><strong>experi-</strong></span> <span class='ocrx_word' id='word_1_672' title='bbox 1800 4580 1849 4639; x_wconf 69' lang='grc' dir='ltr'>ι)</span> <span class='ocrx_word' id='word_1_673' title='bbox 1876 4565 2058 4611; x_wconf 87' lang='lat' dir='ltr'><strong>autem</strong></span> <span class='ocrx_word' id='word_1_674' title='bbox 2089 4569 2213 4611; x_wconf 89' lang='lat' dir='ltr'><strong>eum</strong></span> <span class='ocrx_word' id='word_1_675' title='bbox 2244 4552 2335 4607; x_wconf 83' lang='lat' dir='ltr'><strong>illo</strong></span> <span class='ocrx_word' id='word_1_676' title='bbox 2357 4551 2619 4609; x_wconf 88' lang='lat' dir='ltr'><strong>comitatu</strong></span> <span class='ocrx_word' id='word_1_677' title='bbox 2649 4549 2898 4615; x_wconf 81' lang='lat' dir='ltr'><strong>veniens,</strong></span> <span class='ocrx_word' id='word_1_678' title='bbox 2943 4546 3212 4602; x_wconf 78' lang='lat' dir='ltr'><strong>ohseratis</strong></span> <span class='ocrx_word' id='word_1_679' title='bbox 3256 4544 3462 4598; x_wconf 77' lang='lat' dir='ltr'><strong>furibus</strong></span> 
     </span>
    </p>
   </div>
   <div class='ocr_carea' id='block_1_91' title="bbox 142 4644 1770 4714">
    <p class='ocr_par' dir='ltr' id='par_1_91' title="bbox 142 4644 1770 4714">
     <span class='ocr_line' id='line_1_91' title="bbox 142 4644 1770 4714; baseline -0.001 -11"><span class='ocrx_word' id='word_1_680' title='bbox 142 4656 345 4703; x_wconf 80' lang='lat' dir='ltr'><strong>rentur</strong></span> <span class='ocrx_word' id='word_1_681' title='bbox 369 4664 449 4704; x_wconf 88' lang='lat' dir='ltr'><strong>an</strong></span> <span class='ocrx_word' id='word_1_682' title='bbox 474 4662 610 4702; x_wconf 89' lang='lat' dir='ltr'><strong>cum</strong></span> <span class='ocrx_word' id='word_1_683' title='bbox 627 4645 749 4701; x_wconf 87' lang='lat' dir='ltr'><strong>aliis</strong></span> <span class='ocrx_word' id='word_1_684' title='bbox 770 4646 919 4702; x_wconf 89' lang='lat' dir='ltr'><strong>coire</strong></span> <span class='ocrx_word' id='word_1_685' title='bbox 945 4654 1129 4714; x_wconf 78' lang='lat' dir='ltr'><strong>posset</strong></span> <span class='ocrx_word' id='word_1_686' title='bbox 1151 4645 1489 4711; x_wconf 83' lang='lat' dir='ltr'><strong>mulieribus,</strong></span> <span class='ocrx_word' id='word_1_687' title='bbox 1514 4644 1770 4701; x_wconf 84' lang='lat' dir='ltr'><strong>suasione</strong></span> 
     </span>
    </p>
   </div>
   <div class='ocr_carea' id='block_1_92' title="bbox 140 4737 1772 4811">
    <p class='ocr_par' dir='ltr' id='par_1_92' title="bbox 140 4737 1772 4811">
     <span class='ocr_line' id='line_1_92' title="bbox 140 4737 1772 4811; baseline 0.001 -18"><span class='ocrx_word' id='word_1_688' title='bbox 140 4738 576 4811; x_wconf 82' lang='lat' dir='ltr'><strong>malignissima</strong></span> <span class='ocrx_word' id='word_1_689' title='bbox 629 4753 906 4797; x_wconf 86' lang='lat' dir='ltr'><strong>monuere.</strong></span> <span class='ocrx_word' id='word_1_690' title='bbox 964 4737 1134 4810; x_wconf 60' lang='lat'><strong>579</strong></span> <span class='ocrx_word' id='word_1_691' title='bbox 1180 4738 1283 4806; x_wconf 83' lang='lat' dir='ltr'><strong>Qui</strong></span> <span class='ocrx_word' id='word_1_692' title='bbox 1328 4738 1645 4808; x_wconf 79' lang='lat' dir='ltr'><strong>juveniliter</strong></span> <span class='ocrx_word' id='word_1_693' title='bbox 1692 4738 1772 4794; x_wconf 86' lang='lat' dir='ltr'><strong>eis</strong></span> 
     </span>
    </p>
   </div>
   <div class='ocr_carea' id='block_1_93' title="bbox 139 4830 1771 4904">
    <p class='ocr_par' dir='ltr' id='par_1_93' title="bbox 139 4830 1771 4904">
     <span class='ocr_line' id='line_1_93' title="bbox 139 4830 1771 4904; baseline -0.001 -16"><span class='ocrx_word' id='word_1_694' title='bbox 139 4832 573 4904; x_wconf 85' lang='lat' dir='ltr'><strong>obtemperans</strong></span> <span class='ocrx_word' id='word_1_695' title='bbox 617 4831 758 4887; x_wconf 85' lang='lat' dir='ltr'><strong>male</strong></span> <span class='ocrx_word' id='word_1_696' title='bbox 809 4839 1076 4887; x_wconf 86' lang='lat' dir='ltr'><strong>atlentato</strong></span> <span class='ocrx_word' id='word_1_697' title='bbox 1113 4831 1402 4889; x_wconf 86' lang='lat' dir='ltr'><strong>concubitu</strong></span> <span class='ocrx_word' id='word_1_698' title='bbox 1434 4847 1503 4886; x_wconf 80' lang='lat' dir='ltr'><strong>ex</strong></span> <span class='ocrx_word' id='word_1_699' title='bbox 1552 4830 1771 4886; x_wconf 64' lang='lat' dir='ltr'><strong>muliero-</strong></span> 
     </span>
    </p>
   </div>
   <div class='ocr_carea' id='block_1_94' title="bbox 139 4924 1771 4995">
    <p class='ocr_par' dir='ltr' id='par_1_94' title="bbox 139 4924 1771 4995">
     <span class='ocr_line' id='line_1_94' title="bbox 139 4924 1771 4995; baseline 0 -16"><span class='ocrx_word' id='word_1_700' title='bbox 139 4924 267 4979; x_wconf 89' lang='lat' dir='ltr'><strong>cula</strong></span> <span class='ocrx_word' id='word_1_701' title='bbox 323 4926 542 4981; x_wconf 89' lang='lat' dir='ltr'><strong>nescio</strong></span> <span class='ocrx_word' id='word_1_702' title='bbox 599 4940 705 4995; x_wconf 86' lang='lat' dir='ltr'><strong>qua</strong></span> <span class='ocrx_word' id='word_1_703' title='bbox 753 4924 960 4995; x_wconf 89' lang='lat' dir='ltr'><strong>prolem</strong></span> <span class='ocrx_word' id='word_1_704' title='bbox 1012 4924 1254 4988; x_wconf 85' lang='lat' dir='ltr'><strong>sustulit,</strong></span> <span class='ocrx_word' id='word_1_705' title='bbox 1287 4939 1408 4994; x_wconf 75' lang='lat' dir='ltr'><strong>qum</strong></span> <span class='ocrx_word' id='word_1_706' title='bbox 1458 4939 1558 4979; x_wconf 89' lang='lat' dir='ltr'><strong>nec</strong></span> <span class='ocrx_word' id='word_1_707' title='bbox 1617 4938 1771 4979; x_wconf 83' lang='lat' dir='ltr'><strong>mora</strong></span> 
     </span>
    </p>
   </div>
   <div class='ocr_carea' id='block_1_95' title="bbox 132 5017 1772 5089">
    <p class='ocr_par' dir='ltr' id='par_1_95' title="bbox 132 5017 1772 5089">
     <span class='ocr_line' id='line_1_95' title="bbox 132 5017 1772 5089; baseline -0.002 -14"><span class='ocrx_word' id='word_1_708' title='bbox 132 5018 315 5075; x_wconf 84' lang='lat' dir='ltr'><strong>etiam</strong></span> <span class='ocrx_word' id='word_1_709' title='bbox 341 5019 482 5075; x_wconf 80' lang='lat' dir='ltr'><strong>sine</strong></span> <span class='ocrx_word' id='word_1_710' title='bbox 510 5017 783 5087; x_wconf 84' lang='lat' dir='ltr'><strong>baptismo</strong></span> <span class='ocrx_word' id='word_1_711' title='bbox 806 5019 946 5074; x_wconf 90' lang='lat' dir='ltr'><strong>diem</strong></span> <span class='ocrx_word' id='word_1_712' title='bbox 974 5019 1131 5075; x_wconf 83' lang='lat' dir='ltr'><strong>obiit.</strong></span> <span class='ocrx_word' id='word_1_713' title='bbox 1187 5018 1246 5073; x_wconf 90' lang='lat' dir='ltr'><strong>In</strong></span> <span class='ocrx_word' id='word_1_714' title='bbox 1303 5018 1617 5073; x_wconf 81' lang='lat' dir='ltr'><strong>concisione</strong></span> <span class='ocrx_word' id='word_1_715' title='bbox 1642 5033 1772 5089; x_wconf 85' lang='lat' dir='ltr'><strong>ergo</strong></span> 
     </span>
    </p>
   </div>
   <div class='ocr_carea' id='block_1_96' title="bbox 136 5110 1772 5182">
    <p class='ocr_par' dir='ltr' id='par_1_96' title="bbox 136 5110 1772 5182">
     <span class='ocr_line' id='line_1_96' title="bbox 136 5110 1772 5182; baseline 0.001 -16"><span class='ocrx_word' id='word_1_716' title='bbox 136 5110 343 5169; x_wconf 83' lang='lat' dir='ltr'><strong>lateris</strong></span> <span class='ocrx_word' id='word_1_717' title='bbox 396 5112 701 5182; x_wconf 85' lang='lat' dir='ltr'><strong>corruptio</strong></span> <span class='ocrx_word' id='word_1_718' title='bbox 742 5120 824 5169; x_wconf 88' lang='lat' dir='ltr'><strong>est</strong></span> <span class='ocrx_word' id='word_1_719' title='bbox 866 5112 988 5168; x_wconf 83' lang='lat' dir='ltr'><strong>fidei</strong></span> <span class='ocrx_word' id='word_1_720' title='bbox 1049 5111 1297 5178; x_wconf 78' lang='lat' dir='ltr'><strong>socialis;</strong></span> <span class='ocrx_word' id='word_1_721' title='bbox 1343 5112 1396 5166; x_wconf 93' lang='lat' dir='ltr'><strong>in</strong></span> <span class='ocrx_word' id='word_1_722' title='bbox 1445 5110 1772 5167; x_wconf 83' lang='lat' dir='ltr'><strong>stridoribus</strong></span> 
     </span>
    </p>
   </div>
   <div class='ocr_carea' id='block_1_97' title="bbox 130 5203 1767 5275">
    <p class='ocr_par' dir='ltr' id='par_1_97' title="bbox 130 5203 1767 5275">
     <span class='ocr_line' id='line_1_97' title="bbox 130 5203 1767 5275; baseline 0.001 -16"><span class='ocrx_word' id='word_1_723' title='bbox 130 5215 333 5260; x_wconf 87' lang='lat' dir='ltr'><strong>autem</strong></span> <span class='ocrx_word' id='word_1_724' title='bbox 363 5204 607 5260; x_wconf 79' lang='lat' dir='ltr'><strong>infestae</strong></span> <span class='ocrx_word' id='word_1_725' title='bbox 637 5204 782 5260; x_wconf 90' lang='lat' dir='ltr'><strong>illius</strong></span> <span class='ocrx_word' id='word_1_726' title='bbox 809 5204 981 5271; x_wconf 90' lang='lat' dir='ltr'><strong>vocis,</strong></span> <span class='ocrx_word' id='word_1_727' title='bbox 1014 5205 1250 5274; x_wconf 89' lang='lat' dir='ltr'><strong>perditio</strong></span> <span class='ocrx_word' id='word_1_728' title='bbox 1293 5205 1435 5261; x_wconf 84' lang='lat' dir='ltr'><strong>male</strong></span> <span class='ocrx_word' id='word_1_729' title='bbox 1495 5203 1767 5275; x_wconf 84' lang='lat' dir='ltr'><strong>procurati</strong></span> 
     </span>
    </p>
   </div>
   <div class='ocr_carea' id='block_1_98' title="bbox 130 5293 1768 5366">
    <p class='ocr_par' dir='ltr' id='par_1_98' title="bbox 130 5293 1768 5366">
     <span class='ocr_line' id='line_1_98' title="bbox 130 5293 1768 5366; baseline 0 -17"><span class='ocrx_word' id='word_1_730' title='bbox 130 5293 202 5366; x_wconf 77' lang='grc' dir='ltr'><strong>[Ῑ.</strong></span> <span class='ocrx_word' id='word_1_731' title='bbox 214 5336 231 5358; x_wconf 86' lang='grc'>,</span> <span class='ocrx_word' id='word_1_732' title='bbox 246 5294 589 5366; x_wconf 74' lang='lat' dir='ltr'><strong>procreati]</strong></span> <span class='ocrx_word' id='word_1_733' title='bbox 605 5295 847 5351; x_wconf 81' lang='lat' dir='ltr'><strong>infantis.</strong></span> <span class='ocrx_word' id='word_1_734' title='bbox 865 5295 1025 5351; x_wconf 87' lang='lat' dir='ltr'><strong>Tales</strong></span> <span class='ocrx_word' id='word_1_735' title='bbox 1046 5305 1222 5361; x_wconf 87' lang='lat' dir='ltr'><strong>erant,</strong></span> <span class='ocrx_word' id='word_1_736' title='bbox 1242 5296 1562 5351; x_wconf 75' lang='lat' dir='ltr'><strong>inexhausta</strong></span> <span class='ocrx_word' id='word_1_737' title='bbox 1577 5295 1768 5364; x_wconf 52' lang='lat' dir='ltr'><strong>l’iictas,</strong></span> 
     </span>
    </p>
   </div>
   <div class='ocr_carea' id='block_1_99' title="bbox 125 5385 1770 5456">
    <p class='ocr_par' dir='ltr' id='par_1_99' title="bbox 125 5385 1770 5456">
     <span class='ocr_line' id='line_1_99' title="bbox 125 5385 1770 5456; baseline 0.002 -17"><span class='ocrx_word' id='word_1_738' title='bbox 125 5385 312 5451; x_wconf 88' lang='lat' dir='ltr'><strong>Deus,</strong></span> <span class='ocrx_word' id='word_1_739' title='bbox 340 5399 469 5442; x_wconf 76' lang='lat' dir='ltr'><strong>tua:</strong></span> <span class='ocrx_word' id='word_1_740' title='bbox 501 5387 895 5443; x_wconf 85' lang='lat' dir='ltr'><strong>retributiones</strong></span> <span class='ocrx_word' id='word_1_741' title='bbox 926 5388 979 5443; x_wconf 89' lang='lat' dir='ltr'><strong>in</strong></span> <span class='ocrx_word' id='word_1_742' title='bbox 1006 5388 1308 5456; x_wconf 85' lang='lat' dir='ltr'><strong>peccatoris</strong></span> <span class='ocrx_word' id='word_1_743' title='bbox 1328 5389 1423 5453; x_wconf 91' lang='lat' dir='ltr'><strong>tui,</strong></span> <span class='ocrx_word' id='word_1_744' title='bbox 1443 5388 1538 5442; x_wconf 87' lang='lat' dir='ltr'><strong>sed</strong></span> <span class='ocrx_word' id='word_1_745' title='bbox 1566 5403 1631 5443; x_wconf 76' lang='lat' dir='ltr'><strong>ex</strong></span> <span class='ocrx_word' id='word_1_746' title='bbox 1663 5387 1770 5443; x_wconf 86' lang='lat' dir='ltr'><strong>ﬁde</strong></span> 
     </span>
    </p>
   </div>
   <div class='ocr_carea' id='block_1_100' title="bbox 130 5477 1768 5536">
    <p class='ocr_par' dir='ltr' id='par_1_100' title="bbox 130 5477 1768 5536">
     <span class='ocr_line' id='line_1_100' title="bbox 130 5477 1768 5536; baseline 0.001 -2"><span class='ocrx_word' id='word_1_747' title='bbox 130 5479 401 5535; x_wconf 85' lang='lat' dir='ltr'><strong>viventis</strong></span> <span class='ocrx_word' id='word_1_748' title='bbox 419 5477 702 5533; x_wconf 85' lang='lat' dir='ltr'><strong>animam.</strong></span> <span class='ocrx_word' id='word_1_749' title='bbox 729 5479 836 5535; x_wconf 85' lang='lat' dir='ltr'><strong>Sed</strong></span> <span class='ocrx_word' id='word_1_750' title='bbox 855 5479 920 5534; x_wconf 89' lang='lat' dir='ltr'><strong>ad</strong></span> <span class='ocrx_word' id='word_1_751' title='bbox 943 5479 1189 5536; x_wconf 90' lang='lat' dir='ltr'><strong>ordinem</strong></span> <span class='ocrx_word' id='word_1_752' title='bbox 1210 5478 1435 5535; x_wconf 80' lang='lat' dir='ltr'><strong>visionis</strong></span> <span class='ocrx_word' id='word_1_753' title='bbox 1464 5480 1768 5535; x_wconf 83' lang='lat' dir='ltr'><strong>redeamus.</strong></span> 
     </span>
    </p>
   </div>
   <div class='ocr_carea' id='block_1_101' title="bbox 196 5572 1771 5645">
    <p class='ocr_par' dir='ltr' id='par_1_101' title="bbox 196 5572 1771 5645">
     <span class='ocr_line' id='line_1_101' title="bbox 196 5572 1771 5645; baseline 0.001 -17"><span class='ocrx_word' id='word_1_754' title='bbox 196 5573 491 5645; x_wconf 80' lang='lat' dir='ltr'><strong>Cumque</strong></span> <span class='ocrx_word' id='word_1_755' title='bbox 526 5584 653 5626; x_wconf 90' lang='lat' dir='ltr'><strong>eum</strong></span> <span class='ocrx_word' id='word_1_756' title='bbox 686 5572 774 5626; x_wconf 88' lang='lat' dir='ltr'><strong>illa</strong></span> <span class='ocrx_word' id='word_1_757' title='bbox 803 5573 1191 5645; x_wconf 87' lang='lat' dir='ltr'><strong>interrogasset</strong></span> <span class='ocrx_word' id='word_1_758' title='bbox 1216 5588 1284 5627; x_wconf 88' lang='lat' dir='ltr'><strong>an</strong></span> <span class='ocrx_word' id='word_1_759' title='bbox 1310 5574 1509 5641; x_wconf 84' lang='lat' dir='ltr'><strong>oratio,</strong></span> <span class='ocrx_word' id='word_1_760' title='bbox 1536 5572 1771 5629; x_wconf 66' lang='lat' dir='ltr'><strong>cleemo-r</strong></span> 
     </span>
    </p>
   </div>
   <div class='ocr_carea' id='block_1_102' title="bbox 120 5664 1770 5738">
    <p class='ocr_par' dir='ltr' id='par_1_102' title="bbox 120 5664 1770 5738">
     <span class='ocr_line' id='line_1_102' title="bbox 120 5664 1770 5738; baseline 0.001 -17"><span class='ocrx_word' id='word_1_761' title='bbox 120 5681 298 5738; x_wconf 85' lang='lat' dir='ltr'><strong>syna,</strong></span> <span class='ocrx_word' id='word_1_762' title='bbox 339 5683 421 5722; x_wconf 85' lang='lat' dir='ltr'><strong>an</strong></span> <span class='ocrx_word' id='word_1_763' title='bbox 458 5664 805 5721; x_wconf 79' lang='lat' dir='ltr'><strong>sacriﬁcium</strong></span> <span class='ocrx_word' id='word_1_764' title='bbox 832 5668 932 5723; x_wconf 89' lang='lat' dir='ltr'><strong>sibi</strong></span> <span class='ocrx_word' id='word_1_765' title='bbox 976 5668 1192 5738; x_wconf 85' lang='lat' dir='ltr'><strong>aliquod</strong></span> <span class='ocrx_word' id='word_1_766' title='bbox 1241 5667 1543 5723; x_wconf 87' lang='lat' dir='ltr'><strong>subsidium</strong></span> <span class='ocrx_word' id='word_1_767' title='bbox 1578 5667 1770 5733; x_wconf 84' lang='lat' dir='ltr'><strong>ferret,</strong></span> 
     </span>
    </p>
   </div>
   <div class='ocr_carea' id='block_1_103' title="bbox 114 5757 1774 5833">
    <p class='ocr_par' dir='ltr' id='par_1_103' title="bbox 114 5757 1774 5833">
     <span class='ocr_line' id='line_1_103' title="bbox 114 5757 1774 5833; baseline 0.001 -17"><span class='ocrx_word' id='word_1_768' title='bbox 114 5757 547 5830; x_wconf 80' lang='lat' dir='ltr'><strong>(conscientia</strong></span> <span class='ocrx_word' id='word_1_769' title='bbox 595 5758 737 5819; x_wconf 86' lang='lat' dir='ltr'><strong>enim</strong></span> <span class='ocrx_word' id='word_1_770' title='bbox 775 5759 878 5821; x_wconf 84' lang='lat' dir='ltr'><strong>sibi</strong></span> <span class='ocrx_word' id='word_1_771' title='bbox 930 5770 1049 5817; x_wconf 89' lang='lat' dir='ltr'><strong>erat</strong></span> <span class='ocrx_word' id='word_1_772' title='bbox 1095 5761 1240 5833; x_wconf 85' lang='lat' dir='ltr'><strong>quod</strong></span> <span class='ocrx_word' id='word_1_773' title='bbox 1269 5760 1386 5817; x_wconf 64' lang='lat' dir='ltr'><strong>haec</strong></span> <span class='ocrx_word' id='word_1_774' title='bbox 1413 5775 1513 5833; x_wconf 75' lang='lat' dir='ltr'><strong>pro</strong></span> <span class='ocrx_word' id='word_1_775' title='bbox 1556 5775 1621 5818; x_wconf 89' lang='lat' dir='ltr'><strong>eo</strong></span> <span class='ocrx_word' id='word_1_776' title='bbox 1661 5760 1774 5817; x_wconf 74' lang='lat' dir='ltr'><strong>ire—</strong></span> 
     </span>
    </p>
   </div>
   <div class='ocr_carea' id='block_1_104' title="bbox 193 5870 967 5949">
    <p class='ocr_par' dir='ltr' id='par_1_104' title="bbox 193 5870 967 5949">
     <span class='ocr_line' id='line_1_104' title="bbox 193 5870 967 5949; baseline 0 -17"><span class='ocrx_word' id='word_1_777' title='bbox 193 5874 331 5949; x_wconf 68' lang='grc' dir='ltr'><strong>βο)</strong></span> <span class='ocrx_word' id='word_1_778' title='bbox 374 5872 513 5931; x_wconf 73' lang='lat' dir='ltr'><strong>me</strong></span> <span class='ocrx_word' id='word_1_779' title='bbox 546 5870 695 5937; x_wconf 70' lang='lat' dir='ltr'><strong>deest</strong></span> <span class='ocrx_word' id='word_1_780' title='bbox 725 5875 967 5934; x_wconf 75' lang='lat' dir='ltr'><strong>verbum.</strong></span> 
     </span>
    </p>
   </div>
   <div class='ocr_carea' id='block_1_105' title="bbox 1874 4636 3457 4715">
    <p class='ocr_par' dir='ltr' id='par_1_105' title="bbox 1874 4636 3457 4715">
     <span class='ocr_line' id='line_1_105' title="bbox 1874 4636 3457 4715; baseline -0.01 -10"><span class='ocrx_word' id='word_1_781' title='bbox 1874 4659 2026 4705; x_wconf 72' lang='lat' dir='ltr'><strong>extra</strong></span> <span class='ocrx_word' id='word_1_782' title='bbox 2097 4661 2319 4702; x_wconf 87' lang='lat' dir='ltr'><strong>manere</strong></span> <span class='ocrx_word' id='word_1_783' title='bbox 2376 4645 2693 4715; x_wconf 81' lang='lat' dir='ltr'><strong>cogebatur.</strong></span> <span class='ocrx_word' id='word_1_784' title='bbox 2758 4640 3022 4712; x_wconf 80' lang='lat' dir='ltr'><strong>Apparuit</strong></span> <span class='ocrx_word' id='word_1_785' title='bbox 3075 4640 3307 4709; x_wconf 86' lang='lat' dir='ltr'><strong>denique</strong></span> <span class='ocrx_word' id='word_1_786' title='bbox 3346 4636 3457 4706; x_wconf 80' lang='lat' dir='ltr'><strong>jam</strong></span> 
     </span>
    </p>
   </div>
   <div class='ocr_carea' id='block_1_106' title="bbox 1876 4731 3458 4805">
    <p class='ocr_par' dir='ltr' id='par_1_106' title="bbox 1876 4731 3458 4805">
     <span class='ocr_line' id='line_1_106' title="bbox 1876 4731 3458 4805; baseline -0.011 -7"><span class='ocrx_word' id='word_1_787' title='bbox 1876 4751 2090 4797; x_wconf 86' lang='lat' dir='ltr'><strong>mortua</strong></span> <span class='ocrx_word' id='word_1_788' title='bbox 2128 4739 2342 4796; x_wconf 81' lang='lat' dir='ltr'><strong>cuidam</strong></span> <span class='ocrx_word' id='word_1_789' title='bbox 2373 4737 2464 4792; x_wconf 75' lang='lat' dir='ltr'><strong>alii</strong></span> <span class='ocrx_word' id='word_1_790' title='bbox 2505 4738 2558 4790; x_wconf 91' lang='lat' dir='ltr'><strong>in</strong></span> <span class='ocrx_word' id='word_1_791' title='bbox 2605 4734 2815 4805; x_wconf 85' lang='lat' dir='ltr'><strong>magnis</strong></span> <span class='ocrx_word' id='word_1_792' title='bbox 2853 4734 3114 4788; x_wconf 80' lang='lat' dir='ltr'><strong>fetoribus</strong></span> <span class='ocrx_word' id='word_1_793' title='bbox 3140 4731 3458 4795; x_wconf 72' lang='lat' dir='ltr'><strong>constituta,</strong></span> 
     </span>
    </p>
   </div>
   <div class='ocr_carea' id='block_1_107' title="bbox 1874 4825 3460 4905">
    <p class='ocr_par' dir='ltr' id='par_1_107' title="bbox 1874 4825 3460 4905">
     <span class='ocr_line' id='line_1_107' title="bbox 1874 4825 3460 4905; baseline -0.009 -15"><span class='ocrx_word' id='word_1_794' title='bbox 1874 4833 1963 4890; x_wconf 88' lang='lat' dir='ltr'><strong>cui</strong></span> <span class='ocrx_word' id='word_1_795' title='bbox 2012 4833 2304 4905; x_wconf 90' lang='lat' dir='ltr'><strong>plurimum</strong></span> <span class='ocrx_word' id='word_1_796' title='bbox 2336 4828 2811 4902; x_wconf 81' lang='lat' dir='ltr'><strong>aggratulabalur,</strong></span> <span class='ocrx_word' id='word_1_797' title='bbox 2844 4828 2986 4897; x_wconf 89' lang='lat' dir='ltr'><strong>quod</strong></span> <span class='ocrx_word' id='word_1_798' title='bbox 3032 4842 3129 4897; x_wconf 82' lang='lat' dir='ltr'><strong>per</strong></span> <span class='ocrx_word' id='word_1_799' title='bbox 3171 4825 3286 4895; x_wconf 77' lang='lat' dir='ltr'><strong>ejus</strong></span> <span class='ocrx_word' id='word_1_800' title='bbox 3334 4840 3460 4879; x_wconf 75' lang='lat' dir='ltr'><strong>ora-</strong></span> 
     </span>
    </p>
   </div>
   <div class='ocr_carea' id='block_1_108' title="bbox 1877 4916 3453 4994">
    <p class='ocr_par' dir='ltr' id='par_1_108' title="bbox 1877 4916 3453 4994">
     <span class='ocr_line' id='line_1_108' title="bbox 1877 4916 3453 4994; baseline -0.008 -14"><span class='ocrx_word' id='word_1_801' title='bbox 1877 4924 2053 4980; x_wconf 75' lang='lat' dir='ltr'><strong>tiones</strong></span> <span class='ocrx_word' id='word_1_802' title='bbox 2087 4939 2116 4978; x_wconf 83' lang='grc' dir='ltr'><strong>ιι</strong></span> <span class='ocrx_word' id='word_1_803' title='bbox 2146 4930 2340 4994; x_wconf 80' lang='lat' dir='ltr'><strong>putore</strong></span> <span class='ocrx_word' id='word_1_804' title='bbox 2387 4930 2443 4977; x_wconf 87' lang='lat' dir='ltr'><strong>et</strong></span> <span class='ocrx_word' id='word_1_805' title='bbox 2497 4920 2687 4975; x_wconf 88' lang='lat' dir='ltr'><strong>dolore</strong></span> <span class='ocrx_word' id='word_1_806' title='bbox 2742 4928 2884 4974; x_wconf 81' lang='lat' dir='ltr'><strong>esset</strong></span> <span class='ocrx_word' id='word_1_807' title='bbox 2933 4930 3137 4988; x_wconf 84' lang='lat' dir='ltr'><strong>erepta.</strong></span> <span class='ocrx_word' id='word_1_808' title='bbox 3188 4916 3453 4971; x_wconf 73' lang='lat' dir='ltr'><strong>Przetercn</strong></span> 
     </span>
    </p>
   </div>
   <div class='ocr_carea' id='block_1_109' title="bbox 1874 5007 3457 5084">
    <p class='ocr_par' dir='ltr' id='par_1_109' title="bbox 1874 5007 3457 5084">
     <span class='ocr_line' id='line_1_109' title="bbox 1874 5007 3457 5084; baseline -0.008 -13"><span class='ocrx_word' id='word_1_809' title='bbox 1874 5016 2004 5072; x_wconf 82' lang='lat' dir='ltr'><strong>dum</strong></span> <span class='ocrx_word' id='word_1_810' title='bbox 2051 5016 2243 5071; x_wconf 84' lang='lat' dir='ltr'><strong>eadem</strong></span> <span class='ocrx_word' id='word_1_811' title='bbox 2282 5014 2397 5084; x_wconf 82' lang='lat' dir='ltr'><strong>ipsa</strong></span> <span class='ocrx_word' id='word_1_812' title='bbox 2442 5022 2771 5077; x_wconf 81' lang='lat' dir='ltr'><strong>moreretur,</strong></span> <span class='ocrx_word' id='word_1_813' title='bbox 2832 5027 2863 5065; x_wconf 89' lang='lat' dir='ltr'><strong>a</strong></span> <span class='ocrx_word' id='word_1_814' title='bbox 2914 5011 3049 5081; x_wconf 84' lang='lat' dir='ltr'><strong>pede</strong></span> <span class='ocrx_word' id='word_1_815' title='bbox 3101 5007 3275 5063; x_wconf 81' lang='lat' dir='ltr'><strong>lectuli</strong></span> <span class='ocrx_word' id='word_1_816' title='bbox 3325 5007 3457 5060; x_wconf 69' lang='lat' dir='ltr'><strong>hur-</strong></span> 
     </span>
    </p>
   </div>
   <div class='ocr_carea' id='block_1_110' title="bbox 1873 5101 3457 5180">
    <p class='ocr_par' dir='ltr' id='par_1_110' title="bbox 1873 5101 3457 5180">
     <span class='ocr_line' id='line_1_110' title="bbox 1873 5101 3457 5180; baseline -0.009 -15"><span class='ocrx_word' id='word_1_817' title='bbox 1873 5110 2057 5165; x_wconf 70' lang='lat' dir='ltr'><strong>renda:</strong></span> <span class='ocrx_word' id='word_1_818' title='bbox 2125 5108 2323 5180; x_wconf 82' lang='lat' dir='ltr'><strong>speciei</strong></span> <span class='ocrx_word' id='word_1_819' title='bbox 2400 5107 2698 5162; x_wconf 63' lang='lat' dir='ltr'><strong>daemonem</strong></span> <span class='ocrx_word' id='word_1_820' title='bbox 2762 5104 3061 5159; x_wconf 86' lang='lat' dir='ltr'><strong>teterrimae</strong></span> <span class='ocrx_word' id='word_1_821' title='bbox 3118 5101 3457 5154; x_wconf 74' lang='lat' dir='ltr'><strong>enormitatis</strong></span> 
     </span>
    </p>
   </div>
   <div class='ocr_carea' id='block_1_111' title="bbox 1873 5191 3456 5265">
    <p class='ocr_par' dir='ltr' id='par_1_111' title="bbox 1873 5191 3456 5265">
     <span class='ocr_line' id='line_1_111' title="bbox 1873 5191 3456 5265; baseline -0.009 -8"><span class='ocrx_word' id='word_1_822' title='bbox 1873 5200 2059 5258; x_wconf 88' lang='lat' dir='ltr'><strong>oculos</strong></span> <span class='ocrx_word' id='word_1_823' title='bbox 2106 5201 2393 5255; x_wconf 77' lang='lat' dir='ltr'><strong>habentem</strong></span> <span class='ocrx_word' id='word_1_824' title='bbox 2451 5207 2636 5254; x_wconf 79' lang='lat' dir='ltr'><strong>astare</strong></span> <span class='ocrx_word' id='word_1_825' title='bbox 2691 5195 2988 5265; x_wconf 84' lang='lat' dir='ltr'><strong>prospexit.</strong></span> <span class='ocrx_word' id='word_1_826' title='bbox 3045 5191 3218 5257; x_wconf 85' lang='lat' dir='ltr'><strong>Quem</strong></span> <span class='ocrx_word' id='word_1_827' title='bbox 3276 5198 3456 5242; x_wconf 83' lang='lat' dir='ltr'><strong>tamen</strong></span> 
     </span>
    </p>
   </div>
   <div class='ocr_carea' id='block_1_112' title="bbox 1875 5288 3459 5350">
    <p class='ocr_par' dir='ltr' id='par_1_112' title="bbox 1875 5288 3459 5350">
     <span class='ocr_line' id='line_1_112' title="bbox 1875 5288 3459 5350; baseline -0.011 -1"><span class='ocrx_word' id='word_1_828' title='bbox 1875 5293 1963 5350; x_wconf 89' lang='lat' dir='ltr'><strong>illa</strong></span> <span class='ocrx_word' id='word_1_829' title='bbox 2001 5292 2196 5348; x_wconf 82' lang='lat' dir='ltr'><strong>divinis</strong></span> <span class='ocrx_word' id='word_1_830' title='bbox 2240 5292 2510 5347; x_wconf 73' lang='lat' dir='ltr'><strong>obtestata</strong></span> <span class='ocrx_word' id='word_1_831' title='bbox 2550 5290 2780 5345; x_wconf 90' lang='lat' dir='ltr'><strong>nimium</strong></span> <span class='ocrx_word' id='word_1_832' title='bbox 2834 5288 3195 5341; x_wconf 82' lang='lat' dir='ltr'><strong>sacramentis</strong></span> <span class='ocrx_word' id='word_1_833' title='bbox 3234 5292 3291 5334; x_wconf 75' lang='lat' dir='ltr'><strong>ut</strong></span> <span class='ocrx_word' id='word_1_834' title='bbox 3332 5296 3359 5334; x_wconf 89' lang='lat' dir='ltr'><strong>a</strong></span> <span class='ocrx_word' id='word_1_835' title='bbox 3399 5294 3459 5333; x_wconf 64' lang='lat' dir='ltr'><strong>se</strong></span> 
     </span>
    </p>
   </div>
   <div class='ocr_carea' id='block_1_113' title="bbox 1873 5378 3459 5444">
    <p class='ocr_par' dir='ltr' id='par_1_113' title="bbox 1873 5378 3459 5444">
     <span class='ocr_line' id='line_1_113' title="bbox 1873 5378 3459 5444; baseline -0.01 -2"><span class='ocrx_word' id='word_1_836' title='bbox 1873 5385 2273 5442; x_wconf 82' lang='lat' dir='ltr'><strong>coniusibiliter</strong></span> <span class='ocrx_word' id='word_1_837' title='bbox 2323 5384 2626 5444; x_wconf 82' lang='lat' dir='ltr'><strong>recederet,</strong></span> <span class='ocrx_word' id='word_1_838' title='bbox 2682 5389 2737 5434; x_wconf 92' lang='lat' dir='ltr'><strong>et</strong></span> <span class='ocrx_word' id='word_1_839' title='bbox 2786 5378 2919 5433; x_wconf 89' lang='lat' dir='ltr'><strong>nihil</strong></span> <span class='ocrx_word' id='word_1_840' title='bbox 2949 5391 3103 5431; x_wconf 88' lang='lat' dir='ltr'><strong>suum</strong></span> <span class='ocrx_word' id='word_1_841' title='bbox 3147 5390 3175 5428; x_wconf 88' lang='lat' dir='ltr'><strong>a</strong></span> <span class='ocrx_word' id='word_1_842' title='bbox 3209 5389 3267 5428; x_wconf 89' lang='lat' dir='ltr'><strong>se</strong></span> <span class='ocrx_word' id='word_1_843' title='bbox 3306 5388 3459 5442; x_wconf 83' lang='lat' dir='ltr'><strong>repe-</strong></span> 
     </span>
    </p>
   </div>
   <div class='ocr_carea' id='block_1_114' title="bbox 1874 5473 2943 5549">
    <p class='ocr_par' dir='ltr' id='par_1_114' title="bbox 1874 5473 2943 5549">
     <span class='ocr_line' id='line_1_114' title="bbox 1874 5473 2943 5549; baseline -0.011 -12"><span class='ocrx_word' id='word_1_844' title='bbox 1874 5489 2033 5543; x_wconf 83' lang='lat' dir='ltr'><strong>terct,</strong></span> <span class='ocrx_word' id='word_1_845' title='bbox 2062 5479 2295 5535; x_wconf 83' lang='lat' dir='ltr'><strong>terribili</strong></span> <span class='ocrx_word' id='word_1_846' title='bbox 2325 5478 2667 5549; x_wconf 72' lang='lat' dir='ltr'><strong>adjuth</strong></span> <span class='ocrx_word' id='word_1_847' title='bbox 2694 5473 2943 5528; x_wconf 79' lang='lat' dir='ltr'><strong>removit.</strong></span> 
     </span>
    </p>
   </div>
   <div class='ocr_carea' id='block_1_115' title="bbox 1945 5564 3456 5644">
    <p class='ocr_par' dir='ltr' id='par_1_115' title="bbox 1945 5564 3456 5644">
     <span class='ocr_line' id='line_1_115' title="bbox 1945 5564 3456 5644; baseline -0.006 -18"><span class='ocrx_word' id='word_1_848' title='bbox 1945 5573 2113 5644; x_wconf 82' lang='lat' dir='ltr'><strong>Igitur</strong></span> <span class='ocrx_word' id='word_1_849' title='bbox 2145 5580 2323 5625; x_wconf 81' lang='lat' dir='ltr'><strong>mater</strong></span> <span class='ocrx_word' id='word_1_850' title='bbox 2352 5584 2471 5624; x_wconf 86' lang='lat' dir='ltr'><strong>mea</strong></span> <span class='ocrx_word' id='word_1_851' title='bbox 2515 5584 2582 5624; x_wconf 81' lang='lat' dir='ltr'><strong>ex</strong></span> <span class='ocrx_word' id='word_1_852' title='bbox 2625 5566 3004 5623; x_wconf 82' lang='lat' dir='ltr'><strong>convenientia</strong></span> <span class='ocrx_word' id='word_1_853' title='bbox 3040 5564 3282 5625; x_wconf 74' lang='lat' dir='ltr'><strong>visionis,</strong></span> <span class='ocrx_word' id='word_1_854' title='bbox 3312 5564 3456 5617; x_wconf 75' lang='lat' dir='ltr'><strong>veris</strong></span> 
     </span>
    </p>
   </div>
   <div class='ocr_carea' id='block_1_116' title="bbox 1872 5659 3456 5728">
    <p class='ocr_par' dir='ltr' id='par_1_116' title="bbox 1872 5659 3456 5728">
     <span class='ocr_line' id='line_1_116' title="bbox 1872 5659 3456 5728; baseline -0.006 -7"><span class='ocrx_word' id='word_1_855' title='bbox 1872 5678 2001 5721; x_wconf 78' lang='lat' dir='ltr'><strong>vera</strong></span> <span class='ocrx_word' id='word_1_856' title='bbox 2042 5660 2331 5717; x_wconf 84' lang='lat' dir='ltr'><strong>conferens</strong></span> <span class='ocrx_word' id='word_1_857' title='bbox 2355 5702 2371 5728; x_wconf 92' lang='lat'><strong>,</strong></span> <span class='ocrx_word' id='word_1_858' title='bbox 2411 5670 2465 5715; x_wconf 90' lang='lat' dir='ltr'><strong>et</strong></span> <span class='ocrx_word' id='word_1_859' title='bbox 2491 5677 2557 5715; x_wconf 72' lang='lat' dir='ltr'><strong>ex</strong></span> <span class='ocrx_word' id='word_1_860' title='bbox 2590 5660 2811 5713; x_wconf 86' lang='lat' dir='ltr'><strong>instanti</strong></span> <span class='ocrx_word' id='word_1_861' title='bbox 2845 5660 3066 5714; x_wconf 88' lang='lat' dir='ltr'><strong>oraculo</strong></span> <span class='ocrx_word' id='word_1_862' title='bbox 3097 5659 3284 5713; x_wconf 88' lang='lat' dir='ltr'><strong>militis</strong></span> <span class='ocrx_word' id='word_1_863' title='bbox 3331 5673 3456 5712; x_wconf 74' lang='lat' dir='ltr'><strong>mox</strong></span> 
     </span>
    </p>
   </div>
   <div class='ocr_carea' id='block_1_117' title="bbox 1872 5750 3457 5830">
    <p class='ocr_par' dir='ltr' id='par_1_117' title="bbox 1872 5750 3457 5830">
     <span class='ocr_line' id='line_1_117' title="bbox 1872 5750 3457 5830; baseline -0.006 -16"><span class='ocrx_word' id='word_1_864' title='bbox 1872 5756 2160 5830; x_wconf 82' lang='lat' dir='ltr'><strong>perempti,</strong></span> <span class='ocrx_word' id='word_1_865' title='bbox 2183 5771 2344 5827; x_wconf 75' lang='lat' dir='ltr'><strong>(piem</strong></span> <span class='ocrx_word' id='word_1_866' title='bbox 2376 5755 2617 5827; x_wconf 71' lang='lat' dir='ltr'><strong>ptet&#39;iales</strong></span> <span class='ocrx_word' id='word_1_867' title='bbox 2638 5754 2741 5810; x_wconf 87' lang='lat' dir='ltr'><strong>sibi</strong></span> <span class='ocrx_word' id='word_1_868' title='bbox 2774 5754 2921 5810; x_wconf 80' lang='lat' dir='ltr'><strong>locos</strong></span> <span class='ocrx_word' id='word_1_869' title='bbox 2950 5753 3091 5824; x_wconf 88' lang='lat' dir='ltr'><strong>apud</strong></span> <span class='ocrx_word' id='word_1_870' title='bbox 3122 5752 3324 5807; x_wconf 83' lang='lat' dir='ltr'><strong>inferos</strong></span> <span class='ocrx_word' id='word_1_871' title='bbox 3342 5750 3457 5818; x_wconf 80' lang='lat' dir='ltr'><strong>jam</strong></span> 
     </span>
    </p>
   </div>
   <div class='ocr_carea' id='block_1_118' title="bbox 1876 5845 3459 5923">
    <p class='ocr_par' dir='ltr' id='par_1_118' title="bbox 1876 5845 3459 5923">
     <span class='ocr_line' id='line_1_118' title="bbox 1876 5845 3459 5923; baseline -0.007 -13"><span class='ocrx_word' id='word_1_872' title='bbox 1876 5850 2061 5910; x_wconf 76' lang='lat' dir='ltr'><strong>sortiri</strong></span> <span class='ocrx_word' id='word_1_873' title='bbox 2106 5849 2455 5923; x_wconf 83' lang='lat' dir='ltr'><strong>perviderat,</strong></span> <span class='ocrx_word' id='word_1_874' title='bbox 2504 5847 2729 5905; x_wconf 85' lang='lat' dir='ltr'><strong>infantis</strong></span> <span class='ocrx_word' id='word_1_875' title='bbox 2779 5846 3051 5903; x_wconf 85' lang='lat' dir='ltr'><strong>clamores</strong></span> <span class='ocrx_word' id='word_1_876' title='bbox 3080 5886 3094 5914; x_wconf 92' lang='lat'><strong>,</strong></span> <span class='ocrx_word' id='word_1_877' title='bbox 3146 5845 3301 5917; x_wconf 88' lang='lat' dir='ltr'><strong>cujus</strong></span> <span class='ocrx_word' id='word_1_878' title='bbox 3346 5857 3459 5900; x_wconf 89' lang='lat' dir='ltr'><strong>non</strong></span> 
     </span>
    </p>
   </div>
  </div>
