3980 6324
527 401 534 404 ’
574 388 680 448 879

1321 371 1384 428 V.
1415 361 1744 428 GUIBERTI
1778 356 2074 421 ABBATIS
2103 355 2162 414 S.
2191 350 2433 412 MANE
2463 350 2556 410 DE
2576 346 2978 410 NOVIGENTO
3647 357 3652 366 ’
3678 357 3758 421 θαι

575 507 756 563 fuerat
807 500 1018 573 ignara,
1061 491 1382 564 eonjicieus,
1430 488 1482 542 in
1522 485 1670 542 nullo
1721 481 1790 538 de
1837 480 1926 536 his
1973 474 2158 541 dubia,
2188 476 2236 534 Α
2261 469 2554 526 exterioris
2591 463 2929 522 excellentia:
2969 469 3312 518 excrementa
3349 464 3608 536 mysticum
3651 475 3758 543 regi.

577 607 749 650 totam
775 566 857 648 se.
872 588 940 644 ad
971 584 1211 642 subsidia
1255 581 1399 652 patri
1451 592 1572 632 meo
1608 572 1830 631 ferenda
1866 566 2156 627 convertit.

578 684 788 742 Similia
841 692 973 750 ergo
1027 674 1296 731 similibus
1357 668 1669 736 obiectans,
1725 675 2023 734 paucorum
2067 659 2163 716 ad-

575 776 791 834 modum
851 768 1118 827 mensium
1171 762 1504 822 ‘inl‘antuium
1531 801 1549 828 ,
1620 756 1942 832 parentibus
2002 754 2164 812 orba-

578 874 690 921 tum
727 902 742 928 ,
791 861 860 917 ad
900 873 958 916 se
1013 855 1340 914 contrahens
1389 853 1599 908 nutrire
1651 849 1872 920 delegit.
1925 848 1996 904 At
2045 846 2164 901 dia-

573 957 730 1012 holus
767 955 866 1026 pia:
927 948 1255 1014 intentioni,
1315 962 1414 1002 nee
1464 951 1642 1001 minus
1692 941 2018 998 ﬁdelissima:
2075 955 2166 995 ac-

579 1047 711 1104 tioni
761 1044 1046 1107 invidens,
1105 1055 1228 1097 eum
1284 1039 1414 1094 totis
1452 1037 1643 1093 diebus
1692 1031 2060 1106 placidissime
2107 1045 2167 1087 se

577 1143 792 1206 ageret,
849 1132 1089 1188 vicissim
1135 1130 1414 1201 iocaretur
1455 1136 1618 1198 atque
1667 1125 1952 1194 dormiret,
1995 1122 2168 1178 nocti-

575 1228 680 1283 bus
727 1232 876 1281 tanta
920 1221 1168 1278 vecordia
1197 1223 1471 1290 vagituum
1515 1225 1571 1272 et
1594 1215 1891 1273 clamorum
1937 1222 2167 1268 matrem

577 1335 758 1377 meam
807 1327 865 1375 et
899 1329 1087 1374 omnes
1111 1314 1228 1384 ejus
1271 1310 1598 1369 domesticas
1656 1309 1929 1375 irritabat,
1972 1315 2034 1363 ut
2077 1306 2169 1362 vix

539 1413 637 1470 .in
723 1411 911 1469 eadem
996 1407 1193 1466 cellula
1275 1404 1511 1477 cuipiam
1589 1418 1840 1460 somnum
1920 1400 2172 1457 habuisse

582 1504 793 1560 liceret.
828 1499 1022 1556 Audivi
1043 1507 1193 1554 certe
1228 1498 1298 1553 ah
1322 1513 1386 1554 ea
1415 1497 1591 1566 pretio
1613 1496 1879 1552 obseratas
1909 1491 2170 1558 nutrices,

580 1611 702 1670 qua:
756 1593 1004 1651 noctibus
1040 1606 1147 1649 non
1173 1591 1498 1648 desisterent
1523 1587 1888 1652 continuatis,
1933 1583 2172 1657 perversi

581 1705 691 1747 non
745 1705 777 1745 a
824 1704 905 1755 se,
960 1687 1057 1743 sed
1103 1687 1172 1741 ab
1209 1685 1398 1740 intimo
1453 1683 1796 1754 instigatore,
1823 1679 1964 1736 illius
2021 1678 2173 1750 pueri

583 1791 797 1840 motare
836 1780 1164 1853 crepundia;
1199 1779 1296 1858 sed
1344 1777 1411 1832 ad
1451 1791 1574 1831 eum
1613 1775 1707 1846 qui
1751 1773 1980 1844 urgebat
2016 1786 2173 1828 ever-

586 1874 809 1932 tendum
840 1872 974 1929 nihil
998 1879 1210 1943 poterat
1231 1869 1510 1926 muliebris
1530 1868 1748 1924 astutia.

657 1967 975 2040 Augebatur
1023 1963 1211 2020 dolore
1265 1961 1558 2016 immodico
1609 1960 1698 2030 pia
1744 1957 1943 2013 femina
1972 1993 1988 2022 ,
2046 1955 2172 2011 dum

585 2058 756 2117 nullis
797 2057 940 2112 inter
981 2062 1064 2110 tot
1105 2053 1372 2108 stridores
1405 2049 1775 2106 rnoliminibus
1815 2057 1977 2104 noctu
2012 2045 2176 2102 anxia

587 2149 840 2206 deliniret
891 2155 1158 2216 tempora,
1189 2157 1290 2198 nec
1334 2141 1478 2196 ullus
1525 2140 1691 2197 etiam
1721 2147 1922 2194 vexato
1963 2137 2178 2208 penitus

586 2256 654 2298 ac
699 2240 988 2298 exhausto-
1017 2235 1180 2307 capiti
1221 2241 1437 2306 poterat
1489 2232 1638 2287 illabi
1692 2245 1936 2298 somnus,
1986 2228 2078 2284 ubi
2121 2236 2180 2284 et

587 2331 915 2390 instimulati
943 2329 1252 2386 forinsecus
1275 2327 1432 2382 furor
1455 2323 1644 2396 pueri,
1683 2332 1741 2378 et
1787 2323 1970 2378 omnia
2007 2322 2180 2377 inter-

590 2425 820 2482 turbans
859 2424 1051 2480 aderat
1081 2419 1359 2477 inimicus.
1386 2417 1456 2474 Et
1492 2417 1626 2474 licet
1659 2425 1850 2472 noctes
1881 2416 1961 2471 sic
1987 2415 2056 2470 ab
2087 2412 2178 2469 illa

591 2519 1025 2592 transigerentur
1055 2515 1353 2581 insomnes,
1385 2523 1442 2568 et
1469 2525 1745 2582 nunquam
1790 2519 1971 2564 tamen
2002 2506 2070 2563 ad
2097 2506 2182 2562 di-

587 2608 717 2664 vina
743 2623 865 2678 qua:
903 2613 1065 2661 nocte
1092 2604 1229 2660 ﬁunt
1253 2601 1428 2658 officia
1460 2610 1674 2671 reperta
1703 2608 1787 2656 est
1833 2602 2000 2654 iners.
2034 2595 2182 2664 Quo-

591 2699 742 2754 niam
794 2711 925 2769 ergo
985 2694 1262 2752 molestias
1315 2695 1450 2750 istas
1497 2693 1872 2748 molestiarum
1920 2687 2178 2754 hominis,

590 2807 732 2873 quas
778 2790 832 2846 iu
885 2787 1096 2847 visione
1143 2789 1386 2851 viderat,
1439 2793 1770 2858 cognoverat
1822 2783 2180 2856 purgatriees,

592 2885 831 2941 libenter
861 2883 1148 2946 tolerabat,
1175 2897 1272 2953 per
1299 2882 1465 2952 quod,
1493 2889 1553 2935 ut
1576 2879 1680 2936 sibi
1705 2877 2012 2943 videbatur,
2038 2875 2183 2947 quod

591 2989 652 3036 et
686 2993 872 3036 verum
905 2986 1010 3042 est,
1042 2976 1188 3032 illius
1234 2978 1326 3045 qui
1355 2975 1664 3047 patiebatur
1688 2972 2072 3044 compatiendo
2129 2979 2186 3027 et

591 3071 712 3143 ipsa
758 3068 1036 3143 levigabat
1081 3081 1333 3139 angores.
1382 3065 1671 3137 Nunquam
1721 3074 1902 3120 tamen
1955 3063 2186 3134 proinde

591 3179 826 3238 puerum
877 3164 1042 3220 domo
1099 3161 1372 3228 exclusit,
1434 3175 1712 3232 nunquam
1767 3169 1960 3216 contra
2009 3160 2184 3230 ipsum

594 3259 778 3314 minus
804 3257 1023 3314 curiosa
1071 3255 1311 3322 exstitit;
1365 3254 1476 3308 imo
1520 3263 1672 3309 tanto
1708 3253 1881 3324 magis
1923 3252 2187 3324 quidquid

593 3349 1046 3406 inconvenientia;
1089 3348 1216 3403 inde
1253 3347 1565 3419 emergebat
1593 3346 1782 3420 5.80,
1812 3346 2188 3424 aequanimiter

595 3442 782 3500 subire
823 3441 1060 3514 delegit,
1109 3449 1316 3510 quanto
1352 3441 1420 3494 ad
1472 3440 1526 3496 id
1583 3439 1748 3496 studii
1799 3438 2186 3495 destruendum

597 3533 892 3590 adversum
917 3547 980 3590 se
1001 3533 1244 3588 atrocius
1265 3531 1540 3592 diabolum
1581 3531 1853 3590 exarsisse
1885 3532 2184 3602 persensit;

597 3632 806 3695 quanto
835 3625 984 3679 enim
1015 3621 1194 3692 majus
1224 3622 1396 3693 ipsius
1425 3621 1760 3678 incentivum
1797 3622 1852 3677 in
1879 3621 2188 3678 irritatione

595 3713 813 3784 pueruli
846 3712 1166 3784 contigisset
1193 3711 1456 3783 experiri,
1492 3722 1641 3770 tamo
1671 3711 1979 3770 auditiones
2019 3712 2190 3768 malas

597 3803 745 3876 apud
766 3802 973 3875 iugalis
1003 3803 1089 3860 sui
1119 3803 1358 3860 animam
1385 3803 1698 3862 nullatenus
1733 3805 2022 3860 dubitabat
2057 3813 2190 3860 tein-

598 3910 802 3967 parari.

1189 3989 1417 4049 CAPUT
1456 3991 1597 4048 XIX.

673 4077 982 4138 Guibertum
1010 4081 1079 4136 ad
1103 4082 1387 4153 dignitates
1410 4082 1621 4139 allicere
1649 4091 1914 4138 conantur
1937 4083 2192 4138 amici.—

599 4172 770 4230 Multa
804 4173 946 4242 alia,
980 4173 1212 4231 Domine
1241 4174 1385 4232 Deus
1413 4215 1430 4242 ,
1477 4174 1768 4232 ostendisti
1804 4174 2020 4230 famulae
2052 4187 2188 4243 tute;

597 4276 656 4322 et
689 4266 788 4335 illi,
821 4282 986 4339 quem
1027 4275 1082 4323 tu
1115 4268 1335 4339 proprie
1379 4267 1513 4324 mihi
1552 4268 1909 4339 prastiteras,
1931 4268 2192 4340 magistro

597 4375 756 4428 meo,
786 4361 1036 4432 quaedam
1078 4375 1200 4430 qua:
1227 4357 1508 4429 iactantiae
1533 4358 1942 4417 ascriberentur
1970 4360 2017 4416 si
2057 4360 2193 4416 scri-

597 4453 810 4520 berem,
840 4452 892 4507 in
943 4453 1142 4522 quibus
1190 4451 1347 4508 bona;
1382 4452 1436 4508 id
1467 4453 1582 4522 spei
1610 4452 1886 4520 elucebat,
1931 4468 2054 4524 quae
2091 4453 2193 4510 sub

2260 577 2384 618 men
2440 558 2754 630 attigerint,
2807 556 2933 610 inde
2986 553 3194 623 turpius
3249 551 3469 619 cadunt,
3519 558 3641 625 quod
3682 577 3762 622 non

2261 651 2508 723 atquaiia,
2560 649 2657 706 sed
2687 653 2742 704 in
2793 645 3133 703 mirabilibus
3181 659 3335 711 super
3388 661 3444 701 se
3479 653 3763 711 tentaveriut.

2262 747 2330 802 Et
2375 745 2516 800 inter
2549 742 2909 815 appetendum
2960 748 3111 794 certe
3162 754 3224 794 cr:
3271 747 3535 809 parentum
3580 757 3769 802 nieorum

2267 839 2672 909 procuratione,
2703 833 2891 888 talium
2918 829 3214 887 culminum
3256 831 3672 898 assequendorum
3705 848 3770 888 ru-

2274 930 2519 984 moribus
2586 942 2721 982 mca:
2767 923 2962 996 sacpius
3010 921 3387 993 quatiebantur
3434 937 3609 987 aures;
3659 922 3773 982 multi

2273 1018 2406 1074 mihi
2441 1017 2823 1081 adulahantur,
2855 1031 2920 1070 ac
2952 1015 3182 1069 factiose
3205 1012 3508 1083 qualitatem
3529 1013 3671 1070 animi
3695 1017 3771 1072 mei

2270 1108 2556 1180 explorare
2609 1108 2873 1170 volentes,
2905 1120 3016 1176 quo
3063 1106 3133 1161 ad
3181 1119 3297 1170 eos,
3329 1104 3415 1174 qui
3466 1119 3546 1159 me
3586 1107 3777 1178 nequiter

2269 1205 2689 1270 aemulabantur,
2721 1201 2960 1257 studium
2991 1215 3102 1256 suae
3129 1197 3413 1255 delationis
3432 1197 3693 1269 explerent,
3713 1212 3778 1257 aut

2271 1299 2569 1368 placiturus
2616 1310 2678 1351 se
2703 1309 2769 1349 ex
2803 1293 2909 1348 mei
2947 1291 3174 1348 honoris
3200 1290 3532 1346 aﬂeetatiunc
3570 1301 3778 1361 putantes,

2271 1403 2330 1449 et
2369 1390 2600 1463 quaestui
2647 1403 2746 1444 suo
2773 1392 3057 1443 commoda
3109 1399 3228 1440 mea
3259 1383 3483 1439 valitura
3506 1383 3783 1452 dicentes,et

2273 1484 2397 1540 ideo
2425 1479 2779 1554 proventibus
2819 1479 2957 1534 meis
2991 1491 3207 1548 semper
3235 1475 3454 1532 meliora
3483 1486 3733 1547 captantes.

2346 1575 2748 1631 Ecclesiasticas
2788 1573 3073 1644 dignitates
3101 1571 3314 1642 refugit.
3340 1599 3408 1612 —
3439 1572 3507 1626 At
3549 1585 3652 1640 ego,
3685 1572 3784 1628 sicut

2279 1679 2336 1726 tu
2380 1670 2543 1737 nosti,
2569 1669 2799 1725 Creator
2841 1680 3017 1734 meus,
3054 1677 3145 1722 tuo
3175 1665 3291 1721 solo
3323 1663 3588 1729 instinctu,
3611 1675 3683 1718 tua
3702 1664 3782 1721 sola

2277 1763 2655 1834 inSpiralione,
2691 1762 2760 1816 ad
2792 1761 2895 1816 hoc
2923 1758 3201 1824 convalui,
3235 1769 3296 1812 ut
3339 1771 3498 1828 quam
3529 1771 3624 1827 pne
3645 1756 3714 1826 Π..
3749 1758 3786 1813 iii

2205 1839 2252 1900 Β
2281 1853 2414 1928 prae]
2449 1856 2643 1910 timore
2673 1863 2764 1909 tuo
2793 1867 3120 1924 aspernarer
3171 1850 3242 1906 ab
3287 1849 3500 1904 homine
3533 1857 3700 1919 petere,
3721 1855 3786 1903 aut

2281 1949 2491 2005 homini
2555 1948 2609 2003 id
2666 1947 2800 2002 mihi
2857 1943 3172 2018 procuranti
3224 1941 3546 2012 colloquium
3589 1949 3662 1995 aut
3697 1956 3787 1996 con-

2282 2055 2505 2098 sensum
2545 2039 2812 2112 praebere,
2848 2053 3014 2109 super
3043 2051 3109 2092 eo
3139 2035 3284 2106 quod
3327 2033 3405 2088 tui
3439 2031 3590 2088 solius
3610 2041 3677 2088 est
3703 2047 3787 2086 ruu-

2281 2137 2452 2202 neris,
2487 2137 2694 2190 honore
2737 2132 3132 2188 ecclesiastico.
3175 2130 3246 2185 Et
3281 2129 3412 2195 scis,
3443 2127 3674 2190 Domine,
3699 2128 3785 2196 quia

2279 2245 2445 2300 super
2478 2230 2581 2284 hac
2629 2228 2895 2282 duntaxat
2929 2239 2988 2280 re
3037 2223 3170 2279 nihil
3199 2221 3428 2278 omnino
3483 2219 3588 2274 volo
3623 2230 3695 2272 aut
3720 2218 3788 2273 ali-

2281 2321 2501 2391 quando
2530 2320 2820 2386 voluerim,
2848 2318 2953 2374 nisi
2984 2319 3127 2388 quod
3159 2331 3188 2370 a
3228 2325 3283 2369 te
3319 2324 3412 2368 aut
3445 2313 3672 2382 accipiam
3714 2311 3792 2365 sive

2283 2415 2612 2486 acceperim.
2663 2412 2797 2469 Volo
2827 2412 2973 2468 enim
3022 2419 3082 2464 ut
3106 2418 3161 2464 et
3190 2409 3247 2464 in
3277 2410 3384 2462 hoc
3405 2406 3540 2461 sicut
3577 2404 3686 2458 alias
3715 2403 3792 2472 ipse

2285 2524 2373 2566 me
2415 2507 2642 2571 feceris,
2674 2520 2782 2560 non
2812 2513 2996 2560 autem
3024 2516 3126 2572 ego
3159 2515 3267 2555 me.
3303 2498 3548 2568 Alioquin
3581 2511 3668 2550 non
3704 2492 3796 2549 bene

2283 2603 2564 2659 laetaretur
2588 2598 2760 2656 Israel
2792 2598 2847 2652 in
2869 2612 2934 2653 eo
2960 2597 3050 2666 qui
3077 2595 3208 2650 fecit
3230 2608 3363 2648 cum
3391 2589 3556 2663 (Paul.
3584 2589 3794 2656 crum).

2286 2699 2431 2754 Deus
2471 2710 2624 2751 meus
2651 2734 2666 2760 ,
2703 2701 2838 2763 quot
2877 2688 3342 2752 adversitatibus,
3389 2695 3517 2755 quot
3562 2683 3797 2739 invidentis

2286 2800 2416 2847 tunc
2457 2787 2718 2859 temporis
2761 2783 3144 2858 opprimebar?
3188 2784 3340 2836 unde
3383 2787 3440 2834 et
3485 2777 3668 2831 animus
3695 2787 3798 2830 uicus

2287 2885 2521 2940 latenter
2576 2884 2644 2938 ad
2699 2881 2754 2936 id
2799 2879 2942 2951 quod
2994 2877 3236 2934 exterius
3287 2873 3425 2930 mihi
3475 2871 3799 2944 suggerebatur,

2287 2977 2445 3050 quasi
2491 2976 2558 3032 ad
2608 2974 2925 3032 tentationis
2969 2971 3227 3043 effugium
3258 2967 3562 3032 aestuabat;
3601 2963 3678 3019 sed
3715 2962 3800 3017 licet

2289 3071 2436 3126 intus
2476 3069 2581 3124 ista
2611 3066 2850 3123 ferveret
2886 3063 3134 3128 ambitio,
3177 3075 3460 3132 nunquam
3508 3067 3662 3112 tamen
3687 3061 3800 3110 aestus

2289 3164 2358 3220 ad
2407 3162 2606 3231 lingua:
2663 3161 2952 3215 transitum
3003 3155 3359 3227 praevalebat.
3413 3153 3523 3208 Etsi
3571 3149 3689 3206 enim
3729 3159 3804 3200 tur-

2289 3257 2478 3321 habar,
2505 3270 2612 3311 non
2647 3262 2830 3308 tamen
2860 3253 3141 3322 loquebar.
3167 3249 3245 3304 Tu
3285 3248 3422 3314 scis,
3446 3245 3584 3312 Jesu,
3607 3242 3708 3315 quia
3727 3240 3805 3296 eui-

2291 3351 2416 3407 dam
2443 3348 2571 3404 talia
2601 3345 2952 3418 procuranti,
2983 3353 3036 3399 at
3067 3358 3177 3398 non
3203 3357 3330 3397 tneo
3355 3341 3601 3396 instinctu
3628 3336 3670 3391 id
3695 3348 3806 3406 pera-

2289 3442 2458 3516 genti,
2503 3441 2671 3496 semei
2709 3449 2937 3512 peccato
2998 3435 3373 3509 prmpediente
3419 3429 3737 3489 mandaverint
3769 3435 3808 3480 ut

2290 3535 2436 3604 quod
2484 3534 2684 3604 agebat
2733 3533 2898 3586 citius
2937 3537 3144 3601 ageret.
3173 3526 3253 3582 Tu
3288 3527 3420 3593 scis,
3450 3526 3664 3596 inquam,
3695 3531 3836 3612 quam.

2289 3639 2436 3695 aegre
2475 3625 2527 3678 id
2577 3623 2781 3679 dixisse
2819 3637 2907 3678 ine
2958 3621 3198 3676 tulerim.
3256 3618 3379 3676 Etsi
3426 3619 3564 3674 enim
3606 3613 3809 3669 multoties

2294 3717 2502 3773 nefarie
2531 3717 2668 3772 alias
2693 3715 2802 3770 labi
2841 3714 3160 3787 protulerint
3192 3711 3284 3786 [f.,
3322 3707 3630 3785 potuerim],
3658 3710 3809 3776 emptor

2283 3820 2498 3875 tamen,
2549 3808 2659 3864 imo
2687 3808 2935 3878 proditor
2984 3806 3368 3863 columbarum
3413 3815 3617 3874 semper
3639 3812 3733 3855 esse
3763 3795 3811 3851 ti-

2289 3903 2546 3956 muerim.
2577 3899 2646 3954 Et
2680 3911 2829 3956 certe
2859 3915 2983 3956 eum
3017 3914 3125 3956 una
3155 3900 3229 3956 sit
3257 3899 3534 3964 columba,
3566 3894 3688 3966 apud
3710 3891 3810 3962 ipsos

2291 3995 2458 4048 etiam
2491 3991 2766 4049 cathedra:
2796 4001 2926 4049 sunt
2953 4008 3063 4048 non
3101 3991 3392 4048 cathedra.
3431 3988 3679 4060 Quidquid
3713 3983 3812 4040 enim

2293 4084 2348 4140 in
2378 4085 2491 4139 Deo
2518 4095 2574 4140 et
2603 4084 2852 4140 Ecclesia
2884 4085 3164 4153 dividitur,
3197 4099 3307 4141 non
3343 4095 3427 4140 est
3451 4082 3675 4154 profecto
3699 4093 3720 4131 a
3741 4090 3814 4145 quo

2291 4177 2348 4234 in
2379 4192 2446 4232 eo
2483 4177 2707 4246 patitur,
2741 4196 2760 4230 ι
2796 4177 2866 4234 Ut
2904 4179 3038 4244 sint,
3087 4179 3284 4250 inquit,
3331 4193 3501 4235 unum
3540 4177 3665 4234 sicut
3687 4180 3730 4229 et
3750 4183 3816 4225 nos

2295 4283 2460 4323 unum
2507 4285 2697 4326 suu‘ius
2749 4269 2936 4342 (Joan.
2970 4285 3103 4337 xvrt,
3137 4270 3265 4342 12);
3307 4289 3327 4324 ι
3373 4279 3474 4326 et:
3522 4287 3540 4322 ι
3572 4267 3687 4324 Cum
3723 4261 3816 4317 divi-

2293 4362 2481 4417 siones
2533 4353 2833 4432 gratiarum
2881 4362 3031 4428 sint,
3075 4363 3218 4417 idem
3273 4371 3458 4418 tamen
3519 4368 3599 4417 est
3635 4355 3815 4428 spiritus,

2295 4451 2542 4509 dividens
2570 4453 2798 4524 singulis
2825 4464 2987 4526 prout
3031 4453 3148 4508 vult
3177 4452 3229 4524 (I
3257 4452 3386 4509 Cor.
3417 4469 3514 4518 κη,
3542 4451 3594 4519 4,
3615 4449 3718 4520 ii),
3746 4450 3818 4498 te!

599 4545 1070 4618 indulgentissima
1120 4544 1294 4602 Matre
1325 4553 1416 4600 tua
1455 4545 1510 4600 in
1539 4559 1703 4616 quam
1749 4546 2026 4618 proiectus
2069 4563 2188 4604 sum
2217 4559 2269 4621 ι)
2293 4547 2577 4616 sequentia
2603 4565 2616 4602 :
2638 4567 2656 4600 ι
2678 4547 2931 4604 Thronus
2953 4548 3284 4613 etiannDei,»
3321 4563 3432 4605 non
3457 4546 3627 4602 throni
3655 4561 3672 4596 ι
3694 4542 3819 4597 inse-

598 4651 668 4692 εχ
695 4645 874 4703 utero,
900 4636 1029 4694 Jesu
1055 4637 1247 4704 dulcis,
1283 4637 1554 4708 hodieque
1583 4637 1901 4708 praestolor;
1941 4640 2194 4710 quaedam

553 4729 566 4744 ⁵
601 4741 725 4780 cum
755 4741 894 4796 pene
918 4729 1097 4784 adhuc
1126 4743 1513 4812 puerascerem
1542 4730 1624 4787 eis
1647 4741 1892 4799 ostensa,
1934 4748 2057 4803 quae
2085 4736 2192 4791 mi-

601 4817 849 4874 rabiliter
886 4834 1004 4874 aevo
1038 4835 1150 4890 jam
1200 4828 1604 4877 maturescente
1643 4836 1922 4893 experior.
1953 4823 2192 4882 Tandem

601 4910 963 4982 cupiditatum
995 4927 1242 4968 mearum
1268 4913 1456 4971 fervor
1477 4914 1794 4982 excanduit,
1821 4926 1876 4972 et
1895 4918 2192 4976 secundum

602 5002 750 5072 quod
795 5001 1040 5060 fomitem
1089 5003 1462 5077 cujuscunque
1507 5007 1806 5065 scientiola:
1833 5012 2041 5082 pectori
2073 5028 2194 5071 meo

603 5093 936 5162 inserueras,
972 5104 1028 5151 et
1053 5111 1340 5166 personam
1374 5100 1443 5154 ad
1473 5103 1731 5160 saeculum
1773 5101 2023 5160 idoneam
2059 5105 2198 5162 satis

604 5204 731 5246 cum
778 5190 1042 5247 natalium
1077 5191 1221 5249 bona
1259 5192 1640 5252 mediocritate
1681 5197 2011 5266 contuleras,
2055 5198 2215 5257 male"

603 5283 740 5338 mihi
770 5285 840 5340 ab
869 5285 1054 5341 animo
1102 5301 1224 5340 meo
1249 5327 1262 5349 ,
1307 5297 1364 5342 et
1396 5287 1465 5344 ab
1497 5288 1619 5346 aliis
1660 5291 1988 5347 necessariis
2036 5295 2194 5361 meis,

603 5377 904 5432 secundum
934 5376 1036 5432 hoc
1070 5386 1254 5434 tamen
1280 5397 1388 5436 non
1423 5382 1598 5446 bonis,
1631 5385 2042 5454 suggerebatur,
2068 5401 2199 5442 con-

607 5465 834 5523 veniens
864 5467 980 5526 lore
1009 5479 1068 5525 ut
1099 5471 1154 5526 in
1196 5471 1302 5528 hoc
1334 5473 1537 5530 mundo
1559 5473 1782 5532 honoris
1813 5476 2042 5547 alicujus
2073 5493 2201 5549 pro-

608 5558 856 5618 vectione
895 5563 1239 5634 proﬁcerem.
1279 5563 1389 5621 Sed
1418 5581 1715 5638 cognosco,
1760 5567 2022 5634 Domine,
2067 5570 2196 5642 quia

545 5693 552 5712 ε
609 5648 661 5705 in
709 5649 830 5722 lege
881 5661 972 5709 tua
1032 5656 1392 5723 prohibucras
1439 5675 1538 5730 per
1587 5661 1790 5732 gradus
1840 5665 2063 5721 escendi
2127 5667 2198 5723 ad

607 5742 780 5802 altare
812 5752 993 5812 tuum;
1029 5747 1111 5804 sic
1131 5749 1276 5805 enim
1301 5753 1456 5816 sacri
1484 5753 1788 5826 cujuspiam
1827 5756 1984 5815 ducis
2021 5759 2197 5832 turpi-

611 5835 854 5894 tudinem
914 5839 1141 5896 revelari
1197 5856 1356 5912 posse
1408 5844 1692 5904 docueras.
1739 5847 1843 5916 Qui
1893 5849 2038 5908 enim
2097 5865 2198 5925 per

2299 4640 2480 4696 culum
2513 4641 2695 4696 saeculi
2727 4640 2914 4711 (Hebr.
2941 4656 2982 4708 ι,
3012 4643 3089 4714 8).
3125 4661 3143 4694 ›
3171 4642 3238 4696 Ει
3271 4657 3287 4696 :
3328 4661 3347 4694 ι
3379 4641 3456 4696 De
3475 4640 3639 4694 fructu
3662 4629 3817 4689 ventris

2297 4736 2373 4788 ttti
2401 4749 2599 4804 ponam
2628 4750 2792 4805 super
2820 4736 3006 4790 sedem
3042 4745 3185 4790 tuam
3211 4734 3386 4806 (Psal.
3426 4749 3610 4798 cxxxt,
3639 4728 3820 4795 “pici.

2295 4825 2507 4899 11,30).
2549 4846 2567 4879 ι
2615 4835 2747 4894 Quae
2793 4841 2926 4897 ergo
2954 4843 3061 4882 una
3090 4833 3218 4883 sunt
3245 4828 3389 4898 apud
3423 4827 3612 4890 Deum,
3649 4835 3730 4894 per
3751 4819 3820 4873 lm-

2296 4933 2473 4975 manae
2501 4919 2881 4988 perversitatis
2912 4919 3051 4973 fiunt
3078 4919 3290 4974 diversa
3321 4918 3674 4990 propositum.

2370 5007 2498 5064 Haec
2527 5023 2722 5079 nempe
2748 5008 3133 5075 considerans,
3169 5024 3270 5065 nec
3302 5010 3504 5080 capitis
3539 5000 3824 5076 corporisun

2297 5103 2564 5158 unitatem
2597 5103 2871 5174 ignorans,
2907 5101 3044 5156 nihil
3079 5101 3219 5157 volui
3250 5115 3520 5172 usurpare
3547 5101 3598 5155 in
3634 5104 3824 5166 corpore.

2298 5196 2426 5268 quia
2455 5196 2718 5267 quidquid
2748 5196 2966 5251 aliunde
3003 5210 3062 5252 se
3086 5198 3331 5263 intrudit,
3360 5209 3687 5266 nequaquam
3708 5183 3824 5258 capiti

2299 5287 2546 5360 profecto
2570 5289 2866 5354 consensit,
2898 5298 2953 5342 et
2977 5288 3122 5358 quod
3150 5297 3310 5360 caput
3334 5289 3575 5359 ignorat,
3606 5283 3728 5358 qmnl
3751 5289 3824 5332 non

2301 5393 2588 5440 censeatur
2624 5389 2678 5438 in
2726 5398 2978 5454 corpore,
3029 5381 3161 5438 nulli
3219 5382 3444 5438 dubium
3496 5391 3709 5436 constat.
3754 5368 3826 5439 ρυῑ

2300 5479 2448 5534 enim
2485 5476 2683 5533 dicturi
2718 5486 2846 5534 sunt
2877 5496 2888 5531 :
2923 5497 2940 5530 ι
2979 5476 3169 5534 Nonne
3195 5479 3250 5532 in
3286 5479 3511 5534 nomine
3537 5488 3623 5532 tuo
3644 5467 3825 5545 prophe-

2301 5570 2552 5637 tavimus,
2607 5578 2663 5626 et
2691 5571 2953 5627 daemonia
2979 5569 3303 5640 eiecimus!»
3339 5569 3562 5641 (Matth.
3605 5581 3670 5622 vn
3697 5604 3710 5630 ,
3745 5555 3826 5626 ‘33-)

2299 5667 2558 5738 apostasii
2601 5666 2812 5736 utique,
2853 5673 2913 5720 ut
2949 5665 3029 5720 sic
3056 5665 3305 5730 dixerim,
3339 5679 3450 5720 non
3487 5655 3825 5736 commembres

2300 5765 2455 5824 sunt,
2487 5766 2543 5813 et
2573 5755 2696 5814 ideo
2729 5773 2750 5808 ι
2782 5754 2976 5815 Nescio
3017 5771 3113 5814 vos
3147 5777 3167 5811 ι
3203 5755 3430 5812 audiunt
3459 5751 3644 5828 (Ibid,
3667 5749 3760 5817 23),
3783 5755 3826 5796 ac

2301 5850 2350 5910 si
2376 5851 2583 5912 diceret
2616 5869 2630 5910 :
2661 5851 2778 5910 Non
2803 5867 2896 5913 eos
2922 5853 2976 5912 in
3003 5867 3127 5914 meo
3151 5851 3354 5936 sentio,
3391 5851 3525 5924 quia
3551 5863 3617 5908 ex
3653 5858 3730 5908 me
3750 5849 3826 5901 uolt
3918 5881 3919 5892 η
