3980 6324
262 232 371 295 881

1363 236 1452 294 DE
1480 235 1641 295 VlTA
1677 234 1813 295 SUA
1850 234 2030 295 LIBRI
2069 236 2274 297 TRES.
2303 267 2373 282 -ι
2410 236 2538 295 LIB.
2574 238 2621 296 ‘l.

3440 249 3550 311 882

262 326 482 416 vivunt.
516 355 756 413 Levabat
782 355 947 428 igitur
974 352 1253 411 fastidium
1303 369 1428 426 spes
1473 352 1723 426 quamvis
1758 350 1856 407 fri-
1890 364 1933 424 Α
1962 352 2232 424 cognitor,
2289 354 2417 424 quia
2477 353 2583 409 tale
2635 352 2765 426 quid
2823 354 3128 414 nullatenus
3190 356 3543 433 ati‘ectabam,
3588 402 3589 405 η

263 449 391 508 vola
418 466 624 518 meum,
678 459 732 503 et
767 450 987 503 orabam
1039 456 1108 514 te,
1152 447 1312 509 Deus,
1364 457 1422 502 ut
1470 448 1516 503 si
1548 447 1764 518 quando
1803 444 1857 499 id

264 546 415 617 quod
440 546 508 600 de
530 558 617 597 me
641 543 977 598 tractabatur
998 540 1175 608 ﬁeret,
1203 549 1256 597 te
1277 540 1613 597 solummodo
1636 547 1859 593 auctore

264 636 654 706 contingeret,
695 644 752 689 et
796 634 1031 688 tradebat
1076 647 1163 688 me
1195 632 1341 703 quod
1389 648 1484 703 per
1518 631 1654 687 alios
1680 630 1861 686 audie-

262 728 419 796 bam,
447 744 478 782 a
527 727 666 781 meis
691 724 824 781 mihi
878 724 1197 796 parentibus
1234 726 1335 778 ista
1379 723 1572 793 quaeri,
1617 731 1674 778 et
1725 721 1859 777 alios

262 836 409 895 pura
454 820 549 876 Dei
592 817 877 875 efﬁcientia
909 856 925 883 ,
974 815 1123 870 nullo
1188 813 1484 869 carnaliter
1526 820 1857 884 procurante

262 914 417 986 eligi.
456 911 668 969 Etenim
702 910 804 982 ipsi
832 916 1087 981 parentes
1118 922 1226 962 non
1255 916 1364 963 tam
1397 906 1531 961 mihi
1560 921 1723 976 quam
1752 903 1856 960 sibi

262 1010 319 1065 in
377 1006 683 1080 huiusmodi
735 1021 865 1061 cura
914 1003 1288 1074 providentes,
1339 1015 1549 1057 mecum
1589 1000 1858 1055 ullatenus

260 1118 433 1174 super
467 1102 572 1158 isto
600 1098 818 1171 negotio
854 1113 958 1153 non
1002 1096 1233 1166 agebant
1258 1134 1271 1156 ,
1309 1107 1414 1148 non
1463 1092 1621 1162 plane
1643 1090 1857 1161 juveni-

259 1191 374 1248 lem
425 1192 664 1247 animum
705 1202 883 1259 super
920 1190 1023 1243 hac
1054 1202 1113 1242 re
1154 1185 1370 1241 irritare
1400 1184 1671 1239 volebant.
1705 1181 1848 1238 Tan-

259 1285 390 1341 dem
440 1284 550 1339 Deo
597 1298 683 1337 me
731 1282 934 1337 diutius
972 1280 1187 1335 volente
1224 1277 1320 1350 [[2,
1362 1275 1597 1349 nolente]
1651 1276 1850 1344 deludi,

258 1377 709 1451 procuratoribus
748 1376 884 1430 meis
930 1373 1255 1445 inspiravit,
1310 1381 1372 1426 ut
1405 1387 1505 1442 pro
1560 1372 1676 1427 suis
1733 1373 1855 1426 ani-

261 1472 464 1527 mabus
506 1469 782 1524 salvandis
829 1466 964 1522 alias
1017 1466 1465 1537 commigrarent.
1495 1474 1551 1521 et
1587 1480 1849 1537 quarum-

259 1564 388 1618 dam
419 1562 760 1617 abbatiarum
803 1558 1114 1624 monachis,
1163 1557 1255 1627 qui
1298 1556 1500 1613 eisdem
1530 1573 1691 1628 super
1733 1572 1853 1613 mea

258 1653 533 1711 electione
564 1653 932 1709 innitebantur
954 1692 969 1718 ,
1002 1666 1227 1708 necesse
1261 1650 1370 1706 fuit
1398 1659 1459 1706 ut
1489 1650 1747 1707 aliorsum
1774 1650 1853 1705 di-

255 1754 557 1804 verterent.

334 1840 501 1903 Deus,
525 1839 618 1894 tibi
649 1838 869 1910 gratias,
901 1837 1026 1908 quia
1055 1846 1184 1893 tunc
1213 1838 1443 1894 intentio
1475 1836 1540 1892 ad
1577 1836 1849 1909 integrum

256 1931 488 2004 puerilis
525 1931 816 1995 emarcuit,
864 1943 966 1984 nec
1008 1929 1074 1983 ad
1119 1929 1353 1997 aliquant
1404 1938 1675 1984 terrenam
1713 1928 1852 1984 ulte-

257 2023 379 2079 rius
408 2022 724 2093 dignitatem
753 2020 1030 2091 suspirare
1052 2020 1313 2075 collibuit.
1349 2018 1660 2090 Flagellasti
1691 2034 1850 2074 nam-

257 2130 368 2186 que
404 2131 491 2171 me
532 2114 585 2169 in
618 2124 861 2185 tempore
890 2113 1051 2187 481
1091 2113 1203 2177 illo,
1244 2113 1425 2180 Pater,
1472 2122 1527 2169 et
1572 2122 1852 2170 corrector

257 2207 617 2279 cupiditatum
669 2215 724 2263 et
764 2207 1045 2262 levitatum
1096 2223 1340 2264 mearum
1378 2208 1544 2272 Deus,
1586 2207 1846 2274 aﬂlixisli,

258 2310 317 2356 et
344 2316 433 2356 me
461 2303 527 2356 ad
562 2300 928 2372 cognitionem
957 2302 1246 2373 redegisti,
1282 2302 1354 2357 ita
1393 2312 1453 2356 ut
1479 2317 1564 2357 me
1595 2302 1734 2357 intra
1763 2318 1851 2357 me

258 2395 705 2467 constringeres,
762 2410 1024 2467 mensque
1078 2397 1344 2452 hactenus
1390 2411 1528 2467 vaga
1579 2412 1849 2466 nusquam

256 2495 524 2560 evolaret,
556 2494 651 2549 sed
679 2493 746 2548 ad
786 2494 955 2549 solam
994 2493 1355 2549 humilitatem
1415 2502 1469 2548 et
1504 2493 1850 2563 cogitationis

256 2586 633 2644 sinceritatem
680 2585 992 2641 medullitus
1049 2586 1336 2655 aspiraret.
1393 2581 1680 2653 Coeperam
1734 2584 1847 2653 jam

256 2689 390 2736 tunc
419 2680 677 2751 primum,
712 2679 958 2743 Domine,
988 2678 1247 2748 experiri,
1271 2686 1323 2731 et
1374 2677 1445 2731 ad
1485 2675 1683 2731 bonam
1720 2675 1850 2732 soli-

256 2773 505 2827 tudinem
561 2772 782 2835 mentis,
850 2770 903 2824 in
952 2785 1057 2841 qua
1104 2769 1413 2825 conversari
1464 2780 1519 2824 tu
1554 2769 1720 2833 soles,
1763 2783 1850 2825 me

255 2866 587 2920 contrahere
622 2864 688 2920 ad
729 2862 955 2917 Matrem
989 2862 1230 2918 caeli-stis
1276 2862 1507 2933 imperii,
1561 2861 1658 2917 Dei
1697 2861 1851 2931 geni-

257 2955 456 3009 tricem
493 2953 739 3021 Mariam,
765 2953 985 3007 unicum
1020 2967 1200 3007 meum
1250 2951 1304 3006 in
1340 2951 1485 3006 oumi
1522 2952 1847 3007 necessitate

253 3061 566 3112 recursum,
623 3046 788 3101 totius
826 3045 874 3099 ei
932 3044 1131 3099 interni
1171 3043 1402 3099 fervoris
1448 3043 1652 3098 librare
1698 3058 1849 3099 com-

253 3140 501 3212 plcxum.
558 3138 877 3195 Delectabar
907 3153 1037 3210 ergo
1067 3136 1519 3193 affectuosissime
1562 3151 1685 3192 esse
1726 3150 1849 3191 mo-
1875 3106 1920 3167 Ο

256 3234 446 3299 dicus,
486 3232 774 3288 horrebam
821 3234 1038 3302 penitus
1079 3239 1135 3285 et
1173 3230 1401 3300 gradum
1446 3228 1746 3299 potiorem,
1794 3237 1850 3284 et

254 3324 444 3395 magni
506 3322 740 3379 nominis
781 3322 1032 3376 umbram
1071 3324 1125 3376 in
1175 3320 1394 3375 mundo.
1430 3319 1568 3374 Tum
1610 3319 1848 3389 primum

208 3420 215 3425 “
254 3416 452 3473 intimo
477 3416 566 3471 illo
589 3428 784 3486 sapore
816 3415 1053 3471 addidici
1077 3414 1125 3470 ei
1159 3414 1288 3485 quid
1321 3411 1622 3469 voluntatis
1645 3411 1845 3479 unitas,

255 3506 393 3579 quid
431 3504 673 3574 ejusdem
715 3505 949 3575 purilas,
987 3504 1115 3575 quid
1158 3503 1324 3559 fuerit
1357 3500 1605 3559 irreﬂexa
1655 3518 1848 3573 perpe-

257 3605 365 3653 tuae
409 3598 744 3669 paupertatis
796 3596 1043 3651 intentio.
1103 3594 1244 3664 Quid
1300 3595 1521 3659 dicam,
1588 3594 1845 3659 Domine,

254 3705 423 3763 quam
453 3700 868 3746 momentaneus
898 3691 1003 3745 iste
1030 3689 1319 3759 paradisus
1342 3687 1634 3751 exstiterit,
1680 3702 1845 3757 quam

251 3799 426 3857 parva
473 3786 627 3855 quies
650 3825 666 3851 ,
700 3799 865 3856 quam
896 3783 1079 3840 brevis
1106 3792 1162 3839 et
1188 3783 1257 3839 ad
1287 3782 1511 3840 dubium
1543 3788 1707 3838 tanta:
1728 3780 1847 3837 dul-

252 3879 464 3936 cedinis
489 3877 728 3935 sensus?

330 3971 539 4027 Inritus
585 3973 747 4027 abbas
786 3969 1066 4041 Nonigenti
1121 3969 1350 4040 eligitur.
1395 3999 1465 4010 ——
1508 3968 1611 4025 Vix
1660 3968 1847 4040 paucis

248 4067 537 4123 mensibus
588 4064 714 4120 talia
756 4052 1247 4135 prtegttstaverani,
1302 4063 1392 4118 vix
1442 4061 1677 4134 Spiritus
1726 4070 1848 4117 tuus

250 4158 453 4223 bonus,
497 4158 589 4227 qui
625 4157 678 4211 in
721 4166 923 4211 terram
967 4171 1055 4211 me
1094 4163 1300 4211 rectam
1345 4155 1643 4211 deduxerat
1669 4151 1844 4224 (Psal.

250 4266 428 4318 cun,
453 4251 564 4322 12),
598 4250 991 4320 aliquantisper
1029 4247 1344 4305 illuminatze
1390 4249 1589 4304 rationi
1638 4248 1845 4304 insede-

251 4354 363 4412 rat,
413 4359 533 4401 cmn
572 4357 701 4399 ecce
748 4342 907 4414 quasi
948 4342 1201 4398 diceres:
1232 4340 1368 4397 Cum
1406 4341 1649 4403 voluisti,
1680 4339 1845 4406 volui,

240 4444 370 4492 ‘non
418 4436 503 4491 vis
552 4434 714 4490 modo
759 4444 811 4489 ct
863 4434 960 4488 tibi
1011 4433 1284 4504 diSplicet,
1342 4431 1475 4489 velis
1516 4432 1674 4497 nolis,
1710 4431 1847 4489 habe
1876 4461 1925 4522 ι)

246 4524 420 4591 illud;
482 4526 842 4596 quorumdam
901 4535 1234 4579 remotorum
1300 4532 1356 4580 et
1409 4524 1540 4580 mihi
1602 4524 1845 4580 funditus

253 4619 566 4689 ignotorum
613 4616 836 4672 emersit
885 4615 1099 4671 electio.
1152 4615 1259 4671 Sed
1322 4632 1571 4687 quaenam
1622 4617 1846 4675 electio?

253 4712 403 4769 Vere
450 4727 533 4768 me
584 4712 759 4768 fatear
805 4714 1103 4784 egregium,
1155 4729 1277 4768 cum
1330 4713 1474 4768 inter
1512 4728 1703 4769 omnes
1754 4714 1846 4784 qui

252 4805 394 4861 mihi
458 4804 910 4868 obversabantur,
982 4803 1270 4871 sordidior,
1338 4804 1447 4859 imo
1515 4805 1843 4870 teterrimus,

254 4897 436 4964 Dl-us,
466 4898 566 4953 sub
601 4906 696 4951 tuo
727 4897 1039 4953 testimonio
1063 4896 1362 4967 judicarer.
1391 4896 1696 4954 Pauearutn
1740 4899 1845 4970 igi-

256 5001 353 5047 tur
379 5005 515 5062 quas
544 4990 832 5062 attigeram
862 4991 1191 5058 litterarum,
1221 5000 1278 5046 et
1303 4991 1571 5055 docentis,
1601 5002 1661 5048 nt
1697 4992 1846 5049 dice-

255 5093 443 5157 batur,
502 5092 743 5146 exterius
802 5090 963 5145 litura
1023 5104 1297 5160 persona),
1367 5088 1635 5145 electores
1697 5105 1848 5146 meos

255 5181 520 5239 eﬂ’ecerat
562 5183 914 5240 caecutientes
964 5189 1017 5236 ct
1063 5179 1257 5251 lippos.
1311 5182 1454 5237 Deus
1503 5182 1675 5248 bone,
1718 5183 1847 5252 quid

256 5277 506 5334 dicerent
534 5276 581 5331 si
628 5289 745 5331 mea
785 5284 910 5329 tunc
944 5274 1204 5329 interiora
1230 5274 1514 5329 viderent?
1540 5275 1677 5342 Quid
1708 5290 1844 5344 quo-

232 5386 369 5441 que
399 5370 687 5437 sentirent,
732 5368 776 5421 si
822 5366 1000 5439 qualis
1033 5365 1195 5421 modo
1227 5367 1306 5422 eis
1331 5368 1547 5437 praesim
1587 5383 1847 5439 agnosce-

254 5464 419 5523 rent?
446 5462 527 5520 Tu
557 5462 684 5528 scis,
722 5462 833 5533 qui,
869 5476 975 5530 quo
1015 5460 1199 5516 nescio
1221 5458 1449 5531 judicio,
1488 5460 1541 5516 id
1563 5462 1847 5529 ordinasti,

253 5566 525 5633 quantum
577 5557 710 5612 mihi
770 5556 1042 5623 indigner,
1095 5562 1355 5625 quantum
1406 5556 1657 5611 horreant
1708 5557 1849 5625 quod

254 5650 581 5709 melioribus
621 5663 685 5704 ac
725 5647 1130 5703 honestior-ibus
1160 5662 1247 5701 me
1278 5656 1604 5718 praepostere
1631 5649 1851 5703 omnino

250 5745 621 5822 pt‘:csidea1n;
675 5742 781 5799 scis
837 5740 1019 5808 enim,
1074 5738 1318 5797 cordium
1368 5756 1668 5812 remittique
1715 5755 1852 5811 prm-

1961 448 2143 518 respni
2176 456 2378 513 tamen,
2425 457 2520 504 aut
2563 450 2844 520 reprobari
2887 448 3032 508 ftede
3069 450 3338 522 nolebam,
3386 465 3549 528 teque

1960 541 2386 611 prmeordialiter
2417 546 2711 600 exorabam
2767 553 2829 601 ut
2871 546 2952 603 sic
2996 546 3251 602 immunis
3294 564 3326 603 a
3364 557 3548 621 empto

1962 634 2171 701 ﬁerem,
2215 645 2483 706 quatenus
2526 646 2583 693 et
2610 640 2928 707 verendum,
2967 647 3023 698 et
3069 641 3213 713 quod
3258 640 3548 698 immodice

1960 728 2408 796 extimescebam,
2441 745 2582 787 onus
2610 746 2718 789 non
2753 733 3012 797 subirem,
3072 748 3175 791 nec
3218 742 3406 808 utpote
3438 735 3544 792 fra-

1959 819 2083 891 gilis
2105 834 2175 875 ex
2203 821 2311 876 mei
2345 820 2673 880 refutatione
2700 824 3010 882 deficerem.
3276 818 3279 827 ’

2031 910 2108 966 De
2153 910 2252 979 [iiii
2296 910 2545 968 electione
2590 913 2729 969 dolet
2771 924 2958 971 mater.
2996 946 3068 959 —
3104 916 3224 975 Non
3274 926 3328 976 te
3359 917 3543 986 latuit,

1959 1007 2103 1065 Deus
2131 1023 2307 1073 meus,
2337 1023 2502 1078 quam
2551 1011 2707 1077 dure,
2755 1024 2917 1079 quam
2962 1027 3105 1081 aegre
3155 1012 3341 1070 tulerit
3366 1023 3544 1071 mater

1958 1113 2079 1153 mea
2126 1096 2440 1154 dilationem
2486 1096 2878 1171 [electionem],
2922 1115 3043 1170 quae
3090 1100 3211 1158 aliis
3256 1103 3543 1161 videbatur

1957 1191 2203 1259 honoris,
2232 1191 2338 1248 sibi
2374 1198 2555 1248 autem
2603 1190 2928 1248 intolerandi
2960 1194 3232 1260 maeroris,
3271 1209 3371 1252 nec
3409 1198 3542 1254 mihi

1956 1284 2230 1356 quidpiam
2266 1284 2372 1340 tale
2410 1284 2703 1353 contigisse
2742 1283 2987 1347 volebat,
3020 1285 3074 1340 in
3105 1300 3212 1356 quo
3239 1286 3543 1357 periculum

1956 1377 2133 1433 aetatis
2160 1378 2338 1433 adhuc
2364 1378 2558 1434 nesciae
2583 1378 2879 1443 metuebat,
2909 1379 3213 1449 prtesertim
3242 1394 3367 1435 cum
3393 1380 3546 1451 igna-

1955 1485 2049 1526 rus
2081 1485 2264 1526 rerum
2298 1470 2596 1526 forensium
2626 1471 2841 1542 penitus
2863 1486 3062 1539 essem,
3095 1471 3353 1528 nimirum
3381 1488 3543 1544 quas,

1956 1563 2086 1618 solis
2114 1563 2313 1620 litteris
2340 1563 2614 1635 quondam
2635 1563 2899 1631 intentus,
2920 1565 3232 1622 nullatenus
3260 1566 3545 1623 addiscere

1956 1656 2312 1713 curavissem.
2356 1656 2440 1713 Ab
2476 1657 2591 1728 ipsa
2620 1666 2829 1723 tamen,
2872 1666 2927 1714 et
2972 1660 3042 1716 ab
3088 1659 3341 1715 omnibus
3402 1674 3546 1731 pene

1886 1746 1930 1800 B
1956 1751 2047 1819 qui
2078 1749 2425 1806 familiariter
2461 1764 2547 1805 me
2584 1758 2872 1817 noverant,
2905 1750 3038 1808 mihi
3074 1751 3322 1810 crebrius
3350 1751 3541 1809 incan-

1955 1840 2193 1909 labatur,
2243 1855 2352 1896 non
2395 1841 2485 1895 diu
2533 1856 2621 1896 me
2652 1840 3020 1911 qualicunque
3080 1841 3423 1912 promotione
3451 1857 3545 1898 ca-

1954 1933 2213 1987 riturum.
2242 1930 2324 1986 Tu
2375 1931 2566 1997 etiam,
2621 1931 2882 1997 Domine,
2938 1931 3082 1989 nosti
3138 1947 3247 2002 quo
3297 1931 3545 1990 interiori

1952 2023 2111 2080 oculo
2155 2032 2211 2079 et
2237 2024 2378 2082 bona
2406 2034 2462 2081 et
2488 2024 2650 2090 mala,
2686 2026 2731 2083 si
2761 2026 2971 2098 uspiam
3001 2040 3375 2098 promoverer,
3409 2028 3546 2084 mihi

1952 2123 2213 2171 eventura
2260 2115 2603 2187 loquebatur,
2649 2132 2769 2188 quae
2814 2118 3082 2191 hodieque
3121 2119 3394 2190 experior,
3439 2134 3547 2177 nec

1952 2222 2061 2274 me,
2087 2224 2189 2265 nec
2218 2208 2354 2266 alios
2378 2209 2570 2267 latent.
2604 2210 2919 2268 Visionibus
2954 2227 3174 2284 quoque
3199 2215 3543 2284 quampluri-

1952 2302 2081 2367 mis,
2118 2303 2220 2359 sub
2257 2319 2376 2359 mea
2400 2313 2455 2359 et
2488 2303 2722 2360 aliorum
2762 2306 2967 2376 specie,
3007 2305 3184 2379 longis
3213 2315 3335 2377 post
3361 2304 3544 2363 futura

1955 2395 2288 2465 temporibus
2317 2396 2679 2468 praevidebat;
2705 2413 2935 2469 quorum
2967 2398 3147 2471 aliqua
3180 2398 3402 2457 indubie
3422 2400 3545 2457 fieri

1954 2488 2316 2558 contemplor,
2358 2500 2416 2545 et
2458 2488 2627 2557 facta,
2674 2506 2772 2547 nec
2815 2492 2996 2550 minus
3040 2492 3256 2549 residua
3290 2494 3545 2566 quiedam

1955 2578 2134 2634 fieuda
2174 2581 2485 2649 priestolor,
2525 2584 2724 2653 quibus
2768 2591 2948 2640 tamen
2998 2587 3304 2643 attexendis
3350 2602 3544 2659 super-

1950 2670 2248 2726 sedendum
2277 2687 2344 2727 ex
2374 2674 2641 2730 industria
2675 2692 2818 2731 reor.

2021 2759 2186 2828 Deus,
2231 2764 2430 2832 quibus
2481 2764 2568 2820 illa
2623 2768 2844 2822 monitis
2894 2768 3220 2840 cupiditates
3268 2785 3298 2826 a
3360 2778 3544 2829 mente

1949 2866 2141 2909 arcere
2179 2857 2476 2914 monebat!
2506 2859 2897 2916 adversitatum
2944 2860 3243 2919 infortunia
3286 2877 3406 2934 qua:
3439 2878 3543 2920 ex-

1948 2958 2135 3017 pertus
2179 2963 2298 3005 sum
2344 2950 2650 3006 certissime
2680 2951 2941 3022 pollicens
2975 2950 3276 3010 :lubricam
3322 2969 3544 3025 semper

1898 3104 1918 3125 Ἰ
1951 3039 2228 3109 suspirare
2252 3051 2531 3112 juventam
2554 3059 2682 3114 ;per
2697 3047 2877 3100 varios
2902 3047 3544 3118 cogitationumambitus

1952 3133 2164 3190 animos
2193 3133 2410 3192 frenare
2433 3146 2695 3207 vagantes
2720 3155 2735 3193 :
2767 3152 2826 3194 ut
2853 3154 2975 3195 eam
3015 3138 3086 3196 de
3132 3139 3330 3197 talibus
3356 3141 3544 3212 dispuv

1953 3235 2156 3283 tantem
2192 3243 2297 3285 non
2345 3229 2709 3300 illitteratam,
2756 3235 2900 3302 quod
2946 3243 3098 3300 erat,
3140 3234 3419 3299 feminam,
3443 3236 3543 3293 sed

1951 3321 2373 3379 disertissimum
2422 3326 2736 3397 episcOpum
2782 3327 3104 3384 aestimares.
3150 3327 3541 3387 Monasterinm

1950 3426 2168 3486 autem,
2214 3418 2280 3472 ad
2328 3416 2485 3488 cujus
2540 3420 2782 3488 regimen
2853 3420 3123 3492 eligebar,
3180 3421 3542 3497 Novigentum

1949 3520 2196 3577 vocatur,
2228 3520 2283 3566 et
2316 3521 2401 3567 est
2443 3511 2681 3568 confinio
2718 3514 3097 3572 Landunensis
3136 3516 3434 3573 dioeceseos
3479 3519 3540 3575 in

1950 3609 2159 3654 tantum
2183 3600 2441 3671 adjacens
2464 3610 2523 3655 nt
2546 3604 2837 3659 mediocris
2863 3604 3105 3675 quidem,
3130 3606 3226 3662 sed
3249 3605 3541 3677 aliquoties

1950 3692 2255 3757 stagnantis
2290 3691 2463 3762 ﬂuvii,
2498 3694 2589 3765 qui
2626 3695 2821 3766 Aquila
2851 3706 3217 3768 nuncupatur,
3243 3698 3541 3754 interstitio

1948 3784 2234 3856 praefatum
2269 3786 2606 3841 territorium
2637 3803 2667 3840 a
2701 3786 3085 3845 Suessionensi
3125 3788 3439 3861 distinguat,
3471 3790 3541 3847 de

1949 3875 2101 3946 cujus
2130 3878 2489 3936 vetustatibus
2517 3880 2562 3935 si
2594 3880 2737 3936 Deus
2767 3897 2927 3950 Opem
2955 3881 3186 3949 dederit,
3228 3882 3281 3940 in
3308 3882 3414 3941 hoc
3436 3896 3541 3941 nos

1947 3983 2113 4043 opere
2147 3979 2472 4028 tractaturos
2501 3985 2805 4042 speramus.

2545 4061 2773 4119 CAPUT
2808 4062 2927 4120 XX.

2022 4153 2227 4210 Diversi
2258 4170 2414 4210 casus
2442 4156 2534 4224 qui
2568 4157 2624 4208 in
2659 4155 2889 4210 rwuobio
2916 4152 3251 4212 Flauiacemi
3276 4155 3535 4213 accidere.

1951 4245 2241 4320 Suggerius
2262 4248 2410 4317 prior
2430 4248 2539 4303 viso
2561 4247 2799 4303 dwmone
2822 4248 3001 4316 furore
3021 4248 3325 4319 corripitur.
3339 4277 3409 4287 —
3429 4246 3537 4304 Sed

1950 4340 2210 4407 quoniam
2252 4340 2306 4396 in
2347 4340 2451 4395 hac
2486 4338 2826 4393 Flaviareusi
2873 4340 3102 4394 ecclesia
3149 4338 3248 4393 sub
3297 4339 3407 4394 Deo
3443 4354 3540 4409 pa-

1952 4443 2129 4499 rente,
2180 4439 2237 4487 et
2285 4433 2430 4488 beati
2465 4430 2746 4487 Gcretnari
2800 4431 2903 4488 loci
2945 4432 3191 4503 ejusdem
3235 4431 3536 4487 conditoris

1949 4524 2251 4599 patrocinio
2281 4526 2547 4583 coaluisse
2576 4540 2674 4581 nos
2704 4525 2956 4593 diximus,
2994 4525 3242 4598 quaedam
3272 4540 3392 4598 quae
3428 4526 3534 4581 ibi-

1950 4621 2069 4675 dem
2120 4621 2447 4688 audivimus,
2490 4619 2719 4691 ﬁerique
2754 4619 3011 4687 vidimus,
3058 4619 3278 4692 dignum
3317 4627 3378 4674 ut
3422 4633 3537 4674 me-

1946 4712 2136 4768 moriae
2173 4718 2471 4769 tradamus.
2503 4712 2801 4783 Postquam
2835 4712 2904 4767 ab
2946 4711 3230 4769 eversione
3258 4711 3533 4768 Danorum

1950 4803 2204 4861 restituta
2229 4814 2314 4861 est
2340 4803 2568 4875 praefata
2611 4805 2844 4861 ecclesia
2868 4845 2884 4871 ,
2933 4804 3154 4876 quidam
3187 4803 3320 4860 inibi
3349 4817 3538 4859 mona-

1946 4894 2084 4951 chus
2129 4910 2323 4967 gerens
2351 4895 2586 4952 oliiciutn
2624 4896 2930 4965 priorattts,
2964 4895 3184 4952 nomine
3215 4894 3535 4965 Snggerius,

1949 4986 2105 5042 bonis
2137 5002 2197 5043 se
2227 5003 2394 5059 agens
2422 4988 2689 5056 moribus,
2723 4990 2781 5045 in
2813 4991 2927 5059 ipsa
2966 4987 3182 5044 mortali
3211 4984 3537 5058 aegritudine

1950 5079 2329 5137 decumbebat.
2384 5080 2519 5138 Erat
2569 5093 2773 5151 autem,
2833 5083 2889 5138 ni
2940 5080 3119 5149 fallor,
3177 5080 3351 5137 frater
3398 5095 3536 5137 anus

1950 5171 2094 5229 illius
2144 5189 2264 5245 quae
2292 5174 2480 5231 insitae
2505 5176 2660 5231 initio
2682 5174 3108 5232 conversationis
3132 5172 3279 5229 circa
3303 5181 3535 5252 matrem

1950 5283 2128 5324 meam
2167 5284 2433 5327 conversa
2482 5278 2586 5327 est.
2639 5269 2737 5326 Cui
2783 5268 2986 5339 iacenti
3039 5267 3216 5324 astitit
3263 5268 3532 5338 diabolus,

1950 5360 2148 5417 librum
2176 5376 2341 5417 manu
2374 5361 2922 5433 tenens,dicensque:
2944 5380 2963 5414 ι
2984 5359 3366 5431 Arcipe,lege,
3392 5361 3537 5417 hunc

1951 5453 2050 5508 tibi
2082 5453 2251 5507 mittit
2275 5452 2509 5525 Jupiter.
2535 5470 2555 5504 ι
2596 5452 2767 5519 Quem
2790 5467 2913 5508 cum
2937 5452 3029 5507 ille
3058 5452 3244 5508 audito
3284 5465 3537 5507 exsecra-

1949 5546 2044 5603 bili
2074 5547 2310 5611 nomine,
2342 5544 3210 5614 exhorruisset,adjecitdiabolus
3238 5557 3305 5598 τ’(
3328 5544 3535 5613 Diligis,

1954 5641 2149 5711 inquit,
2177 5641 2397 5695 domum
2421 5639 2611 5694 istam?
2634 5638 2901 5710 —Diligo,
2931 5643 3022 5693 ait.
3050 5658 3068 5688 ι
3101 5637 3164 5692 Et
3190 5638 3277 5693 ille
3304 5654 3316 5691 :
3343 5657 3359 5689 t
3385 5637 3537 5691 Scias

1955 5749 2078 5793 eam
2134 5733 2300 5791 totius
2339 5730 2622 5804 religionis
2668 5731 2849 5802 rigore
2902 5732 3116 5792 sublato
3156 5732 3370 5800 penitus
3417 5738 3534 5803 post
