3980 6324
438 434 450 466 λ
507 369 618 430 883

433 5701 450 5725 ς

427 5777 460 5870 ἐ

1291 372 1293 374 -
1330 320 1390 414 v.
1429 356 1752 413 GUIBERTI
1781 354 2068 412 ABBATIS
2102 355 2158 411 s.
2190 355 2433 416 MANE
2461 360 2552 417 nc
2598 360 2996 423 NOVIGENTO

3623 384 3740 458 88b

507 499 726 562 tempus
752 481 966 556 aliquod
988 477 1432 537 exordinandam.
1455 495 1474 528 ι
1494 475 1802 544 Quatverba
1829 473 2099 546 loquentis
2126 473 2176 533 A
2203 491 2313 532 suae
2345 480 2636 537 discrimen
2679 483 2730 538 in
2760 483 3063 540 catulorum
3092 485 3430 546 distractione
3462 471 3708 570 subiungi“

510 585 732 639 Satanae
762 595 882 636 cum
929 579 1226 635 monachus
1265 575 1444 648 dignis
1470 574 1944 646 objurgationibus
1972 590 2094 631 con-

507 677 766 740 fudisset,
797 670 1024 728 recessit
1065 669 1154 740 qui
1203 669 1392 722 aderat
1424 667 1629 731 hostis,
1661 667 1756 721 sed
1803 665 2098 722 monachus

508 767 685 822 relato
716 764 858 834 quod
900 763 1105 817 viderat
1136 762 1188 816 in
1233 761 1528 815 amentiam
1567 773 1764 815 versus
1801 767 1905 825 est,
1936 759 2010 813 ita
2039 767 2099 814 ut

506 854 913 924 manciparetur
943 851 1189 906 vinculis.
1242 850 1342 918 Qui
1385 860 1565 906 tamen
1590 859 1880 920 antequam
1913 850 2096 918 exspi-

508 952 686 1010 raret,
711 943 878 998 menti
901 958 1011 998 sua:
1042 943 1222 1008 rediit,
1245 951 1302 998 et
1325 943 1464 998 diem
1487 940 1654 1014 m
1679 943 1817 996 bene
1837 941 2098 997 conﬁtens

508 1036 666 1092 obiit.
697 1034 832 1090 Cum
883 1049 1014 1107 ergo
1059 1035 1298 1092 sciamus
1347 1033 1619 1089 diabolum
1661 1035 2014 1098 mendacem,
2044 1041 2103 1090 et

507 1135 720 1201 patrem
767 1129 886 1200 ejus
923 1143 990 1184 ex
1021 1129 1180 1186 solita
1218 1128 1517 1185 invidentia
1553 1126 1756 1182 dictum
1787 1129 2095 1195 credamus,

508 1223 752 1294 alioquin
803 1239 873 1279 ne
921 1239 1108 1278 verum
1161 1221 1274 1288 ﬁat,
1319 1229 1530 1278 avertat
1576 1221 1746 1278 Deus!
1801 1221 1910 1278 Res
1950 1223 2096 1278 enim

481 1303 854 1389 'postmodum
882 1317 1126 1374 ecclesiae
1158 1317 1296 1373 bene
1320 1324 1600 1387 provecta,
1627 1316 1734 1372 huc
1762 1330 1933 1386 usque
1959 1317 2099 1372 bene

506 1410 846 1480 provehitur.

1099 1502 1330 1560 CAPUT
1365 1501 1505 1558 XXI.

585 1595 848 1652 Monacbo
886 1597 978 1666 qui
1025 1596 1190 1651 inscio
1221 1597 1407 1650 abbate
1447 1595 1696 1666 pecunias
1732 1592 2096 1659 absconderat,

509 1691 639 1765 quid
665 1692 910 1747 evenerit.
933 1721 1003 1734 --
1029 1689 1151 1746 Vidi
1185 1699 1239 1744 et
1272 1689 1471 1744 ibidem
1509 1689 1611 1743 sub
1644 1697 1829 1743 nostro
1859 1695 2100 1756 tempore

511 1802 578 1843 ex
606 1784 774 1840 milite
804 1784 1128 1839 monachum
1159 1783 1424 1847 moribus,
1461 1790 1519 1835 ut
1543 1779 1930 1842 aestimabatur,
1963 1781 2097 1834 sim-

509 1879 731 1948 plicem,
763 1889 878 1932 τενο
912 1881 1250 1945 prevectum,
1279 1875 1370 1944 qui
1401 1875 1452 1928 in
1483 1887 1680 1944 pagum
1716 1872 2096 1927 Vulcassinum

515 1972 584 2026 ad
616 1967 861 2026 cellulam
891 1968 1180 2040 quamdam
1221 1968 1483 2034 ecclesiae,
1525 1968 1650 2036 quia
1683 1966 1807 2020 inde
1835 1967 2102 2020 oriundus

513 2075 659 2132 erat,
711 2064 778 2118 ab
833 2064 1032 2119 abbate
1079 2071 1178 2118 suo
1223 2061 1549 2124 destinatus,
1603 2073 1854 2132 aggerem
1903 2059 2104 2130 publici

511 2155 754 2220 itineris,
805 2155 898 2226 qui
952 2163 1243 2225 corruptus
1299 2161 1449 2218 erat,
1500 2153 1719 2208 lieentia
1771 2153 1970 2223 prioris
2022 2152 2122 2207 sui

512 2255 824 2302 restaurare
851 2246 1147 2317 proposuit.
1189 2245 1502 2299 Muneribus
1529 2257 1660 2315 ergo
1693 2243 1930 2299 ﬁdelium
1967 2258 2106 2314 epus

513 2337 644 2394 illud
674 2339 966 2408 explicuit,
1003 2352 1112 2407 quo
1152 2335 1454 2408 proﬂigato,
1500 2336 1744 2405 quaedam
1781 2334 1995 2390 residua
2036 2335 2106 2390 de

517 2433 709 2486 eadem
742 2431 1029 2502 largitione
1061 2431 1304 2485 retinuit.
1339 2429 1546 2484 Interea
1578 2427 1762 2482 lethali
1790 2427 2108 2483 inﬁrmitate

513 2525 834 2595 corripitur,
865 2540 965 2579 nec
993 2533 1171 2578 tamen
1204 2523 1347 2592 quod
1390 2521 1528 2576 male
1573 2521 1782 2575 celabat
1837 2520 2106 2575 ulla'con-

515 2617 758 2674 fossione
807 2618 1020 2689 retegit.
1067 2615 1323 2672 Defertur
1373 2616 1437 2670 ad
1511 2615 1899 2669 monasterium
1951 2613 2108 2684 cujus

514 2720 638 2766 erat
678 2712 1017 2777 monachus;
1047 2725 1170 2766 .non
1214 2709 1416 2773 abbati,
1451 2723 1554 2762 non
1595 2709 1761 2778 priori
1792 2707 2104 2774 conﬁtetur,

515 2806 766 2875 quamvis
795 2805 926 2860 dirm
954 2805 1022 2858 ab
1049 2817 1113 2858 eo
1149 2802 1435 2867 tortiones,
1464 2801 1658 2855 mortis
1691 2800 1936 2854 videlicet
1969 2817 2106 2870 pra:-

517 2899 672 2954 conia
705 2897 1057 2963 sentirentur,
1093 2897 1185 2952 sed
1217 2894 1420 2950 famulo
1451 2895 1690 2960 cuidam,
1736 2893 1828 2962 qui
1875 2894 2106 2950 inﬁrmis

513 2991 881 3058 ministrabat,
907 2991 1116 3063 argenti
1162 2989 1252 3044 illa
1298 2989 1574 3058 quantitas
1612 2987 1680 3042 ab
1718 2987 1812 3042 illo
1857 2988 2106 3043 commit-

513 3085 668 3141 titur.

583 3177 770 3246 Itaque
820 3174 1106 3246 cujusdam
1153 3173 1538 3244 intempestivo
1565 3171 1741 3226 noctis
1767 3172 2106 3227 increscente

513 3269 761 3327 molestia
813 3285 843 3324 e
894 3269 1147 3324 sensibus
1203 3266 1466 3336 eripitur,
1527 3279 1625 3335 pro
1675 3274 1888 3319 mortuo
1947 3273 2105 3319 terra:

515 3362 864 3426 distenditur,
919 3376 1018 3416 nos
1061 3361 1227 3414 etiam
1256 3359 1348 3430 (⁸⁸)
1389 3359 1543 3429 signo
1589 3360 1889 3427 crepitante
1927 3360 2103 3413 vocati

515 3444 809 3518 adfuiu'tus,
833 3453 1090 3524 psalmos,
1116 3451 1414 3514 orationes,
1438 3458 1491 3503 et
1521 3451 1900 3505 convenientia
1927 3451 2106 3506 obitu-

513 3546 594 3602 ris
619 3545 977 3616 explevimus.
1013 3543 1133 3610 Quo
1181 3540 1345 3606 facto,
1391 3542 1662 3598 hominem
1693 3543 1802 3612 ('9),
1841 3555 1896 3598 ιιι
1923 3559 2109 3598 mona-

515 3637 637 3691 stici
671 3637 839 3690 moris
876 3645 981 3698 est,
1019 3633 1200 3689 cilicio
1234 3633 1605 3701 suppositmn,
1641 3643 1698 3688 ut
1731 3634 2015 3689 videbatur
2052 3635 2106 3689 in

515 3730 778 3784 extremis
822 3727 1152 3784 stridoribus
1189 3725 1278 3780 vix
1317 3725 1610 3793 eﬁlantem,
1642 3727 1983 3798 reliquimus,
2019 3727 2108 3782 cui

515 3821 700 3878 nullus
741 3823 931 3887 vitam,
981 3838 1172 3878 omnes
1220 3825 1393 3880 solum
1442 3831 1784 3894 praemortua
1817 3835 1940 3877 mox
1983 3821 2111 3875 ulti-

515 3927 668 3969 mum
729 3913 1003 3970 lavacrum
1070 3919 1489 3988 spondebamus.
1536 3916 1644 3972 Nec
1717 3931 1893 3982 mora,
1953 3913 2110 3972 nobis

518 4005 846 4061 abeuntibus
868 4007 956 4064 ille
973 4012 1230 4080 rcSpirat;
1270 4013 1503 4080 priorem
1529 4009 1676 4081 (nam
1704 4010 1872 4064 abbas
1896 4009 2108 4080 aberat)

518 4107 739 4162 evocat;
785 4099 852 4152 de
895 4112 958 4155 eo
1002 4101 1144 4170 quod
1204 4101 1580 4167 fraudaverat,
1624 4109 1679 4154 et
1731 4100 1816 4155 cui
1865 4099 2110 4154 fraudem

519 4190 895 4254 commiserat,
929 4191 1150 4248 indicat.
1187 4193 1353 4259 Dixit,
1391 4200 1443 4249 et
1488 4209 1516 4247 a
1554 4192 1736 4262 priore
1766 4192 2107 4248 absolutibne

519 4294 761 4354 recepta,
785 4293 900 4355 post
924 4286 1198 4357 paululum
1232 4287 1477 4359 repetitis
1507 4285 1834 4356 singultibus
1860 4286 2104 4356 exspira-

519 4376 618 4432 vit.
649 4377 778 4433 Erat
806 4379 957 4448 prior
984 4389 1110 4436 tunc
1138 4382 1398 4451 temporis
1429 4381 1690 4450 magister
1715 4395 1886 4447 meus,
1910 4379 1978 4436 de
2003 4393 2111 4450 quo

520 4471 719 4541 scepius
755 4483 873 4544 ago.
910 4471 1046 4528 Ecce
1078 4473 1464 4529 misericordiae
1499 4472 1711 4528 Domini
1745 4474 1948 4540 mulue,
1985 4474 2110 4542 quia

518 4577 627 4618 non
657 4579 844 4618 smnus
871 4565 1176 4637 consumpti
1201 4566 1418 4638 ιΤΙινεη.
1450 4581 1531 4632 ιιι,
1553 4565 1668 4637 22),
1691 4568 1782 4637 qui
1807 4581 1968 4636 quem
1997 4566 2110 4620 vult

517 4654 716 4711 liberat
749 4657 815 4712 de
843 4672 938 4712 ore
973 4667 1202 4731 angusto
1232 4659 1516 4716 latissime.

592 4747 795 4806 Exacto
827 4749 988 4821 igitur
1015 4767 1044 4806 a
1081 4754 1442 4822 praesentibus
1474 4753 1726 4816 homine,
1757 4752 1984 4814 quaestio
2010 4767 2107 4822 pe-

519 4840 696 4896 cuniae
729 4840 784 4895 in
817 4840 1074 4897 faumlum
1105 4851 1215 4898 tota
1245 4844 1570 4898 devolvitur.
1606 4844 1722 4914 lpSe
1757 4853 1936 4898 autem
1966 4859 2105 4900 mas-

519 4945 636 4987 sam
677 4931 824 4988 illam
856 4933 908 4988 in
938 4937 1201 4990 stramine
1229 4950 1490 4990 cunarum
1523 4937 1804 5008 cujusdam
1837 4951 1947 4992 suae
1985 4951 2109 5008 par-

517 5025 657 5082 vula:
718 5025 940 5083 infantis
995 5029 1374 5085 absconderat.
1429 5030 1495 5084 At
1547 5037 1702 5084 nocte
1759 5045 1880 5085 cum
1929 5029 2108 5086 infans

517 5119 762 5176 cubitum
791 5107 1091 5187 locaretur,
1113 5137 1240 5178 ecce
1279 5124 1553 5180 dzemoncs
1585 5125 1758 5181 instar
1801 5126 2104 5182 catulorum

519 5226 550 5266 a
578 5210 746 5268 latere
795 5221 849 5269 et
893 5229 923 5270 a
972 5225 1122 5286 tergo
1172 5217 1436 5282 insiliunt,
1485 5228 1536 5272 et
1579 5219 1704 5275 hinc
1736 5221 1861 5277 inde
1901 5223 2104 5276 circum

518 5303 665 5359 circa
717 5306 1015 5375 pulsantes,
1069 5317 1123 5362 et
1165 5308 1450 5378 aliquoties
1501 5310 1832 5380 vellicantes,
1887 5313 1940 5366 in
1991 5311 2105 5367 cla-

515 5411 700 5453 mores
727 5409 780 5453 et
811 5400 1082 5472 lacrymas
1111 5404 1476 5459 concitabant.
1501 5403 1746 5475 Cumque
1773 5407 1842 5460 ab
1872 5413 2103 5476 utroque

517 5489 948 5563 interrogaretur
1007 5494 1135 5564 quid
1197 5495 1390 5562 ﬁeret,
1448 5513 1506 5553 se
1557 5513 1585 5551 a
1643 5497 1836 5554 catulis
1893 5499 2104 5556 comedi

515 5587 902 5654 respondebat.
937 5587 1072 5642 Tum
1121 5597 1313 5652 mater,
1345 5605 1465 5659 quae
1500 5591 1689 5647 matris
1719 5607 1852 5646 mea:
1909 5591 2102 5647 ancilla

514 5682 572 5730 et
599 5675 891 5746 aliquando
935 5681 1254 5750 pedissequa
1279 5682 1584 5748 exstiterat,
1611 5681 1676 5737 ad
1718 5684 1889 5754 ipsam
1931 5685 2104 5740 domi-

513 5783 644 5824 nam
673 5783 848 5833 suam,
895 5780 1124 5827 matrem
1171 5774 1425 5829 videlicet
1456 5790 1655 5841 meam,
1683 5780 1981 5845 concurrit,
2013 5781 2104 5835 de-

622 5859 1217 5954 Ἥρω
1247 5880 1304 5922 se
1338 5865 1574 5938 reposita
1609 5867 1760 5937 dicit,
1792 5879 1848 5927 et
1877 5870 2102 5929 infantis

515 5916 616 5952 ...ἰ
685 5937 696 5943 ⁶
735 5923 775 5944 I.‘
817 5929 867 5952 ':‘
897 5928 930 5950 -‘

2197 575 2294 632 Cui
2328 576 2415 632 illa
2442 592 2486 632 τι
2511 578 2687 648 Scias,
2714 581 2909 653 inquit,
2939 583 3208 639 daemones
3228 589 3462 658 esse,qui
3483 604 3624 659 super
3643 593 3712 650 illa

2199 669 2464 726 diabolica
2515 675 2740 745 pecunia
2783 674 3166 742 jocuudautur,
3212 687 3266 732 et
3315 680 3361 734 ei
3407 686 3545 750 quasi
3585 702 3711 746 suum

2199 777 2649 834 recognoscentes
2672 769 2897 824 instant.
2927 790 2946 822 ι
2977 769 3091 824 Hoc
3123 772 3344 841 maritus
3373 777 3588 844 cognito,
3616 779 3716 838 licet

2200 855 2422 924 invitus,
2449 867 2505 913 et
2529 859 2758 930 plurima
2792 863 3078 916 vexatione
3103 863 3400 928 cruciatus,
3425 875 3482 920 ut
3506 868 3576 924 sic
3599 871 3716 928 dixe-

2201 948 2325 1013 rim,
2367 963 2459 1004 seu
2511 951 2588 1015 vi,
2639 965 2734 1007 seu
2766 953 2940 1016 clam,
2990 966 3086 1007 seu
3143 956 3402 1023 precario,
3445 956 3571 1012 istud
3606 963 3718 1029 quod

2199 1042 2566 1109 repetebatur,
2617 1043 2839 1112 eﬁ‘udit,
2895 1053 2951 1100 et
2995 1047 3295 1102 daemonum
3343 1063 3493 1116 quam
3539 1052 3720 1119 proinde

2200 1133 2510 1201 patiebatur
2566 1136 2968 1192 infestationem
3039 1155 3144 1194 non
3212 1140 3398 1194 tacuit.
3455 1140 3723 1199 Audit-imus

2200 1228 2328 1296 quia
2359 1230 2443 1283 cui
2485 1229 2597 1284 vult
2634 1231 2776 1286 Deus
2807 1231 3115 1297 miseretur,
3144 1239 3199 1285 et
3231 1247 3387 1301 quem
3413 1233 3519 1286 vult
3547 1234 3722 1290 indurat

2202 1314 2379 1386 (Rom.
2409 1335 2526 1384 vni,
2561 1319 2672 1391 l8),
2711 1321 2968 1392 colligere
2993 1338 3060 1377 ex
3087 1322 3327 1392 subjecto
3353 1323 3635 1392 poterimus.
3655 1325 3721 1391 Et,

2199 1424 2234 1463 ο
2279 1409 2376 1466 Dei
2418 1415 2732 1470 admiranda
2763 1413 2997 1482 judicia!
3042 1417 3088 1470 is
3133 1415 3396 1486 siquidem
3453 1416 3514 1471 de
3549 1431 3638 1486 quo
3660 1433 3722 1472 re-

2203 1500 2449 1569 tulimus,
2500 1513 2667 1560 totam
2721 1507 2774 1560 in
2824 1507 3220 1562 exercitatione
3268 1508 3498 1577 equestri
3531 1516 3723 1573 aetatem,

2203 1607 2616 1669 scortorumque
2663 1598 2914 1654 foeditate
2966 1599 3294 1662 deduxerat;
3357 1598 3442 1652 ille
3492 1614 3635 1664 vero,
3677 1602 3724 1652 de

2203 1700 2310 1756 quo
2340 1702 2458 1742 sum
2490 1688 2781 1753 relaturus,
2813 1689 3098 1744 acediosus
3137 1688 3353 1758 quidem
3395 1687 3725 1758 aliquantisper

2205 1782 2404 1848 fuerat,
2450 1785 2542 1838 sed
2589 1784 2719 1839 nihil
2753 1783 3023 1838 inhonesti
3067 1783 3203 1838 alias
3231 1782 3297 1835 de
3343 1782 3454 1851 ipso
3487 1781 3722 1834 claruerat.

2136 1857 2177 1918 Β
2207 1878 2303 1932 Est
2349 1879 2507 1948 plane
2544 1878 2648 1934 hoc
2684 1880 3034 1951 philargyrite
3066 1879 3256 1934 vitium
3305 1879 3357 1934 in
3407 1887 3596 1931 tantum
3621 1874 3725 1947 apud

2207 1975 2504 2026 monachos
2553 1974 2939 2043 perniciosum.
2991 1981 3177 2043 utpote
3208 1972 3387 2026 minus
3432 1969 3661 2032 naturale,
3685 1978 3728 2022 ut

2206 2067 2297 2120 vix
2336 2067 2550 2134 aliquod
2577 2067 2784 2121 crimen
2817 2066 3143 2136 reperiatur,
3177 2066 3264 2121 cui
3299 2073 3562 2134 tantopere
3588 2061 3728 2117 diabo-

2206 2158 2291 2214 lus
2323 2158 2673 2230 subripicndo
2701 2158 3009 2213 insidietur.
3426 2150 3428 2152 ’

2781 2251 3009 2308 CAPUT
3052 2249 3214 2306 XXII.

2281 2345 2356 2400 De
2382 2346 2636 2399 monacho
2664 2355 2874 2415 propter
2903 2344 3162 2415 peculium
3197 2344 3255 2397 in
3289 2342 3430 2413 agris
3458 2342 3658 2396 humata.
3681 2371 3732 2384 -

2207 2438 2365 2494 Alter
2411 2439 2631 2508 quidam
2680 2453 2746 2492 ex
2795 2438 2996 2492 nostris
3049 2435 3382 2500 monachus,
3429 2443 3482 2489 et
3529 2434 3732 2489 sacculos

2207 2531 2419 2596 ordine,
2452 2531 2540 2584 cui
2570 2529 2701 2584 nihil
2737 2539 2937 2598 praeter
2964 2529 3244 2598 equitandi
3293 2527 3591 2581 aviditatem
3617 2538 3731 2604 pote-

2207 2631 2292 2676 rat
2337 2621 2571 2676 levitatis
2627 2621 2856 2686 ascribi,
2915 2636 2944 2674 a
3003 2629 3252 2674 matrona
3320 2619 3540 2686 quadam
3595 2617 3725 2672 nobili

2208 2717 2342 2772 duos
2377 2725 2662 2788 acceperat
2709 2717 2938 2781 solidos;
2975 2718 3065 2787 qui
3117 2731 3268 2781 mox,
3295 2715 3588 2787 dysenteria
3624 2729 3737 2769 como

2208 2813 2532 2881 prehensus,
2571 2812 2710 2880 apud
2732 2811 2991 2866 Sanctum
3037 2810 3361 2877 Quintilium
3409 2808 3736 2864 Belvacidese-

2207 2905 2381 2959 derat.
2423 2904 2540 2971 Quo
2574 2904 2810 2960 Flaviaci
2857 2905 3112 2976 cognito,
3141 2902 3301 2972 jussu
3341 2903 3544 2956 abbatis
3567 2901 3622 2954 ad
3647 2913 3736 2969 pro-

2206 2997 2380 3068 priam
2433 2992 2718 3053 ecclesiam
2785 3005 2868 3052 est
2921 2997 3146 3051 relatus.
3211 2995 3456 3064 Cumque
3503 2994 3736 3064 plurimum

2209 3092 2416 3152 ederet,
2449 3098 2504 3144 et
2531 3091 2782 3158 protinus
2812 3088 3187 3144 i‘uditl'erenter
3216 3087 3482 3150 efﬂueret,
3514 3085 3678 3140 accidit
3698 3091 3742 3137 ut

2211 3183 2379 3236 abbas
2426 3195 2556 3236 suus
2592 3181 2802 3251 uspiam
2851 3181 3184 3250 migraturus
3231 3180 3308 3234 ad
3355 3194 3476 3234 eum
3519 3177 3746 3231 locuturus

2209 3273 2510 3336 accederet,
2543 3287 2738 3328 verens
2769 3288 2835 3326 ne
2867 3287 2926 3328 se
2974 3273 3198 3328 absente
3244 3273 3550 3327 decederet.
3589 3269 3647 3322 At
3680 3267 3746 3321 ille

2211 3365 2309 3421 sub
2339 3365 2552 3438 abbatis
2599 3366 2832 3420 adventu
2865 3367 2932 3419 ad
2966 3366 3230 3435 requisita
3278 3373 3486 3420 natura:
3513 3375 3746 3418 concesse-

2211 3467 2316 3514 rat.
2368 3458 2538 3525 Quem
2589 3458 2769 3527 posito
2826 3459 2928 3513 sibi
2979 3458 3146 3524 dolio,
3172 3458 3308 3527 quia
3357 3456 3631 3528 procedere
3668 3469 3746 3506 non

2209 3559 2440 3622 poterat,
2490 3565 2611 3603 cum
2641 3559 2893 3605 cerneret
2931 3551 3258 3604 incidentem
3319 3549 3406 3622 [[2,
3450 3542 3744 3616 insidentem}

2211 3640 2348 3694 mira
2384 3639 2726 3695 delormitatc
2755 3641 3095 3702 horribilem,
3127 3640 3454 3694 alterutrum
3493 3639 3677 3708 quidem
3701 3650 3745 3690 se

2212 3743 2340 3790 sunt
2376 3735 2583 3800 intuiti,
2631 3745 2681 3790 et
2731 3736 2982 3790 abbatem
3034 3734 3225 3805 puduit
3264 3734 3362 3789 tali
3407 3735 3460 3788 in
3489 3733 3594 3788 loco
3619 3728 3748 3785 homi-

2211 3843 2336 3884 nem
2368 3830 2691 3894 convenire,
2731 3837 2784 3882 et
2813 3829 3013 3884 misero
3057 3843 3165 3883 non
3213 3828 3373 3885 licuit
3400 3827 3750 3890 conﬁteri,imo

2213 3937 2319 3978 non
2361 3921 2535 3984 libuit,
2577 3937 2678 3976 nec
2708 3921 2912 3976 absolvi
2954 3937 2984 3975 a
3023 3921 3278 3976 crimine.
3327 3923 3508 3977 Abhas
3553 3917 3749 3982 recessit,

2212 4026 2268 4074 et
2296 4019 2387 4074 ille
2412 4036 2438 4072 a
2473 4018 2618 4073 dolio
2651 4017 2717 4072 ad
2755 4016 3014 4072 lectulum
3061 4017 3216 4086 quasi
3249 4018 3592 4087 requieturus
3612 4026 3753 4069 acces-

2213 4111 2322 4177 sit,
2369 4111 2421 4166 in
2453 4125 2562 4180 quo
2590 4111 2679 4164 ubi
2711 4119 2795 4164 est
2828 4094 3195 4179 resupinatus,
3229 4125 3258 4163 a
3288 4109 3506 4164 diabolo
3527 4116 3602 4162 est
3626 4101 3752 4160 salio-

2213 4213 2389 4261 catus.
2425 4204 2649 4258 Videres
2688 4202 3022 4257 horribiliter
3070 4203 3282 4256 haerere
3326 4200 3529 4270 pectori
3558 4206 3752 4252 mentum

2214 4303 2269 4351 et
2292 4294 2560 4365 jugulum,
2593 4309 2656 4348 ac
2684 4294 2730 4348 si
2754 4308 2821 4348 ex
2850 4293 3085 4348 violenta
3114 4293 3470 4362 depressione
3492 4290 3750 4346 subactum.

2214 4387 2558 4442 locoul'essns
2593 4372 2772 4456 igitur
2811 4394 2868 4440 et
2913 4386 3194 4449 inunctus,
3224 4392 3280 4439 et
3304 4399 3474 4454 super
3515 4378 3755 4436 maledicto

2216 4479 2306 4535 illo
2341 4493 2440 4533 suo
2484 4478 2698 4548 peculio
2737 4479 3026 4534 intestatus
3074 4478 3325 4532 moritur.
3365 4476 3570 4531 Nudato
3611 4474 3755 4541 itaque

2137 4591 2186 4650 D
2215 4568 2281 4623 ad
2327 4568 2617 4622 lavandum
2670 4567 2954 4630 cadavere,
2997 4565 3270 4635 reperitur
3317 4565 3559 4635 pendens
3587 4559 3646 4615 ab
3682 4557 3757 4611 iut-

2213 4677 2365 4717 mero
2405 4661 2739 4731 marsupium
2793 4660 2892 4714 sub
2940 4659 3115 4715 axella
3161 4659 3368 4715 labere.
3411 4659 3528 4726 Quo
3565 4661 3754 4724 reperto,

2213 4769 2475 4812 concussa
2519 4755 2610 4824 qui
2653 4753 2935 4808 invenerat
2963 4755 3031 4807 ad
3073 4761 3274 4807 terram
3305 4768 3432 4808 cum
3463 4754 3636 4806 lurore
3657 4759 3756 4800 cru-

2213 4861 2397 4915 mena,
2423 4847 2782 4916 manibusque
2805 4846 3100 4917 complosis
3129 4847 3372 4901 cucurrit
3397 4847 3464 4899 ad
3487 4842 3640 4916 ‘83
3666 4851 3758 4892 m0-

2211 4943 2445 5006 nachos,
2480 4940 2760 4994 insolitum
2789 4955 2980 4995 eorum
3013 4941 3236 4996 auribus
3267 4955 3544 4996 rumorem
3573 4931 3756 4990 invexit.

2209 5033 2517 5088 lnamlitum
2549 5033 2710 5103 plane
2762 5033 2940 5090 fuerat
2965 5034 3105 5104 apud
3147 5033 3318 5103 ipsos,
3352 5045 3572 5088 suorum
3608 5038 3760 5098 quem-

2209 5124 2354 5196 piam
2391 5125 2469 5181 sic
2507 5126 2729 5181 abiisse.

2281 5217 2443 5272 Mittit
2475 5218 2655 5286 itaque
2699 5225 2821 5288 post
2851 5218 3127 5283 abbatem,
3162 5217 3250 5288 qui
3296 5217 3514 5272 duobus
3559 5211 3757 5270 millibus

2211 5319 2360 5366 trans
2381 5309 2670 5366 Belvacum
2702 5313 2842 5382 apud
2879 5313 3166 5381 quamdam
3205 5310 3388 5364 villam
3440 5325 3588 5364 suam
3632 5318 3760 5377 pran-

2208 5401 2340 5458 dere
2380 5403 2493 5474 jam
2540 5411 2802 5472 coeperat.
2859 5401 2962 5458 Per
2999 5402 3165 5457 alium
3214 5411 3396 5457 autem
3423 5400 3658 5462 missum,
3689 5387 3760 5464 qui

2208 5495 2315 5551 huc
2366 5505 2716 5565 pervenerat,
2772 5493 3091 5564 jamdudum
3152 5496 3318 5549 abbas
3386 5509 3510 5549 eum
3592 5486 3760 5544 obiisse

2209 5598 2520 5656 acceperat,
2568 5589 2662 5643 sed
2696 5588 2762 5641 de
2811 5588 2998 5643 solidis
3049 5587 3124 5642 nil
3156 5588 3406 5648 sciverat,
3465 5583 3536 5639 nil
3565 5583 3756 5637 dixerat.

2210 5677 2411 5733 Missus
2437 5694 2568 5749 ergo
2593 5680 2819 5735 veniens
2849 5695 2914 5734 ex
2946 5689 3100 5749 parte
3133 5679 3360 5733 fratrum
3388 5677 3478 5747 qui
3511 5674 3759 5731 miserant,

2210 5773 2447 5828 consulit
2474 5773 2722 5828 abbatem
2752 5773 2881 5843 quid
2910 5772 3054 5828 facto
3076 5788 3210 5842 opus
3237 5772 3323 5834 sit,
3351 5784 3424 5822 an
3455 5768 3575 5823 aliis
3599 5775 3760 5821 conse-

2209 5867 2366 5942 peliri
2421 5867 2632 5939 liceret,
2665 5870 2757 5942 qui
2805 5849 2914 5928 tam
2943 5868 3142 5927 misere
3173 5869 3241 5926 ab
3279 5866 3511 5924 aliorum
3546 5874 3758 5924 comma.

3914 1503 3915 1536 i

3913 1663 3915 1700 Ι

3913 1727 3915 1766 1

3913 1803 3915 1830 i

3913 1835 3915 1872 i

3914 1887 3915 1906 ι
