3982 6346
301 334 404 393 885

1334 330 1422 386 DE
1448 328 1609 385 VITA
1648 326 1783 386 SUA
1806 327 1985 386 LIBRI
2025 329 2225 387 TRES.
2258 360 2326 374 -
2356 329 2482 387 LIB.
2525 331 2565 386 I.

3426 327 3574 393 ’886

296 451 472 505 nitate
509 448 833 503 desciverat.
870 443 1285 502 Commnnicalo
1338 445 1520 514 itaque
1556 441 1725 498 abbas
1753 458 1877 497 cum
1906 446 1955 505 Α
1984 442 2114 512 quid
2167 442 2405 513 fregerit.
2445 445 2517 500 Ut
2568 444 2744 499 simile
2784 442 2987 501 factum
3038 445 3093 500 in
3127 444 3353 503 Francia
3390 460 3573 506 nostra

295 541 433 595 viris
489 539 843 610 prudentibus
897 538 1145 601 consilio,
1199 539 1448 607 prtecepit
1505 536 1773 607 agrariam
1829 537 1881 592 ei

296 634 412 688 fieri
444 633 796 701 sepulturam,
816 641 870 686 et
891 634 958 685 ab
984 632 1226 685 oratiooe
1251 640 1304 685 et
1334 631 1556 700 psalmis
1580 641 1880 695 «exsortem,

293 737 343 780 et
378 724 580 795 pectori
614 722 729 791 ejus
758 724 1044 791 superponi
1093 724 1397 791 pecuniam.
1450 722 1666 775 Privata
1702 731 1881 776 tamen

297 831 397 885 pro
428 831 491 870 eo
522 817 746 869 fratrum
781 830 886 867 non
919 812 1116 868 defecit
1166 814 1361 877 oratio,
1413 812 1521 867 imo
1570 812 1739 867 multo
1769 827 1885 866 ain-

292 904 437 976 plius
482 906 816 969 institerunt,
870 922 977 976 quo
1010 906 1181 975 magis
1233 912 1497 961 noverant
1550 921 1673 959 eum
1723 920 1883 976 egere

300 996 568 1052 subsidio.
630 998 706 1052 Ex
750 998 909 1068 hujus
960 999 1123 1068 igitur
1152 1008 1322 1053 morte
1356 999 1651 1068 repentina,
1703 999 1884 1053 caeteri

295 1086 441 1141 eirea
517 1088 785 1158 peculium
844 1092 1222 1159 castigatiores
1286 1092 1504 1146 redditi.
1584 1092 1883 1146 Audiamus

296 1179 480 1236 adhuc
511 1180 744 1249 qualiter
772 1184 874 1237 sint
914 1181 1048 1236 alias
1102 1194 1155 1237 et
1185 1198 1284 1251 pro
1311 1182 1431 1238 aliis
1465 1181 1779 1261 ﬂagellati..

864 1270 1091 1328 CAPUT
1132 1272 1316 1328 XXIII.

372 1355 630 1414 Tonitrno
654 1372 700 1414 et
733 1361 954 1430 fulmine
1003 1363 1178 1416 clades
1215 1365 1445 1420 maxima
1468 1365 1520 1419 in
1552 1362 1886 1422 Flaviacemi

289 1452 534 1508 ecclesia.
559 1484 627 1493 —--
655 1456 750 1509 Vix
789 1472 971 1526 pauca!
998 1458 1360 1513 hebdomades
1385 1474 1619 1514 emensae
1649 1458 1884 1525 fuerant,

302 1558 433 1598 cum
488 1553 630 1600 esset
664 1545 845 1617 vigilia
876 1560 1173 1620 martyrum
1207 1549 1453 1606 Gervasii
1505 1560 1560 1605 et
1590 1550 1882 1615 Prothasii,

283 1648 802 1708 parvo-emergente
830 1640 1086 1704 tonitruo,
1115 1657 1212 1696 nec
1239 1643 1613 1697 crebrescente
1628 1656 1871 1700 corusco.

290 1730 650 1796 tempestuosi
681 1730 822 1784 aeris
850 1732 1067 1787 nubilus
1096 1734 1391 1790 eminebat.
1440 1735 1596 1791 Mane
1621 1752 1750 1806 ergo
1784 1751 1884 1791 no-

286 1812 383 1869 bis
412 1820 759 1888 surgentibus
791 1836 959 1889 parvo
989 1823 1277 1877 admodum
1318 1828 1495 1895 spatio
1524 1828 1711 1896 prima}
1736 1828 1885 1883 hora:

289 1908 510 1980 signum
542 1912 875 1967 insonuerat.
910 1914 988 1969 Ad
1022 1917 1305 1972 ecclesiam
1344 1919 1559 1975 insolita
1606 1920 1883 1977 celeritate

282 2004 666 2070 convenimus,
716 2016 831 2075 post
864 2008 1235 2065 brevissimam
1268 2014 1569 2071 orationem
1609 2033 1621 2071 :
1663 2035 1680 2067 ι
1717 2016 1879 2082 Deus,

284 2094 350 2149 in
385 2097 709 2164 adjutorium
743 2115 920 2154 meum
954 2103 1171 2157 intende
1201 2123 1218 2154 ι
1250 2106 1599 2173 dixeramus;
1635 2110 1729 2163 sed
1758 2124 1882 2165 cum

286 2187 557 2243 vellemus
586 2192 802 2261 aggredi
845 2195 1151 2263 sequentia,
1183 2197 1290 2251 ictu
1321 2209 1513 2253 ruente
1552 2203 1883 2269 grandisono

283 2277 534 2334 fulminis
566 2283 667 2337 hoc
702 2282 861 2337 modo
888 2296 1206 2353 penetratur
1235 2289 1483 2344 ecclesia.
1517 2291 1748 2355 Gallum,
1791 2295 1881 2364 qui

283 2385 455 2440 super
488 2372 620 2427 turri
650 2383 788 2437 erat,
843 2390 1082 2441 crucem,
1136 2378 1420 2449 columque
1458 2392 1551 2437 aut
1599 2384 1880 2456 dispergit,

284 2473 641 2543 anteveniat,
677 2470 880 2522 trabem
914 2471 999 2523 cui
1040 2472 1153 2526 haec
1199 2473 1504 2529 insidebant
1536 2477 1798 2543 debilitat,
1828 2490 1883 2535 et

283 2539 569 2611 scindnlas
635 2558 801 2613 clavis
858 2560 1043 2617 aflixas
1116 2566 1463 2622 semiurendo
1536 2572 1880 2639 convellens,

285 2660 391 2715 per
428 2648 814 2704 occidentalem
864 2651 1031 2707 turris
1077 2654 1306 2710 vitream
1386 2657 1571 2714 intrat.
1626 2662 1881 2717 (lrucilixi

289 2734 512 2792 Domini
579 2739 882 2810 imaginem
920 2744 1106 2797 subter
1168 2755 1445 2811 stantem,
1518 2751 1657 2805 illiso
1716 2770 1883 2823 usque

285 2827 359 2880 ad
412 2829 620 2883 ruinam
675 2832 871 2901 capite,
945 2832 1156 2905 ﬁxoquc
1204 2837 1370 2892 latere
1415 2840 1625 2909 dextro,
1661 2841 1880 2912 frangit,

287 2935 401 2974 non
461 2922 664 2976 ustulat
699 2965 713 2991 ,
796 2926 1047 2980 dextrntn
1092 2943 1220 2981 vero
1295 2930 1571 2984 brachium
1648 2943 1701 2988 ct
1756 2952 1883 2988 rru-

286 3015 369 3069 cis
439 3026 487 3070 et
557 3017 809 3084 imaginis
869 3020 949 3075 sic
1013 3021 1121 3074 urit
1184 3031 1239 3076 el
1286 3032 1535 3089 truncat,
1586 3036 1643 3080 nt
1690 3038 1883 3097 praeter

288 3124 483 3166 manus
536 3113 786 3181 pollicem
834 3116 899 3171 de
952 3124 1065 3171 toto
1115 3115 1340 3172 brachio
1396 3119 1670 3190 quidpiam
1721 3137 1882 3178 nemo

288 3206 548 3273 reperiat.

364 3294 735 3354 Percutiuntur
757 3301 861 3357 duo
886 3304 1232 3359 monachi.—
1256 3304 1418 3373 Quasi
1451 3323 1582 3378 ergo
1615 3324 1881 3378 percusso

289 3398 512 3459 pastore
536 3391 918 3463 disperguntur
944 3396 1117 3466 plagis
1133 3413 1197 3451 ac
1227 3400 1491 3453 mortibus
1512 3416 1638 3455 oves
1660 3401 1878 3471 (Matth.

290 3498 442 3546 xxvi,
474 3470 598 3556 51).
633 3484 985 3542 DCXU‘OI'SUIII
1033 3490 1175 3544 enim
1227 3505 1325 3560 per
1384 3507 1592 3558 arcum,
1641 3494 1727 3548 cui
1758 3510 1881 3564 pcr-

289 3592 447 3630 cnssa
500 3578 678 3649 imago
719 3579 960 3643 suberat,
996 3580 1213 3636 llanuna
1262 3582 1449 3637 labens
1501 3585 1553 3638 in
1616 3594 1882 3643 eminente

298 3684 465 3724 arcus
497 3671 875 3728 descendendo
901 3672 1164 3728 bifnrcam
1199 3675 1494 3746 nigredinis
1522 3679 1690 3748 rigam
1720 3678 1876 3746 fecit;

288 3769 346 3815 et
397 3762 450 3815 in
486 3763 713 3817 chorum
764 3766 1107 3835 perveniens,
1143 3768 1280 3821 duos
1327 3768 1453 3823 hinc
1484 3779 1538 3823 ct
1571 3771 1691 3824 inde
1720 3786 1881 3827 arcus

288 3862 503 3908 stantes
552 3858 844 3911 monachos
894 3859 1149 3927 percutit,
1207 3868 1261 3913 et
1295 3860 1347 3912 in
1390 3873 1662 3916 momento
1692 3864 1879 3921 exani-

290 3962 407 4002 tucs
458 3948 654 4002 reddit.
705 3948 1086 4005 Sinistrorsum
1123 3962 1303 4006 autem
1360 3954 1680 4010 altrinsecus
1716 3972 1880 4012 ruens

287 4042 486 4095 abrasa
544 4058 639 4111 per
678 4043 879 4109 gradus
922 4060 1025 4098 non
1071 4045 1267 4115 passim
1304 4049 1547 4101 eminenti
1602 4048 1781 4115 litura,
1815 4065 1879 4104 ac

287 4138 336 4192 si
400 4152 589 4191 saxum
643 4138 770 4191 inibi
808 4138 1137 4203 volveretur,
1190 4142 1515 4195 monaclunn
1565 4142 1729 4196 etiam
1771 4142 1877 4198 illic

288 4239 529 4287 stantem
588 4232 806 4296 tutudit,
855 4232 977 4285 licet
1011 4248 1185 4302 neque
1237 4234 1289 4288 in
1333 4234 1565 4299 duobus,
1605 4251 1777 4307 neque
1825 4238 1875 4292 in

290 4326 395 4380 hoc
422 4339 527 4377 uno
551 4324 840 4394 quidquam
871 4325 1106 4382 hesiouis
1130 4336 1315 4396 aperte
1341 4328 1592 4397 patuerit,
1612 4328 1712 4383 nisi
1735 4330 1877 4399 quod

287 4415 348 4471 in
393 4419 603 4471 eversis
649 4416 807 4485 hujus
859 4418 1032 4473 oculis
1081 4417 1149 4472 ab
1213 4436 1341 4473 arcu
1394 4421 1648 4476 decidens
1703 4422 1878 4492 pulvis

1986 550 2147 589 nemo
2165 544 2321 590 aetate
2348 537 2613 593 didicerit.
2640 536 2780 601 Vidi,
2808 538 2973 591 Deum
3026 546 3212 603 testor,
3238 548 3358 609 post
3382 538 3574 597 horam

1987 640 2092 694 qua
2142 626 2256 680 haec
2306 627 2639 691 acciderant,
2694 628 2866 683 beatae
2916 628 3008 682 Dei
3053 628 3572 703 Genitricisimagio

1989 730 2135 781 rtem,
2168 731 2288 785 quae
2340 715 2479 770 infra
2509 717 2829 771 crucifixum
2880 720 3057 773 stabat
3085 721 3229 774 vultu
3281 722 3417 778 adeo
3453 733 3583 779 tur-.

1987 808 2209 864 bulento
2259 818 2314 864 et
2385 826 2415 863 a
2468 810 2627 866 solita
2672 814 2963 868 serenitate
3005 824 3230 882 mutato,
3251 827 3313 872 ut
3360 820 3577 889 penitus

1988 900 2218 955 alterata
2252 901 2545 956 videretur.
2576 902 2677 967 Qui
2708 918 2830 958 eum
2870 919 2990 959 meo
3033 906 3250 962 lntuitui
3301 924 3408 963 non
3450 908 3572 965 cre-

1989 992 2198 1056 dcrcm,
2245 992 2359 1047 haec
2402 992 2516 1061 ipsa
2562 994 2727 1048 etiam
2787 995 2853 1049 ab
2907 996 3030 1051 aliis
3084 1009 3266 1054 nctata
3325 1003 3573 1072 cognovi.

1988 1082 2283 1154 Postquam
2318 1094 2495 1139 autem
2523 1100 2554 1138 a
2589 1094 2828 1154 stupore,
2861 1088 2952 1157 qui
2985 1102 3049 1144 ex
3080 1098 3271 1146 event'n
3308 1093 3396 1147 illo
3428 1097 3573 1151 acci-

1994 1175 2172 1240 derat,
2202 1176 2502 1245 experrecti
2554 1192 2760 1239 sumus,
2795 1187 2848 1231 et
2880 1178 3217 1238 confessione
3253 1184 3412 1251 facta,
3448 1188 3577 1257 quid

1990 1279 2089 1335 pro
2120 1269 2358 1337 peccatis
2392 1268 2594 1324 nostris
2621 1268 2764 1339 passi
2805 1283 3043 1332 eramus,
3079 1288 3240 1342 supra
3272 1289 3435 1343 quam
3466 1276 3575 1335 dici

1991 1357 2062 1412 ab
2102 1358 2319 1415 homine
2350 1370 2546 1430 potest,
2580 1361 2764 1417 tristes
2800 1377 3029 1431 pensare
3056 1366 3342 1434 coepimus,
3379 1377 3430 1423 et
3469 1380 3579 1424 sta-

1972 1454 2090 1529 tuti
2123 1471 2152 1508 a
2190 1455 2298 1508 Deo
2329 1465 2517 1510 contra
2573 1456 2738 1514 facies
2792 1467 3008 1512 nostras
3036 1473 3102 1513 ex
3159 1469 3405 1529 respectu
3450 1476 3579 1517 con-

1988 1551 2342 1605 scientiarum
2399 1565 2707 1608 nostrarum
2733 1554 3022 1609 didicimus
3077 1570 3240 1625 quam
3277 1554 3423 1623 juste
3453 1568 3579 1625 per-

1991 1642 2295 1703 tulerimus,
2354 1644 2497 1698 illico
2556 1646 2656 1715 pize
2722 1645 2910 1701 Matris
2963 1645 3155 1701 faciem
3216 1647 3268 1700 in
3326 1660 3575 1702 serenum

1991 1748 2203 1787 versant
2227 1734 2480 1789 vidimus.
2512 1733 2738 1790 Omnem
2785 1753 2917 1792 sane
2946 1738 3101 1791 fidem
3155 1747 3372 1808 superat
3424 1737 3575 1794 dolor

1919 1806 1963 1862 Β
1988 1838 2043 1883 et
2068 1827 2261 1899 pudor,
2305 1831 2392 1899 qui
2425 1831 2475 1884 in
2515 1833 2671 1886 nobis
2699 1833 3011 1900 aliquandiu
3040 1834 3161 1888 fuit.

2064 1920 2265 1974 Iterum
2294 1922 2357 1974 de
2395 1921 2637 1991 fulmine.
2666 1953 2733 1963 -—
2767 1923 2893 1978 Post
2922 1940 3123 1994 paucos
3156 1924 3443 1978 admodum
3475 1940 3575 1978 an-

1990 2028 2090 2067 nos
2132 2028 2254 2066 cum
2300 2012 2456 2080 hujus
2496 2012 2608 2081 jam
2646 2015 2906 2067 memoria
2962 2015 3090 2069 facti
3144 2015 3384 2069 omnium
3438 2028 3577 2083 pene

1986 2104 2397 2159 oblitteraretur
2419 2104 2701 2169 abanimo,
2726 2104 2901 2159 simile
2934 2105 3072 2160 Deus
3102 2106 3577 2162 commonitorium

1990 2196 2262 2265 repetivit,
2299 2204 2524 2263 excepto
2552 2196 2693 2263 quod
2737 2195 3007 2249 neminem
3058 2195 3216 2250 hesit.
3265 2196 3399 2250 Nam
3422 2197 3577 2266 juxta

1988 2289 2315 2341 eminentem
2345 2304 2575 2343 camerae
2607 2287 2885 2358 cujusdam
2913 2289 3184 2342 caminum
3226 2300 3365 2359 pavo
3420 2297 3579 2343 nocte

1990 2381 2309 2435 substiterat
2339 2380 2643 2449 quieturus,
2688 2380 2739 2432 in
2770 2389 2977 2433 tantum
3002 2389 3061 2434 ut
3086 2392 3145 2434 sc
3179 2388 3344 2435 totum
3372 2380 3421 2433 ei
3451 2380 3577 2433 dum

1988 2489 2181 2528 somno
2219 2474 2614 2542 deprimeretur
2680 2473 3037 2543 imprimeret.
3090 2472 3379 2527 chrivitas
3405 2473 3579 2527 sancti

1988 2563 2176 2620 Jacobi
2240 2564 2492 2634 apostoli,
2552 2574 2604 2616 et
2656 2565 2859 2632 pariter
2915 2565 3192 2619 Dominica
3234 2564 3573 2631 habebatur;

1990 2672 2111 2711 eum
2145 2665 2306 2710 nocte
2348 2656 2526 2725 gravis
2556 2656 2790 2711 tonitrus
2823 2655 3003 2726 fragor
3038 2657 3335 2717 insisteret,
3372 2655 3577 2710 fulmen

1989 2750 2203 2803 camino
2232 2749 2409 2811 irruit,
2440 2750 2696 2819 quidquid
2727 2751 2841 2820 ejus
2872 2760 3103 2804 camerae
3128 2750 3398 2805 eminebat
3452 2750 3579 2806 sub-

1989 2842 2119 2906 ruit,
2154 2856 2290 2911 pavo
2321 2842 2367 2895 ei
2407 2841 2723 2895 IllCllmIlBllS
2769 2841 3059 2897 immobilis
3095 2842 3265 2907 stetit,
3318 2841 3578 2911 puerulus

1988 2936 2289 2990 monachus
2334 2933 2517 2989 subter
2566 2935 2840 2989 dormiens
2914 2951 2981 2989 ne
3030 2949 3058 2987 a
3121 2948 3315 2987 somno
3358 2934 3576 3004 quidem

1988 3038 2069 3081 est
2100 3026 2352 3091 excitus;
2407 3025 2640 3080 famulus
2689 3034 2868 3079 autem
2910 3024 3129 3093 quidam
3180 3032 3401 3092 stupore
3431 3025 3579 3093 capi-

1991 3121 2061 3176 tis
2081 3136 2146 3176 ac
2173 3120 2557 3187 membrorum,
2575 3120 2707 3173 dure
2730 3127 2814 3173 est
2838 3122 3116 3177 attonitus.
3153 3114 3314 3173 Juxta
3359 3118 3577 3174 beatum.

1987 3214 2373 3284 Augustinum,
2444 3208 2598 3284 [non]
2653 3210 2853 3264 frustra
2922 3220 3131 3264 montes
3182 3210 3337 3264 Deus
3367 3220 3459 3264 aut
3500 3210 3579 3267 in-

1987 3306 2263 3362 sensibilia
2287 3307 2540 3375 percutit,
2559 3305 2653 3360 sed
2683 3315 2740 3359 ut
2760 3323 2788 3358 a
2808 3304 3230 3374 nobispensetur
3255 3305 3419 3373 quod,
3449 3303 3577 3358 dum

1987 3416 2075 3469 ea,
2106 3417 2225 3471 quze
2252 3418 2356 3457 non
2390 3411 2639 3471 peccant,
2689 3402 2768 3456 sic
2807 3401 3035 3472 impetit,
3092 3416 3347 3469 magnum
3385 3400 3579 3471 judicii
3624 3430 3629 3433 η

1987 3493 2276 3549 discrimen
2350 3496 2701 3565 peccantibus
2777 3495 3043 3558 intendit,
3129 3494 3393 3548 nutricem
3478 3510 3578 3563 pro

1984 3586 2230 3655 exemplo
2289 3587 2528 3642 inferens
2592 3587 2759 3660 484
2810 3600 2928 3656 qna:
2981 3585 3122 3641 Iuste
3189 3594 3388 3640 terram
3458 3601 3579 3641 ver-

1984 3678 2160 3745 berat,
2194 3689 2253 3733 ut
2285 3680 2615 3741 infantulum,
2639 3682 2706 3735 ab
2738 3679 3147 3749 importunitate
3173 3688 3504 3748 compescat.

2056 3772 2132 3826 De
2162 3778 2555 3830 conversatione
2600 3776 2976 3829 monachorum
3026 3772 3244 3841 fulmine
3297 3781 3578 3830 (actorum.

1981 3896 2052 3909 —-
2084 3867 2351 3923 Prteteriit
2381 3884 2485 3930 me,
2521 3867 2645 3922 dum
2680 3868 2744 3922 de
2773 3867 2936 3936 priori
2967 3865 3264 3931 infortunio
3300 3863 3575 3934 loquerer,

1983 3959 2050 4013 de
2074 3959 2234 4013 trium
2270 3958 2480 4012 illorum
2530 3958 2618 4027 qni
2656 3958 2922 4028 perempti
2970 3967 3089 4011 sunt
3144 3956 3384 4011 moribus
3410 3955 3570 4025 loqui.

1982 4052 2098 4106 Duo
2147 4052 2413 4121 siquidem
2481 4051 2668 4104 novitii
2718 4050 2803 4104 vix
2869 4058 2992 4103 octo
3046 4049 3098 4102 in
3164 4047 3579 4103 conversatione

1983 4159 2201 4200 menses
2240 4143 2613 4213 impleverant,
2656 4158 2887 4212 quorum
2934 4140 3069 4212 alter
3101 4142 3202 4195 sub
3235 4140 3419 4194 colore
3448 4154 3577 4209 grao-

1981 4235 2169 4290 vitatis
2214 4236 2395 4288 minus
2439 4234 2578 4303 apud
2622 4248 2679 4287 se
2712 4233 2936 4286 idoneus
2980 4241 3113 4296 erat,
3147 4231 3284 4285 alter
3327 4230 3429 4284 sub
3470 4228 3575 4284 levi

1982 4328 2299 4382 habitudine
2347 4325 2419 4380 nil
2466 4326 2627 4380 nimis
2677 4325 2876 4379 odibile
2929 4324 3074 4378 intus
3120 4324 3261 4391 quod
3311 4323 3577 4377 sciremus

1982 4418 2234 4474 habebat.
2259 4418 2342 4482 Ili,
2378 4418 2549 4485 pridie
2572 4432 2734 4487 quant
2758 4424 3092 4487 paterentur,
3130 4415 3355 4469 multum
3383 4416 3482 4470 sub
3511 4432 3576 4470 αι

288 4512 564 4579 apparuit.
594 4509 726 4564 Illud
760 4512 952 4565 mirum
984 4512 1202 4581 quidem
1236 4511 1358 4577 fuit,
1387 4519 1528 4582 quod
1559 4515 1649 4583 qui
1681 4517 1876 4571 mortui
1910 4524 1956 4583 ι)
1984 4526 2145 4581 quam
2203 4510 2314 4563 (ΙὶΧί
2355 4511 2667 4564 (Ιὶνθνεὶιίιιθ
2709 4523 2768 4563 SC
2828 4515 3131 4578 gesseram.
3184 4521 3341 4561 111³118
3384 4509 3571 4570 Cliti“.

288 4610 419 4656 sunt
484 4601 777 4657 substitere
829 4604 1105 4669 sedentes;
1166 4620 1266 4659 nos
1314 4621 1444 4660 vero
1490 4607 1582 4675 qui
1640 4606 1880 4665 fulminis

288 4696 635 4751 vehementia
692 4707 1065 4767 stupescentes
1115 4715 1250 4769 pene
1297 4701 1578 4756 exanimes
1639 4717 1877 4770 eramus,

290 4792 446 4861 proni
481 4792 531 4845 in
562 4792 850 4847 alterutros
884 4809 1180 4847 rucrantus.
1219 4793 1397 4864 Aliqui
1429 4803 1607 4850 autem
1638 4806 1877 4852 nostrum

288 4882 382 4949 qui
414 4884 727 4947 cecidimus,
771 4899 799 4936 a
850 4885 1067 4954 cingulo
1112 4885 1337 4940 inferius
1366 4900 1584 4940 sensum
1633 4889 1880 4957 corporis

288 4980 508 5030 onlnem
537 4977 913 5045 perdiditnus;
950 4978 1117 5047 aliqui
1152 4980 1286 5033 adeo
1325 4978 1436 5033 lzesi
1469 4987 1592 5034 sunt
1627 4990 1684 5033 ut
1734 4990 1879 5036 metu

289 5069 485 5121 mortis
549 5084 706 5123 sacro
741 5070 1026 5124 confestim
1063 5071 1182 5125 oleo
1230 5087 1324 5125 eos
1370 5072 1773 5143 innugeremus.
1822 5074 1878 5128 In

289 5162 648 5230 quorumdam
685 5163 836 5218 sinus
871 5162 1087 5217 ﬂatnma
1134 5164 1445 5218 subiutroiit
1472 5174 1526 5219 et
1578 5165 1713 5235 pilos
1756 5167 1878 5221 uni~

289 5266 479 5311 versos
504 5254 760 5319 adurens,
794 5261 849 5307 et
873 5252 1213 5315 aseellarnm,
1251 5270 1369 5324 quae
1396 5254 1679 5308 subhireos
1707 5256 1877 5310 nomi-

278 5354 448 5410 nant,
503 5355 879 5401 succremcnta
929 5346 1285 5417 conﬂagrans,
1322 5347 1542 5418 pe’dulcs
1590 5363 1652 5403 ac
1702 5349 1879 5405 soleas

288 5441 622 5512 pertusando
651 5456 747 5510 per
772 5452 1014 5494 extrema
1050 5441 1416 5511 progreditur.

360 5533 606 5601 Deipm‘ie
664 5534 908 5603 imaginis
967 5534 1128 5603 furius
1189 5536 1350 5587 tristis
1405 5536 1877 5603 apparet—Dici

290 5644 397 5685 non
430 5636 610 5697 potest
640 5644 799 5696 quam
824 5628 1155 5697 iudicialiter
1180 5629 1231 5682 in
1263 5643 1536 5684 momento
1570 5629 1655 5681 illo
1685 5630 1879 5684 caeles-

292 5722 364 5776 tis
414 5719 695 5789 disciplina
750 5720 978 5773 :.evieril
1022 5762 1034 5785 ,
1102 5738 1195 5791 per
1250 5738 1383 5791 (pios
1441 5724 1715 5776 anfractus
1773 5725 1877 5778 huc

294 5814 533 5887 illucque
584 5813 923 5883 discurrerit,
982 5815 1109 5883 quid
1178 5815 1417 5883 laeserit,
1477 5815 1603 5885 quid
1647 5814 1876 5881 usserit,

1978 4621 2091 4676 quo
2118 4606 2231 4659 haec
2280 4605 2643 4672 contigerunt,
2695 4616 2815 4656 cum
2853 4600 3075 4655 lonitrui
3103 4615 3265 4656 voces
3302 4600 3388 4656 ille
3422 4611 3573 4656 exte-

1986 4700 2100 4755 rius
2162 4698 2297 4753 levis
2352 4699 2614 4761 audisset,
2666 4697 2826 4751 verba
2881 4694 3077 4749 eximie
3125 4694 3305 4749 dicere
3352 4693 3575 4749 ridicula

1983 4794 2176 4865 coepit,
2228 4793 2517 4861 statimque
2575 4791 2785 4845 intrans
2840 4788 3125 4844 ecclesiam
3190 4788 3356 4845 ictum
3422 4787 3572 4840 illum

1982 4904 2142 4959 quem
2181 4886 2298 4941 risit
2327 4883 2565 4951 excepit.
2621 4884 2685 4936 At
2729 4882 2921 4936 tertius
2970 4880 3230 4935 vocabulo
3279 4879 3569 4943 liobertus,

1982 4979 2075 5051 qui
2104 4978 2237 5033 etin
2295 4974 2494 5032 saeculo
2521 4972 2782 5029 Columba
2815 4971 3320 5053 cognorrtinabatur,
3351 4968 3419 5023 ob
3450 4968 3564 5021 sin-

1982 5089 2166 5131 ceram
2213 5087 2375 5143 quam
2416 5068 2648 5125 habebat
2705 5068 3133 5137 simplicitatem,
3182 5063 3401 5131 juvenis
3442 5071 3572 5117 tunc

1982 5165 2172 5235 primis
2245 5164 2397 5234 genis
2472 5160 2911 5232 pubescentibus,
2965 5158 3018 5211 in
3101 5156 3245 5211 omni
3315 5156 3569 5226 cognitus
3620 5204 3637 5210 ,ν

1983 5258 2289 5322 honestate,
2327 5259 2378 5309 in
2414 5254 2786 5310 ecclesiastico
2818 5268 2879 5307 ac
2910 5250 3153 5306 fraterno
3181 5248 3357 5305 cilicio
3391 5257 3570 5304 tanto-

1982 5368 2110 5423 pere
2136 5361 2254 5406 erat
2285 5350 2567 5420 expeditus
2608 5357 2661 5402 et
2690 5347 2863 5403 solers
2891 5354 2952 5401 ut
2986 5346 3224 5401 vicarius
3270 5361 3407 5415 pene
3438 5360 3569 5415 quo-

1984 5442 2112 5496 tidie
2141 5441 2383 5495 omnium
2434 5439 2742 5493 haberetur.
2792 5438 3063 5506 Attigerat
3101 5446 3281 5491 autem
3328 5444 3384 5492 et
3427 5436 3567 5491 tene

1983 5531 2411 5603 gratmnaticam.
2442 5530 2488 5583 Is
2516 5530 2776 5584 matutina
2810 5530 2893 5583 illa
2922 5532 3077 5593 hora,
3106 5548 3225 5601 qua:
3250 5531 3319 5587 ibi
3350 5531 3570 5587 fovebat

1972 5626 2233 5690 exitium,
2279 5640 2399 5677 cum
2449 5640 2533 5678 me
2560 5634 2887 5691 surgentem,
2950 5636 3008 5678 ut
3036 5625 3226 5679 solitus
3257 5636 3391 5687 erat,
3428 5628 3566 5695 prai-

1981 5720 2219 5772 venisset
2268 5720 2318 5774 in
2365 5720 2600 5773 (laustro
2635 5718 2844 5784 sedere,
2899 5720 3221 5792 significavit
3264 5722 3392 5774 mihi
3425 5719 3567 5789 quod

1982 5814 2292 5883 ingentibus
2344 5824 2395 5868 et
2458 5812 2663 5884 reliquo
2720 5810 3214 5886 corporeittnagnis
3290 5810 3566 5869 doloribus
