3982 6346
556 353 667 416 887

1303 360 1359 418 V.
1394 359 1722 423 GUIBERTI
1750 360 2043 421 ABBATIS
2064 362 2123 420 S.
2160 360 2401 423 MARLE
2421 366 2509 426 DE
2546 368 2947 433 NOVIGENTO

3658 396 3723 455 888

555 481 867 548 angeretur.
916 474 981 531 Et
1018 474 1247 533 subinde
1285 488 1615 577 commotum
1698 479 2039 547 respectabat
2070 477 2136 533 ad
2165 477 2215 535 A
2247 496 2267 531 ι
2299 479 2414 537 Nisi
2441 484 2676 542 confessi
2707 491 2941 556 fueritis,
2993 487 3324 547 moriemini.
3357 512 3378 547 ι
3423 494 3516 565 Qui
3543 515 3727 575 apem.

554 584 760 633 aerem,
804 586 868 626 ex
896 585 1005 641 quo
1045 579 1100 627 ct
1123 586 1245 626 mox
1285 571 1561 627 occubuit.
1597 572 1734 629 Ecce
1762 582 1891 629 ante
1920 573 2135 629 ruinam

2239 583 2360 672 ctus
2411 578 2622 672 horruit
2670 582 2931 653 scipsum,
2958 584 3053 639 sed
3102 593 3393 657 antequam
3438 593 3730 672 conﬁteretur,

550 674 650 719 cor
691 661 899 718 illorum
932 663 1163 718 duorum
1213 664 1576 731 exaltahatur,
1627 681 1878 735 quorum,
1911 675 1972 721 ut
2016 680 2139 721 ere-
2239 665 2385 722 subit
2416 666 2722 737 hujusmodi
2775 687 2897 727 cum
2950 674 3169 731 caeteris
3213 678 3455 735 omnibus
3493 661 3732 761 periculum;
3830 684 3831 733 l

524 753 748 819 rdimus,
788 754 839 809 in
895 753 987 810 Dei
1031 753 1236 824 judicio
1290 756 1535 813 severior
1593 771 1718 812 mox
1781 766 1900 812 erat
1953 755 2134 811 futura

549 846 851 914 sententia;
907 846 1136 918 gloriam
1167 864 1300 904 vero
1340 850 1393 905 in
1430 850 1535 905 isto
1571 850 1912 920 praecedebat
1954 848 2136 904 humi-

546 938 696 1005 litas,
743 941 831 997 cui
884 952 940 997 et
985 941 1131 997 illico
1191 942 1320 997 nulli
1360 942 1584 999 dubium
1613 943 1740 1013 quin
1783 944 1962 999 divina
1995 941 2136 1000 foret.

548 1048 834 1090 accessura
875 1034 1203 1091 sublimitas.
1238 1035 1375 1092 Nam
1426 1039 1637 1095 cuidam
1668 1041 2131 1098 mox~revelatum

545 1134 632 1180 est
660 1124 787 1194 quia
841 1125 897 1183 hi
929 1134 1041 1183 tres
1071 1127 1295 1183 Romam
1330 1130 1398 1185 ad
1435 1130 1694 1188 Sanctum
1721 1132 1941 1189 Petrum
1990 1134 2136 1206 pari-

548 1222 633 1270 ter
673 1216 1126 1287 commigrarent,
1175 1218 1270 1273 sed
1302 1219 1408 1274 duo
1437 1221 1777 1291 umbratiles,
1825 1233 1879 1279 et
1903 1222 1996 1295 qui
2041 1223 2133 1280 vix

545 1306 718 1363 videri
756 1317 992 1379 possent,
1034 1310 1225 1366 tertius
1257 1310 1343 1367 ille
1370 1312 1606 1382 albatus,
1651 1323 1708 1371 et
1739 1315 1896 1373 solita
1925 1316 2136 1389 sagaci-

549 1407 664 1456 tate
687 1400 869 1469 vivax,
898 1416 963 1459 ac
1000 1402 1217 1458 mobilis
1246 1406 1592 1476 properabat.

617 1494 863 1551 Accessit
905 1503 1027 1566 post
1073 1496 1278 1567 aliquot
1322 1514 1495 1555 annos
1534 1500 1648 1570 jam
1676 1500 1886 1558 lhorum
1926 1503 2137 1571 oblitis,

547 1593 604 1640 et
629 1587 926 1642 securitate
974 1590 1335 1658 torpentibus,
1383 1591 1542 1647 tertia
1584 1594 1875 1650 correctio.
1908 1594 2038 1650 Jam
2066 1593 2136 1653 ab

544 1676 776 1733 ecclesia
826 1678 1016 1734 eadem
1063 1677 1274 1735 fueram
1314 1681 1614 1753 digressus.
1671 1684 1829 1741 Mane
1871 1686 2131 1757 quodam,

546 1782 656 1837 quo
696 1769 849 1824 lieret
888 1782 1252 1841 tctnpestnosa
1302 1775 1615 1839 commotio,
1646 1775 1712 1830 ad
1743 1776 1915 1849 majus
1961 1779 2133 1834 altare

544 1862 766 1920 litanias
817 1867 1088 1921 cantaturi
1121 1878 1521 1937 processerant.
1573 1869 1631 1925 In
1660 1869 1826 1927 choro
1862 1872 2030 1936 enim,
2080 1872 2134 1927 in

544 1971 657 2027 quo
703 1956 940 2027 primum
992 1958 1285 2025 ceciderat,
1336 1960 1633 2016 subsistere
1682 1977 1789 2017 non
1842 1963 2132 2030 audebant,

546 2062 671 2101 cum
703 2046 883 2102 subito
918 2048 1133 2103 ﬂamma
1186 2066 1422 2121 superna
1473 2051 1614 2116 ruit,
1664 2062 1741 2118 et,
1771 2054 1930 2109 sicuti
1974 2055 2008 2109 ii
2040 2056 2135 2125 qui

546 2139 732 2196 videre
789 2142 969 2196 teStati
1020 2150 1167 2208 sunt,
1214 2158 1385 2213 usque
1446 2145 1514 2198 ad
1558 2146 1744 2202 altaris
1804 2148 2136 2218 crepidinem

544 2231 938 2299 denscscendo,
972 2234 1258 2291 circuitum
1285 2236 1403 2307 ejus
1432 2245 1572 2292 tetra
1621 2238 1689 2293 ad
1730 2239 2008 2309 sulphuris
2056 2238 2141 2293 in-

548 2333 669 2381 star
696 2326 959 2397 implevit.
1010 2326 1237 2383 Cuidam
1283 2329 1549 2385 monacho
1585 2331 1904 2403 presbytero
1952 2332 2140 2389 oculos

548 2419 621 2475 ibi
679 2418 929 2486 obduxit,
990 2421 1200 2477 duobus
1246 2422 1432 2493 pueris
1480 2425 1547 2478 ad
1600 2424 1785 2479 altaris
1837 2426 2141 2495 pedauettm

552 2513 731 2581 capita
782 2511 1128 2577 habentibus,
1183 2528 1250 2567 ac
1293 2515 1600 2582 prostratis,
1641 2530 1869 2584 quorum
1909 2516 2047 2571 alter
2071 2531 2141 2571 ex

547 2602 737 2659 Judaeo
761 2619 1078 2670 conversus,
1108 2606 1203 2659 sed
1232 2605 1656 2673 pra-cordialiter
1683 2607 1857 2662 ﬁdelis
1892 2616 2029 2673 erat,
2074 2607 2143 2664 ab

550 2693 708 2749 altari
755 2695 1003 2761 sublatis,
1067 2696 1364 2766 proculque
1422 2698 1725 2765 transactis,
1779 2699 1941 2769 pedes
1990 2708 2141 2755 aram

550 2801 766 2853 versus,
795 2797 956 2857 caput
982 2789 1051 2844 ab
1076 2788 1263 2844 abside
1302 2789 1563 2860 parietem
1617 2791 1748 2861 ipsis
1781 2791 2144 2848 nescientibus

552 2887 737 2935 motus
766 2879 854 2936 ille
881 2881 1172 2936 convertit.
1204 2882 1426 2945 Arcam,
1472 2897 1592 2950 quae
1637 2892 1759 2953 post
1801 2883 1971 2940 altare
2003 2892 2142 2951 erat,

548 2985 650 3043 per
682 2971 799 3028 loca
856 2973 1147 3029 debilitans
1199 2971 1399 3030 fulmen
1448 2974 1673 3040 introiit,
1724 2976 1993 3045 planetam
2024 2991 2146 3046 quae

553 3068 841 3140 pretiosior
863 3068 1173 3140 putabatur.
1201 3084 1325 3125 cum
1375 3084 1503 3139 pars
1534 3068 1765 3143 plurima
1799 3072 1868 3126 ibi
1900 3070 2146 3128 thesauri

2237 760 2330 829 qui
2358 761 2644 820 confessus
2666 764 2798 836 justi
2830 764 3023 835 judieii
3069 784 3329 841 magnum
3367 771 3503 829 dedit
3524 760 3731 841 indicium.
3832 778 3833 801 ‘

2236 851 2345 909 Pro
2377 872 2486 926 quo
2527 856 2637 927 iam
2662 862 3017 918 consternato
3057 864 3399 932 discrimine,
3449 867 3527 924 die
3561 875 3739 941 quola:
3834 872 3835 875 “

2238 947 2473 1015 primum
2505 949 2773 1016 accidere,
2802 952 3060 1023 perennia
3090 948 3389 1027 quotannis
3425 969 3536 1013 sunt
3561 960 3740 1025 instituta

2233 1036 2466 1108 jejunia,
2499 1040 3079 1118 eleemosynarumqne
3108 1047 3395 1103 beneﬁcia.
3432 1050 3513 1122 (“)
3543 1050 3672 1110 Missa
3699 1062 3742 1114 ad

2237 1131 2454 1187 beatam
2527 1132 2755 1190 Mariam
2810 1144 2865 1192 et
2917 1136 2987 1193 de
3044 1138 3164 1209 ipsa
3208 1140 3548 1211 quotidiana,
3608 1159 3743 1216 preter

2237 1225 2379 1284 hanc
2403 1243 2619 1300 quoque
2646 1229 2813 1286 missa
2841 1231 2906 1287 de
2932 1229 3107 1288 Natali
3149 1232 3369 1291 Domini
3396 1234 3459 1289 ad
3485 1234 3627 1291 altare
3655 1238 3748 1295 Sau-
3842 1248 3843 1257 ‘

2237 1320 2311 1375 cti
2346 1319 2627 1379 Michaelis
2662 1322 2811 1379 omni
2847 1321 3159 1380 Dominica.
3213 1324 3321 1382 Sed
3343 1323 3453 1397 jam
3478 1341 3746 1400 properemus
3844 1342 3845 1353 ‘

2239 1415 2308 1471 ad
2345 1414 2474 1472 alia.

2806 1487 3035 1546 CAPUT
3073 1488 3270 1545 XXIV.

2228 1601 2237 1610 ο
2309 1578 2588 1636 Damone:
2625 1588 2822 1636 terrent
2840 1581 3161 1636 monachum
3200 1582 3360 1636 morti
3383 1584 3662 1652 proximum,
3690 1588 3748 1658 qui

2235 1671 2381 1726 malo
2424 1672 2531 1740 ﬁne
2578 1673 2753 1742 periit.
2786 1701 2858 1715 --
2906 1672 2984 1728 Eo
3034 1688 3205 1740 anno,
3266 1674 3377 1730 imo
3429 1687 3541 1747 post
3586 1688 3751 1747 quatuor

2239 1763 2401 1836 primi
2426 1778 2588 1820 casus
2613 1779 2852 1832 menses,
2880 1764 3101 1836 quidam
3148 1767 3455 1823 monachus
3493 1768 3652 1824 ordine
3671 1785 3752 1839 pre-

2240 1858 2445 1929 sbyter,
2483 1858 2678 1914 matris
2703 1874 2837 1915 mere
2880 1860 3158 1931 quondam
3198 1860 3254 1916 in
3283 1861 3477 1917 saeculo
3503 1862 3749 1932 capellauus,

2241 1953 2328 2007 vir
2384 1953 2450 2007 ad
2489 1953 2707 2008 oculum
2758 1962 2885 2010 tunc
2925 1954 3239 2027 religiosus,
3274 1956 3370 2012 sed
3429 1965 3545 2011 tunc
3579 1966 3625 2011 et
3660 1968 3754 2027 post-

2243 2046 2463 2101 modum
2495 2046 2644 2103 vitiis
2673 2048 3011 2112 enormibus,
3045 2063 3074 2102 a
3117 2048 3324 2120 quibus
3347 2049 3752 2105 custodiabumana

2243 2141 2506 2198 abstineri
2537 2157 2644 2199 non
2685 2150 2924 2213 poterat,
2954 2143 3439 2200 irretractabiliter
3468 2143 3667 2210 deditus,
3704 2143 3755 2196 lu-

2244 2232 2349 2289 cile
2395 2243 2641 2305 cmperat
2690 2234 2977 2291 inﬁrmari.
3034 2235 3137 2305 Qui
3194 2236 3524 2307 insperatam
3570 2236 3612 2291 in
3647 2235 3757 2291 biduo

2244 2327 2540 2395 perductus
2572 2326 2639 2382 ad
2672 2338 2923 2391 mortem,
2981 2327 3151 2398 erepit
3181 2328 3445 2384 atrociter
3482 2326 3574 2383 hac
3599 2327 3757 2399 illach

2244 2416 2411 2491 585
2446 2418 2747 2490 despicere.
2781 2419 3025 2490 Cumque
3073 2420 3242 2477 abiis
3278 2419 3373 2491 qui
3428 2434 3539 2474 esse
3572 2417 3665 2483 eius
3698 2433 3759 2471 που

2245 2521 2442 2568 verant
2495 2520 2779 2581 rogaretur
2802 2510 2933 2582 quid
2963 2521 3241 2577 cerneret,
3272 2510 3538 2584 respondit
3563 2524 3576 2563 :
3597 2510 3759 2564 [tantum

2247 2603 2463 2674 plenam
2494 2603 2743 2659 barbaris
2794 2602 3125 2659 hominibus.
3171 2604 3422 2673 Curaque
3462 2601 3530 2657 illi
3566 2599 3763 2669 intellige-

2249 2704 2374 2751 rent
2422 2696 2525 2752 sibi
2560 2710 2655 2751 eos
2695 2695 2786 2766 qui
2814 2693 3140 2750 videbantur
3179 2710 3293 2751 non
3349 2693 3483 2748 alios
3519 2704 3657 2763 quam
3686 2689 3759 2743 da-

2249 2803 2442 2845 mones
2500 2787 2827 2856 imminere,
2877 2796 3162 2858 cmpernnt
3227 2788 3278 2844 ei
3334 2796 3605 2857 suggerere
3645 2789 3691 2834 ut
3721 2793 3759 2833 se

2249 2885 2511 2955 signaret,
2539 2892 2596 2938 et
2624 2885 2838 2939 beatam
2868 2881 2963 2938 Dei
2990 2881 3333 2939 Genitricem
3368 2880 3603 2937 invocare
3633 2886 3757 2945 spen-

2249 2984 2334 3031 ret
2366 2991 2382 3029 :
2435 2993 2455 3027 r
2481 2972 2674 3047 Spem,
2716 2974 2914 3045 inquit,
2941 2982 2997 3027 et
3039 2972 3300 3029 ﬁduriam
3334 2973 3389 3027 in
3425 2971 3535 3041 ipsa
3577 2966 3763 3021 haberem

2249 3067 2355 3125 nisi
2387 3068 2623 3125 barones
2649 3066 2740 3123 isti
2770 3067 3105 3123 insisterent.
3134 3084 3152 3119 ι
3182 3066 3383 3121 Mirum
3412 3063 3546 3120 dictu
3569 3057 3683 3129 quod
3703 3056 3763 3110 ba-

550 3168 700 3217 esset
746 3159 1012 3229 ecclesiae,
1047 3160 1219 3218 solam
1246 3161 1352 3217 ﬁde
1399 3162 1664 3235 corrupit.
1703 3162 1869 3236 Cujus
1899 3164 2013 3221 lucc
2044 3166 2147 3221 mi-
2175 3190 2221 3254 ε
2255 3177 2419 3221 renes
2469 3175 2566 3219 eos
2617 3162 2918 3227 vocaverit,
2965 3160 3111 3232 quod
3162 3175 3234 3215 ex
3279 3158 3470 3216 Graeca
3514 3146 3764 3227 etymologia

553 3254 725 3308 renda
771 3254 913 3309 ratio
942 3262 1047 3309 est.

623 3347 667 3399 Δ
699 3358 825 3413 rege
855 3343 1179 3417 Anglorum,
1212 3344 1330 3401 viro
1358 3361 1582 3418 prorsus
1618 3345 1920 3418 illegitimo,
1958 3356 2014 3404 et
2044 3347 2150 3403 Ec-

553 3435 736 3493 clesiis
778 3438 1013 3503 infenso,
1038 3437 1130 3507 qui
1159 3438 1354 3505 Rufus,
1379 3438 1523 3511 quod
1552 3450 1607 3495 et
1636 3448 1772 3502 erat,
1802 3440 2150 3513 cognomina-

554 3530 721 3585 batur
749 3527 889 3598 (40),
938 3545 1101 3601 quem
1153 3530 1297 3587 Deus
1342 3532 1425 3587 sui
1481 3532 1649 3603 ipsius
1686 3532 1878 3588 amasii
1930 3532 2149 3603 sagitta,

556 3622 685 3678 dum
743 3630 1054 3687 venaretur,
1115 3623 1335 3687 occidit,
1373 3623 1589 3693 plaueta
1644 3625 1757 3693 ipsa
1805 3639 1876 3680 ex
1932 3614 2153 3681 nomine

559 3716 728 3790 petita
754 3725 857 3774 est.
907 3719 1007 3785 Qui
1040 3717 1291 3789 proprios
1326 3733 1449 3773 cum
1505 3718 1674 3775 nollet
1699 3717 1992 3774 exhaurire
2026 3718 2151 3774 the-

558 3823 774 3875 sauros,
822 3813 1150 3865 monachum
1193 3808 1353 3879 hujus
1382 3811 1458 3867 rei
1506 3820 1884 3867 exsecutorem
1915 3812 2153 3867 destina-

558 3899 641 3955 vit
678 3901 746 3955 ad
782 3896 1030 3955 abbatem
1082 3901 1395 3957 monasterii
1428 3902 1519 3973 (‘°)
1572 3900 1714 3973 quod
1754 3903 2048 3958 vocabatur
2085 3904 2151 3960 de

561 3991 731 4060 Bello,
794 3992 1059 4049 mandans
1098 3994 1145 4049 ei
1198 4003 1255 4049 ut
1303 3994 1610 4064 quindecim
1665 4009 1881 4051 marcas
1930 3996 2144 4067 argenti

564 4084 672 4157 ipsi
719 4085 989 4141 monacho
1041 4088 1216 4141 daret.
1259 4086 1471 4143 Abbate
1525 4101 1655 4143 vero
1722 4096 2004 4153 renuente,
2058 4102 2157 4159 per

566 4177 715 4251 regis
739 4176 1054 4235 vrolentiam
1084 4179 1398 4235 monasterii
1443 4181 1623 4249 praeda
1652 4178 1906 4243 abducta.
1941 4189 1998 4237 et
2029 4196 2157 4236 mox

566 4272 769 4329 marcis
794 4271 1129 4344 quindecim,
1161 4272 1322 4329 vellet
1340 4272 1524 4339 nollet,
1548 4274 1617 4330 ab
1644 4273 1832 4330 eodem
1852 4274 2048 4330 abbate
2072 4283 2159 4330 est

570 4362 871 4436 redempta.
902 4364 1029 4421 lude
1082 4362 1367 4436 sacrilega,
1418 4364 1526 4421 imo
1575 4380 1673 4435 per
1717 4365 2013 4437 sacrilegos
2044 4364 2156 4436 pla~

567 4464 699 4515 uela
738 4464 886 4513 tanta
918 4465 1003 4513 est
1046 4456 1212 4512 etiam
1268 4455 1460 4512 fraude
1502 4463 1775 4525 coempta,
1818 4471 1920 4511 nec
1962 4456 2158 4512 minori

2252 3270 2447 3328 graves
2487 3253 2782 3327 signiﬁcat.
2833 3252 2923 3319 Et,
2959 3269 2994 3308 ο
3024 3267 3189 3325 quam
3247 3249 3390 3308 male
3440 3261 3613 3321 graves
3638 3248 3763 3301 erant,

2251 3349 2343 3421 qui
2393 3364 2501 3404 non
2548 3346 2658 3416 iam
2708 3346 3028 3417 penitentia
3104 3355 3198 3401 aut
3255 3340 3580 3400 invocatione
3640 3333 3763 3403 aliqua

2252 3441 2468 3498 amoliri
2548 3439 2872 3496 valuerant!
2934 3438 3284 3511 interrogant
3336 3435 3557 3504 denique
3602 3428 3647 3484 in
3694 3437 3765 3493 quo

2252 3534 2594 3606 potissimum
2627 3539 2939 3603 angeretur.
2967 3530 3282 3602 Respondet
3315 3527 3404 3584 ille
3432 3526 3507 3583 sic
3530 3539 3582 3580 se
3604 3518 3766 3579 sentire.

2254 3642 2320 3683 ac
2358 3627 2405 3682 si
2454 3627 2647 3697 ingens
2686 3621 2989 3696 productile
3019 3621 3227 3678 ferrum
3255 3630 3445 3695 guttur
3468 3615 3574 3685 ejus
3607 3621 3650 3668 et
3672 3623 3767 3681 pra-

2254 3716 2463 3782 cordia,
2492 3714 2708 3771 ﬂamma
2734 3713 3190 3776 excandescente,
3222 3716 3521 3784 pernreret.
3550 3704 3662 3761 Cum
3703 3714 3769 3750 Iu-

2259 3820 2368 3868 tem
2410 3818 2556 3866 esset
2581 3823 2684 3865 nox
2715 3805 3079 3880 quietissima,
3108 3814 3166 3861 ut
3206 3820 3280 3861 ne
3302 3800 3590 3861 venticnius
3614 3790 3769 3851 audire-

2259 3916 2366 3973 tur,
2417 3912 2697 3977 coeperunt
2753 3904 3007 3959 fenestrae
3053 3899 3250 3955 domus
3293 3894 3580 3970 parietibus
3611 3880 3769 3957 appelll.

2256 4009 2315 4056 et
2341 3999 2498 4070 quasi
2523 4014 2591 4053 ex
2618 3996 2807 4067 aliqua
2842 3993 3162 4053 intrantium
3203 3988 3509 4063 frequentia
3535 3983 3772 4070 crebrojrc-

2257 4068 2489 4163 percuti.
2526 4089 2644 4145 Duo
2693 4102 2819 4144 eum
2867 4084 3141 4149 monachi,
3171 4083 3392 4140 cretei-is
3419 4081 3471 4135 in
3514 4077 3653 4131 deme
3685 4068 3772 4121 ἀοι*-

2258 4186 2574 4250 micutibus,
2607 4180 2983 4249 asservahant,
3032 4190 3111 4246 et,
3141 4178 3350 4234 conscii
3384 4170 3518 4247 quod
3563 4165 3666 4221 talia
3698 4173 3770 4261 non

2259 4295 2328 4336 ex
2368 4279 2513 4334 bono
2549 4249 2767 4339 ﬁerent,
2797 4271 3123 4328 :estuabant.
3155 4267 3306 4325 inter
3352 4267 3439 4323 illa
3466 4277 3586 4334 ergo
3605 4249 3771 4349 qua?

2258 4372 2442 4427 ximus
2478 4367 2645 4424 verba
2673 4337 2890 4421 elllavit.
2921 4362 3054 4417 Erat
3072 4369 3255 4415 autem
3299 4361 3460 4414 homo
3498 4347 3657 4409 multis
3677 4337 3774 4395 iudi-

2263 4461 2561 4534 gnitatibus
2600 4456 2874 4522 addictus,
2920 4455 3065 4510 unde
3094 4461 3151 4509 et
3177 4452 3342 4509 talem
3366 4450 3523 4506 vitam
3552 4439 3657 4499 talis
3680 4446 3772 4490 con-

571 4548 766 4605 fraude'
793 4548 1117 4621 composita,
1154 4558 1211 4603 ut
1241 4548 1292 4602 in
1330 4549 1692 4619 procurando,
1718 4550 1768 4602 in
1809 4547 2060 4613 emendo,
2103 4556 2162 4603 ut
2193 4550 2239 4607 D
2264 4563 2483 4612 secutus
2510 4560 2594 4610 est
2618 4550 2819 4606 exitus.

571 4641 945 4710 componendo
981 4651 1093 4696 tota
1122 4648 1334 4696 constet
1360 4641 1411 4695 in
1466 4641 1842 4697 inaledictionc
1879 4638 2107 4695 conﬂata
2137 4656 2153 4707 ;

572 4750 676 4794 nec
704 4736 851 4793 enim
883 4722 1120 4793 medium
1157 4736 1337 4807 pretii,
1367 4745 1652 4806 postquam
1681 4745 1802 4806 post
1831 4738 1972 4790 liunc
1996 4750 2160 4791 even-

573 4836 692 4885 tum
718 4828 773 4885 in
797 4837 982 4899 partes
1009 4828 1172 4884 missa
1207 4829 1548 4885 considerata
1582 4828 1996 4893 l‘nit,estvalere
2028 4842 2160 4898 pro-

574 4921 727 4979 beta.
758 4918 817 4975 In
852 4919 969 4990 ipsa
996 4917 1154 4989 plane
1181 4917 1297 4989 ejus
1335 4920 1728 4989 compositione
1756 4920 1923 4975 multa
1954 4928 2163 4990 empto-

574 5012 654 5067 ris
721 5008 875 5068 fraus
932 5010 1145 5067 detecta
1201 5019 1329 5066 tunc
1351 5019 1451 5066 est.
1525 5010 1652 5066 Haec
1716 5009 1878 5082 igitur
1938 5013 2165 5083 integris

499 5114 517 5139 ‘-
574 5105 792 5161 caeteris
836 5103 1176 5161 ornamentis
1216 5103 1297 5160 sic
1324 5112 1409 5159 est
1447 5104 1570 5174 jure
1594 5104 1869 5172 damnata,
1898 5103 2026 5161 licet
2062 5119 2164 5161 suo

576 5196 869 5252 mercatori
892 5195 1053 5252 simili
1082 5210 1301 5267 pat'sum
1345 5193 1593 5252 videatur
1614 5210 1645 5250 a
1674 5209 1852 5266 poena.

652 5288 879 5345 Cuidam
919 5298 1100 5346 autem
1134 5290 1401 5346 monacho
1446 5291 1754 5346 mordacem
1788 5290 1994 5362 gerenti
2023 5305 2156 5348 con-

580 5381 868 5439 scientiam
891 5392 1019 5438 ante
1044 5380 1148 5438 hoc
1173 5380 1375 5439 factum
1405 5382 1509 5439 tale
1531 5382 1660 5453 quid
1692 5382 1969 5453 apparuit:
1986 5382 2169 5456 Imago

580 5474 799 5533 Domini
829 5475 1073 5533 cruciﬁxi
1103 5477 1169 5532 de
1199 5491 1360 5534 cruce
1391 5476 1719 5534 descendere
1748 5475 2055 5544 videbatur,
2102 5477 2169 5535 de

582 5565 859 5632 manibus,
885 5564 1075 5635 latere,
1130 5583 1193 5625 ac
1250 5568 1477 5639 pedibus
1527 5568 1790 5639 sanguine
1841 5568 2166 5626 exsﬁllante.

586 5660 907 5747 Peruchori
961 5660 1197 5718 medium
1256 5661 1514 5718 incedens
1560 5662 1745 5747 dicere
1800 5663 2168 5722 audiebatur:

659 5837 774 5913 (ιο)
803 5834 1125 5903 σαίιιοιωυε
1144 5834 1213 5914 ιιι

2334 4646 2391 4701 1η
2447 4643 2765 4701 cmmeterio
2817 4639 3063 4698 ecclesia
3098 4636 3244 4694 illius
3285 4633 3579 4708 sepulcrum
3612 4617 3772 4717 cui???

2264 4738 2524 4798 defuncto
2556 4735 2824 4792 monacho
2855 4731 3182 4805 parabatur;
3221 4743 3325 4785 nec
3348 4705 3457 4786 ille.
3484 4719 3562 4779 cui
3590 4714 3634 4772 id
3653 4705 3771 4766 olidi

2264 4828 2553 4894 attinebat.
2612 4826 2930 4885 meminisse
2960 4840 3068 4879 non
3099 4828 3335 4896 poterat.
3366 4830 3504 4876 eoae
3524 4813 3572 4868 in
3598 4807 3772 4902 loculi-

2266 4925 2471 4982 mulum
2502 4919 2767 4978 eﬁ’ecisse.
2798 4917 2961 4974 Fodit
2997 4916 3184 4989 igitur,
3215 4925 3272 4971 et
3309 4926 3432 4970 cum
3458 4906 3628 4965 altiora
3646 4900 3770 4995 pel?

2265 5030 2367 5082 set,
2409 5016 2648 5073 tabulam
2676 5028 2797 5086 quae
2826 5011 3054 5085 supponi
3102 5009 3241 5067 soch
3269 5004 3584 5079 sarcophago

2266 5128 2373 5184 qua
2401 5111 2630 5178 dimota,
2657 5122 2894 5164 vacuum
2941 5116 3082 5178 pene
3119 5102 3428 5175 sepulcrum
3479 5086 3671 5184 invenit.
3697 5086 3770 5184 nl“

2267 5175 2413 5279 quod
2442 5175 2713 5262 cucullum
2742 5203 2857 5274 (ε’),
2884 5175 3046 5273 quem
3084 5210 3407 5270 φρει-σηοω
3446 5187 3587 5257 vulgo
3613 5175 3769 5279 (ἀφ’

2268 5275 2387 5367 ron,
2412 5309 2468 5356 ct
2499 5299 2795 5371 capttchon)
2835 5303 3050 5363 vocant,
3105 5308 3227 5350 cum
3252 5291 3427 5363 capite
3447 5283 3693 5371 introrsum
3712 5275 3770 5319 η’

2267 5395 2466 5469 posito,
2497 5370 2838 5464 etrcrepidas
2868 5389 2994 5446 ferio
3023 5385 3353 5458 semiplenas
3380 5377 3531 5455 (quod
3547 5370 3652 5428 olim
3671 5370 3768 5469 teut:

2270 5447 2404 5560 pore
2434 5447 2726 5558 sepulturae
2754 5483 2954 5539 factum
2983 5490 3089 5549 est,
3143 5489 3201 5536 ut
3229 5479 3403 5550 magis
3428 5470 3635 5532 haeream

2274 5550 2394 5648 bus)
2446 5550 2513 5634 ad
2567 5576 2736 5647 pedes
2789 5574 3112 5645 sarcophagi
3163 5571 3387 5642 reperit,
3426 5568 3475 5621 in
3513 5550 3765 5652 totoatll‘eg

2272 5640 2452 5730 medio
2500 5640 2655 5728 nihil.
2712 5667 2867 5738 Quod
2910 5640 3036 5725 cum
3064 5640 3251 5737 ’ζευειπιί
3279 5661 3544 5724 vidissent,
3570 5640 3767 5707 nobiqu
