3982 6346
124 492 129 499 υ

1166 403 1257 462 DE
1298 402 1457 460 VITA
1490 400 1625 461 SUA
1652 402 1829 461 LIBRI
1860 403 2065 460 TRES.
2104 436 2175 449 —-
2199 404 2329 463 LIB.
2355 404 2395 463 1.

3296 408 3400 469 890

134 515 491 583 retulissent,
551 515 646 573 Dei
705 500 1181 590 incomprensibile
1223 520 1489 592 judicium
1533 520 1715 575 mirati
1748 500 1796 559 Α
1825 524 2062 580 hominis
2112 527 2366 597 pauperis
2414 539 2575 598 quem
2604 524 2783 598 pridie
2828 523 2969 582 male
3000 524 3399 597 eliminaverat,

131 624 329 666 smnus
363 626 378 665 :
406 623 526 680 quae
554 618 663 666 tam
699 611 907 667 occulte
935 628 1000 669 ac
1026 613 1300 669 subtiliter
1325 614 1440 670 fieri
1470 614 1717 684 pervide-
1763 640 1769 647 ο

131 716 279 756 inus.
311 700 367 755 ln
391 715 501 771 quo
530 700 659 756 illud
686 701 907 774 dignum
951 711 1033 760 cst
1061 704 1344 769 miraculo,
1376 705 1519 776 quod
1554 712 1717 774 caput.

130 791 210 847 ibi
246 793 556 847 dimissum.
580 790 791 864 Corpus
839 803 1018 851 autem
1050 811 1158 866 quo
1188 796 1297 852 Deo
1322 797 1522 868 placuit
1556 813 1587 852 a
1618 813 1716 855 suo

127 882 256 940 loco
296 895 641 955 exportatum
696 895 802 944 est.
866 887 965 943 Cui
1000 889 1177 945 simile
1208 890 1464 961 quiddam
1495 906 1525 946 a
1562 891 1716 948 bona:

125 978 413 1032 memoria-
434 976 682 1035 Manasse
702 979 1131 1053 archiepiscOpo,
1156 982 1396 1053 quiante
1420 983 1521 1039 hos
1541 999 1716 1040 annos

126 1064 452 1125 ﬁdelissime
498 1070 757 1138 decessit,
804 1080 861 1127 et
905 1075 1108 1130 certius
1151 1088 1183 1129 a
1238 1074 1521 1131 monachis
1568 1075 1714 1132 beati

120 1156 367 1232 Remigii
399 1161 453 1217 in
486 1160 740 1220 Remensi
771 1166 905 1222 urbe
928 1167 1184 1223 addidici.
1215 1167 1472 1224 Artatdus
1492 1168 1714 1239 quidam

120 1251 293 1322 nujus
317 1253 555 1311 civitatis
583 1256 1022 1331 archiepiscopus
1038 1259 1106 1314 ad
1122 1261 1288 1331 pedes
1319 1260 1462 1316 beati
1481 1259 1715 1334 Remigji

117 1350 405 1418 quondam
432 1350 610 1405 fuerat
632 1352 879 1421 sepultus
903 1371 919 1408 :
948 1354 1037 1425 qui
1060 1365 1184 1426 post
1214 1354 1443 1425 plurima
1469 1366 1712 1428 tempora

114 1455 193 1497 ex
223 1441 578 1500 aediﬁciorum
633 1446 1018 1503 mutandarum
1076 1448 1401 1506 necessitate
1450 1457 1710 1517 retectus,

120 1548 258 1590 cum
284 1535 403 1607 ejus
431 1536 739 1609 sepulcrum
789 1538 979 1596 fuisset
1013 1549 1283 1611 apertum,
1320 1540 1456 1597 nihil
1478 1540 1611 1598 inibi
1647 1541 1713 1597 de

112 1625 243 1699 ejus
277 1642 507 1701 corpore
554 1628 638 1687 eat
681 1632 905 1688 omnino
932 1643 1231 1704 repertum,
1264 1634 1478 1705 planeta
1504 1632 1618 1689 sola
1645 1633 1712 1689 de

111 1719 243 1791 ejus
294 1722 540 1781 vestibus
592 1722 703 1780 illic
733 1724 952 1781 residua
980 1728 1250 1797 apparuit,
1300 1742 1464 1798 quam
1493 1734 1710 1783 constat

1818 614 1920 670 sibi
1970 617 2163 671 obvius
2215 617 2335 680 fuit.
2368 627 2422 673 et
2468 618 2608 673 fuste
2634 616 2847 675 elevato
2884 619 3212 676 monachum
3242 622 3398 692 quasi

1816 722 2179 778 percussurus
2222 709 2475 779 impetiit.
2526 709 2697 765 Fores
2726 723 2960 779 namque
3000 709 3144 766 inter
3193 710 3396 769 clerum

1816 809 1874 856 et
1901 802 2156 872 populum
2180 801 2448 870 interjecti
2480 803 2703 875 parietis
2728 811 3039 875 aperuerat,
3063 813 3117 860 et
3143 806 3210 860 ad
3242 805 3397 874 alias,

1817 906 1916 964 per
1936 906 2073 964 quas
2096 891 2264 947 intrat
2290 892 2539 963 populus,
2565 894 2885 950 reseraudas
2908 896 3255 965 procedebat,
3274 912 3396 953 cum

1818 994 2043 1055 repente
2093 984 2458 1039 exterioribus
2483 985 2754 1041 obseratis
2790 985 2845 1041 in
2878 988 3025 1044 exitu
3057 989 3396 1045 anterior-um

1816 1076 2046 1133 amedio
2076 1076 2314 1133 basilicae
2370 1076 2459 1132 ille
2512 1077 2774 1132 simulans
2831 1093 2891 1134 se
2921 1078 3085 1135 ferire
3140 1078 3394 1152 prosiliit.

1814 1166 2059 1239 Cumque
2081 1167 2169 1223 ille
2184 1166 2501 1239 pavefactus
2526 1168 2804 1231 cessisset.
2835 1168 3109 1225 hominem
3123 1170 3399 1226 aestimans

1815 1275 1974 1332 quem
1999 1261 2255 1317 hesterno
2281 1262 2563 1327 arcuisset,
2583 1261 2634 1316 in
2661 1277 2721 1317 se
2735 1263 2954 1316 tandem
2983 1261 3166 1323 rediit,
3193 1270 3248 1315 et
3271 1264 3399 1317 dum

1814 1354 1952 1411 ostia
1976 1352 2246 1410 forinseca
2268 1354 2452 1410 clausa
2469 1364 2681 1425 pensat,
2704 1353 2977 1410 diabolum
2999 1356 3213 1409 tandem
3230 1353 3399 1409 fuisse

1814 1445 2062 1511 credidit,
2081 1447 2171 1516 qui
2194 1446 2629 1516 bocsiguosuum
2653 1446 2853 1517 opusin
2869 1446 3088 1501 homine
3102 1444 3397 1501 denotavit.

1887 1536 2155 1593 Molestia;
2185 1539 2427 1609 ingerunt
2449 1539 2711 1598 dammae:
2753 1536 3079 1608 agonizanti.
3102 1565 3173 1576 -
3198 1535 3254 1590 In
3286 1534 3402 1591 hie-

1814 1630 1943 1688 mali
1980 1640 2225 1702 tempore
2256 1630 2466 1686 dumad
2495 1639 2703 1686 natura:
2734 1629 2994 1701 requisita
3017 1635 3396 1699 consurgeret,

1812 1720 1989 1778 solitis
2021 1722 2169 1778 indui
2193 1721 2461 1794 pigritans
2483 1721 2592 1776 sola
2621 1719 2829 1776 cuculla
2848 1719 3018 1793 586
3042 1718 3394 1786 vestiebatur,

111 1813 254 1883 quia
299 1828 423 1870 cum
471 1815 590 1887 ejus
641 1832 873 1889 corpore
931 1834 1038 1877 non
1074 1820 1267 1883 tabuit.
1310 1821 1441 1891 quia
1481 1835 1708 1891 prorsus
1735 1852 1785 1915 Β
1812 1821 1869 1870 et
1904 1814 2049 1869 inter
2102 1827 2285 1870 moras
2324 1812 2445 1869 illas
2489 1811 2692 1884 frigore
2732 1811 3015 1867 mortifero
3067 1810 3391 1880 angebatur.

113 1904 291 1962 illaesa
319 1906 518 1978 patuit.
549 1906 616 1965 Et
644 1919 793 1965 certe
819 1908 868 1965 si
890 1908 1007 1979 ejus
1026 1926 1226 1981 corpus
1251 1910 1445 1967 ibidem
1470 1913 1705 1982 putruis-

110 2003 227 2061 set,
262 1998 414 2055 tabes
446 1998 632 2070 utique
656 1998 900 2055 casulam
944 2003 1299 2073 corrupisset.
1338 2002 1593 2060 Videmus
1620 2002 1707 2059 his

112 2089 482 2160 temporibus,
497 2105 618 2161 qua:
641 2091 781 2163 apud
797 2091 1019 2147 beatum
1039 2090 1358 2165 Gregorium
1374 2091 1704 2162 referuntur,

108 2194 286 2248 super
322 2181 611 2238 noxiorum
661 2183 1019 2241 cadaveribus
1073 2184 1167 2241 Dei
1198 2184 1403 2256 judicia
1433 2185 1705 2255 innovari,

110 2287 260 2344 quos
278 2287 374 2345 per
402 2289 558 2330 sacra
594 2274 711 2331 loca
734 2285 953 2333 constat
981 2277 1221 2334 indebite
1250 2277 1528 2335 tumulari.

191 2363 445 2422 Martialis
476 2383 594 2439 qua:
628 2370 790 2424 vitam
814 2369 950 2440 {cede
979 2379 1304 2443 transegerat
1326 2389 1419 2428 nec
1444 2373 1703 2443 paenitue-

112 2467 226 2525 rat,
252 2470 366 2530 post
393 2470 613 2517 mortem
639 2462 747 2518 vita
790 2471 868 2518 est
908 2463 1163 2536 torqueri.
1192 2492 1265 2504 -—
1285 2462 1343 2519 ln
1375 2465 1708 2521 monasterio

108 2552 392 2625 virginum
423 2553 648 2612 Cadomi
677 2556 997 2623 constituto,
1026 2559 1215 2629 quoda
1242 2557 1485 2614 Mathildi
1506 2559 1711 2632 Anglo-

111 2662 243 2703 rum
298 2648 484 2717 regina
538 2658 915 2707 constructum
981 2659 1088 2717 est,
1148 2666 1269 2723 quae
1327 2650 1601 2709 Guillelmi
1633 2669 1702 2711 ex

110 2736 619 2797 Northmannorum
649 2743 851 2798 comite
903 2743 1045 2815 regis
1100 2743 1214 2817 (qui
1246 2743 1452 2812 Anglos
1482 2747 1702 2802 eosdem

109 2833 430 2906 subegerat)
481 2850 617 2892 uxor
654 2834 789 2902 fuit,
831 2836 1098 2894 monacha
1152 2826 1399 2909 qutedam
1429 2837 1554 2906 fuit,
1585 2854 1705 2911 quae

111 2925 221 2983 sub
266 2927 505 2998 peccatis
563 2925 837 2999 aliquibus
879 2929 1042 2986 ftedis
1080 2943 1203 2986 sese
1251 2940 1557 3001 receperat,
1597 2946 1698 2989 nec

109 3032 446 3091 quocunque
502 3020 714 3075 monitu
768 3020 837 3076 ad
864 3022 1232 3078 conﬁtendum
1277 3023 1396 3094 cogi
1424 3032 1700 3094 potuerat.

111 3108 274 3167 lianc
314 3118 413 3166 sub
443 3124 509 3168 ea
539 3109 911 3169 obstinatione
948 3112 1086 3169 mori
1142 3122 1271 3172 tunc
1300 3116 1549 3187 contigit,
1580 3132 1702 3189 qua:

1809 1903 1921 1962 Nec
1964 1904 2134 1961 multo
2170 1914 2295 1976 post
2337 1916 2706 1961 extremarum
2759 1902 3007 1973 corporis
3049 1901 3284 1973 partium
3314 1909 3398 1955 tu-

1806 2014 1961 2057 more
2003 1999 2297 2070 perductus
2353 1999 2420 2054 ad
2469 2006 2728 2064 mortem,
2773 2010 2969 2052 nomen
3005 1995 3177 2066 ipsum
3204 1992 3397 2048 mortis

1807 2092 1930 2164 plus
1973 2091 2123 2162 justo
2174 2093 2404 2148 moleste
2447 2091 2676 2148 ferebat.
2712 2090 2954 2161 Cumque
3002 2088 3393 2155 indesinenter,

1809 2185 1953 2242 heu!
1988 2186 2092 2241 sibi
2124 2185 2225 2241 sub
2256 2185 2421 2240 tantis
2472 2183 2797 2239 mmroribus
2851 2182 3179 2247 clamitaret,
3208 2181 3276 2236 ad
3301 2196 3397 2236 ex-

1809 2285 2038 2334 tremam
2088 2278 2303 2334 devenit
2345 2279 2557 2334 horam.
2614 2276 2716 2346 Qui
2740 2284 2953 2347 sumpta
2988 2274 3391 2336 communione,

1807 2379 1865 2425 et
1904 2383 2003 2440 per
2030 2367 2123 2424 Dei
2162 2369 2397 2442 gratiam
2425 2378 2661 2435 retenta,
2718 2377 2917 2424 cratera
2968 2365 3112 2422 enim
3143 2365 3397 2420 redibant

1808 2462 2168 2529 advomitum,
2187 2462 2437 2535 spiritum
2448 2462 2561 2534 jam
2592 2459 2877 2517 laborabat
2912 2458 3215 2516 absolvere.
3247 2457 3394 2513 inte-

1806 2572 1903 2614 rea
1949 2570 2076 2613 cum
2128 2556 2247 2613 ha:e
2279 2557 2454 2628 prima
2488 2555 2682 2612 fierent
2731 2555 2866 2611 hora
2899 2552 3097 2616 noctis,
3132 2559 3186 2607 et
3212 2561 3396 2606 custos

1806 2652 2052 2709 ecclesia:
2105 2650 2188 2705 vir
2245 2650 2421 2705 bonus
2449 2663 2570 2706 sese
2601 2649 2844 2704 cubitum
2895 2646 3238 2713 collocasset,
3264 2657 3394 2699 ecce

1808 2746 1963 2803 audit
2023 2746 2079 2802 in
2127 2744 2467 2810 coemcterio,
2510 2740 2825 2813 quodjuxta
2854 2750 2997 2807 erat,
3028 2740 3284 2804 fratrum,
3312 2738 3394 2793 itt-

1806 2836 2202 2894 numerahilem
2252 2837 2561 2892 daemonum
2623 2833 2989 2904 frequentiam
3056 2831 3391 2888 consedisse.

1808 2930 1910 3001 Qui
1959 2947 2084 2986 cum
2146 2930 2376 2986 liberum
2408 2929 2472 2983 ad
2513 2928 2629 2984 htec
2669 2928 2951 2983 sentienda
2978 2925 3205 2981 haberet
3235 2923 3395 2980 intel-

1807 3023 2031 3090 lectum,
2089 3024 2337 3096 potentia
2403 3032 2583 3078 tamen
2630 3023 2863 3093 quadam
2904 3019 3176 3092 spirituali
3214 3019 3394 3091 depri-

1806 3126 2049 3175 meretur
2070 3117 2136 3172 ad
2169 3116 2363 3187 lingum
2392 3123 2447 3170 et
2470 3113 2716 3185 corporis
2743 3124 2969 3180 motum,
2994 3112 3273 3167 introeunt
3304 3125 3394 3165 ec-

110 3215 224 3258 nec
247 3201 391 3257 inter
418 3201 760 3259 moriendum
789 3202 922 3260 utile
951 3204 1250 3276 quidquam
1278 3206 1431 3262 dixit.
1457 3203 1704 3279 Cumque
1729 3218 1773 3279 (ς
1805 3212 2058 3279 clesiam,
2088 3219 2144 3267 et
2171 3218 2299 3266 ante
2329 3208 2528 3264 lectum
2568 3206 2687 3276 ejus
2710 3214 3076 3271 transeuntes,
3103 3206 3247 3261 inter
3266 3204 3397 3260 cho-

113 3310 225 3352 una
240 3310 305 3351 ex
332 3296 613 3354 sororibus
634 3297 687 3353 in
718 3296 912 3354 cellula
951 3313 1059 3371 qua
1087 3298 1177 3355 illa
1206 3298 1439 3367 obierat,
1463 3301 1698 3374 quadam

114 3399 278 3446 nocte
304 3389 590 3456 dormiret.
620 3390 770 3447 videt
812 3391 866 3448 in
893 3391 1099 3449 somnis
1125 3392 1179 3449 in
1209 3392 1327 3463 ipso
1361 3394 1579 3452 camino
1608 3396 1704 3452 do-

114 3498 240 3539 mus
255 3482 448 3539 nimios
469 3481 622 3556 ignes
651 3484 901 3549 accendi,
926 3499 1156 3556 eamque
1183 3485 1237 3541 in
1261 3486 1440 3544 medio
1467 3487 1701 3559 positam

114 3592 226 3633 non
277 3575 452 3632 solum
492 3575 840 3649 conﬂagrari,
893 3592 1082 3635 verum
1124 3595 1155 3635 a
1194 3579 1406 3636 duobus
1451 3580 1702 3651 malignis

114 3669 401 3741 spiritibus
452 3670 582 3728 hinc
610 3681 667 3727 et
720 3672 853 3729 inde‘
874 3672 1105 3728 duorum
1157 3673 1475 3730 malleorum
1503 3674 1703 3730 ictibus

115 3765 290 3821 tundi.
339 3764 471 3834 Qure
522 3781 645 3823 cum
679 3774 860 3823 tantas
888 3767 1103 3824 misera:
1137 3767 1280 3826 illius
1311 3768 1555 3824 mulieris
1588 3778 1700 3825 tor-

117 3858 292 3913 tiones
318 3857 644 3925 attenderet,
666 3858 902 3915 scintilla
925 3876 1032 3916 una
1062 3862 1460 3918 considerantis
1490 3861 1544 3917 iu
1567 3877 1700 3918 ocu-

114 3948 225 4007 lum
250 3965 320 4006 ex
358 3952 717 4022 percussione
766 3952 951 4009 mallei
980 3953 1096 4010 visa
1126 3938 1210 4012 est
1242 3954 1511 4012 evolasse.
1552 3954 1704 4012 Unde

114 4053 169 4102 et
196 4059 263 4100 ex
290 4044 539 4103 coctione
584 4045 869 4102 insidentis
902 4046 1123 4118 igniculi
1175 4062 1296 4104 eam
1338 4047 1702 4120 contigitevi~

114 4136 333 4209 gilasse.
387 4136 501 4207 Qua
530 4153 598 4195 ex
635 4152 695 4194 re
740 4136 941 4196 factum
990 4149 1076 4197 est
1110 4148 1188 4205 ut,
1226 4142 1369 4212 quod
1412 4141 1616 4197 viderat
1648 4143 1702 4196 in

113 4231 330 4303 spiritu,
386 4241 670 4303 pateretur
715 4232 770 4288 in
825 4248 1080 4305 corpore,
1134 4244 1194 4290 et
1240 4233 1704 4292 veritativisionis

112 4339 282 4384 verax
306 4335 635 4399 congrueret
656 4328 1026 4384 testimonium
1051 4327 1307 4385 hesionis.

688 4420 915 4479 CAPUT
955 4420 1123 4479 XXV.
1288 4412 1297 4417 ’

180 4515 465 4585 Εόἰιαιιε,
477 4519 568 4582 qui
584 4535 866 4591 pauperem
877 4519 1065 4574 durius
1080 4518 1371 4590 pepulerat.
1386 4520 1697 4592 castigatur.

1806 3320 1927 3362 rum
1973 3311 2029 3358 et
2081 3302 2254 3359 altare
2298 3315 2421 3357 sese
2464 3299 2794 3373 proripiunt,
2832 3305 2890 3353 et
2935 3297 3004 3361 ad
3035 3297 3252 3353 domum
3286 3290 3417 3367 qua'

1804 3396 2167 3457 decumbebat
2213 3404 2451 3466 aegrotus
2505 3392 2817 3449 intendunt.
2870 3389 3114 3462 Cumque
3159 3389 3265 3455 ille,
3297 3388 3391 3460 qui
3428 3416 3437 3419 -

1804 3491 1908 3549 ista
1932 3489 2243 3547 mentalilcr
2263 3489 2380 3544 ﬁeri
2405 3485 2695 3550 sentiebat,
2750 3484 2920 3541 Deum
2947 3493 3008 3539 ut
3033 3482 3192 3539 abiis
3215 3483 3394 3538 salva-

1804 3595 1956 3643 retur
2004 3586 2057 3641 in
2084 3584 2276 3656 spiritu
2301 3588 2580 3649 exoraret,
2622 3595 2723 3636 nec
2748 3594 2917 3635 causa
2950 3577 3145 3633 mortis
3180 3585 3389 3633 tantum

1804 3679 1923 3751 cogi
1960 3678 2261 3734 exercitum
2319 3676 2616 3748 ignoraret,
2651 3689 2775 3729 mox
2798 3681 2859 3728 ut
2880 3672 2950 3729 ad
2978 3669 3228 3727 cellulam
3263 3684 3394 3739 ago.

1804 3767 2109 3841 nizans[f.,
2142 3765 2500 3840 agonizantis]
2540 3767 2837 3838 attingunt,
2873 3764 3097 3827 fratres,
3122 3763 3212 3833 qui
3240 3762 3386 3819 circa

1803 3860 2129 3918 merientem
2163 3858 2397 3929 fuerant,
2438 3858 2506 3914 ad
2535 3857 2944 3915 convocandum
2997 3854 3228 3910 aliorum
3261 3870 3392 3910 con-

1801 3966 2025 4012 ventum
2053 3953 2287 4012 tabulam
2312 3969 2379 4011 ex
2408 3968 2559 4010 more
2589 3953 2922 4025 percutiunt.
2955 3950 3075 4020 Quo
3102 3950 3229 4007 dum
3260 3965 3392 4005 cou-

1803 4049 2055 4115 venitur,
2102 4046 2193 4103 ille
2244 4060 2347 4104 nec
2401 4061 2551 4103 mora
2609 4045 2923 4103 resolvitur.
2981 4043 3136 4113 Quod
3185 4044 3391 4099 idcirco

1805 4140 2109 4206 retulerim,
2137 4155 2243 4196 non
2266 4126 2412 4211 quod
2441 4138 2496 4194 in
2528 4136 2819 4210 malignam
2845 4136 2992 4193 illam
3023 4144 3234 4207 partem
3262 4150 3388 4190 eum

1805 4234 2042 4292 cessisse
2090 4232 2437 4298 crediderim,
2490 4230 2587 4288 sed
2615 4232 2759 4303 quod
2790 4244 2982 4286 omnes
3014 4244 3227 4285 mecum
3258 4242 3391 4297 pen-

1804 4343 1932 4385 sare
1981 4341 2381 4393 commoneam,
2437 4324 2582 4395 quod
2636 4324 2892 4395 princeps
2927 4320 3112 4375 mundi
3146 4320 3295 4374 venit
3322 4319 3390 4372 ad

1803 4421 2003 4479 Filium
2032 4421 2148 4489 Dei,
2180 4421 2231 4477 iu
2260 4435 2367 4493 quo
2394 4435 2501 4476 non
2557 4417 2790 4475 habebat
2820 4416 3135 4487 quidquam.
3169 4412 3236 4469 Et
3256 4411 3298 4467 si
3322 4411 3390 4465 ad

1806 4515 1980 4582 illum,
2023 4517 2090 4571 ad
2121 4530 2219 4571 nos
2265 4530 2428 4585 quam
2458 4513 2639 4584 potius
2668 4510 2732 4578 [ι.
2758 4518 2937 4581 potius
2957 4521 3120 4580 quam
3157 4506 3222 4560 ad
3266 4501 3385 4576 nos]

109 4640 184 4655 —
205 4584 831 4681 QuioamFlaviacensis
860 4584 1160 4668 monachus
1189 4611 1495 4669 Otmundus
1519 4584 1695 4671 vvoca-
1721 4584 1778 4650 D
1803 4610 1854 4667 in
1897 4608 2097 4681 quibus
2118 4611 2256 4678 pene
2277 4584 2446 4662 totum
2469 4606 2660 4670 habet,
2709 4600 3032 4658 diabolicam
3061 4606 3274 4655 certum
3304 4604 3388 4652 est

110 4706 299 4772 batur,
338 4705 580 4777 quicum
610 4708 788 4763 adhuc
833 4706 1067 4764 clericus
1092 4706 1324 4780 plurima
1357 4709 1694 4765 monasterio

105 4796 451 4865 contulisset,
478 4798 544 4854 ad
567 4806 871 4854 extremum
899 4815 1021 4856 sese
1046 4800 1294 4857 contulit.
1320 4800 1421 4869 Qui
1445 4810 1696 4871 suscepto

106 4889 438 4947 monacham
460 4890 623 4961 empti
654 4889 780 4946 boni
809 4890 1101 4961 paenitens,
1122 4907 1267 4965 aegre
1295 4891 1522 4948 nimium
1550 4893 1695 4964 quod

106 4981 344 5051 fecerat,
395 4982 540 5040 tulit.
589 4981 697 5039 Sed
725 4999 847 5040 mox
879 4999 909 5041 a
938 4985 1051 5043 Deo
1099 4986 1417 5047 infirmitate
1452 4988 1695 5060 corporis

105 5075 444 5147 castigatus,
495 5076 695 5142 sensit,
753 5076 970 5149 egitque
1026 5083 1370 5149 postmodum
1428 5081 1693 5137 viciniora

106 5164 302 5234 saluti,
364 5180 464 5223 nec
509 5182 727 5224 sacrum
775 5168 883 5237 iam
932 5171 1180 5229 ordinem
1212 5174 1561 5240 necessitate,
1598 5174 1696 5231 sed

106 5256 283 5312 coluit
310 5256 609 5315 voluntate.
634 5257 685 5314 ls
715 5258 795 5315 ira
817 5260 1031 5317 mobilis
1053 5278 1179 5320 cum
1209 5280 1365 5337 aequo
1386 5268 1506 5338 plus
1528 5277 1695 5332 esset,

104 5346 293 5404 factus
336 5348 585 5407 ecclesiae
638 5351 870 5408 aedituus
917 5352 1062 5423 (ll),
1096 5358 1481 5427 pauperculum
1522 5357 1700 5415 homi-

106 5442 371 5512 nem,qui
394 5457 425 5498 a
448 5458 508 5500 se
535 5440 937 5517 eleemosynam
966 5446 1273 5517 importune
1301 5450 1537 5521 petebat,
1565 5450 1698 5508 dure

105 5530 402 5606 plusquam
451 5533 721 5593 debuerat
750 5536 820 5591 ab
849 5537 1081 5597 ecclesia
1104 5541 1331 5611 expulit.
1375 5541 1494 5610 Quo
1521 5542 1694 5598 inter-

109 5638 208 5683 otu
235 5627 404 5695 facto,
432 5643 558 5684 cum
590 5640 750 5687 nocte
772 5632 1018 5700 sequenti
1048 5632 1262 5706 vigilias
1288 5636 1697 5707 signiﬁcaturus

107 5723 180 5780 ad
200 5723 344 5780 ostia
383 5723 674 5795 aperienda
705 5725 968 5797 prodiret,
984 5740 1111 5784 ecce
1125 5728 1392 5799 diabolus,
1428 5729 1482 5786 in
1512 5732 1696 5805 specie

182 5816 306 5894 (tl)
341 5816 451 5879 Seu
472 5817 764 5891 tedititnus,
795 5822 954 5899 quasi
979 5822 1124 5883 aedes
1147 5832 1325 5885 tuens.

1804 4702 2011 4774 rapidis
2026 4700 2314 4758 aﬂ‘ectibus
2340 4697 2632 4757 convenire
2658 4696 3009 4752 dementiam.

1875 4795 2074 4852 Mulier
2120 4793 2315 4864 infanti
2366 4793 2651 4863 imprecata
2684 4785 2909 4843 diabolo
2934 4787 3288 4856 mancipatur.
3320 4811 3389 4823 —-

1804 4889 2084 4947 Mulierem
2117 4887 2247 4943 inibi
2277 4885 2409 4951 vidi,
2440 4898 2561 4955 qua:
2587 4897 2709 4938 cum
2732 4896 2831 4938 suo
2851 4879 3081 4952 parvulo
3108 4877 3217 4934 lilio
3243 4885 3391 4930 atro-

1804 4985 2025 5042 cissime
2069 4982 2431 5044 irasceretur,
2484 4978 2628 5033 inter
2677 4976 2784 5031 alia
2827 4974 3133 5039 maledicta,
3187 4970 3389 5042 quibus

1805 5078 2149 5135 innocentem
2170 5074 2533 5148 jaculabatur,
2566 5070 2893 5127 infantulum
2912 5066 3178 5137 baptisma
3198 5063 3385 5126 etiam,

1804 5171 1890 5227 cui
1938 5170 2200 5227 intinctus
2249 5166 2447 5235 fuerat,
2500 5180 2596 5222 ore
2641 5162 2850 5220 nefario
2900 5156 3202 5214 maledixit.
3256 5153 3387 5222 Qua:

1804 5262 2092 5321 confestim
2115 5269 2331 5334 arrepta
2365 5277 2393 5315 a
2437 5259 2704 5315 dzemonio
2729 5251 2986 5310 bacchari
3021 5248 3385 5314 insanissime,

1804 5367 1861 5414 et
1890 5355 2230 5414 detestabilia
2262 5354 2405 5426 loqui
2445 5364 2498 5410 et
2540 5366 2702 5422 agere
2744 5348 2932 5420 erepit.
2961 5345 3091 5414 Qua:
3127 5347 3385 5415 perducta

1806 5453 1875 5510 ad
1901 5452 2214 5517 ecclesiam,
2237 5458 2292 5506 et
2320 5448 2578 5523 fratribus
2615 5443 2879 5508 exhibita,
2908 5456 3003 5512 per
3027 5441 3218 5495 oratio.
3244 5453 3301 5494 es
3333 5448 3387 5494 ct

1799 5544 2169 5604 exorcismum
2224 5541 2409 5599 sensui
2455 5540 2686 5605 reddita,
2727 5554 2795 5594 ex
2835 5536 3121 5592 vexatione
3163 5533 3386 5591 edidicit

1801 5634 2080 5692 Dominica
2116 5650 2223 5690 non
2250 5633 2571 5689 maledicere
2594 5637 2958 5687 sacramenta.

1875 5730 2245 5799 Energumena
2263 5728 2504 5785 monachi
2524 5743 2711 5801 pravos
2729 5742 2896 5782 mores
2916 5725 3129 5799 appetit.
3145 5754 3216 5767 —
3230 5718 3387 5779 Puel-

1802 5822 1966 5885 lulam
1995 5824 2181 5883 itidem
2208 5822 2320 5883 vidi
2347 5834 2772 5897 encrgumeuam
2791 5819 2860 5879 ad
2897 5817 3219 5879 memoriam
3248 5814 3384 5876 inibi
