3982 6346
675 389 781 480 ’891

1491 424 1554 483 v.
1589 393 1917 483 cuinun‘rt
1950 415 2244 478 anum-1s
2272 411 2332 471 s.
2361 411 2601 471 manus
2627 397 2714 470 ns
2739 399 3136 473 novteuuro
3757 429 3821 495 Μ

677 538 961 594 Ger-emam
1013 522 1356 596 confessurls
1385 539 1697 596 adductam.
1747 537 1876 608 Qua:
1915 554 2036 594 cum
2077 533 2264 592 diebus
2294 531 2342 590 Α
2367 529 2464 598 ait,
2492 530 2544 585 in
2578 515 2865 587 occursum
2895 535 3186 596 venientis,
3204 545 3460 602 nusquam
3486 521 3645 592 dextra
3667 539 3824 617 lavan

679 629 886 700 aliquot
911 641 1247 688 cmmuorata
1304 631 1495 688 fuisset
1531 629 1751 699 ibidem,
1781 631 2012 702 quadam
2041 629 2127 683 die
2153 639 2265 683 tra-

681 731 763 777 cta
813 735 895 777 est
927 741 954 776 a
981 726 1294 794 parentibus
1322 724 1386 780 ad
1419 725 1610 780 altare.
1657 724 1754 780 Cui
1799 739 1921 779 cum
1958 715 2261 786 assisteret',

677 821 886 867 retorto
937 813 1003 868 ad
1060 815 1284 870 chorum
1317 817 1492 886 capite
1550 817 1695 870 videt
1747 829 1941 886 pueros
1969 814 2264 869 monachos

677 917 797 980 post
821 923 878 964 se
907 915 1136 975 stantes,
1166 920 1220 966 et
1235 913 1339 965 ait:
1361 932 1378 964 ι
1405 909 1574 980 Quam
1601 910 1876 982 pulchros,
1907 909 2048 964 Deus
2085 923 2259 975 meus,

676 997 1024 1069 iuvenculos!
1087 1005 1179 1058 sed
1205 1013 1290 1058 est
1317 1004 1459 1058 inter
1488 1003 1606 1057 illos
1635 1019 1772 1058 unus
1800 1003 1886 1072 qui
1922 1017 2261 1072 nequaquam

675 1092 758 1146 eis
807 1092 1120 1146 cohabitare
1171 1091 1412 1149 deberet.
1461 1111 1482 1147 ι
1515 1093 1630 1162 Quo
1662 1091 1844 1148 audito
1869 1093 2023 1147 valde
2079 1093 2262 1146 mirati

676 1198 900 1250 sumus,
949 1199 1210 1252 quorsum
1269 1183 1389 1238 talis
1431 1185 1695 1239 sententia
1752 1191 2102 1254 respectaret.
2152 1181 2264 1238 Nec

678 1291 832 1330 mora
864 1276 1082 1346 quidam
1116 1291 1181 1332 ex
1216 1277 1346 1346 ipsis
1378 1273 1502 1344 fuga
1530 1275 1781 1343 elabitur,
1807 1283 1858 1330 et
1885 1276 2028 1330 inter
2055 1273 2264 1345 fugieul-

680 1364 807 1418 dum
852 1379 1018 1434 prava
1072 1364 1190 1436 ejus
1243 1367 1355 1422 vita
1407 1367 1689 1423 moriendo
1746 1367 1959 1422 deserta
2001 1365 2263 1437 religione

683 1457 972 1530 detegitur,

855 1559 860 1562 ’
1242 1549 1470 1608 CAPUT
1497 1545 1688 1606 XXVI.

745 1645 830 1699 Ad
855 1642 1122 1715 sortilegia
1150 1643 1470 1699 addiscenda
1522 1641 1688 1699 Sutan
1719 1641 1947 1698 admittit
1977 1644 2260 1710 neminem,

671 1735 778 1793 nisi
800 1739 945 1808 prius
975 1737 1288 1793 Cliristiantu
1314 1737 1630 1808 professioni
1660 1739 2002 1793 abrenuntiet.
2033 1769 2103 1777 -—-
2127 1737 2267 1804 Quo-

675 1834 819 1887 niam
864 1833 930 1887 dc
961 1831 1297 1888 themouibns
1336 1848 1494 1903 agere
1525 1833 1815 1902 coepimus,
1855 1832 2097 1902 quietiam
2135 1833 2264 1888 sub-

676 1937 898 1982 nectere
957 1927 1209 1983 idoneum
1261 1927 1588 1997 iudicamus,
1645 1943 1876 1997 quormn
1919 1929 2166 1999 exemplo
2213 1937 2266 1983 et

676 2035 863 2076 eorum
936 2021 1176 2088 oracula,
1231 2036 1528 2091 eorumque
1579 2021 1668 2090 qui
1721 2021 1798 2076 eis
1851 2019 2266 2076 confabulantur

671 2109 905 2170 consilia
965 2115 1139 2171 vitare
1183 2117 1471 2187 possimus.
1527 2115 1810 2170 Neminem
1859 2116 2006 2170 enim
2050 2117 2116 2170 ad
2164 2130 2262 2170 sua

674 2207 942 2263 maleficia
996 2209 1321 2265 atldiscenda
1381 2209 1696 2276 admittunt,
1754 2209 1854 2264 nisi
1908 2224 2068 2280 quem
2100 2209 2266 2264 totius

671 2319 784 2360 suae
837 2305 1264 2361 Christianitatis
1309 2306 1535 2373 honore,
1569 2305 1876 2362 detestabili
1909 2306 2142 2376 primum
2175 2307 2264 2360 sa-

672 2400 897 2470 crilegio
939 2410 1163 2455 exuunt.
1216 2401 1272 2455 lu
1309 2399 1542 2472 quodam
1583 2401 1747 2457 nobili
1784 2401 2117 2456 monasterio
2149 2401 2267 2455 mo-

671 2491 881 2545 naclms
927 2491 1145 2560 quidam
1208 2489 1276 2544 ab
1330 2492 1549 2547 ineunte
1599 2501 1756 2546 artate
1799 2493 2036 2547 nutritus
2065 2492 2261 2558 fuerat,

674 2582 1201 2652 grammaticamque
1261 2581 1656 2653 aliquantisper
1702 2585 1988 2653 attigerat;
2043 2585 2133 2654 qui
2197 2585 2264 2640 ad

675 2675 868 2729 cellam
924 2674 1168 2731 ecclesia:
1197 2677 1550 2746 appendicem
1584 2694 1612 2732 a
1642 2693 1740 2731 suo
1770 2678 1966 2733 abbate
1996 2679 2258 2745 direCIus,

673 2781 799 2822 eum
851 2766 978 2821 inibi
1034 2777 1358 2829 moraretur,
1419 2767 1472 2822 in
1528 2771 1773 2824 morbum
1844 2771 2050 2831 incidit,
2110 2770 2264 2839 cujus

675 2873 838 2915 causa
855 2875 974 2914 cum
1001 2857 1186 2914 Judmo
1211 2859 1462 2928 quodam,
1482 2876 1651 2932 gnaro
1668 2861 1968 2927 medicinae,
1996 2861 2250 2932 loquendi

674 2950 820 3006 malo
868 2967 967 3007 suo
997 2951 1342 3007 occasionem
1381 2954 1632 3024 sumpsit.
1682 2953 1755 3009 Ex
1796 2965 1980 3010 mutua
2018 2973 2146 3026 ergo
2177 2955 2258 3010 fa-

663 3043 989 3118 miliaritate
1041 3055 1318 3101 sumentes
1365 3045 1675 3113 audaciam,
1723 3061 1820 3101 sua
1865 3045 1964 3103 sibi
1998 3049 2262 3119 incipiunt

672 3135 917 3192 revelare
944 3137 1221 3210 mysteria.
1277 3137 1460 3208 Itaque
1497 3139 1740 3195 sentiens
1770 3139 2067 3195 monachus
2089 3141 2264 3195 mala-

671 3244 791 3285 rum
817 3227 1012 3284 artium
1039 3231 1285 3286 curiosus
1329 3229 1572 3286 Judaeum
1617 3230 1879 3288 maleficia
1906 3249 2086 3298 nosse,
2119 3231 2261 3288 mul-

675 3333 786 3378 tum
825 3323 873 3377 ei
921 3323 1139 3378 institit.
1197 3323 1444 3379 Assensit
1475 3323 1714 3390 Indicus,
1755 3335 1805 3382 et
1837 3338 2178 3396 sequestrum
2211 3327 2259 3384 ei

672 3416 813 3485 apud
842 3413 1112 3471 diabolum
1152 3431 1210 3471 se
1257 3415 1498 3472 futurum
1545 3418 1851 3490 pollicetur.
1893 3419 2262 3475 Statuitnrio'-

671 3523 788 3572 cus,
813 3507 1176 3580 colloquiique
1205 3510 1337 3566 dies.
1357 3509 1598 3567 Tandem
1629 3529 1694 3568 eo
1727 3514 2025 3570 mediatore
2051 3515 2264 3570 sistitur

671 3611 798 3656 ante
831 3601 1132 3665 diabolum;
1183 3603 1317 3675 petit
1348 3619 1406 3658 se
1440 3605 1699 3660 doctrinm
1737 3607 1896 3677 hujus
1919 3624 1984 3662 eo
2015 3607 2131 3664 fieri
2162 3623 2259 3661 an-

670 3704 824 3750 ctorc
847 3697 1184 3768 participem.
1218 3695 1402 3753 Refert
1444 3715 1644 3770 prteses
1678 3700 1763 3756 ille
1789 3700 2053 3758 nefandus
2081 3702 2258 3756 nenti-

673 3801 834 3854 quam
862 3786 964 3842 hoc
1012 3785 1150 3851 fieri,
1192 3789 1294 3843 nisi
1345 3788 1754 3846 Christianitate
1801 3803 1994 3863 negata
2036 3793 2136 3848 sibi
2171 3810 2261 3850 sa-

675 3873 941 3931 crificium
1000 3877 1298 3934 deferatur.
1357 3877 1663 3954 lnterrogat
1719 3883 1807 3938 ille
1853 3885 1996 3954 quod
2108 3883 2260 3953 Quod

674 3967 1050 4024 delectabilins
1095 3977 1177 4023 est
1226 3969 1278 4024 in
1322 3971 1560 4027 homine.
1615 3972 1766 4040 Quod
1822 3974 1997 4030 illud?
2029 3975 2258 4047 Sperma

674 4057 890 4124 libabis,
943 4059 1040 4124 ait,
1076 4068 1257 4126 tuum;
1291 4061 1432 4131 quod
1469 4079 1590 4118 cum
1623 4066 1750 4120 tnihi
1781 4065 2106 4137 profuderis.
2137 4069 2262 4126 inde

674 4153 816 4224 quod
845 4151 1282 4208 sacrificantibus
1324 4163 1406 4208 est
1437 4155 1677 4212 debitum
1709 4161 2083 4232 praegustabis.
2119 4161 2260 4219 Proh

673 4245 852 4302 scelus
895 4247 907 4304 !
940 4246 1084 4302 Proh
1137 4247 1312 4317 pudor
1343 4251 1356 4304 ε
1389 4249 1455 4304 Ει
1485 4251 1530 4306 is
1559 4268 1586 4306 a
1628 4267 1734 4322 quo
1764 4255 1878 4309 lucc
1905 4257 2262 4328 exigebantur

672 4350 793 4396 erat
819 4341 1124 4412 presbyter.
1176 4339 1241 4398 Et
1273 4341 1387 4397 haec
1423 4343 1487 4399 ad
1521 4344 1596 4400 tui
1631 4345 1840 4403 ordinis
1862 4359 1916 4404 et
1964 4358 2068 4404 tua:
2095 4351 2261 4407 bene.-

671 4435 832 4492 dicta:
873 4435 1068 4491 hostize
1093 4437 1412 4508 sacrilegam
1467 4437 1821 4509 iguomiuiaru
1863 4439 1992 4496 fecit
2019 4451 2142 4496 tuus
2172 4458 2262 4498 an-

673 4527 855 4596 tiquus
890 4527 1083 4591 hostis,
1109 4523 1355 4583 Domine.
1381 4525 1457 4584 Ne
1481 4529 1662 4597 sileas,
1694 4547 1868 4601 neque.
1891 4535 2259 4602 compcsearis

671 4639 703 4678 a
724 4623 984 4689 vindicta,
1003 4623 1146 4678 Deus
1175 4621 1348 4689 (Psal.
1372 4641 1580 4692 Lxxxn,
1603 4627 1682 4696 ἓ).
1714 4627 1852 4696 Quid
1879 4630 2054 4684 dicam
2079 4629 2254 4696 ?Quo-

671 4714 832 4770 modo
880 4717 1052 4770 dicam
1080 4715 1103 4770 ?
1128 4717 1281 4796 Fecit
1331 4721 1472 4788 quod
1504 4722 1790 4790 petebatur
1820 4721 2031 4787 infelix,
2091 4735 2252 4792 quem

671 4816 752 4874 tu,
778 4822 811 4862 o
836 4807 1037 4862 utinam
1077 4813 1142 4866 ad
1171 4823 1380 4884 tempus
1410 4815 1423 4868 l
1449 4814 1789 4870 deserueras.
1812 4814 1896 4868 Fit
1922 4816 2106 4884 itaque
2132 4827 2254 4871 eum

670 4900 918 4957 horribili
953 4901 1246 4958 libamento
1268 4921 1430 4976 super
1464 4906 1586 4962 ﬁdei
1616 4909 1948 4977 relegatione
1967 4907 2252 4978 professio.

668 4993 815 5063 Quas
837 5004 1017 5050 autem
1044 5004 1190 5052 artes
1219 4999 1538 5053 exsecrabili
1573 5001 1674 5055 hoc
1732 5001 2084 5056 mercimonio
2111 5015 2251 5056 com-

665 5089 874 5160 pararit
906 5087 1048 5146 facto
1076 5089 1416 5145 notiiicemus
1445 5091 1497 5145 in
1529 5107 1672 5146 uno:

696 5237 714 5262 ,
738 5181 954 5272 Mulier.
967 5185 1019 5240 in
1047 5203 1228 5240 canem
1270 5186 1604 5241 convertitur.
1630 5219 1698 5228 —
1721 5186 2020 5256 Quamdam
2053 5193 2254 5262 cogniti

665 5279 882 5350 generis
935 5279 1257 5336 tuoilacham
1310 5281 1580 5352 colloquio
1628 5299 1728 5338 suo
1759 5295 2096 5340 assueverat.
2126 5285 2255 5342 Erat

669 5379 848 5426 autem
899 5373 953 5427 in
1003 5373 1197 5430 cellula
1247 5391 1618 5436 commanens,
1673 5392 1780 5432 uno
1828 5385 2035 5432 tantum
2085 5379 2252 5434 sodali

666 5465 952 5530 monacho,
1009 5467 1099 5536 qui
1143 5468 1358 5538 quidem
1411 5471 1684 5525 exteriora
1743 5470 1990 5536 curabat,
2030 5472 2075 5526 is
2108 5472 2252 5528 domi

667 5556 893 5612 vacabat
950 5559 1184 5631 ineptiis.
1219 5561 1317 5619 Die
1369 5579 1498 5634 ergo
1527 5566 1758 5636 quadam
1790 5581 1888 5621 suo
1912 5583 2032 5622 cum
2057 5575 2251 5623 contu-

661 5649 870 5707 bernali
891 5665 920 5704 a
944 5654 1157 5721 negotio
1183 5654 1438 5711 redeunte
1464 5657 1606 5713 domi
1635 5659 1914 5725 sedebant,
1948 5675 2104 5730 quem
2129 5677 2251 5716 cum

662 5756 830 5814 porro
874 5742 1160 5812 vidissent,
1215 5745 1590 5805 diverticulum
1629 5751 1840 5807 mulieri
1884 5768 1988 5807 non
2051 5755 2248 5822 patuit,

664 5833 760 5892 sed
783 5835 962 5891 exitus
1009 5834 1125 5906 ejus
1148 5837 1379 5894 reditum
1431 5841 1680 5898 monachi
1707 5843 2034 5900 oifendebat.
2065 5843 2253 5917 Trepi-

664 5927 793 5988 dam
819 5930 1001 6004 itaque
1029 5944 1202 5992 novus
1229 6011 1234 6015 _
1257 5931 1565 5998 incantator
1593 5933 1810 5995 intuens
1843 5938 2070 6012 sociam,
2091 5941 2252 6014 vade,

2370 626 2689 696 respiciens,
2720 623 2794 679 nil
2818 625 3348 690 verearis.,Credidit
3365 626 3544 683 femina
3567 641 3610 684 et
3635 643 3820 699 processit.

2367 719 2462 776 ille
2520 735 2650 774 vero
2704 719 2947 774 substitit
2983 719 3228 782 iuostio,
3276 727 3329 773 et
3378 731 3823 802 pmcantanseiqua

2367 813 2650 877 didicerat,
2691 813 2745 867 in
2794 825 2984 866 canem
3013 826 3131 867 eam
3165 813 3428 878 convertit
3474 813 3822 883 immanissima.

2367 906 2498 975 Quaa
2530 915 2653 962 cum
2684 903 2932 960 redeunti
2967 904 3236 959 monacho
3275 908 3684 975 ptupinquassct:
3711 913 3822 970 tilen'.

2367 1000 2565 1070 inquit,
2595 1000 2735 1054 unde
2763 1005 2948 1053 tantus
2977 997 3132 1052 canis
3183 996 3466 1052 advenith
3489 998 3632 1073 ⁸87
3655 1002 3721 1058 ma
3751 1023 3825 1064 τετυ

2366 1091 2594 1146 multum
2649 1088 2928 1162 pavefacta
2977 1089 3320 1159 pertransiit,
3357 1099 3549 1145 tantum
3583 1109 3636 1147 ex
3661 1101 3826 1156 comta

2367 1185 2469 1240 sub
2499 1199 2603 1255 qua
2636 1183 2819 1254 specie
2839 1184 3124 1248 evasisset,
3158 1179 3826 1259 agnovit.Monachusdeniqnc

2371 1279 2566 1348 otipse
2597 1278 2817 1332 domum
2872 1275 3099 1331 veniens
3141 1275 3348 1344 rogitat
3394 1276 3526 1330 unde
3572 1285 3659 1331 tam
3684 1278 3827 1337 insolita

2357 1370 2755 1442 magnitudinis
2779 1367 2929 1424 canis
2959 1368 3269 1424 emerserit.
3326 1383 3348 1420 ι
3369 1367 3533 1422 Vicini
3563 1370 3714 1440 inquit,
3745 1372 3826 1436 illius

2369 1463 2541 1518 nostri
2571 1471 2672 1518 est.
2703 1459 2896 1518 Nonne
2917 1460 3170 1530 eumiam
3188 1458 3392 1526 dudum
3421 1461 3551 1514 ηοειί
3573 1461 3595 1514 ?
3617 1481 3633 1514 ι
3661 1459 3728 1516 Sir
3742 1466 3828 1519 siluit

2369 1553 2499 1608 dum
2523 1569 2649 1608 vera
2675 1561 2851 1624 putat.
2882 1551 2980 1606 Diu
3017 1551 3187 1622 igitur
3215 1553 3340 1606 sine
3362 1550 3472 1605 Deo
3495 1552 3669 1614 vivens,
3691 1553 3826 1610 ἀοῐηαω

2367 1650 2516 1718 gravi
2568 1645 2776 1712 morbo,
2811 1645 2918 1700 Deo
2963 1644 3326 1714 propitiante,
3377 1645 3828 1714 perantiiur,et,rdii

2371 1739 2529 1804 nolit,
2571 1740 2716 1809 quod
2751 1743 2996 1810 gesserat
3020 1736 3338 1792 conﬁtetur.
3367 1735 3472 1790 Res
3493 1735 3763 1806 adjudicium
3779 1751 3828 1792 u-

2368 1831 2655 1904 pientium,
2683 1841 2736 1886 ct
2763 1833 2997 1886 maxime
3014 1830 3262 1886 Anseltni
3291 1829 3827 1902 Cantuariensismstmo-

2369 1929 2497 1983 dum
2528 1927 2950 1998 archiepiscopi,
3011 1935 3145 1983 tunc
3188 1925 3476 1982 Beccensis
3497 1927 3687 1992 abbatis,
3711 1945 3825 1999 prora

2368 2029 2544 2085 catur,
2593 2029 2648 2074 et
2699 2021 2799 2075 sub
2846 2019 2966 2089 ejus
3007 2020 3358 2090 potissimum
3405 2035 3629 2084 censura,
3668 2023 3715 2077 ab
3739 2027 3823 2077 anni

2369 2109 2674 2165 divinorum
2706 2105 3092 2182 mysteriorum
3116 2111 3426 2166 ministerio
3468 2128 3631 2168 eorum
3652 2113 3826 2183 spurcissi-

2367 2219 2490 2260 mus
2515 2205 2834 2275 profanator
2863 2205 3138 2274 abjicitur.
3187 2205 3248 2260 In
3279 2221 3385 2275 qua
3418 2217 3579 2261 tamen
3601 2207 3824 2261 abstentione

2368 2298 2600 2366 positus,
2631 2311 2906 2367 nunquam
2941 2298 3008 2352 ab
3030 2301 3146 2366 ejus
3175 2299 3362 2354 animo
3391 2299 3659 2354 oblitterari
3683 2305 3823 2369 poterat,

2370 2388 2499 2459 quin
2561 2388 2739 2442 adhuc
2793 2383 3010 2444 futurus
3058 2395 3207 2444 esset
3253 2389 3550 2460 episcOpus.
3595 2389 3823 2459 Quamspcu

2372 2479 2591 2537 iudubie
2627 2491 2912 2552 acceperat
2940 2495 2966 2536 a
3005 2483 3368 2548 daemonibus,
3395 2499 3592 2554 semper
3615 2482 3825 2552 quidemet

2351 2572 2458 2627 ‘hic
2478 2589 2692 2642 quoque
2721 2574 3096 2642 mendacibus,
3119 2575 3248 2645 quia
3270 2583 3395 2630 ante
3425 2591 3606 2645 paucos
3627 2589 3747 2627 annos
3763 2587 3820 2625 mu

2369 2666 2530 2720 modo
2571 2663 2748 2737 [non]
2783 2666 3053 2736 pontifex,
3111 2667 3208 2722 sed
3256 2666 3310 2722 in
3366 2674 3604 2720 aeternum
3643 2665 3824 2734 expresiy-

2370 2765 2457 2812 ter
2478 2766 2562 2811 est
2589 2755 2876 2812 defunctus

2439 2851 2672 2906 Clericus
2701 2852 2990 2907 dwmonem
3015 2867 3171 2924 quem
3197 2853 3527 2909 consulturus
3546 2854 3721 2916 adierat,
3742 2852 3824 2903 im-

2357 2953 2485 2998 “cato
2537 2943 2726 2999 Mariae
2766 2947 2994 3011 nomine,
3033 2949 3210 3018 fugat.
3268 2980 3340 2990 —
3382 2945 3610 3004 Attcxam
3649 2945 3821 3015 cuiusdam

2370 3037 2609 3099 initium.
2647 3039 2741 3094 sed
2773 3039 2981 3096 meliori
3029 3041 3136 3097 line
3171 3043 3508 3098 conclusum.
3538 3035 3822 3108 Quidamdui-

2369 3147 2464 3187 cus
2489 3133 2539 3188 iu
2566 3131 2874 3189 Belvacensi
2903 3151 3038 3207 pago
3063 3137 3365 3206 scriptandi
3398 3143 3507 3191 arte
3533 3129 3714 3193 vivebat,
3731 3135 3822 3200 quem

2369 3235 2422 3281 et
2474 3241 2577 3298 ego
2627 3243 2886 3283 noveram
2918 3234 3072 3300 (nam
3103 3227 3342 3285 Flaviaci
3399 3231 3451 3284 in
3495 3229 3584 3283 hoc
3612 3229 3699 3295 ipso
3734 3237 3824 3290 opere

2367 3321 2669 3376 conductus
2709 3321 3076 3392 laboraverat)
3103 3341 3115 3389 ;
3139 3325 3234 3394 qui
3277 3323 3617 3396 ‘postmndnm
3650 3319 3747 3390 apud
3776 3331 3823 3368 ca-

2366 3421 2540 3469 strum
2569 3412 2850 3469 Britoilum
2877 3429 2996 3470 cum
3022 3415 3195 3472 altero
3230 3417 3472 3473 malefico
3491 3413 3683 3469 fabulam
3705 3409 3824 3465 iuius

2365 3505 2584 3575 clerico,
2607 3505 2846 3577 talequid
2869 3507 3102 3563 audivit:
3124 3509 3180 3564 Si
3207 3510 3434 3580 quarstui
3459 3509 3573 3563 mihi
3594 3511 3719 3568 esset,
3735 3499 3820 3569 qni!-

2365 3603 2489 3658 dam
2524 3611 2575 3658 te
2602 3605 2876 3671 docerem,
2901 3605 3042 3674 quod
3068 3592 3189 3660 cum
3226 3605 3450 3665 faceres.
3479 3603 3742 3674 quotidiana,
3761 3593 3823 3648 sine

2365 3694 2475 3750 ulla
2540 3696 3016 3752 administratione
3063 3697 3304 3754 hominis
3335 3739 3349 3762 ,
3404 3693 3702 3768 pecuniarum
3741 3687 3819 3738 (inm

2364 3789 2696 3861 perciperes.
2728 3790 2934 3856 Quaerit
2965 3789 3053 3846 ille
3073 3791 3201 3861 quid
3236 3790 3382 3846 facto
3411 3805 3535 3861 opus
3571 3794 3698 3840 esset.
3729 3777 3823 3832 lnior!

2364 3882 2644 3939 maleficus
2703 3875 2828 3953 quia
2867 3883 2980 3944 .civi
3038 3883 3401 3950 infernarum,
3442 3879 3622 3939 scilicet
3675 3869 3817 3930 diabolo.

2365 3975 2627 4032 litandum
2685 3977 2786 4032 sibi
2843 3976 3000 4032 foret.
3048 3977 3196 4044 Qua,
3239 3977 3431 4049 inquit,
3473 3961 3819 4029 victinuiiiaib,

2368 4069 2562 4140 inquit,
2590 4071 2661 4125 ita
2723 4079 2782 4124 ut
2847 4085 3031 4133 ovum,
3070 4069 3136 4127 de
3185 4087 3298 4152 quo
3364 4075 3622 4126 concretus
3660 4069 3731 4120 est,
3773 4051 3820 4152 ὀξύ

2363 4161 2511 4220 Jovis
2553 4165 2604 4219 in
2655 4179 2840 4220 mense
2897 4161 3093 4220 Martio
3136 4151 3194 4219 a-
3225 4164 3420 4232 gallina
3479 4166 3655 4216 constet
3691 4151 3820 4216 etpost-

2339 4265 2500 4314 ‘tum.
2538 4255 2694 4314 Hunc
2735 4275 2863 4330 ergo
2909 4269 3196 4330 postquam
3231 4257 3504 4320 terrueris,
3534 4255 3578 4308 in
3611 4251 3698 4320 ipso
3716 4237 3818 4297 atriis

2363 4352 2631 4422 principio
2664 4361 2838 4406 tecum
2879 4367 3122 4416 sumens,
3149 4353 3227 4407 uti
3264 4359 3435 4407 tostus
3459 4353 3550 4408 est,
3598 4356 3696 4396 veru
3717 4332 3816 4388 adhuc

2363 4445 2411 4498 ei
2447 4444 2649 4508 intuso,
2677 4443 2742 4497 ad
2773 4444 3078 4513 proximum
3105 4443 3370 4499 vivarium
3399 4453 3585 4496 mecum
3608 4433 3699 4490 ibis.
3719 4421 3810 4492 Quir"

2364 4534 2493 4604 quid
2524 4541 2702 4590 autem
2735 4533 2806 4590 ibi
2852 4534 3058 4603 videas,
3100 4535 3314 4603 audias,
3367 4531 3569 4590 sentias.
3597 4539 3678 4581 nnn
3703 4519 3814 4572 Damt.

2367 4643 2472 4682 non
2519 4628 2730 4682 beatam
2781 4625 3040 4695 Mariam,
3092 4645 3199 4684 non
3255 4629 3390 4684 ullos
3435 4631 3622 4681 sanctos
3659 4615 3813 4669 inrotare

2361 4735 2676 4791 praesumus.
2705 4721 2872 4790 Faxo,
2905 4722 3100 4792 inquit.
3129 4721 3372 4778 Mirabile
3399 4719 3576 4775 factum
3599 4713 3610 4766 !
3635 4704 3811 4763 Adlatum

2361 4829 2492 4886 ergo
2546 4823 2707 4870 noctu
2760 4815 3008 4883 veniunt,
3044 4825 3096 4871 et
3136 4816 3366 4872 hostiam
3397 4813 3480 4869 tali
3509 4809 3602 4864 Deo
3624 4806 3810 4866 cming

2361 4919 2546 4963 secum
2594 4907 2796 4963 ferunt.
2835 4907 3082 4980 Cumque
3137 4907 3225 4965 ille
3273 4925 3338 4964 ex
3389 4903 3584 4962 nomine
3614 4889 3811 4980 invocanti

2361 5001 2712 5070 daemonium,
2745 5007 2801 5057 et
2825 4979 3023 5073 pravus
3053 5001 3138 5057 ille
3167 4999 3454 5073 discipulus
3489 4999 3657 5080 teneret
3674 4979 3806 5080 pilata

2359 5097 2621 5152 suscitato
2653 5097 2869 5152 turbine
2915 5097 3122 5152 daemon
3168 5089 3355 5159 asQi'tit,
3399 5089 3574 5164 galimn
3610 5079 3806 5174 sibi‘t'offi'

2356 5192 2495 5260 puit,
2521 5192 2814 5246 exterritus
2843 5189 2931 5246 ille
2970 5191 3058 5261 qui
3089 5190 3407 5253 ducebatur,
3448 5165 3806 5264 sanctamliarwtn

2359 5281 2697 5338 inclamavit.
2735 5281 2898 5353 Cujus
2922 5283 3156 5354 potentis
3186 5284 3417 5339 Dominze
3445 5267 3682 5332 auditoiilc
3702 5269 3804 5314 nmiu-

2358 5391 2426 5431 ne
2453 5392 2574 5432 cum
2615 5377 2754 5446 gallo
2785 5391 2884 5432 suo
2915 5377 3138 5448 aufugit,
3173 5377 3249 5433 ita
3279 5385 3333 5431 ut
3356 5357 3801 5450 eumdemeﬂ‘errentm

2357 5469 2654 5537 sufficeret,
2705 5473 2798 5527 sed
2836 5487 2959 5526 eum
2993 5471 3045 5526 lu
3081 5471 3310 5542 quadam
3359 5463 3533 5523 vivarii
3567 5451 3697 5514 insula
3714 5453 3800 5548 ιιξιιξς

2357 5563 2502 5638 piam
2551 5565 2618 5620 de
2643 5565 3017 5632 piscatoribus
3045 5566 3304 5637 postridie
3329 5560 3580 5633 reperiret.
3604 5549 3638 5605 0
3673 5545 3798 5604 ira!!!“

2357 5665 2412 5714 et
2446 5658 2600 5715 dulce
2632 5661 2738 5716 tuis
2771 5674 2992 5724 nomen,
3027 5657 3276 5730 malignis
3322 5653 3540 5727 partibus
3583 5643 3644 5698 sic
3670 5641 3794 5730 μῇτθη·

2357 5749 2518 5807 dum!
2545 5751 2724 5808 Iratus
2753 5759 2834 5807 est
2866 5761 3044 5806 autem
3071 5751 3344 5806 maleficus
3373 5747 3592 5802 adversus
3614 5727 3792 5787 clarii-uri.

2356 5861 2455 5901 cur
2488 5855 2693 5901 tantam
2731 5846 2830 5902 sub
2855 5844 2950 5900 tali
2989 5843 3216 5914 negotio.
3237 5841 3471 5898 feminam
3499 5827 3736 5888 invocasset.
3753 5809 3789 5914 il

2356 5938 2447 5997 ille
2470 5938 2796 6011 ptenitentia
2825 5947 2980 5997 actus
3007 5912 3099 6009 (⁸ί)
3129 5935 3195 5994 ad
3224 5932 3502 5996 Lisiarduiu
3526 5912 3789 5980 υεινεςαιεεη
