3982 6346
185 312 303 372 895

1235 304 1325 366 DE
1352 294 1512 366 VITA
1547 298 1685 367 ΒΗΑ
1716 298 1901 367 LIBRI
1940 302 2145 366 TRES.
2167 336 2239 353 --
2263 307 2394 366 LIB.
2413 309 2480 368 ll.

2090 208 2131 220 ἠ-
2186 204 2244 212 .,.

3378 313 3493 389 8θὲ

182 428 641 486 archidiaconum
664 425 985 482 avunculum
1012 426 1403 496 meum,virum
1425 429 1783 499 undecunque
1813 464 1866 525 Α
1893 435 1987 482 aut
2038 427 2301 482 audierim
2342 428 2547 484 dixisse
2573 427 2865 486 sufﬁciant.
2903 430 2975 486 At
3021 430 3310 503 deinceps,
3361 447 3485 488 cum

179 522 519 586 litteratum,
569 519 915 590 prudentem,
962 527 1016 571 et
1051 516 1116 571 ad
1148 518 1272 572 talia
1310 519 1570 575 curialem
1611 534 1673 573 ac
1702 519 1784 574 l'a-

178 630 427 681 mosum,
461 614 723 676 accessit;
768 610 1159 682 coulessusque
1189 614 1330 681 quod
1361 614 1547 685 gessit,
1579 613 1786 668 oratio-

176 707 356 763 nibus
383 703 685 775 acjejuniis
725 719 843 759 sese
871 702 938 758 ad
964 702 1356 775 pmuitudinem
1402 705 1519 773 ipso
1554 704 1787 775 iubente

176 797 489 870 depressit.
545 796 673 854 Haec
704 797 770 853 de
818 797 884 852 iis
930 812 1050 867 qua:
1090 796 1145 851 in
1181 798 1515 853 monasterio
1557 797 1784 853 viderim

196 942 2267 967 Μ

1902 522 2152 589 superius
2174 521 2238 575 de
2266 520 2353 574 illa
2384 531 2570 576 nostra
2598 523 2963 595 qualicunque
2993 524 3255 580 electione
3279 525 3486 580 dixeri-

1899 626 2039 675 mus,
2074 613 2196 683 quis
2226 613 2341 683 ipse
2369 615 2543 684 locus,
2575 617 2811 686 qualiter
2843 618 3136 684 institutus,
3179 635 3313 690 quas
3342 620 3483 676 antis-

1839 734 1858 783 .
1897 704 2137 775 quitates
2195 704 2467 771 habuerit,
2526 706 2592 759 ad
2638 722 2800 775 quem
2834 708 3082 781 translati
3115 710 3223 764 Deo
3260 719 3480 767 auctore

1897 811 2106 863 sumus,
2132 796 2357 853 alterius
2381 797 2547 854 libelli
2578 798 2734 853 initio
2763 800 3115 871 attingamus.

2270 938 3467 967 —-—-——-—-—_——_—;

1168 1126 1593 1240 LIBER
1678 1122 2468 1242 SECUNDUS.

589 1346 786 1457 Initia
833 1355 895 1415 et
928 1365 1316 1432 progressus
1344 1346 1732 1417 abbatiaeB.
1765 1348 1988 1413 Mariae
2028 1348 2108 1412 de
2146 1347 2514 1425 Noviqeuto
2545 1348 2938 1415 referuntur.

699 1693 930 1752 CAPUT
966 1694 1260 1752 PRIMUM.

248 1786 344 1864 (⁸⁵)
371 1787 609 1846 Vocatur
633 1788 902 1859 siquidem
937 1790 1297 1862 Novigentum
1323 1789 1508 1861 (vulgo
1538 1788 1776 1858 Nogent-

163 1892 307 1939 sons
321 1881 559 1954 -Coucy).
609 1880 711 1948 Qui
742 1890 1004 1951 quantum
1038 1884 1102 1937 ad
1137 1883 1532 1938 habitationem
1565 1891 1777 1952 spectat

164 1980 545 2037 monasticam
590 1992 793 2042 novus;
830 1986 1094 2046 quantum
1130 1992 1259 2032 vero
1292 1977 1360 2031 ad
1406 1993 1561 2031 usum
1603 1991 1773 2032 smctt-

164 2071 350 2127 larem
421 2069 789 2124 vetustissime
865 2067 1063 2123 cultus.
1116 2067 1288 2136 Quam
1355 2068 1665 2137 opinionem
1725 2067 1773 2122 si

164 2164 326 2219 nulla
373 2162 627 2217 lilteralis
650 2161 867 2231 juvaret
901 2162 1151 2230 traditio,
1182 2168 1497 2231 suppeteret
1530 2159 1774 2230 profecto

164 2252 383 2307 affatim
401 2254 779 2324 peregrina,et
802 2267 932 2317 non,
960 2262 1236 2323 putamus,
1272 2250 1571 2306 Christiani
1595 2250 1769 2304 nomi-

167 2346 269 2401 nis
327 2345 736 2414 sepulchrorum
794 2343 1362 2414 inventa1eontextio.
1417 2343 1575 2397 Circa
1624 2342 1772 2397 enim

171 2436 377 2507 ipsam,
432 2445 489 2491 et
540 2436 590 2490 in
647 2436 759 2505 ipsa
809 2435 1034 2489 basilica
1073 2444 1277 2489 tantam
1309 2435 1771 2504 sareophagorum

168 2529 389 2599 copiam
421 2528 702 2598 conjunxit
733 2528 1050 2598 antiquitas,
1084 2528 1137 2582 in
1162 2527 1385 2582 multam
1421 2528 1521 2582 loci
1549 2526 1771 2581 famosi-

173 2628 345 2674 tatetu
376 2628 661 2690 tantopere
691 2620 938 2690 espetiti,
972 2621 1300 2674 cadaverum
1335 2620 1463 2673 inibi
1488 2627 1773 2689 congesto-

168 2718 295 2769 rum
322 2711 668 2767 commendat
700 2709 958 2765 inﬁnitas.
1017 2709 1154 2778 Quia
1200 2710 1344 2765 enim
1384 2725 1490 2764 non
1535 2709 1587 2763 in
1642 2723 1761 2763 mo-

167 2818 293 2860 rem
328 2813 635 2858 nostrorum
671 2803 803 2857 ordo
848 2801 1154 2873 disponitur
1192 2801 1564 2872 sepulcrorum
1590 2843 1605 2869 ,
1672 2801 1769 2855 sed

171 2895 479 2951 circulatim
544 2878 878 2949 iu'modnm
940 2894 1158 2950 corolla:
1223 2895 1529 2965 sepulcrum
1605 2894 1766 2949 unius

166 2987 341 3042 multa
388 2988 653 3055 ambiunt,
722 2987 775 3041 in
837 2986 1031 3057 quibus
1096 2987 1343 3058 quaedam
1406 2987 1759 3056 reperiuntur

1802 1673 1854 1735 B
1883 1688 2262 1759 delisinvidia,
2302 1700 2513 1748 etcum
2565 1695 2632 1749 de
2657 1693 2791 1765 ipsis
2837 1695 3051 1751 cunctis
3095 1710 3234 1767 pene
3286 1698 3474 1771 pejora

1881 1785 2206 1840 mortalibus
2250 1786 2606 1853 cautitentur,
2643 1788 2932 1844 dementia:
2980 1788 3352 1845 arbitrabatur
3378 1808 3476 1848 ex-

1883 1882 2070 1931 tremae
2099 1878 2144 1931 si
2179 1876 2376 1931 talibus
2429 1886 2609 1947 terrae,
2674 1879 2870 1933 nedum
2920 1878 3181 1934 caelorum
3229 1882 3472 1953 regimen

1886 1968 2220 2023 ascribatur.
2250 1968 2316 2024 Et
2347 1971 2469 2039 quis
2494 1985 2589 2025 eos
2616 1969 2683 2024 ad
2738 1986 2970 2041 superna
2998 1971 3331 2041 disponenda
3366 1983 3473 2030 tra-

1879 2059 2063 2125 ducat,
2098 2075 2329 2131 quorum
2353 2062 2627 2130 quondam
2686 2062 2994 2118 miseranda
3026 2065 3268 2134 potentia
3299 2077 3472 2122 terra-

1878 2168 2000 2208 rum
2033 2154 2329 2223 particulas
2382 2153 2789 2228 qualescunque
2842 2155 2961 2212 sine
3010 2157 3155 2229 turpi
3203 2161 3464 2217 cornutis-

1878 2248 2033 2302 sione
2059 2257 2244 2302 tenere
2269 2263 2371 2302 non
2397 2248 2653 2319 poterat?

1949 2339 2157 2395 Calesti
2206 2340 2402 2395 tantine
2454 2340 2772 2396 illustratur.
2807 2333 3259 2399 —Ha:c'homo
3314 2344 3469 2399 siuti-

1877 2433 2058 2504 liaque
2092 2433 2399 2497 revolvens,
2427 2433 2664 2488 exclusis
2686 2449 2717 2488 a
2766 2433 2934 2488 corde
2982 2434 3223 2489 inanium
3244 2435 3378 2505 jam,
3411 2443 3470 2492 ut

1856 2530 2128 2599 putabat,
2162 2529 2446 2582 numinum
2480 2526 2827 2599 imaginibus,
2858 2529 2924 2582 ad
2968 2544 3132 2582 unum
3170 2530 3469 2599 incompre-

1876 2621 2223 2687 hensibilem,
2254 2637 2414 2692 quem
2456 2621 2573 2676 siue
2600 2618 2774 2675 forma
2800 2620 2903 2675 coli
2942 2631 3210 2692 oporteat,
3238 2623 3328 2692 qui
3354 2639 3468 2678 om-

1880 2715 1973 2769 nia
2007 2730 2149 2769 uuus
2194 2730 2298 2768 una
2348 2715 2642 2770 concordia
2681 2714 3052 2781 administrat,
3100 2716 3253 2788 cujus
3285 2702 3470 2773 invisi-4

1875 2808 2007 2863 bilia
2042 2824 2138 2878 per
2177 2823 2241 2863 ea
2290 2824 2412 2879 quae
2442 2806 2584 2864 laeta
2620 2806 2879 2877 suntjam
2911 2809 3189 2865 intellecta
3240 2810 3470 2883 conspe-

1874 2909 2032 2954 xerat
2064 2899 2304 2972 (Honm,
2332 2899 2426 2968 20)
2462 2898 2748 2954 colendum
2782 2914 2841 2955 se
2870 2900 3055 2955 vertit.
3090 2900 3225 2955 Cum
3258 2916 3387 2971 ergo
3414 2901 3466 2957 in

1875 2993 1962 3048 his
1995 2992 2218 3047 utilibus
2248 2991 2589 3062 argumentis
2631 2989 2731 3046 sub
2774 2992 3098 3059 quibusdam
3151 3004 3329 3047 tamen
3360 2994 3467 3047 luc-

168 3094 325 3145 vasa,
350 3094 582 3151 quorum
617 3094 838 3135 causam
864 3080 1115 3135 nesciunt
1146 3080 1455 3135 Christiana
1490 3090 1757 3150 tempora.
1791 3062 1839 3124 (ἶ
1870 3087 2057 3142 sitm-et
2095 3086 2434 3155 ambagibus,
2468 3083 2630 3151 Deus,
2665 3084 2755 3153 qui
2787 3085 3053 3140 benivolis
3091 3085 3313 3140 meliora
3369 3086 3466 3141 de-

167 3172 294 3228 Non
317 3187 603 3244 possumus
628 3174 771 3252 aliud
797 3174 1019 3229 credere
1051 3173 1153 3228 nisi
1196 3174 1337 3243 quod
1370 3173 1589 3228 [uerunt
1617 3190 1753 3245 geu-

169 3266 333 3332 tium,
352 3280 441 3321 aut
456 3267 831 3337 antiquissima
849 3265 1488 3340 “QCln-istiauorum,
1506 3268 1598 3323 sed
1616 3267 1757 3323 facta

170 3361 363 3432 gentili
389 3375 558 3416 more.
589 3360 845 3428 Quaedam
875 3371 1053 3415 autem
1076 3370 1203 3415 sunt
1232 3361 1285 3416 in
1318 3362 1508 3415 eadem
1532 3362 1762 3417 ecclesia

168 3454 371 3507 litterae
399 3462 573 3508 metro
607 3453 939 3524 compositas,
965 3453 1161 3524 quibus
1184 3469 1285 3523 ego
1310 3455 1453 3508 nulla
1487 3455 1766 3511 aduiterer

169 3547 516 3611 auctoritate,
547 3548 651 3602 nisi
691 3548 959 3617 quadam,
984 3562 1103 3617 quae
1134 3548 1423 3617 plurimum
1449 3564 1639 3602 eorum
1672 3564 1765 3602 ro-

168 3638 370 3694 borant
394 3638 576 3703 fidem,
605 3639 843 3693 viderem
886 3638 1153 3708 hodieque
1195 3644 1472 3693 constare.
1507 3642 1637 3706 Qua)
1674 3640 1761 3694 hi-

169 3729 341 3785 storia
368 3731 445 3784 sic
474 3744 535 3785 se
565 3730 769 3785 habere
792 3731 1088 3785 secundum
1145 3732 1427 3801 scriptura:
1467 3731 1627 3800 hujus
1676 3748 1764 3789 se-

168 3823 307 3879 riem
340 3824 573 3879 traditur
600 3838 616 3879 :

244 3916 337 3989 (⁸⁵)
382 3916 523 3971 Mira
551 3916 614 3971 de
647 3932 761 3987 rege
786 3914 1253 3971 Brito-Saxonum.
1286 3946 1359 3959 -—-
1378 3918 1531 3988 Apud
1559 3918 1763 3990 Anglos

169 4017 294 4065 ante
321 4009 590 4065 iucarnati
618 4008 779 4064 Verbi
804 4011 855 4063 in
882 4009 1078 4064 coelum
1107 4011 1555 4080 assumptionmn,
1580 4028 1763 4085 regem
1787 4072 1793 4077 ,

174 4104 463 4174 quemdam
516 4102 796 4159 exstitisse
843 4107 1031 4169 refert,
1064 4104 1154 4173 qui
1183 4105 1402 4173 quidem
1449 4106 1761 4176 uunAngll,

169 4197 313 4271 quod
338 4198 530 4253 novius
562 4212 757 4251 nomen
779 4206 883 4264 est,
919 4214 949 4252 a
998 4199 1230 4268 quadam
1275 4206 1429 4266 parte
1462 4196 1760 4262 Saxonum,

169 4293 262 4365 qui
293 4292 409 4346 illas
439 4292 777 4362 postmodum
810 4301 1144 4361 usurparunt
1173 4301 1364 4354 terras,
1393 4292 1484 4347 sesl
1514 4292 1762 4347 Britones

172 4383 240 4439 ab
264 4385 486 4455 antiquo
516 4394 799 4439 vocantur.
833 4385 888 4439 lu
920 4386 1033 4455 ipsa
1072 4401 1202 4456 ergo
1231 4384 1757 4450 Britannia,Oceani

168 4476 416 4532 videlicet
447 4478 641 4543 insula,
674 4494 765 4533 rex
808 4478 948 4533 idem
976 4478 1148 4533 fuerat
1174 4479 1371 4537 litteris
1422 4483 1648 4551 poeticis
1694 4498 1758 4537 ac

170 4570 557 4641 philosophicis
586 4572 857 4626 uberrime
884 4571 1069 4637 fultus,
1096 4582 1149 4627 et
1186 4574 1252 4628 ad
1288 4575 1401 4630 lucc
1432 4575 1756 4631 naturaliter

173 4664 272 4719 sibi
328 4666 485 4719 insita
540 4665 786 4722 bonitate
832 4666 897 4721 ad
949 4669 1337 4726 misericordiae
1382 4687 1546 4742 Opera
1583 4670 1752 4727 fusus.

170 4756 412 4826 Cumque
434 4772 621 4829 egente
652 4761 832 4813 manui
868 4776 974 4814 non
1032 4762 1143 4823 Dei,
1189 4779 1347 4834 quem
1380 4765 1554 4818 adhuc
1606 4766 1757 4835 igno-

170 4849 343 4914 rabat,
376 4851 599 4915 intuitu,
625 4853 719 4907 sed
751 4853 1109 4909 humanitatis
1158 4857 1390 4921 eximite,
1439 4873 1540 4927 qua
1575 4858 1756 4915 aliine—

166 4941 279 5007 bat,
314 4943 569 5014 impulsu,
604 4946 863 5017 dapsilem
889 4963 947 5003 se
977 4948 1266 5018 praeberet,
1297 4953 1516 5022 dignum
1547 4954 1647 5007 fuit
1698 4963 1756 5008 ut

166 5036 269 5108 pia:
297 5048 500 5094 natura:
549 5042 817 5096 exercitio
847 5042 1093 5097 clarior-is
1141 5045 1511 5117 intelligentite
1562 5064 1755 5104 munus

168 5130 466 5185 accederet.
526 5132 703 5202 Carpit
732 5133 876 5187 enim
934 5133 1309 5189 disertissimis
1364 5139 1503 5208 apud
1537 5154 1594 5194 se
1625 5153 1757 5194 cun-

166 5219 719 5290 jccturisdiscurrere
756 5226 882 5293 quid
940 5226 1079 5279 inter
1130 5234 1205 5280 tot
1257 5227 1480 5282 deorum
1532 5244 1754 5285 suorum

168 5311 429 5368 formulas
485 5316 621 5369 certi
673 5318 912 5372 numinis
948 5332 1171 5387 sperare
1221 5320 1460 5374 deberet.
1512 5321 1755 5377 Pensans

168 5405 310 5461 enim
342 5420 579 5473 quzcnatr
630 5396 681 5461 iri
715 5410 1082 5464 moderatione
1119 5410 1240 5465 coeli
1266 5421 1320 5466 et
1356 5421 1512 5465 terrm
1541 5424 1753 5482 poterat

169 5493 311 5549 inter
349 5508 442 5548 eos
480 5508 602 5549 esse
657 5500 973 5563 concordia,
1022 5516 1142 5554 cum
1198 5503 1251 5554 in
1299 5501 1585 5574 conjugiis,
1624 5506 1749 5561 dum

168 5584 498 5655 advivereul,
560 5589 673 5642 suis
724 5589 888 5646 fuerit
934 5601 990 5647 et
1056 5594 1342 5663 imperitas
1395 5612 1457 5651 ac
1506 5597 1752 5654 simultas

165 5676 387 5755 indubia
415 5696 427 5744 ;
454 5686 507 5733 et
535 5680 588 5733 in
619 5680 872 5737 dominiis
923 5692 1186 5739 terrarum
1224 5701 1468 5753 suarum,
1520 5689 1749 5747 filiorum

174 5769 229 5826 in
253 5781 454 5839 patres,
484 5780 701 5840 patrum
754 5774 806 5826 in
856 5774 995 5837 illius
1052 5793 1226 5847 usque
1272 5781 1338 5834 ad
1370 5780 1629 5836 vicariam
1656 5792 1747 5839 aut

169 5861 536 5922 exclusioncm
585 5872 935 5925 autmortem
963 5871 1197 5939 patuerit
1250 5872 1393 5932 inter
1438 5875 1581 5948 ipsos
1625 5890 1748 5935 cru-

1787 4436 1839 4494 D

1869 3176 2060 3244 clarat,
2096 3166 2566 3232 hominem'hunc
2599 3174 2807 3232 caelesti
2866 3176 3029 3232 missa
3082 3177 3149 3231 ad
3182 3192 3305 3231 eum
3332 3193 3466 3234 voce

1868 3271 2121 3327 sollicitat
2175 3271 2252 3325 ιιιί
2285 3270 2714 3342 Hierosolymam
2745 3288 2915 3341 usque
2938 3271 3215 3342 procedat,
3248 3272 3318 3327 ibi
3368 3289 3465 3329 att-

1867 3364 2084 3420 diturus
2121 3364 2249 3434 quid
2283 3364 2349 3419 de
2378 3364 2490 3419 Deo
2519 3364 2713 3418 sentiri
2762 3363 2971 3429 deceat,
3026 3363 3259 3434 qualiter
3288 3379 3317 3418 a
3354 3364 3461 3419 Deo

1868 3457 1963 3512 Dei
1991 3457 2180 3512 exiens
2212 3456 2379 3511 Filius
2404 3456 2545 3510 inter
2589 3454 2835 3510 homines
2873 3470 2972 3527 pro
3004 3455 3315 3510 hominibus
3340 3472 3461 3511 sese

1868 3548 2146 3615 habuerit,
2176 3548 2306 3618 quid
2330 3547 2679 3618 perferendo,
2706 3556 2800 3601 aut
2830 3547 2960 3617 quid
2987 3548 3289 3611 devenerit,
3323 3563 3460 3617 quos

1867 3644 2035 3698 divini
2066 3642 2300 3696 nominis
2328 3641 2670 3712 exemplaudi
2717 3641 2953 3695 vicarios
2981 3650 3103 3709 post
3133 3654 3190 3694 se
3220 3639 3456 3710 relique-

1866 3736 1959 3802 rit;
1985 3751 2210 3807 quosve,
2248 3750 2371 3789 cum
2404 3748 2463 3787 se
2486 3733 2575 3788 illo
2601 3732 3462 3805 transtulerit,tantorummyste-

1867 3830 2072 3885 riorum
2100 3828 2327 3896 indices,
2366 3826 2597 3883 Matrem
2620 3824 2873 3881 videlicet
2894 3840 3016 3880 cum
3046 3826 3304 3881 universo
3333 3840 3461 3895 apo-

1865 3926 2063 3983 Itolatu
2097 3935 2407 3995 reperturus
2437 3924 2527 3979 sit.
3428 3984 3433 3987 τ

1858 4066 1859 4069 η
1940 4018 2173 4089 Regnum
2224 4017 2457 4071 abdicat.
2498 4015 2782 4086 Novigeuti
2834 4013 3459 4086 hospitutur.Novigcnti

1866 4109 2169 4180 descriptio.
2200 4108 2465 4179 -lgitur
2508 4122 2603 4161 rex
2649 4107 2739 4164 ille
2790 4107 3158 4173 Britannicus,
3202 4108 3363 4162 rebus
3405 4115 3459 4162 et

1874 4218 2041 4273 regno
2070 4202 2282 4273 positis,
2326 4200 2611 4256 enuntiato
2651 4198 2755 4254 sibi
2811 4198 2937 4254 ﬁdei
2986 4198 3230 4264 oraculo,
3272 4198 3338 4252 ad
3370 4212 3459 4252 ex-

1866 4300 2121 4370 perienda
2174 4314 2293 4368 quae
2352 4298 2621 4352 didicerat
2678 4310 2972 4367 properare
3017 4296 3315 4366 proposuit.
3352 4296 3454 4350 De-

1865 4402 2015 4447 serta
2064 4394 2249 4461 itaque
2306 4389 2503 4460 patria,
2548 4398 2601 4444 et
2649 4389 2821 4444 classe
2878 4397 3085 4459 parata,
3144 4386 3455 4459 contiguum

1870 4495 2089 4540 tranans
2109 4500 2317 4554 aequor,
2345 4483 2665 4538 transmisso
2691 4481 3014 4553 Oppidorum
3049 4481 3280 4551 plurimo
3294 4497 3356 4536 ac
3376 4498 3461 4536 ur-

1863 4578 2011 4632 bium
2047 4576 2367 4642 iuterstitio,
2412 4574 2703 4643 provincia:
2752 4574 3134 4630 Lauduneusis
3184 4575 3364 4644 attigit
3397 4574 3458 4629 li-

1865 4669 2070 4724 mitem.
2107 4666 2237 4720 Ruri
2269 4666 2435 4737 igitur
2461 4663 2604 4734 quod
2637 4664 3158 4733 prtenominavimus
3180 4663 3452 4731 Naviget:-

1862 4772 1995 4823 tum,
2026 4760 2315 4830 hospitium
2344 4757 2549 4828 appulit
2578 4757 2889 4812 sortilurus.
2918 4750 3041 4811 'Est
3090 4767 3270 4813 autem
3305 4757 3453 4815 locus

1861 4855 1950 4909 ille
1973 4855 2074 4907 sub
2102 4851 2351 4919 castello,
2387 4850 2478 4920 qui
2528 4849 2851 4904 Codiciacus
2888 4851 3072 4922 (vulgo
3121 4849 3318 4920 Coucy)
3358 4842 3451 4919 ap-

1858 4948 2106 5018 pellatur,
2140 4960 2279 4999 novo
2305 4944 2523 5013 quidem
2565 4952 2618 4996 et
2647 4960 2674 4997 a
2712 4943 2947 5008 rusticis,
2983 4953 3041 4996 ut
3065 4943 3268 5007 feriunt,
3291 4953 3449 4997 terra:

1858 5039 2038 5106 hujus,
2072 5026 2225 5091 valde
2252 5033 2499 5106 superbis
2524 5043 2579 5088 et
2601 5035 2824 5100 ditibus,
2851 5030 3069 5104 propter
3098 5039 3447 5089 externoritm

1860 5130 2111 5185 incursus
2160 5129 2446 5184 aedificato.
2500 5127 2592 5200 (⁸⁸)
2640 5126 2861 5181 Castelli
2900 5142 3027 5194 ergo
3058 5125 3293 5179 nullam
3321 5127 3449 5181 nino

1860 5222 2175 5291 antiquitas.
2211 5220 2388 5274 Locus
2414 5219 2523 5287 ille,
2566 5220 2632 5273 de
2664 5234 2773 5289 quo
2797 5217 3029 5288 agimus,
3083 5224 3211 5273 tunc
3242 5228 3448 5293 tempo-

1864 5316 1940 5371 ris
1963 5314 2309 5369 venationum
2349 5312 2617 5365 feracibus
2641 5310 2985 5364 ambiebatur
3030 5308 3200 5374 silvis,
3231 5310 3318 5381 (⁸⁷)
3351 5309 3448 5364 Πυ-

1856 5411 1948 5465 vio
2000 5423 2159 5479 quem
2213 5422 2375 5476 supra
2427 5404 2667 5459 diximus
2715 5402 2905 5472 Aquila
2958 5401 3161 5457 utiliori
3210 5404 3447 5457 maxime

1855 5520 2018 5575 quam
2050 5502 2238 5571 majori
2266 5518 2280 5565 ;
2309 5516 2430 5553 nam
2462 5498 2775 5553 celebrioris
2806 5497 3040 5552 notuinis
3066 5500 3239 5552 undas
3268 5500 3447 5569 pisco-

1854 5598 2017 5653 sitale
2070 5609 2336 5663 superans
2392 5593 2711 5657 uberrima,
2769 5591 2907 5646 alvei
2958 5592 3043 5647 sui
3105 5609 3442 5663 nequaquam

1853 5701 2035 5747 meatu
2099 5687 2457 5753 concluditur,
2515 5695 2832 5741 czetcrorum
2886 5688 3057 5742 instar
3121 5687 3441 5753 ﬂuminum,

1857 5785 1950 5841 sed
2005 5797 2267 5853 aquarum
2330 5788 2618 5851 stagnante
2677 5781 2830 5852 copia
2897 5782 3229 5837 vivariorum
3292 5800 3442 5849 more

1831 5874 2223 5967 ‘prejeuditur.
2274 5872 2538 5962 Montium
2568 5873 2695 5931 hinc
2740 5874 2864 5933 inde
2911 5875 3335 5947 prominentium
3361 5877 3441 5933 vi-
