3982 6346
631 325 745 395 895‘

1410 328 1471 388 V.
1496 328 1824 390 GUIBERTI
1848 328 2142 388 ABBATIS
2170 327 2230 386 S.
2270 327 2512 388 MARLE
2544 328 2635 389 DE
2664 324 3061 389 NOVIGENTO
3718 335 3784 396 896

633 454 755 511 neis
806 454 1007 510 devexa
1062 452 1385 523 cinguntur,
1438 449 1636 505 humus
1691 449 1978 517 utrobique
2024 447 2293 510 LiberoA
2322 449 2596 518 praeﬁxos,
2646 447 2841 503 cmlum
2890 456 2948 503 et
2997 457 3197 501 terram
3278 460 3491 517 qumque
3530 445 3575 501 in
3613 447 3674 503 eis
3709 466 3789 510 sunt

632 544 930 614 Cererique
985 542 1338 606 conveniens,
1393 541 1637 617 omnium
1692 538 1955 594 bonarum
2000 538 2214 607 frugum

634 637 790 709 gleba
818 637 1074 707 genitrice
1107 634 1378 701 laudatur,
1432 633 1636 688 ﬁuvioli
1692 632 1995 687 fecunditas
2039 642 2218 700 prato-

634 745 753 786 rum
794 728 953 799 longe
981 729 1195 800 lateque
1254 727 1589 783 tendentium
1641 726 2046 782 amoenitatibus
2068 740 2214 781 com-

631 822 940 880 mendalur.

703 914 846 969 Inibi
888 913 1090 985 Virgini
1130 914 1295 970 Deum
1322 915 1575 984 paritura:
1605 920 1873 967 sacratum
1914 911 2117 983 fanunt.
2146 943 2216 952 —

632 1004 892 1062 Traditur
913 1019 1098 1061 autem
1129 1007 1197 1061 ab
1244 1006 1485 1074 antiquis
1528 1014 1584 1059 et
1627 1019 1729 1075 pro
1757 1013 1906 1059 certo
1954 1004 2216 1059 astruitur

632 1099 772 1169 quod
802 1112 867 1153 eo
898 1099 949 1152 in
995 1099 1112 1152 loco
1140 1097 1564 1153 vetustissimum
1589 1097 1800 1151 exstitit
1824 1096 2091 1168 quondam
2142 1096 2217 1150 fa-

630 1203 788 1255 num,
849 1202 954 1243 non
1012 1187 1296 1243 existentis
1342 1186 1663 1257 cnjnspiam
1705 1187 1798 1242 Dei
1855 1188 2073 1242 nomine
2124 1196 2215 1242 aut

631 1278 843 1336 honore
866 1288 1160 1344 sai-ratum,
1200 1279 1293 1334 sed
1329 1279 1419 1351 (⁸⁸)
1442 1278 1490 1332 ci
1543 1277 1756 1333 feminze
1786 1281 2021 1334 nondum
2055 1290 2211 1349 natae,

631 1387 754 1441 quae
792 1372 959 1426 Deum
1015 1380 1069 1427 et
1118 1372 1389 1427 hominem
1433 1380 1577 1427 esset
1631 1370 1903 1441 genitura,
1953 1373 2210 1428 dicatum.

633 1465 767 1521 Erat
792 1481 922 1536 ergo
945 1467 1104 1520 tuatri
1131 1465 1325 1520 futurae
1349 1466 1443 1521 Dei
1464 1465 1727 1521 nascituri
1756 1467 2026 1521 devotum.
2062 1467 2216 1535 Quod

633 1557 834 1612 nemini
868 1556 1145 1626 quidpiam
1171 1557 1403 1625 sapienti
1429 1557 1644 1611 videtur
1674 1558 1976 1612 absurdum
2014 1559 2215 1628 quippe

630 1648 721 1718 qui
774 1649 941 1703 Deum
995 1648 1238 1719 ignotum
1278 1648 1418 1714 apud
1450 1649 1692 1705 Athenas
1747 1650 2027 1706 coluerant
2073 1651 2212 1723 (Act.

629 1753 766 1806 xvtt,
799 1740 915 1809 23),
945 1751 1093 1795 certe
1118 1741 1453 1795 nasciturum
1482 1756 1549 1796 ex
1597 1741 1822 1811 femina,
1869 1743 2013 1798 sicut
2039 1751 2092 1798 et
2116 1759 2216 1799 cae-

2319 554 2505 594 creare
2543 538 2845 594 nullatenus
2868 536 3129 609 potuisse,
3160 553 3300 606 quos
3325 535 3563 591 rtelorum
3584 553 3789 611 actumque

2317 628 2630 693 clementia,
2656 640 2710 684 et
2768 640 2928 684 terra:
2962 628 3243 698 nptalentia
3297 627 3395 681 hoc
3437 627 3483 681 in
3530 629 3791 685 mundocoo-

2317 718 2458 775 stitit
2493 720 2778 775 coaluisse.
2803 718 3005 773 Horum
3029 733 3159 788 ergo
3190 717 3426 771 numinis
3453 719 3635 772 ratione
3654 719 3792 790 disper-

2317 812 2454 877 dita,
2487 827 2607 867 meo
2651 813 2865 865 tandem
2910 811 3279 866 certissimum
3324 810 3467 865 sedet
3513 809 3706 879 ingenio,
3738 814 3789 868 his

2318 907 2496 961 divina
2523 906 2574 959 in
2608 907 2770 960 finem
2816 907 3144 959 auctoritate
3188 903 3435 974 privatis,
3466 916 3793 973 unumposseet

2318 996 2515 1052 debere
2542 995 2689 1051 credi
2723 996 2881 1051 unius
2908 995 3002 1051 Dei
3028 994 3312 1065 opiﬁcium
3343 1008 3405 1049 ac
3440 996 3666 1064 regimen,
3686 1011 3795 1067 aqua

2318 1102 2426 1140 uno
2457 1088 2597 1142 sicut
2629 1097 2755 1141 sunt
2793 1087 2997 1152 omnia,
3032 1087 3104 1141 ita
3131 1101 3196 1141 ea
3226 1087 3280 1140 in
3314 1101 3372 1141 se
3397 1086 3647 1142 continens
3666 1096 3795 1143 atten-

2317 1189 2471 1251 perat
2502 1180 2772 1236 universa.
2806 1180 3099 1250 Postquam
3134 1179 3249 1234 Deo
3304 1187 3389 1233 est
3423 1193 3561 1234 mens
3593 1195 3685 1235 mea
3713 1196 3794 1236 coa-

2318 1271 2493 1342 gulata
2522 1275 2621 1329 sub
2646 1288 2773 1339 uno,
2796 1284 2850 1328 et
2876 1273 3099 1328 delubra
3138 1271 3582 1343 delubrorumque
3622 1272 3795 1342 ﬁgmenta

2316 1378 2518 1459 aeterno
2564 1380 2689 1426 sunt
2740 1370 2979 1441 projecta
3008 1368 3250 1434 fastidio,
3297 1368 3450 1437 quasi
3484 1366 3793 1437 defmcatisjam

2318 1464 2385 1518 ab
2441 1458 2755 1517 idololatriae
2812 1464 3025 1519 sentina
3072 1459 3413 1532 przecordiis,
3462 1458 3795 1528 purilasillicoe

2316 1556 2631 1612 coelestibus
2694 1557 2857 1612 totius
2907 1571 3052 1610 vera:
3099 1553 3386 1625 religionis
3444 1551 3675 1606 inclaruit.
3711 1549 3795 1605 Nam

2317 1651 2498 1706 divina
2532 1666 2663 1706 voce
2711 1667 2834 1705 mox
2880 1648 3075 1719 jubeor
3103 1650 3211 1704 huc
3233 1648 3443 1711 venire,
3477 1646 3558 1700 ubi
3584 1644 3628 1699 in
3655 1645 3796 1713 dispen-

2319 1744 2529 1799 satione
2561 1745 2656 1799 Dei
2683 1744 2800 1799 Filii
2828 1759 2999 1813 nuper
3029 1743 3205 1813 passi,
3243 1740 3449 1796 veritas
3476 1738 3626 1792 unica:
3645 1736 3796 1790 ετοάώ

630 1838 779 1888 teros
832 1832 960 1887 deos
1010 1833 1289 1904 gregarios
1340 1849 1565 1903 quorum
1626 1844 1831 1890 matres
1899 1837 2212 1904 nominant,
2248 1811 2291 1869 Β
2322 1837 2448 1890 talis
2484 1850 2580 1906 per
2610 1852 2707 1891 vos
2763 1835 2895 1891 mihi
2954 1835 3216 1890 tradenda
3251 1832 3571 1904 promittitur
3610 1827 3795 1884 essePct

630 1921 856 1976 minime
886 1923 1224 1978 nesciebant.
1275 1924 1340 1977 Et
1385 1924 1429 1978 si
1493 1924 1772 1980 nascituro
1818 1924 1928 1994 jam
1957 1927 2216 1982 sacellum

631 2013 937 2081 dicabatur,
992 2006 1171 2070 mater
1202 2015 1385 2084 hujus,
1417 2017 1559 2070 sicut
1607 2026 1661 2071 et
1710 2018 1963 2085 aliorum,
2010 2019 2217 2074 honore

630 2121 975 2178 nequaquam
1005 2107 1169 2162 simili
1214 2110 1550 2179 privabatur.
1600 2110 1753 2178 Quod
1801 2127 1931 2183 ergo
1972 2111 2083 2167 illic
2131 2113 2215 2183 gi-

630 2200 844 2271 gnendo
868 2216 971 2256 non
1005 2202 1420 2257 discredendum
1473 2212 1573 2267 est,
1635 2204 1776 2273 quod
1828 2213 1883 2259 et
1914 2205 2036 2260 istic
2098 2204 2215 2261 ﬁeri

639 2293 814 2362 potuit
865 2294 1146 2365 genitum.
1206 2293 1290 2348 Ad
1358 2296 1500 2350 hunc
1556 2296 1737 2365 itaque
1799 2296 1975 2351 locum
2034 2312 2215 2369 regem

627 2382 1007 2442 Britannicum
1040 2387 1269 2459 contigit
1299 2388 1607 2453 advenisse,
1649 2390 1739 2458 qui
1768 2390 2214 2461 opportunissimi

629 2481 775 2536 ruris
827 2480 1161 2552 gratitudine
1215 2489 1439 2545 tentus,
1502 2482 1582 2536 sui
1636 2495 1966 2552 suorumque
2023 2491 2215 2538 vexata

632 2580 807 2627 tractu
839 2573 1049 2627 itineris
1080 2587 1306 2642 corpora
1353 2573 1485 2630 inibi
1540 2573 1786 2629 refovere
1832 2576 2117 2645 disposuit,
2162 2586 2218 2634 et

632 2661 890 2717 animalia
921 2661 1247 2717 lassabunda
1274 2673 1398 2719 oeto
1430 2663 1623 2720 diebus
1648 2665 1801 2721 uberi
1832 2669 1973 2738 quod
2005 2667 2218 2738 adjacet

630 2753 829 2826 pabulo
853 2756 1140 2810 recreavit.
2162 2751 2197 2761 ’”

624 2852 629 2853 “
706 2844 814 2900 Rea:
837 2845 1183 2918 Jerosolymis
1229 2850 1455 2919 appulit.
1490 2879 1561 2889 —
1600 2850 1810 2907 Exinde
1844 2854 2212 2923 progrediens,

628 2946 757 3010 post
776 2953 995 2995 emensa
1025 2939 1123 2994 soli
1177 2940 1454 3012 marisque
1481 2942 1679 3013 spatia,
1717 2944 1931 2999 tandem
1963 2944 2218 3000 Hieroso-

628 3030 907 3103 lymitanis
930 3047 1048 3088 sese
1075 3031 1345 3088 moenibus
1373 3033 1571 3090 intulit.
1602 3034 1784 3105 Nuper
1807 3036 1972 3106 igitur
2022 3036 2214 3093 Salva-

632 3131 747 3179 tore
773 3136 954 3194 passo,
981 3134 1037 3179 et
1067 3141 1098 3178 a
1152 3126 1383 3181 mortuis
1430 3128 1714 3196 suscitato,
1755 3137 1809 3185 et
1855 3130 1919 3183 ad
1974 3130 2214 3198 cmlestia

628 3215 861 3280 elevato,
915 3217 982 3271 ad
1036 3216 1284 3273 ultimutn
1339 3218 1543 3290 Spiritu
1575 3221 1723 3288 dato,
1776 3223 1977 3293 reperit
2023 3224 2213 3280 urbem

628 3308 863 3365 diversis
885 3311 1323 3368 contentionibus
1376 3314 1767 3379 diversautem,
1829 3315 1916 3370 his
1958 3314 2099 3370 facto
2128 3316 2216 3371 of-

630 3400 819 3469 fensis,
842 3402 945 3457 illis
964 3404 1107 3459 facta
1130 3403 1508 3475 probantibus.
1551 3405 1661 3462 Nec
1706 3405 1812 3461 ulla
1865 3408 2074 3463 exstitit
2118 3423 2214 3463 eos

629 3508 769 3565 quos
798 3495 1079 3566 quaerebat
1104 3496 1406 3566 reperiendi
1437 3495 1747 3564 difﬁcultas,
1771 3499 1865 3554 sed
1896 3514 1983 3553 res
2006 3499 2216 3569 magnis

629 3585 902 3644 celebrata
933 3586 1120 3660 489,
1151 3589 1469 3644 rumoribus
1503 3604 1655 3645 nova:
1696 3590 1856 3660 hujus
1903 3591 2213 3661 promulga-

631 3688 783 3735 tores
812 3679 947 3751 legis
992 3680 1141 3735 facili
1190 3681 1395 3738 indicio
1425 3682 1749 3753 propalavit.
1791 3682 1907 3738 Non
1936 3685 2080 3738 enim
2123 3698 2216 3739 eos

630 3771 786 3828 solita
813 3773 1078 3829 hactenus
1120 3775 1361 3830 claustra
1412 3776 1689 3844 tenebant,
1739 3792 1840 3832 nec
1879 3792 1910 3830 a
1952 3777 2033 3831 sui
2068 3776 2213 3832 testi-

630 3864 812 3920 mouio
838 3864 1052 3920 Domini
1071 3864 1311 3922 Judaieae
1333 3881 1428 3922 eos
1452 3868 1733 3923 seditionis
1757 3877 1934 3924 metus
1961 3870 2210 3935 arcebat;

628 3957 723 4014 sed
750 3968 869 4014 erat
909 3960 1262 4015 consulerare
1312 3975 1405 4016 eos
1454 3960 1507 4014 in
1552 3961 1763 4033 populis
1803 3963 2127 4027 eminentes,
2156 3972 2218 4019 ut

630 4051 1009 4107 auctoritatem
1070 4051 1221 4106 verbi
1292 4051 1562 4107 evidentia
1628 4053 1881 4109 stationis
1944 4054 2212 4125 impleret.

628 4142 768 4212 Quid
800 4144 1103 4200 immorer?
1154 4143 1299 4199 Inter
1324 4145 1611 4216 populares
1664 4147 1829 4216 igitur
1856 4146 2050 4202 Petrus
2093 4162 2214 4203 cum

626 4235 879 4293 undecim
908 4238 1184 4293 invenitur
1233 4239 1589 4309 frequentius,
1645 4239 2086 4311 largissimojam
2132 4242 2216 4296 di-

624 4330 956 4401 scipulorum
980 4331 1318 4387 asseculante
1336 4343 1629 4402 conventu,
1648 4336 1815 4390 totius
1837 4343 2037 4390 nostrae
2091 4333 2214 4391 ﬁdei

624 4432 680 4479 et
709 4423 892 4495 gloriae
920 4425 1164 4495 speculo,
1210 4440 1363 4481 suam
1413 4427 1484 4482 ibi
1531 4429 1903 4498 praesentiam,
1935 4438 1990 4484 et
2020 4429 2216 4484 divina:

626 4516 808 4572 carnis
858 4516 1225 4572 teStimonium
1281 4520 1602 4591 perhibente
1664 4520 1854 4577 Maria.
1917 4522 2063 4589 Quos
2118 4538 2213 4578 rex
2243 4550 2295 4610 Β

626 4605 718 4660 ille
756 4606 1118 4675 Britannicus,
1163 4610 1271 4664 Deo
1312 4628 1435 4666 mox
1468 4612 1745 4669 delaturus
1768 4614 2057 4685 primitias,
2090 4630 2213 4669 cum

628 4693 851 4765 Virgine
891 4695 1060 4754 Matre
1113 4701 1466 4772 compellans,
1514 4718 1709 4759 causas
1751 4704 1970 4760 itineris
2010 4705 2089 4761 sic
2117 4720 2215 4760 cx-

624 4785 825 4858 promit
853 4804 865 4841 :

703 4898 723 4933 r
756 4879 830 4934 De
856 4869 1228 4939 remotissimis
1253 4891 1409 4941 terrae
1453 4885 1651 4943 ﬁnibus
1682 4889 1748 4943 ad
1776 4904 1892 4957 vos,
1942 4889 2134 4944 Patres
2161 4898 2217 4945 et

626 4972 851 5041 domini,
901 4974 1196 5047 audiendos
1250 4991 1333 5030 me
1385 4978 1666 5032 devenisse
1719 4979 1931 5036 videtis.
1992 4982 2103 5050 Ego
2148 4998 2216 5038 ex

626 5066 807 5122 debita
864 5066 1210 5121 sucenssione
1252 5078 1537 5137 parentum
1591 5068 1908 5124 Britonibus
1955 5073 2216 5129 hactenus

626 5155 908 5227 imperavi.
943 5158 1114 5212 Sacra
1160 5172 1292 5212 vero
1346 5158 1547 5228 prisca,
1603 5174 1725 5229 qua:
1772 5173 1959 5214 errore
2001 5172 2216 5217 vetusto

623 5248 950 5306 venerabilia
978 5250 1201 5318 duxere,
1235 5265 1356 5304 cum
1385 5250 1665 5321 hucusque
1705 5251 1987 5316 coluerim,
2016 5250 2115 5305 hac
2148 5253 2215 5307 ab

627 5340 708 5395 eis
730 5357 903 5413 nuper
929 5343 1138 5398 ratione
1186 5343 1410 5399 descivi.
1444 5343 1579 5398 Cum
1606 5344 1752 5399 enim
1787 5343 1931 5414 ipsos
1967 5344 2212 5400 attende-

628 5445 766 5496 rem,
787 5450 922 5504 quos
946 5438 1241 5507 antiquitas
1271 5438 1472 5492 deitale
1507 5438 1677 5493 indita
1704 5439 2009 5505 honoravit,
2050 5447 2213 5495 teter-

628 5525 797 5581 rimos
824 5527 993 5584 fuisse
1040 5532 1369 5597 mortalium,
1405 5540 1459 5588 et
1491 5543 1612 5604 post
1639 5548 1893 5589 enormes
1922 5534 2215 5604 spurcitias

628 5626 838 5674 natat-re
854 5620 1032 5675 debita
1049 5623 1349 5679 exsolvisse
1375 5627 1773 5697 perpensitans,
1801 5627 2214 5683 rationabilibus

631 5719 807 5784 reperi
831 5713 1165 5785 conjecturis
1212 5719 1460 5775 homines
1494 5720 1544 5774 in
1601 5719 1936 5797 cmlcstibus,
1985 5722 2077 5792 qui
2111 5722 2213 5777 sub

626 5805 767 5867 ctelo
792 5810 1139 5869 terrestribus
1166 5810 1469 5884 indigentes
1506 5814 1780 5882 vixerant,
1814 5815 1929 5871 sola
1959 5816 2213 5887 Opinione

2318 1928 2459 1983 hanc
2503 1944 2632 1996 ergo
2663 1928 2995 2000 pronuntiati
3049 1926 3182 1982 mihi
3213 1924 3462 1980 Numinis
3510 1936 3647 1992 quam
3684 1920 3795 1989 inpre-

2318 2022 2619 2076 sentiarum
2643 2022 2802 2077 video
2832 2020 3190 2085 Genitricetn,
3225 2028 3281 2073 et
3317 2033 3412 2089 per
3447 2024 3608 2070 vestra
3627 2027 3697 2067 vos
3711 2027 3791 2066 ma-

2319 2122 2490 2169 tcstor
2526 2113 2720 2181 oﬁicia,
2752 2122 2809 2167 ut
2834 2113 2965 2168 mihi
3011 2111 3308 2184 przebeatis
3352 2110 3505 2181 hujus
3530 2107 3794 2176 regeneratio-

2318 2206 2402 2262 nis
2432 2221 2582 2260 nova:
2609 2205 2887 2277 mysteria.

2390 2297 2546 2353 Fidei
2576 2299 2886 2353 rudimentis
2906 2298 3137 2351 imbutus
3171 2297 3493 2368 baptizatur.
3523 2294 3793 2362 Quiliinotm

2316 2394 2366 2448 ei
2388 2392 2693 2462 imponitur.
2724 2389 2998 2461 Reliquias
3023 2389 3147 2458 petit
3171 2400 3223 2444 et
3249 2388 3456 2458 accipit.
3482 2416 3548 2427 —
3568 2386 3645 2440 llis
3658 2384 3793 2445 Pcuvi,

2326 2498 2447 2538 cum
2494 2482 2636 2536 felici
2674 2481 2764 2535 illo
2794 2479 3021 2550 collegio
3052 2480 3153 2535 sub
3193 2478 3368 2534 Maria
3396 2476 3645 2533 cmlestem
3666 2484 3791 2527 cetum

2318 2573 2674 2638 clariﬁcante,
2715 2572 2936 2636 auditis,
2973 2571 3069 2626 Dei
3111 2579 3166 2626 et
3200 2571 3438 2626 hominis
3486 2568 3593 2623 Filii
3636 2566 3793 2635 magni.

2319 2665 2551 2722 centiam
2582 2665 2972 2727 adoraverunt,
3025 2662 3119 2731 qui
3167 2677 3296 2718 cum
3345 2674 3548 2724 recens,
3593 2668 3639 2712 et
3670 2654 3789 2726 grati:

2316 2757 2770 2829 praedicatoribus
2827 2772 3105 2826 nunquam
3137 2756 3322 2812 adhuc
3350 2755 3562 2826 sparsis,
3580 2748 3791 2808 salutemin

2324 2851 2505 2907 medio
2545 2859 2706 2904 terrm.
2739 2848 2978 2913 fecisset,
3012 2863 3165 2903 nova:
3208 2845 3550 2918 plenitudinis
3597 2840 3792 2912 bujusjan

2321 2943 2374 2999 in
2415 2942 2836 2997 occidentalium
2875 2942 3111 3012 partium
3173 2941 3315 2997 ﬁnes
3359 2951 3463 2996 tam
3524 2933 3790 2994 subitoredn

2320 3037 2568 3093 fudisset.
2605 3036 2826 3092 Tradita
2864 3036 3031 3101 igitur
3075 3036 3284 3092 homini
3322 3036 3444 3091 ﬁdei
3496 3030 3792 3103 regula.etse-

2244 3177 2290 3240 c
2321 3140 2554 3202 quenter
2601 3127 2785 3184 abluto
2831 3128 3179 3199 baptismatis
3228 3128 3396 3191 unda,
3454 3124 3622 3181 ibidem
3659 3115 3791 3185 Quibus

2851 3220 3217 3240 “saw”---
3256 3221 3434 3240 μη---
3487 3216 3571 3240 -..1.
3614 3220 3790 3240 ...μη-ς..

2321 3238 2518 3277 nomen
2547 3222 2779 3292 accepit.
2850 3220 3221 3276 Conﬁrmatus
3256 3221 3438 3290 itaque
3485 3216 3573 3272 sub
3614 3220 3791 3266 tantam!

2318 3314 2505 3370 schola
2545 3316 2957 3386 magistrorum,
3015 3328 3180 3385 super
3223 3312 3343 3383 ejus
3397 3309 3529 3382 quod
3569 3306 3788 3372 susurrem

2319 3405 2670 3475 intelligentia
2725 3404 3077 3468 sacramenti,
3150 3403 3490 3475 digressurus
3533 3399 3592 3453 ab
3638 3392 3728 3461 ipsis
3759 3396 3790 3440 εί

2317 3499 2593 3553 rediturus
2622 3498 2687 3553 ad
2713 3497 2955 3568 prepria,
2988 3511 3146 3551 sacra
3169 3496 3517 3567 reliquiarum
3539 3492 3597 3547 ab
3620 3488 3681 3542 eis
3706 3496 3783 3538 exe

2315 3593 2397 3663 git
2428 3592 2565 3646 ﬁdeli
2613 3591 2776 3646 corde
2822 3590 3063 3661 pignora,
3121 3591 3188 3645 de
3241 3590 3327 3647 bis
3357 3586 3700 3673 videlicetque

2316 3685 2431 3756 pori
2463 3683 2763 3738 Salvatoris
2776 3682 3043 3737 didicerat
3064 3680 3236 3738 fuisse
3278 3679 3542 3748 contigua.
3564 3674 3625 3729 De
3646 3664 3787 3723 vinculi!

2317 3794 2446 3847 ergo
2476 3777 2675 3847 quibus
2702 3775 2989 3831 Dominum
3017 3784 3084 3828 ad
3121 3774 3365 3844 stipitem
3394 3772 3595 3842 ligatum
3624 3763 3787 3819 novent.

2319 3872 2385 3927 de
2405 3869 2589 3940 ﬂagris
2607 3868 2803 3938 quibus
2840 3869 3002 3938 impia
3030 3882 3227 3922 manus
3267 3865 3501 3921 membra
3527 3861 3654 3916 beata
3674 3850 3787 3907 sulci-

2316 3976 2494 4030 verat,
2526 3963 2588 4017 de
2616 3964 2803 4034 spineo
2825 3971 2989 4026 serto,
3025 3962 3167 4030 quod
3191 3974 3405 4016 sacrum
3432 3963 3577 4026 caput
3596 3946 3786 4041 ambiat":

2318 4060 2385 4116 de
2414 4058 2530 4129 ipso
2556 4056 2734 4111 crucis
2756 4055 2903 4125 ligno
2941 4053 3027 4108 cui
3058 4068 3330 4124 appensus
3349 4050 3530 4109 fuerat.
3555 4044 3610 4098 de
3631 4036 3777 4133 rainisia

2319 4149 2749 4211 DeiGnnitticis,
2777 4148 2985 4216 inqua,
3028 4154 3088 4200 ut
3140 4145 3359 4207 dicitur.
3404 4139 3650 4197 Dominum
3685 4137 3784 4223 entia

2319 4241 2515 4304 fuerat,
2545 4241 2610 4295 de
2632 4240 2871 4295 omnium
2898 4237 3133 4293 induviis
3162 4235 3521 4308 apostolorum
3544 4226 3783 4298 ipsorum?"

2320 4332 2607 4388 devotione
2633 4332 2790 4401 petiit
2807 4338 2863 4386 et
2892 4330 3125 4398 accepit.

2393 4426 2535 4482 ora:
2582 4396 2883 4495 Nbvigenti.
2925 4453 2997 4464 —
3026 4396 3155 4478 ἰιεεο
3215 4422 3427 4479 modico
3468 4412 3647 4472 condita
3674 4396 3784 4458 loculo

2321 4532 2503 4573 secum
2541 4515 2680 4581 tulit,
2709 4513 3001 4585 repedandi
3051 4527 3213 4568 curas
3269 4507 3565 4579 insumpsit,
3594 4504 3777 4589 et

2322 4610 2488 4665 misso
2517 4608 2859 4677 interjacenti
2892 4607 3175 4678 regionum
3208 4607 3403 4677 spatio,
3438 4600 3500 4657 ad
3524 4610 3602 4651 rus
3620 4585 3727 4647 illud,
3749 4585 3780 4632 in

2318 4717 2427 4772 quo
2455 4702 2594 4756 inter
2636 4702 2870 4756 eundum
2925 4700 3191 4771 pausandi
3240 4699 3410 4770 gratia
3438 4694 3595 4749 fuerat
3619 4688 3781 4740 rem?”

2321 4801 2451 4857 tus,
2510 4792 2751 4848 devenit.
2805 4792 2904 4859 Qui
2966 4793 3225 4847 continuo
3286 4793 3544 4860 inSperata
3591 4774 3779 4864 comp"?

2317 4888 2661 4959 aegritudine,
2708 4901 2833 4942 cum
2878 4886 3121 4942 cubitum
3161 4901 3221 4941 se
3272 4886 3507 4944 locasset,
3537 4870 3777 4933 revelaturt‘l

2320 4978 2373 5034 in
2410 4979 2615 5034 somnis
2644 4978 2786 5049 quod
2822 4977 3022 5033 ibidem
3072 4977 3235 5032 ﬁnem
3279 4977 3548 5033 sortiretur
3571 4965 3667 5019 vita!
3690 4964 3777 5052 ΡΨ

2318 5072 2506 5128 sentis.
2540 5046 2747 5126 Dicitur
2772 5072 2938 5125 etiam
2975 5070 3050 5125 illi
3077 5070 3223 5141 quod
3266 5087 3370 5128 non
3427 5066 3548 5122 alias
3571 5065 3691 5129 (1⁸⁸³³⁸³ι
3721 5046 3773 5098 hic

2318 5165 2561 5221 membra
2605 5164 2721 5233 ejus
2760 5172 2946 5220 essent
2993 5164 3248 5220 habitura
3304 5159 3596 5234 sepulcrum,
3634 5147 3672 5200 in
3709 5144 3775 5234 αξξο

2321 5268 2500 5315 tamen
2549 5257 2670 5313 illas
2707 5274 2848 5329 quas
2879 5256 3274 5329 Hierosolymis
3315 5274 3344 5313 a
3387 5249 3564 5310 sant-tis

2317 5361 2606 5424 acceperat
2648 5352 2927 5421 reliquias,
2980 5352 3082 5407 sub
3122 5352 3315 5407 eodem
3353 5344 3536 5415 cespite
3557 5330 3771 5390 scireteSSC

2316 5447 2647 5503 condendas.
2680 5444 3111 5517 Expergefactus
3131 5446 3316 5511 homo,
3346 5451 3398 5501 et
3419 5455 3478 5497 ex
3502 5445 3592 5492 sua
3609 5424 3769 5512 P59“?

2319 5539 2543 5595 tiatione
2567 5516 3206 5610 mortisicogitationibus
3227 5539 3339 5608 jam
3381 5523 3608 5616 univcrsi§

2316 5630 2420 5685 ctis
2475 5632 2541 5686 ad
2595 5646 2783 5696 unum,
2819 5632 2920 5686 sub
2972 5646 3067 5702 spe
3114 5640 3377 5689 secutum
3419 5635 3525 5681 πηοί
3564 5592 3765 5702 ﬁmi?

2316 5725 2577 5781 extremis
2633 5726 2716 5780 sui
2784 5725 3065 5781 cadaveris
3122 5724 3432 5781 utensilibus
3473 5694 3764 5807 traria}:

2315 5818 2483 5893 igitur
2522 5819 2655 5878 inibi
2678 5819 2886 5889 obiens,
2912 5829 2967 5877 et
2991 5819 3298 5890 depositum
3322 5816 3367 5876 ei
3408 5808 3486 5884 qui
3510 5802 3554 5860 id
3573 5792 3648 5853 sibi
3665 5790 3759 5839 600'
