3982 6346
116 219 139 225 ’
161 222 312 313 897
1261 244 1348 309 ne
1369 247 1531 308 vm
1570 246 1688 308 sur

1918 244 1942 306 ι
1978 242 2179 307 'rncs.
2206 246 2425 307 --LIB.
2457 246 2527 308 ιῐ.
2812 234 2861 257 ⁸
3385 251 3487 315 898

160 372 479 433 miserat,
541 366 794 425 indemne
846 366 1178 433 restituens,
1232 368 1325 424 ubi
1382 368 1627 441 corporis
1683 365 2155 439 ejusAsionibus
2214 369 2559 442 emancipata
2612 374 2670 425 et
2724 366 2890 426 claris
2948 352 3270 428 muneribus
3322 380 3482 430 aucta

162 464 361 534 gleba
388 462 729 518 monumenti
755 462 996 517 obtinuit
1032 463 1311 532 requiem,
1340 462 1413 517 ibi
1447 461 1796 532 reliquiarum
1899 469 2002 515 est.

150 558 352 628 juxta
406 556 585 626 ipsum
635 557 824 611 habuit
872 557 1079 613 loculus
1108 557 1316 613 sedem.
1348 556 1500 621 Inde,
1537 555 1649 610 Deo
1679 562 1799 626 post
1971 551 2294 623 Godefridus
2360 569 2418 608 m
2467 554 2638 609 locum
2692 551 2911 610 Henricz
2959 556 3232 627 sufﬁcitur.
3297 584 3372 599 --
3410 558 3485 614 At

164 650 471 719 temporis
508 647 803 719 plurimum
860 658 1209 718 procurante,
1267 659 1517 719 exempta
1553 647 1795 719 capsula,
1899 644 2156 715 quoniam
2181 654 2235 700 et
2268 659 2382 700 aevo
2413 645 2595 714 gravis
2629 646 2920 716 praedictus
2976 646 3167 713 abbas,
3209 653 3267 702 et
3309 646 3483 705 oculis

161 750 238 797 et
269 757 303 796 a
353 742 555 817 quibus
609 742 795 798 nescio
845 744 1098 799 fidelibus
1152 753 1368 799 vetusto
1418 743 1634 814 opiﬁcio
1680 744 1793 799 auri
1900 747 2098 808 captus
2122 746 2265 803 eral.
2324 738 2392 792 ad
2440 737 2829 808 οριιιεηῐὶοΐθε.
2859 753 2981 810 quae
3026 754 3121 795 sua
3159 738 3484 798 SUmCienlia

166 832 433 901 pretiosi
474 833 711 889 bracteis
752 834 1030 905 adoperta,
1070 834 1136 889 ad
1182 836 1352 892 nostri
1384 834 1543 903 hujus
1582 844 1792 906 tempo-
1896 831 2110 887 facilius
2132 835 2242 903 regi
2273 841 2551 903 poterant,
2574 832 2710 887 duas
2736 832 2987 888 abbatias
3009 847 3069 889 se
3084 833 3483 900 contulit;tet'-

164 926 264 982 ris
294 928 524 984 devenit
580 929 833 995 intuitus,
876 939 931 984 et
982 929 1222 1000 antiquis
1250 930 1533 998 hucusque
1584 929 1794 999 praebet
1897 926 2025 981 tiam
2056 927 2216 995 hanc,
2250 943 2370 998 quae
2399 928 2516 983 sine
2553 943 2781 998 operosa
2812 930 3067 985 inStaotia
3108 931 3297 987 haberi
3360 931 3483 986 nul-

167 1020 511 1077 testimonia
541 1036 681 1076 nova
702 1021 985 1078 relatibns.
1019 1022 1207 1093 Itaque
1242 1022 1343 1079 loci
1373 1023 1517 1080 illius
1543 1022 1622 1078 sic
1664 1038 1788 1094 per-
1898 1019 2114 1076 latentis
2160 1022 2399 1090 valebat,
2454 1022 2728 1078 dimittere
2764 1024 3063 1094 proposuit.
3110 1024 3213 1092 Qui
3266 1001 3481 1081 cuidam

165 1111 458 1171 bibentur
487 1130 607 1172 sese
628 1116 890 1173 habuisse
918 1118 1098 1174 initia.
1893 1114 2075 1181 nepoti
2106 1114 2378 1170 monacho
2402 1128 2524 1168 cum
2580 1113 2720 1169 hanc
2760 1116 3124 1181 committere,
3170 1115 3481 1187 provocati:

1894 1205 1961 1259 ad
1988 1204 2042 1258 id
2084 1204 2331 1260 ecclesiae
2357 1204 2639 1271 fratribus,
2673 1204 2978 1270 moliretur,
3031 1204 3326 1274 impetrare
3368 1220 3481 1264 non

841 1272 1068 1329 CAPUT
1107 1273 1161 1329 Π·
1893 1298 2091 1368 potuit,
2124 1299 2218 1356 scd
2247 1298 2298 1353 in
2331 1299 2619 1370 quemdam
2669 1306 2798 1355 tunc
2825 1272 3228 1354 adolescentem
3261 1298 3480 1356 nomine

252 1382 341 1438 De
373 1383 489 1454 ipsa
538 1381 826 1455 Novigenti
861 1386 1103 1441 ecclesia.
1152 1386 1268 1454 Quo
1316 1388 1471 1442 modo
1518 1386 1787 1443 monachis
1889 1387 2271 1457 Godcfridum,
2302 1390 2393 1461 qui
2428 1390 2495 1446 de
2524 1390 2657 1446 locis
2702 1399 2823 1446 erat
2860 1388 2968 1445 illis
2995 1388 3283 1455 oriundus,
3311 1398 3368 1444 et
3386 1388 3477 1462 (")

168 1477 514 1532 concredita.
577 1477 653 1532 De
706 1477 938 1533 Henrico
989 1480 1194 1535 abbate.
1237 1511 1308 1521 —
1360 1480 1429 1534 At
1464 1479 1786 1536 Christianae
1890 1476 2405 1547 San-Quintinensis
2424 1478 2685 1535 deblonte
2709 1480 2892 1551 (vulgo
2922 1479 2970 1533 le
2998 1478 3480 1546 Mam-SL-Quen-

166 1568 328 1640 legis
362 1571 662 1627 viviscente
680 1588 963 1637 succursn,
993 1572 1150 1628 bonae
1186 1573 1416 1628 multum
1450 1572 1786 1628 habitudinis
1889 1572 1988 1641 (in)
2032 1570 2173 1641 apud
2221 1570 2491 1629 Peronam
2547 1573 2729 1629 fuerat
2778 1572 3101 1637 monachus,
3154 1571 3274 1641 ipso
3312 1573 3478 1629 etiam

169 1662 439 1719 Ecclesia
471 1665 583 1721 illic
607 1680 671 1720 ex
698 1666 923 1736 antiquo
959 1667 1060 1722 sub
1092 1667 1313 1722 nomine
1357 1667 1452 1722 Dei
1485 1658 1783 1722 Genitricis
1810 1729 1851 1736 ᾗ
1888 1675 2035 1731 aegre
2062 1661 2272 1717 ferente
2301 1662 2553 1732 prosiluit
2599 1662 2815 1718 electio.
2848 1661 2983 1718 Cum
3033 1678 3164 1733 ergo
3191 1665 3479 1733 sagacissi-

168 1754 415 1811 enituit.
452 1755 568 1813 Sub
593 1748 791 1829 oppido
829 1759 1031 1815 etenim
1059 1761 1200 1831 quod
1234 1760 1588 1830 praediximus
1624 1760 1783 1816 Codi-
1810 1729 1860 1792 Β
1892 1773 2014 1813 mus
2070 1756 2162 1813 ille
2213 1758 2396 1814 senior
2446 1767 2571 1814 vota
2633 1758 2947 1829 eligentium
2997 1758 3132 1816 alias
3189 1758 3477 1817 transferri

169 1843 424 1901 ciacensi
449 1850 767 1917 constituta,
801 1850 942 1905 villis
996 1866 1213 1922 quoque
1239 1860 1465 1908 vetusta:
1506 1853 1782 1907 memoriae
1887 1852 2276 1924 conspiceret,
2324 1851 2541 1921 locum,
2608 1867 2768 1923 quem
2824 1853 3243 1924 dignantissime
3289 1861 3346 1910 et
3392 1852 3479 1909 in-

169 1945 240 1992 et
276 1938 561 1994 ditissimis
588 1941 911 2011 constipata,
939 1959 1131 2014 magno
1154 1947 1507 2015 quorumdam
1527 1945 1783 2015 adjacen-
1889 1944 2299 2017 dulgcntissima
2356 1944 2608 2016 largitate
2662 1955 3027 2010 servaverat,
3084 1945 3370 2014 deseruit,
3419 1952 3477 2003 et

171 2029 319 2083 tium
341 2043 609 2086 concursu
638 2048 702 2088 ac
735 2034 1088 2091 veneratione
1110 2036 1463 2109 contingitur.
1482 2038 1784 2094 Ferebatur
1885 2037 2181 2110 legitimam
2208 2036 2516 2093 cessionem
2558 2035 2656 2103 illi,
2688 2052 2849 2108 quem
2885 2038 3184 2109 elegerant,
3215 2039 3363 2095 fecit.

182 2121 391 2191 etiam,
421 2124 548 2180 dum
578 2126 678 2182 sub
699 2126 787 2181 illa
812 2129 1079 2199 parvitate
1106 2147 1165 2186 se
1192 2142 1397 2202 ageret,
1435 2133 1633 2189 divinis
1663 2147 1781 2189 cre-
1959 2130 2049 2204 (⁷³)
2098 2130 2375 2201 Sapienter
2428 2131 2813 2202 prudenterque
2859 2147 2914 2186 se
2964 2132 3092 2202 gerit
3128 2131 3476 2202 Godefridua.

168 2212 285 2271 bro
314 2213 574 2271 illustrari
606 2217 922 2287 luminibus,
970 2232 1027 2277 et
1070 2222 1347 2278 miraculis
1378 2224 1577 2294 saepius
1608 2225 1782 2280 hono-
1886 2222 2194 2279 Liberaliter
2218 2238 2455 2291 proceres
2481 2223 2614 2277 bona
2648 2221 2973 2294 largiuntur.
2999 2252 3070 2264 —-
3098 2223 3268 2295 Igitur
3295 2224 3472 2282 electo

141 2306 319 2385 _rari,
351 2308 550 2380 quippe
587 2326 688 2367 nec
728 2312 781 2366 id
812 2311 1029 2381 injuria,
1054 2316 1182 2385 quia
1221 2314 1388 2387 490
1427 2319 1567 2387 apud
1598 2318 1775 2373 homi-
1883 2316 1999 2384 illo,
2023 2325 2078 2371 et
2106 2314 2173 2370 ad
2223 2314 2326 2370 loci
2364 2323 2615 2385 promoto
2672 2314 3001 2381 custodiam,
3051 2315 3306 2384 quoniam
3344 2331 3471 2372 cum

175 2411 287 2452 nes
317 2398 553 2456 indebite
577 2402 911 2458 consistebat
944 2404 997 2458 in
1030 2405 1241 2461 humili.
1276 2409 1366 2479 (δ’)
1412 2408 1632 2465 Castelli
1683 2428 1782 2467 au-
1882 2406 2052 2461 multa
2096 2404 2587 2475 circumspectione
2636 2419 2697 2460 se
2748 2405 2936 2476 gessit,
2968 2413 3022 2459 et
3048 2414 3155 2460 tam
3180 2404 3473 2476 populares

177 2498 294 2546 tem
327 2492 493 2564 ipsius
548 2496 650 2551 sub
709 2494 1110 2553 ﬂorentissimis
1162 2499 1499 2570 principibus
1554 2502 1779 2559 dilatato
1882 2513 2046 2568 quam
2076 2511 2331 2569 proceres
2371 2512 2495 2553 cum
2521 2496 2881 2567 voluntatem,
2917 2508 3028 2552 tum
3051 2498 3469 2569 possibilitatem

176 2585 342 2659 longe
371 2588 587 2660 lateque
612 2590 872 2658 dominio,
922 2600 977 2647 ct
1024 2593 1345 2664 proceribus
1380 2595 1547 2649 multa
1579 2595 1780 2652 libera-
1881 2589 2142 2646 ecclesias
2180 2589 2413 2660 augendi
2447 2588 2745 2654 habebant,
2792 2588 3025 2657 plurima
3055 2590 3144 2647 isti
3176 2599 3468 2658 terrarum,

171 2678 334 2737 litate
357 2692 412 2737 et
432 2682 709 2752 opulentia
744 2684 1005 2754 praeditis,
1038 2686 1107 2740 ob
1138 2685 1521 2741 claritudinem
1551 2686 1680 2753 loci,
1708 2690 1777 2744 de
1881 2693 2045 2755 atque
2104 2684 2412 2740 redditunm
2467 2683 2571 2739 hoc
2603 2682 2852 2753 sequenti
2902 2693 3147 2754 tempore
3185 2684 3468 2741 commoda

175 2769 338 2841 cujus
358 2775 651 2830 sanctitate
677 2775 987 2831 dulcissima
1025 2778 1227 2849 ubique
1256 2779 1538 2835 redolebat
1562 2781 1772 2851 opinio,
1888 2775 2293 2832 conﬂuxerunt.
2346 2775 2490 2831 Bene
2519 2775 2665 2831 enim
2694 2775 2762 2830 ad
2791 2775 3111 2845 qualitatem
3135 2776 3469 2832 exteriorum

176 2881 250 2920 ex
278 2866 593 2922 devotorum
650 2868 875 2924 consilio
923 2871 1263 2941 propositum
1295 2881 1380 2927 est
1409 2881 1488 2938 ut,
1547 2874 1613 2927 ad
1664 2874 1775 2930 fre-
1881 2868 2165 2923 hominum
2196 2868 2336 2921 idem
2370 2867 2573 2922 habere
2620 2882 2681 2923 se
2707 2876 2954 2933 noverat,
2990 2868 3245 2938 quoniam
3275 2869 3357 2925 eis
3381 2864 3469 2924 af-

178 2957 465 3027 quentiam
519 2957 685 3013 divini
716 2959 920 3014 servitii
953 2960 1083 3017 inibi
1136 2962 1464 3029 habendam,
1494 2965 1750 3019 monachi:

1896 2957 2100 3014 ’ahilem
2131 2969 2185 3014 ct
2210 2958 2471 3027 dapsilem
2516 2974 2575 3013 se
2598 2960 2897 3028 praebebat,
2921 2968 2975 3015 et
3003 2960 3054 3013 in
3080 2960 3294 3015 actione
3318 2960 3468 3017 fora-

181 3049 513 3104 traderetur.
538 3049 806 3118 Quoniam
838 3068 962 3123 spes
986 3068 1091 3109 non
1141 3063 1258 3109 erat
1284 3055 1377 3110 tali
1428 3066 1607 3126 coepto
1651 3072 1770 3111 ma-
1799 3098 1843 3158 C
1879 3048 2142 3105 sticarum
2181 3063 2493 3115 causarum,
2528 3048 2580 3102 in
2611 3048 2809 3119 quibus
2859 3049 3206 3104 addiscendis
3234 3064 3338 3105 non
3368 3049 3469 3107 mi-

170 3137 315 3207 joris
343 3139 665 3196 incrementi
699 3157 713 3207 ;
768 3156 874 3196 non
903 3142 1048 3199 enim
1098 3145 1269 3199 multo
1299 3145 1583 3201 uberiores
1606 3162 1769 3217 quam
1802 3137 1843 3158 ν
1880 3140 2086 3195 nimum
2117 3154 2336 3209 operam
2366 3139 2589 3194 dederat
2615 3139 2709 3195 eis.
2745 3139 2823 3195 Re
2853 3149 3034 3195 autem
3066 3155 3192 3196 vera
3222 3140 3470 3198 homines

178 3240 278 3283 sex
305 3229 691 3285 monachorum
724 3246 825 3286 usu
870 3235 1116 3304 apparati
1143 3234 1262 3290 loco
1304 3234 1382 3291 illi
1417 3235 1660 3292 redditus
1690 3237 1771 3292 vi-
1879 3247 1944 3287 ea
1998 3239 2340 3302 tempestate,
2401 3232 2467 3285 de
2519 3244 2626 3301 qua
2674 3230 2728 3284 in
2755 3228 2912 3298 hujus
2959 3231 3142 3301 operis
3171 3230 3327 3287 initio
3355 3231 3464 3305 egi,

178 3316 472 3385 debantur,
502 3334 531 3374 a
559 3320 804 3388 rudibus,
860 3331 916 3379 et
946 3324 1127 3380 minus
1169 3326 1345 3382 doctis
1375 3327 1441 3381 ad
1472 3327 1652 3398 aliqua
1683 3329 1769 3383 in-
1877 3324 2136 3380 liberales
2183 3326 2250 3379 ad
2279 3323 2613 3379 instituenda
2646 3324 2895 3379 coenobia
2935 3325 3149 3381 animos
3180 3326 3463 3396 habentes,

177 3410 453 3466 stituenda
500 3414 582 3468 vel
636 3418 1004 3485 promovenda
1039 3418 1286 3488 personis
1326 3419 1561 3474 ecclesia
1600 3419 1768 3490 coepit
1879 3424 2053 3472 terras
2077 3425 2131 3471 et
2163 3415 2360 3471 multas
2390 3417 2651 3487 pecunias
2690 3416 3059 3485 conferentes,
3090 3417 3266 3473 lanius
3287 3433 3384 3473 sua
3409 3418 3465 3475 in

180 3503 448 3559 innovari.
480 3504 610 3571 Qute
637 3509 892 3578 quoniam
927 3512 1140 3576 ducem,
1170 3521 1226 3568 et
1266 3512 1495 3585 alicujus
1543 3514 1769 3585 argutiae
1876 3508 2078 3563 talibus
2141 3509 2541 3579 expendehant,
2594 3525 2756 3580 quam
2790 3510 2886 3566 ﬁlii
2918 3526 3106 3566 eorum
3134 3511 3274 3567 bona
3310 3512 3466 3569 nobis

177 3604 569 3665 prmceptorem
602 3599 655 3653 in
687 3600 1009 3657 aediﬁcando
1056 3618 1162 3659 non
1187 3603 1399 3672 habuit,
1445 3605 1766 3663 laciniosum
1874 3599 1963 3656 his
1992 3600 2183 3655 diebus
2209 3600 2375 3655 verba
2406 3599 2739 3671 impendant.
2773 3602 3038 3670 Quoniam
3070 3603 3236 3675 igitur
3260 3603 3313 3657 in
3344 3619 3464 3660 mo-

180 3686 395 3757 quidem
422 3689 563 3759 quod
587 3688 790 3746 faetum
822 3702 907 3748 est
931 3693 1056 3749 fuit.
1114 3694 1325 3752 Meliori
1380 3696 1552 3769 igitur
1599 3714 1765 3769 quam
1873 3692 2133 3749 nasteriis
2162 3685 2729 3763 circumcirca'positis
2753 3696 2931 3753 minus
2960 3711 3122 3767 quam
3144 3706 3465 3768 oportuerat

179 3795 321 3836 nunc
342 3782 495 3853 copia
540 3784 878 3842 exuberante
933 3795 1061 3844 tunc
1092 3789 1312 3857 szeculo,
1362 3806 1429 3845 ex
1475 3806 1765 3864 procerum
1872 3784 2156 3857 religionis
2187 3785 2426 3841 studium
2456 3785 2779 3854 habebatur,
2816 3800 2870 3843 et
2901 3787 3007 3843 iste
3035 3789 3089 3843 in
3120 3788 3318 3846 talibus
3338 3806 3464 3847 cum

180 3873 384 3928 castelli
416 3877 759 3945 muneribus,
809 3891 1092 3937 crescente
1140 3882 1350 3951 locello,
1382 3883 1469 3939 cui
1504 3892 1683 3940 tamen
1709 3884 1765 3941 in
1872 3878 1989 3932 suis
2011 3876 2230 3948 plurimi
2258 3877 2505 3933 exerceri
2532 3877 2842 3947 videbatur,
2870 3880 3013 3936 sicut
3042 3880 3223 3938 lumen
3251 3883 3464 3955 parvis-

181 3964 438 4021 donorum
467 3968 745 4038 primitiis,
780 3978 835 4027 et
876 3971 1097 4045 largitas
1124 3966 1485 4046 praeesserat
1510 3976 1763 4034 domino-
1872 3972 2071 4029 simum
2100 3972 2293 4029 mediis
2328 3972 2382 4028 in
2418 3973 2658 4030 tenebris
2692 3973 2852 4031 habet
2885 3975 3085 4044 locum,
3115 3978 3193 4033 sic
3220 3979 3288 4034 ad
3314 3993 3469 4035 com-

181 4071 321 4123 rum,
376 4069 432 4114 et
480 4061 531 4115 in
565 4061 945 4133 largitionibus
990 4065 1185 4122 alienis
1235 4067 1642 4140 suffragabatur
1669 4085 1761 4126 as—
1871 4068 2175 4139 parandam
2210 4067 2447 4124 nominis
2475 4068 2780 4125 claritatem
2806 4084 3051 4140 personae
3080 4087 3201 4144 quae
3228 4082 3462 4144 praterat

180 4162 395 4219 sensus,
418 4151 705 4208 commodo
732 4155 869 4210 satis
911 4166 967 4212 et
1019 4155 1122 4213 loci
1150 4156 1406 4223 fratrum,
1436 4170 1493 4216 et
1519 4160 1638 4232 ejus
1666 4175 1763 4232 pa-
1872 4161 2115 4219 exhibita
2170 4164 2549 4232 temperantia,
2616 4163 3094 4235 subjcclorumqtte
3123 4166 3189 4220 ad
3211 4166 3329 4235 ejus
3356 4167 3461 4222 im-

181 4244 455 4295 tronorum
476 4242 751 4312 provisum
779 4254 864 4300 est
889 4246 1139 4312 consilio,
1192 4258 1251 4304 ut
1281 4248 1342 4303 B.
1376 4249 1608 4322 Remigii
1634 4259 1762 4307 tunc
1869 4258 2080 4328 perium
2108 4258 2543 4329 obtemperantia
2573 4267 2786 4329 tempus
2806 4258 3046 4312 obtinuit
3070 4267 3458 4327 opportunum.

182 4329 449 4399 abbatem,
479 4334 571 4405 qui
594 4334 709 4404 jam
745 4338 945 4394 dudum
990 4340 1084 4412 (⁷ο)
1129 4340 1515 4400 Humiliarensi
1567 4360 1758 4400 mona-
1899 4376 1909 4415 ς
1945 4350 2220 4422 Godefridi
2265 4352 2427 4423 proba
2456 4353 2717 4407 instituta.
2767 4349 2993 4405 Creatur
3029 4349 3302 4418 episcopus
3331 4349 3462 4403 Am-

180 4423 341 4479 sterio
361 4426 541 4498 (vulgo
563 4428 913 4496 Hombliéres,
931 4448 1099 4503 prope
1123 4433 1757 4511 Satictuthuintinum)
1789 4470 1842 4532 ι)
1870 4446 2157 4502 bianemis.
2219 4444 2513 4501 Concilium
2545 4451 2599 4500 in
2629 4444 2834 4500 civitate
2874 4441 3116 4497 Trecenti
3141 4458 3173 4495 a
3193 4440 3459 4498 Richardo

177 4526 427 4584 praeerat,
477 4521 828 4590 magniﬁcum
862 4524 1071 4580 scilicet
1120 4526 1298 4581 virum
1334 4526 1424 4598 (⁷⁸)
1458 4528 1749 4585 Ilenricum

1886 4541 2041 4611 'egato
2085 4542 2310 4610 cogitur.
2371 4568 2441 4579 —-
2473 4538 2841 4593 Simoniacum
2876 4539 3060 4609 itaque
3090 4541 3368 4613 quidpiam
3403 4542 3458 4597 in

180 4611 475 4667 ctenobiolo
500 4616 665 4669 etiam
696 4617 797 4687 ipsi
830 4618 1193 4689 prtelicercnt.
1222 4621 1321 4688 Qui
1354 4623 1624 4692 siquidem
1652 4639 1760 4680 non
1866 4632 2053 4687 eadem
2079 4631 2319 4687 Ecclesia
2342 4640 2435 4686 aut
2461 4634 2577 4687 fieri
2607 4639 2702 4686 aut
2724 4632 2911 4688 haberi
2931 4634 3120 4699 vetuit,
3144 4644 3199 4691 et
3222 4611 3459 4694 exclusis

180 4700 388 4769 “ueris.
419 4720 525 4760 ηοη
552 4720 754 4777 genere
800 4707 1008 4775 Clarus:
1041 4712 1135 4766 88d
1183 4712 1235 4766 in
1262 4726 1443 4768 rerum
1471 4712 1760 4769 forﬂslica-
1864 4724 2237 4780 mercimoniis
2271 4726 2442 4781 solam
2495 4726 2714 4781 admisit
2749 4729 3001 4798 gratiam,
3046 4746 3150 4785 non
3176 4731 3456 4787 dissimili-

179 4809 294 4849 rnm
327 4796 402 4853 sic
431 4796 536 4853 fuit
567 4799 974 4869 dispensatione
1006 4805 1337 4874 conspicuus
1367 4814 1427 4861 ut
1474 4806 1751 4863 interioris

1878 4829 1957 4875 ter
1979 4820 2337 4876 exsccrationi
2353 4821 2558 4877 ducens
2578 4821 2715 4877 lucri
2736 4825 2906 4894 turpis
2926 4832 2981 4879 et
3007 4840 3141 4895 opus
3161 4834 3213 4881 et
3234 4841 3450 4882 nomen.

178 4885 370 4957 regulae
396 4890 563 4944 statui
598 4890 737 4946 bona
798 4893 1165 4951 sollicitudine
1194 4898 1403 4966 pariter
1431 4900 1750 4956 redderetur

1887 4914 2032 4982 gitur
2061 4914 2317 4984 quoniam
2349 4914 2433 4967 vir
2456 4914 2627 4969 isdem
2659 4915 2711 4970 in
2747 4915 3055 4974 forensibus
3090 4919 3322 4989 negotiis
3353 4920 3452 4975 ab-

179 4978 425 5037 intentus.
477 4980 572 5037 Ilis
608 4983 773 5055 igitur
811 4987 985 5042 tribus
1044 4991 1391 5046 monasteriis
1431 4995 1751 5062 praesidens,

1884 5017 2052 5063 )atum
2120 5023 2342 5063 suorum
2407 5008 2656 5080 pluribus
2727 5012 2967 5082 argutior
3027 5010 3351 5081 putabatur,
3400 5021 3456 5067 ct

178 5087 245 5174 ξδ’(
278 5073 524 5129 ἀίῑίονυηι
552 5076 725 5148 copiis
753 5079 1009 5148 (ίυοτιιῐην
1047 5082 1195 5137 teri“
1240 5084 1424 5155 huius.
1448 5087 1595 5156 (111οά
1622 5103 1755 5145 003‘
1860 5102 2094 5174 proinde
2145 5104 2356 5173 oppidis
2406 5119 2470 5159 ac
2519 5102 2749 5158 urbibus
2792 5073 2970 5157 notior
3025 5102 3351 5168 habebatur,
3387 5105 3455 5159 de

178 5164 370 5224 Iescere
391 5181 656 5238 cmperat,
689 5174 973 5245 supplebat
1018 5175 1363 5246 indigentias.
1399 5178 1544 5233 Inter
1593 5181 1750 5252 pluri-

1878 5195 2158 5253 Iitiorihus
2209 5198 2428 5268 quidem
2488 5198 2723 5253 abhatiis
2753 5196 2928 5266 primo
2958 5205 3137 5251 actum
3163 5207 3269 5263 est,
3296 5207 3450 5268 post-

181 5268 496 5362 fmslmlue
522 5278 657 5333 ηυδε
684 5281 851 5334 Pelles
901 5267 1191 5323 θουιθδίηηὶ
1218 5269 1362 5324 illam
1416 5272 1663 5328 θΧεΓουίι
1691 5274 1755 5328 "-
1863 5290 2083 5344 modum
2145 5267 2308 5361 super
2358 5291 2676 5362 episcopatu
2730 5288 2831 5343 sibi
2868 5285 3093 5342 ferendo
3135 5267 3447 5346 tractatum.

180 5350 505 5423 beralilates,
534 5360 828 5415 maximum
860 5364 928 5417 ad
982 5361 1099 5431 ejus
1130 5367 1595 5421 consecrationem
1619 5382 1752 5423 con-

1877 5350 2350 5439 Pontificium-tunc
2374 5350 2635 5456 temporis
2653 5379 3021 5437 Atnbiancnse
3040 5381 3258 5438 biennio
3279 5383 3449 5438 ferino

182 5443 320 5500 ﬂavit
344 5448 643 5550 obsonium,
673 5468 792 5550 quae
819 5457 886 5509 ab
933 5454 1239 5514 Ilz-linando
1264 5457 1611 5517 Landunensi
1637 5462 1756 5534 epi-
1859 5485 2152 5532 vacaverat
2191 5494 2205 5532 :
2246 5478 2361 5549 ipse
2387 5480 2555 5535 etiam
2590 5481 2730 5537 idem
2766 5482 3044 5550 cujusdam
3069 5479 3217 5535 urbis
3254 5477 3453 5548 praedi-

98 5589 107 5610 ε
183 5553 354 5642 scopo,
378 5542 496 5598 viro
519 5560 680 5614 opum
706 5546 975 5604 ditissima
1005 5551 1148 5606 circa
1176 5553 1545 5610 institutiones
1573 5556 1750 5612 eccle-
1864 5575 1967 5621 ctu;
2023 5542 2416 5639 archidiaconi,
2478 5572 2569 5643 qui
2631 5542 2932 5646 ηιίίιυεηῖιιηι
2994 5572 3125 5628 cieri
3171 5542 3451 5641 αρ’ροριιιῑ

185 5647 373 5735 starem
400 5645 455 5692 et
499 5649 728 5697 ornatus
781 5657 974 5699 corum
1029 5646 1429 5715 curiosissimo,
1478 5650 1746 5717 dedicata,
1860 5657 2101 5724 partium
2166 5657 2352 5715 favore
2416 5645 2734 5732 petebatur,
2775 5675 3099 5735 procurator
3136 5663 3449 5718 exstiterat.

189 5728 281 5811 ab,
314 5730 463 5818 i95°__
487 5748 707 5806 ίιυοριιε
776 5737 1075 5812 pl‘iVilegiis
1106 5781 1121 5809 ,
1182 5756 1211 5797 a
1274 5742 1549 5817 plerisque
1607 5760 1744 5816 pen-
1861 5749 2017 5810 Unde
2067 5762 2123 5809 et
2161 5769 2261 5825 pro
2292 5728 2494 5812 astutia
2542 5728 2812 5828 saeculari,
2842 5768 2898 5816 et
2938 5759 3257 5817 habitudine
3284 5773 3449 5835 quam
