4018 6324
571 251 693 312 asa

1373 243 1434 300 v.
1475 239 1802 316 coronari
1833 238 2125 304 ABBATIS
2163 240 2222 300 s.
2257 241 2514 308 uitale:
2557 247 2648 312 ne
2684 208 3100 316 Nevmerrro
3235 231 3246 236 ”
3717 267 3804 335 om

587 359 815 436 serebat
843 357 1099 452 regulari,
1148 357 1284 452 dem
1311 355 1466 452 alteri
1509 355 1561 412 id
1589 364 1827 452 peteret,
1854 355 1981 452 ipse
2007 369 2173 426 cxpe'
2207 357 2247 414 A
2276 361 2371 416 sed
2403 371 2512 420 tam
2557 365 2702 424 ﬁdeli
2735 370 3085 428 confessione
3115 383 3243 428 suos
3283 368 3635 438 miliianimos
3657 389 3799 452 prodi.

589 456 740 520 titur,
778 464 831 509 et
857 455 954 508 sub
983 449 1253 505 Richardo
1274 448 1543 518 quondam
1571 448 1866 503 Albaneusi
1896 448 2168 518 episcopo,

569 547 899 620 apostolica:
955 544 1098 606 sedis
1156 543 1209 598 in
1245 541 1533 602 Frauciam
1577 551 1704 598 tunc
1735 543 1912 613 legato
1944 541 2169 615 (qui["]

583 641 642 698 in
669 639 892 698 civitate
922 636 1266 694 Trecassium
1298 645 1556 704 coegerat
1587 635 1903 704 concilium)
1931 635 2170 706 prml‘atae

569 733 1028 790 Ambianensium
1081 729 1195 788 sedi
1229 729 1520 800 episcopus
1553 729 1732 796 datus,
1765 744 1794 782 a
1821 745 1920 786 suo
1951 737 2168 786 constat

565 827 880 898 fievigento
897 825 1214 882 translatus.

563 963 572 970 .
648 921 752 990 Qui
783 907 908 978 cum
934 921 986 976 in
1015 919 1185 976 multa
1231 918 1362 975 inibi
1391 917 1560 990 gloria
1611 934 1676 974 ac
1700 917 1960 974 felicitate
1990 933 2047 974 se
2074 933 2167 991 ge-

575 1024 747 1082 reret,
789 1024 846 1074 et
879 1024 1166 1084 tantopere
1225 1015 1293 1072 ab
1317 1014 1574 1072 ouinibus
1601 1013 1874 1068 coleretur
1907 1024 1962 1066 ut
2000 1014 2067 1068 ab
2097 1013 2164 1068 iis

563 1108 739 1166 etiam
782 1108 874 1179 qui
919 1107 1020 1164 sibi
1067 1115 1340 1178 praeerant
1397 1106 1743 1176 pontilicibus
1785 1121 1906 1160 cum
1939 1105 2162 1176 speciali

573 1201 928 1258 veneratione
957 1199 1302 1270 potissimum
1327 1199 1638 1266 timeretur;
1671 1206 1726 1253 et
1752 1213 1820 1252 ne
1843 1198 1932 1253 ditt
1955 1213 2158 1263 morer,

573 1311 698 1351 cum
727 1295 927 1364 ubique
957 1296 1110 1364 quasi
1137 1293 1304 1354 totius
1334 1292 1613 1362 religionis
1637 1290 1916 1360 speculum
1948 1299 2161 1364 specta-

575 1396 752 1453 retur,
812 1394 1038 1454 repente
1073 1384 1142 1440 ad
1171 1385 1246 1451 id,
1271 1384 1414 1453 quod
1452 1393 1630 1438 utrum
1659 1380 1974 1446 allectabat,
2009 1381 2161 1434 novit

572 1479 732 1552 ‘91
777 1479 937 1534 Deus.
995 1493 1064 1534 an
1123 1477 1436 1544 verebatur,
1481 1477 1725 1532 en'icrsit.
1768 1477 1938 1532 Didiei
1975 1487 2158 1534 autem

577 1572 718 1640 quod
772 1571 1062 1626 hiet-editas
1107 1571 1176 1626 ad
1215 1586 1380 1641 quam
1431 1570 1720 1626 festinatur
1751 1570 1806 1626 in
1865 1569 2154 1642 principio,

570 1662 951 1718 benedictione
973 1661 1214 1718 caritura
1272 1662 1342 1718 sit
1371 1661 1428 1716 in
1464 1662 1785 1718 novissimo.
1815 1660 1970 1716 Initia
1997 1661 2156 1731 plane

2277 455 2492 524 derunt,
2519 460 2810 530 prodentes
2837 464 3110 528 unicrunt,
3139 471 3197 518 ut
3225 464 3312 532 qui
3341 464 3528 520 alicubi
3544 474 3798 536 monachos

2277 563 2362 604 me
2394 550 2592 606 vidisse
2631 564 2900 622 putarem,
2933 555 3014 611 eis
3047 556 3103 612 in
3129 556 3233 612 hac
3268 566 3420 627 parte
3458 566 3798 632 comparabiles

2273 654 2358 698 om
2369 656 2496 696 111110
2527 660 2631 700 11011
2667 661 2906 704 11085011).

2347 730 2524 798 Quare
2549 749 2762 805 peccata
2797 755 2893 792 sua
2925 739 3082 808 plane
3120 757 3222 796 non
3277 743 3457 811 aperit.
3485 774 3547 782 —
3591 745 3658 800 Tu
3701 751 3798 821 scis,

2277 821 2714 892 clementissime,
2748 831 2890 900 quod
2922 832 3025 886 hoc
3061 833 3376 902 opusculum
3409 850 3506 889 non
3543 843 3798 910 arrogantia

2271 917 2453 988 aliqua
2477 921 2760 991 cceperim,
2796 931 2888 980 sed
2919 927 3195 996 nequitias
3228 943 3373 982 meas
3405 931 3637 986 conliteri
3662 934 3800 994 voluc-

2272 1011 2392 1074 rim,
2428 1031 2566 1084 quas
2597 1017 2756 1085 plane
2793 1021 3211 1077 evidentissime
3243 1023 3549 1092 confiterer,
3580 1027 3667 1082 nisi
3696 1034 3798 1092 ﬂllll-

2272 1111 2447 1158 torum
2485 1107 2697 1163 animos
2725 1111 2815 1178 qui
2843 1097 2955 1166 haec
2985 1113 3229 1184 legerent
3256 1114 3534 1170 horrendis
3561 1120 3678 1176 meis
3700 1123 3798 1180 arti-

2269 1192 2370 1249 bus
2389 1197 2684 1264 depravare
2715 1215 2950 1255 vererer.
2984 1201 3280 1269 Confiteor,
3306 1204 3541 1273 inquam,
3559 1212 3796 1280 nequitias,

2270 1287 2364 1341 sed
2401 1288 2566 1341 multo
2595 1289 2792 1356 justins
2822 1309 2929 1348 non
2965 1294 3240 1362 iniquitati
3287 1311 3444 1360 mea),
3475 1298 3562 1352 sed
3597 1299 3799 1370 ingenita:

2266 1379 2456 1450 gratiae
2484 1389 2587 1436 ltltB
2614 1384 3004 1452 reSpmidentes
3033 1384 3460 1442 misericordias.
3503 1386 3564 1440 Et
3590 1389 3630 1443 si
3651 1390 3704 1444 de
3723 1392 3798 1447 ali-

2266 1486 2374 1542 quo
2412 1471 2554 1544 loqui
2584 1475 2898 1547 contigerit,
2934 1477 3000 1530 ad
3030 1487 3117 1536 tua
3143 1478 3348 1548 judicia
3379 1481 3691 1536 ostendenda
3715 1500 3799 1540 mo-

2267 1575 2356 1616 res
2379 1575 2669 1632 exponam,
2693 1573 2746 1617 et
2763 1577 2994 1621 CVL‘IHUS
3019 1567 3208 1622 linales
3239 1583 3424 1622 rerum
3451 1584 3465 1634 ;
3509 1577 3558 1622 tu
3577 1572 3699 1624 enim
3719 1575 3798 1632 scis

2266 1655 2421 1724 quia,
2477 1655 2530 1710 in
2583 1657 2671 1730 his
2698 1659 2805 1713 tuis
2862 1659 3066 1730 tibique
3109 1661 3303 1716 dicatis
3346 1663 3688 1726 sermonibus,
3719 1682 3797 1724 non

569 1769 692 1810 cum
717 1753 890 1810 solita:
917 1753 1075 1824 plena
1109 1753 1287 1810 laudis
1339 1753 1612 1812 habuerit.
1643 1762 1698 1808 et
1724 1770 1819 1824 per
1851 1768 2023 1808 annos
2059 1753 2157 1807 ali-
2191 1749 2236 1810 B
2262 1757 2544 1818 gratanter
2573 1727 2788 1822 excipio
2815 1753 3147 1808 corrosionis
3178 1769 3242 1808 ac
3273 1755 3579 1810 invidentia
3605 1756 3794 1813 \erbum.

563 1853 702 1916 quot
733 1859 918 1898 rmnor
959 1845 1010 1900 ei
1065 1845 1436 1914 praeconiosus
1465 1847 1781 1909 accesserit,
1823 1844 1961 1912 jam,
1993 1853 2050 1899 ut
2073 1853 2158 1900 est

559 1937 779 2001 .videre,
833 1937 1096 2007 quidquid
1124 1939 1269 2007 apud
1321 1939 1595 1996 hominem
1631 1939 1925 2008 gloriarum
1951 1955 2170 2008 excan-r

569 2027 792 2082 descere
824 2028 1128 2095 videbatur,
1184 2043 1288 2084 non
1326 2030 1487 2084 modo
1520 2028 1769 2098 intepuit,
1794 2027 1890 2084 sed
1917 2028 2150 2106 refrixit.

567 2119 750 2178 Prima
780 2121 923 2178 enim
971 2121 1113 2178 intra
1147 2121 1338 2176 urbem
1377 2137 1489 2176 sua:
1519 2121 1880 2190 susecptionis
1911 2123 1998 2178 die
2027 2138 2150 2176 eum

566 2212 846 2270 locuturus
871 2213 936 2268 ad
969 2213 1226 2284 populum
1257 2214 1448 2284 pulpiti
1498 2214 1728 2268 editiora
1756 2221 1988 2279 teneret,
2023 2229 2150 2284 pro-

567 2315 797 2366 testatus
852 2315 937 2362 est
978 2321 1037 2361 se
1083 2306 1166 2362 sic
1205 2308 1374 2362 ardua
1411 2315 1774 2374 sectatorum,
1832 2307 2030 2378 quippe
2057 2309 2150 2378 qui

563 2397 733 2458 nollet
760 2397 890 2453 illud
913 2399 1017 2454 sibi
1053 2398 1324 2468 poeticum
1355 2399 1407 2456 in
1443 2399 1559 2456 suis
1582 2397 1892 2458 defectibus
1923 2410 2148 2472 coapta-

559 2491 634 2560 εἰ,
658 2491 868 2550 scilicet
894 2509 909 2546 :

643 2623 954 2680 Parturiunt
985 2635 1202 2694 montes,
1227 2636 1469 2680 nascetur
1499 2626 1752 2682 ridiculus
1777 2643 1910 2681 mus.

1543 2719 1704 2789 (lion.
1732 2719 1796 2773 Α.
1835 2719 1896 2774 ρ.
1925 2718 2074 2792 159.)

563 2857 696 2928 Quae
723 2860 992 2918 sententia
1038 2859 1104 2916 ad
1151 2859 1268 2929 ejus
1289 2859 1610 2929 aucupanda
1665 2857 1808 2913 facta
1833 2857 2142 2930 sequentia,

563 2950 941 3010 uniuersorum
989 2951 1201 3008 animos
1223 2951 1620 3021 imprtegnavit,
1651 2948 1767 3018 ejus
1792 2950 1938 3004 enim
1972 2959 2147 3008 status

561 3045 616 3102 in
645 3046 761 3104 dies
789 3048 1008 3116 copiose
1057 3045 1364 3102 lentescens
1411 3046 1588 3114 seipsa
1620 3044 1945 3100 deteriorem
1979 3044 2147 3116 C(Bpit

2265 1842 2399 1909 Quia
2436 1844 2599 1916 igitur
2642 1845 2886 1900 fortunas
2928 1857 2982 1901 et
3025 1847 3319 1902 infortunia
3361 1864 3478 1904 mea
3537 1850 3596 1902 ad
3621 1849 3795 1907 aliorum

2270 1932 2498 1989 forsitan
2549 1935 2926 2007 qualecunque
2983 1937 3408 1992 instrumentum
3466 1939 3658 1993 decrevi
3700 1957 3798 1998 con-

2270 2035 2478 2094 texere,
2505 2027 2615 2098 ipsa
2647 2029 3006 2100 atlSt‘t‘pliOlils
3031 2047 3162 2084 lllC'J‘
3185 2031 3272 2085 die
3301 2031 3518 2100 quidam
3563 2034 3796 2094 iuonacbus

2261 2118 2458 2172 divinae
2501 2121 2712 2192 pagina:
2755 2138 2861 2174 non
2917 2122 3157 2190 ignarus,
3210 2135 3525 2188 eventuum,
3559 2135 3606 2178 ut
3634 2127 3794 2196 Opinor,

2259 2224 2504 2264 meorum
2535 2213 2816 2282 curiosus,
2860 2229 2982 2268 cum
3015 2214 3227 2270 obviam
3267 2215 3404 2269 mihi
3441 2217 3704 2285 procedere
3727 2234 3795 2290 pa-

2259 2310 2442 2355 rarent
2470 2302 2865 2376 [[.,pararet],
2922 2315 3125 2359 textum
3168 2305 3450 2377 Evangelii
3477 2323 3540 2363 ex
3587 2310 3793 2370 industria

2258 2411 2420 2466 super
2451 2396 2624 2451 altare
2653 2397 2755 2451 hac
2792 2398 3097 2452 intentione
3127 2400 3363 2470 aperuit,
3401 2408 3458 2452 ut
3482 2400 3613 2470 quod
3637 2402 3795 2472 capitu-

2259 2488 2430 2544 tulum
2480 2489 2652 2545 oculis
2701 2490 2934 2560 primum
2994 2503 3306 2551 occurreret
3338 2493 3458 2566 ("),
3491 2509 3584 2565 pro
3609 2495 3695 2552 mei
3721 2512 3793 2555 au-

2257 2581 2427 2651 spicio
2456 2582 2704 2637 haberet.

2353 2671 2732 2738 Prognosticou
2771 2675 2832 2730 de
2865 2674 3133 2732 Guiberto.
3187 2675 3362 2743 Quam
3394 2677 3608 2734 sollicite
3655 2697 3793 2738 mutua

2255 2766 2380 2819 obiit
2432 2767 2752 2834 prwlmurw.
2792 2797 2864 2810 —
2905 2769 3037 2823 Erat
3083 2777 3264 2824 autem
3313 2769 3458 2824 liber
3512 2787 3656 2826 manu
3694 2771 3794 2830 scri-

2255 2865 2379 2926 ptus
2421 2873 2524 2912 non
2572 2860 2803 2930 paginis,
2854 2862 2943 2916 sed
2999 2861 3282 2916 columnis.
3337 2860 3401 2916 In
3434 2863 3680 2919 columna:
3721 2866 3794 2938 igi-

2256 2957 2345 3002 tur
2399 2951 2571 3005 tertitc
2631 2954 2810 3008 medio
2860 2953 3049 3008 oculus
3094 2953 3210 3023 ejus
3261 2954 3498 3021 insedit,
3557 2958 3638 3028 qui
3683 2957 3794 3014 locus

2253 3043 2336 3098 sic
2375 3058 2435 3096 se
2481 3045 2710 3098 habuit:
2753 3065 2768 3096 t
2807 3045 3053 3101 Lucerna
3101 3047 3348 3118 corporis
3403 3048 3480 3104 tui
3529 3059 3606 3106 est
3652 3049 3796 3106 oculos

557 3137 930 3196 indesinenter
982 3139 1164 3196 facere
1211 3139 1579 3208 sponsionem.
1617 3139 1722 3194 Sed
1756 3140 1821 3194 de
1875 3139 1960 3194 bis
2007 3138 2149 3192 inte—
2174 3107 2218 3170 δ
2259 3147 2383 3192 tuus
2410 3135 2562 3206 (an.
2597 3154 2673 3202 xi,
2709 3139 2821 3210 54).
2863 3159 2881 3190 ι
2921 3137 3154 3194 Diacono
3187 3141 3391 3210 itaque,
3421 3142 3510 3212 qui
3545 3143 3592 3196 in
3621 3157 3795 3212 proces-

559 3230 662 3286 rim
693 3230 977 3298 sileamus,
1011 3231 1247 3286 habituri
1279 3230 1507 3292 forsitan
1553 3231 1606 3286 in
1650 3231 2008 3300 sequentibus
2030 3229 2146 3286 loca

557 3321 648 3380 tibi
677 3361 689 3376 .
720 3361 735 3382 .
759 3361 774 3378 .
802 3361 818 3378 .
845 3361 858 3376 .
881 3360 896 3378 .
927 3321 1224 3394 (Nonnulla
1255 3322 1488 3392 desunt.)

586 3437 588 3440 '
1167 3411 1396 3470 CAPUT
1437 3412 1522 3468 111.

629 3503 910 3562 Guibettua
941 3505 993 3560 in
1031 3504 1202 3560 locum
1230 3503 1505 3575 Codefritli
1547 3505 1705 3560 abbas
1751 3504 2030 3574 Novigenti
2062 3505 2142 3558 in-

553 3599 697 3653 scius
730 3599 1068 3670 subrogatur.
1118 3627 1187 3638 -—
1227 3597 1304 3652 Ad
1337 3597 1482 3653 hunc
1509 3613 1638 3666 ergo
1676 3599 1816 3652 unde
1861 3597 2142 3669 digressus

553 3688 732 3748 fuerat
783 3682 979 3753 locum.
1027 3699 1080 3746 et
1121 3705 1281 3760 quem
1312 3691 1426 3760 ipse
1455 3699 1824 3762 competenter
1853 3705 1915 3748 ac
1945 3705 2142 3764 oppor-

555 3793 685 3844 tune
735 3794 1031 3855 aptaverat,
1058 3795 1112 3841 et
1156 3785 1209 3839 in
1240 3800 1372 3856 quo,
1403 3785 1446 3839 si
1477 3783 1676 3840 habitis
1705 3793 1994 3838 contentus
2019 3797 2142 3839 esse

553 3871 750 3940 vellet,
792 3872 1222 3930 fortunatissime
1265 3885 1320 3930 et
1369 3875 1646 3930 liberrime
1695 3873 1826 3928 nulli
1871 3872 2140 3928 obnoxius

552 3966 804 4022 victitare
839 3975 1108 4036 potuerat,
1148 3966 1432 4032 electione,
1460 3975 1518 4020 ut
1548 3965 1798 4038 superius
1827 3965 1961 4030 dixi,
1994 3964 2137 4020 facta

553 4076 640 4120 me
667 4062 894 4132 contigit
923 4061 1158 4118 evocari.
1186 4061 1392 4118 Electio
1431 4072 1614 4118 autem
1665 4070 1845 4117 utrum
1890 4063 1999 4118 Deo
2042 4077 2139 4118 no-

549 4154 696 4214 lente
747 4172 814 4211 an
847 4157 1314 4225 tolerantefuerit,
1348 4156 1532 4212 nescio
1557 4171 1576 4212 :
1605 4157 1708 4214 hoc
1739 4173 1904 4212 unum
1947 4173 2138 4214 secure

549 4251 862 4320 pronuntio,
890 4251 1015 4320 quia
1041 4266 1216 4320 neque
1242 4267 1307 4306 eo
1329 4252 1558 4320 ambitu,
1587 4269 1760 4324 neque
1789 4268 1872 4307 me
1893 4252 2133 4318 conscio,

547 4352 644 4402 aut
696 4361 940 4402 meorum
987 4345 1225 4402 factione
1249 4355 1534 4415 parentum
1574 4355 1860 4418 procurata
1889 4348 1960 4402 sit
2003 4347 2134 4402 mihi

2255 3229 2410 3284 sione.
2445 3229 2718 3297 Evangelii
2760 3241 2964 3286 textura
2990 3241 3108 3286 erat
3137 3231 3486 3302 praelaturos,
3521 3233 3721 3302 imperat
3745 3241 3786 3292 ut

2253 3330 2374 3390 post
2402 3322 2644 3376 osculum
2681 3323 2823 3391 quod
2857 3334 3128 3393 argentea:
3159 3323 3383 3394 imagini
3411 3325 3641 3379 exterius
3664 3324 3795 3380 affixa:

2257 3413 2542 3480 libassem,
2574 3415 2744 3488 digito
2776 3417 2892 3470 loco
2925 3416 3022 3480 illi,
3055 3431 3212 3486 quem
3253 3427 3573 3484 notaverat,
3602 3417 3794 3490 interpo—

2251 3508 2360 3564 sito
2391 3517 2613 3579 repente
2631 3508 2681 3561 in
2703 3523 2798 3561 OCtl
2812 3507 2875 3561 lis
2900 3508 3033 3562 meis
3051 3507 3297 3562 volumen
3317 3509 3591 3580 aperiens,
3610 3508 3793 3564 sollicite

2197 3611 2203 3614 ·
2249 3603 2554 3656 attenderet
2612 3617 2772 3672 quam
2805 3600 2856 3656 in
2887 3611 3096 3670 partem
3135 3601 3365 3658 intuitus
3402 3617 3556 3658 meus
3593 3617 3697 3658 sese
3727 3602 3795 3658 de.

2247 3704 2495 3768 poneret.
2551 3695 2778 3766 Aperuit
2831 3711 2959 3766 ergo
2999 3695 3237 3762 librum,
3293 3697 3381 3752 cui
3418 3695 3573 3765 juxta
3625 3711 3790 3752 morem

2247 3788 2587 3846 extrinsecus
2641 3788 2788 3843 labra
2839 3788 3232 3858 depresseram,
3284 3798 3340 3844 et
3395 3790 3512 3860 ipso
3542 3797 3794 3859 aucupanti:

2246 3894 2503 3950 quorsum
2528 3877 2884 3941 intenderem,
2918 3894 3021 3932 non
3045 3879 3252 3950 paginae
3283 3879 3440 3934 initia
3474 3879 3691 3951 respexi,
3710 3892 3790 3932 non

2247 3973 2430 4036 linem,
2461 3970 2556 4025 sed
2586 3984 2680 4024 ora
2713 3978 2766 4026 et
2796 3968 2980 4025 oculos
3007 3972 3073 4024 ad
3104 3971 3433 4028 versiculum
3465 3971 3650 4028 deflexi
3673 3987 3787 4027 eum-

2245 4071 2387 4128 dem.
2412 4068 2512 4137 Qui
2540 4068 2834 4124 monachus
2867 4067 3053 4126 talium
3083 4066 3362 4138 conjector
3395 4086 3519 4124 curn
3548 4067 3791 4124 intentioni

2243 4178 2355 4219 sure
2391 4161 2592 4216 factum
2631 4178 2808 4216 meum
2851 4161 3208 4232 improvidum
3255 4163 3576 4219 convenisse
3603 4162 3790 4228 videret,

2242 4265 2368 4327 post
2397 4255 2599 4326 aliquot
2624 4255 2760 4322 dies,
2785 4264 2837 4310 et
2864 4255 2991 4325 quid
3015 4254 3252 4320 fecisset,
3283 4265 3335 4312 et
3366 4256 3514 4328 quod
3545 4257 3677 4312 actio
3699 4269 3790 4308 mea

2241 4349 2442 4406 actioni
2477 4364 2586 4404 sua:
2618 4349 2754 4403 miro
2789 4348 2950 4404 modo
2977 4349 3364 4417 concinuisset,
3388 4349 3459 4404 ad
3491 4365 3575 4403 me
3607 4347 3793 4406 venietis

547 4435 638 4492 illa
669 4438 937 4507 quaesitio.
975 4438 1040 4494 Et
1089 4438 1224 4496 istac
1271 4438 1488 4510 quidem
1536 4455 1624 4496 res
1675 4439 1812 4496 bene
1860 4451 2135 4510 utcunque
2168 4439 2533 4532 Denarravit.
2566 4437 2726 4505 Deus,
2774 4438 2866 4508 qui
2912 4438 3152 4494 euntium
3196 4439 3248 4494 in
3293 4448 3345 4494 te
3375 4437 3790 4494 credentimnlu-

545 4533 834 4600 processit.
863 4531 992 4588 illac
1039 4547 1190 4599 vero,
1217 4533 1360 4604 quod
1408 4533 1616 4592 scilicet
1638 4548 1667 4585 a
1699 4533 1915 4588 nemine
1943 4548 2140 4592 eorum.

547 4626 936 4694 cognoscebar,
971 4639 1071 4680 nec
1109 4627 1418 4694 quempiam
1461 4639 1650 4680 eorum
1703 4639 1981 4688 noveram,
2025 4641 2130 4680 non

548 4716 752 4774 utiliter
780 4716 1025 4786 forsitan,
1058 4733 1162 4774 non
1190 4718 1401 4789 integre
1427 4717 1568 4787 quod
1602 4725 1853 4774 secutura
1893 4717 2134 4772 lecturus

547 4808 810 4864 attendat.
845 4809 926 4864 Ad
955 4825 1048 4864 eos
1075 4810 1219 4865 enim
1261 4809 1486 4866 veniens
1512 4818 1720 4866 certum
1749 4809 1888 4878 apud
1917 4824 2001 4862 me
2025 4823 2129 4862 non

545 4899 722 4958 habeo
753 4903 918 4971 quod,
950 4903 1029 4958 eis
1054 4902 1380 4972 incognitus,
1404 4911 1460 4958 et
1488 4902 1588 4974 ipsi
1621 4902 1775 4969 mihi,
1801 4901 2131 4958 simultatem

545 4994 846 5066 quamlibet
894 4997 996 5051 hac
1033 4997 1099 5051 de
1127 5011 1290 5051 causa
1321 4999 1780 5068 concepissemus.
1825 4996 1916 5051 Sic
1950 5007 2128 5050 tamen

545 5088 884 5144 sentiebatur
913 5105 941 5144 a
972 5089 1319 5158 quibusdam.
1347 5087 1499 5156 Quod
1525 5089 1659 5146 alias
1681 5091 1898 5161 quidem
1924 5099 1976 5146 et
2003 5104 2133 5144 eou-

548 5179 684 5250 ligit,
719 5189 961 5252 potestvc
987 5179 1330 5251 contingere;
1364 5180 1451 5236 hic
1481 5179 1568 5254 [[2,
1596 5180 1698 5252 sic]
1723 5191 1901 5237 autem
1925 5180 2130 5236 factum

546 5258 854 5330 nullatenus
884 5275 1032 5345 potui
1058 5273 1346 5345 conjicere.
1379 5274 1518 5332 Nulli
1545 5293 1780 5348 namque
1803 5278 2022 5332 dubium
2047 5284 2131 5332 est

546 5366 687 5434 quod
717 5365 1056 5424 familiaritas
1083 5383 1149 5424 ac
1175 5369 1366 5424 notitia
1398 5369 1678 5426 audaciam
1710 5384 1905 5440 parere
1935 5369 2125 5437 soleat,

547 5460 774 5516 audacia
799 5477 926 5517 vero
954 5463 1005 5518 in
1029 5463 1393 5520 temeritatem
1415 5463 1670 5520 facillime
1697 5473 2034 5536 prorumpat.
2064 5463 2131 5518 Et

543 5563 691 5610 certe
719 5556 978 5627 majorem
1003 5558 1087 5612 his
1125 5573 1262 5628 quos
1289 5560 1468 5614 minus
1494 5560 1743 5616 novimus
1768 5558 2126 5614 reverentiam

541 5647 802 5710 exhibere
835 5649 1102 5718 solemus,
1143 5650 1270 5707 licet
1308 5651 1460 5708 illum
1511 5651 1643 5710 mihi
1693 5652 2016 5726 ingredienti
2053 5652 2129 5708 Io-

2239 4547 2436 4590 cernas
2475 4531 2744 4586 illuminas
2785 4528 2957 4602 (Psal.
3004 4547 3135 4595 xvu,
3162 4531 3278 4603 29),
3322 4541 3374 4586 tu
3406 4531 3518 4588 scis
3547 4547 3696 4604 quam
3723 4530 3790 4584 in-

2241 4624 2500 4682 tentionis
2542 4622 2813 4678 lucernam
2857 4622 2986 4678 mihi
3026 4622 3344 4692 contuleris,
3370 4633 3424 4678 et
3477 4639 3652 4694 quam,
3681 4625 3791 4678 inter

2239 4719 2462 4776 adversa
2492 4731 2612 4786 quae
2633 4715 2763 4770 mihi
2809 4714 3110 4780 intulerint,
3142 4726 3195 4782 et
3235 4730 3552 4788 prosperam
3580 4715 3790 4768 volunta-

2239 4820 2346 4868 tem
2387 4810 2617 4864 habeam
2648 4822 2773 4878 erga
2807 4807 2972 4878 ipsos.
3005 4806 3072 4864 Et
3095 4808 3222 4862 licet
3255 4822 3416 4879 opera
3451 4823 3573 4862 mea
3615 4821 3699 4862 cor
3730 4805 3792 4860 vis

2237 4905 2433 4964 delicet
2483 4902 2686 4958 [tadum
2741 4902 2810 4958 sit
2862 4911 2917 4957 et
2971 4901 3256 4967 miserum,
3315 4911 3578 4972 quantum
3628 4899 3688 4956 ad
3723 4911 3790 4952 me

2237 5004 2466 5068 spectat,
2504 5005 2682 5052 tamen
2714 5010 2819 5050 non
2849 5003 2898 5050 te
2929 4993 3060 5048 latet
3092 5002 3351 5063 quantum
3377 4992 3470 5063 (7‘)
3501 4993 3567 5046 ad
3594 4991 3789 5046 salutem

2235 5105 2502 5154 meorum,
2539 5104 2676 5160 quos
2721 5100 2774 5142 tu
2821 5087 2950 5141 mihi
2983 5085 3284 5156 subjecisti,
3313 5086 3530 5143 animus
3560 5100 3700 5142 meus
3725 5083 3790 5138 iu-

2232 5185 2440 5242 tendat.
2469 5181 2810 5250 Quantopere
2839 5179 3004 5234 etiam
3043 5179 3184 5235 mala
3217 5194 3332 5236 mea
3367 5180 3668 5243 considero,
3695 5187 3789 5234 tan-

2236 5289 2422 5349 topere
2445 5277 2614 5348 magis
2641 5277 2706 5330 de
2733 5275 2886 5329 bonis
2915 5274 3154 5342 ipsorum
3183 5273 3228 5329 si
3255 5273 3543 5330 arriserint
3567 5269 3789 5344 operibus

2233 5373 2520 5429 hilaresco.
2573 5368 2699 5424 Scio
2741 5383 2972 5436 namque
3026 5381 3090 5421 eo
3148 5383 3232 5422 me
3281 5366 3419 5438 apud
3481 5376 3587 5422 tute
3631 5361 3790 5436 gratia:

2235 5468 2490 5523 thromim
2515 5463 2820 5518 liberiorem
2845 5501 2858 5524 ,
2897 5475 3004 5532 quo
3031 5461 3262 5531 amplius
3294 5460 3663 5518 benivolorunt
3691 5467 3785 5514 stu-

2233 5561 2337 5618 diis
2369 5575 2453 5614 me
2482 5557 2760 5628 prrebuero
2788 5555 3106 5624 gratiorem.

2310 5653 2578 5710 Orationis
2618 5651 2681 5704 ab
2719 5648 2810 5702 illo
2850 5665 3025 5703 coram
3056 5646 3322 5702 monachis
3357 5645 3550 5701 habita:
3587 5656 3785 5698 summa.

540 5754 692 5814 cum,
728 5743 878 5802 nullo
922 5744 1083 5818 modo
1107 5759 1298 5806 eorum
1341 5747 1674 5808 conscientia
1711 5754 1857 5807 esset
1886 5745 2126 5813 occlusa,
2227 5777 2302 5806 -_-
2330 5746 2624 5818 Susceptus
2671 5742 2837 5816 igitur
2875 5743 2943 5804 ab
2968 5741 3052 5802 eis
3075 5781 3090 5810 ,
3125 5747 3180 5800 et
3207 5737 3490 5814 capitulari
3526 5735 3786 5800 conventu
