4018 6324
187 265 294 330 901³

1218 262 1308 324 ne
1341 262 1508 322 vm
1548 261 1684 323 sua
1723 259 1902 320 Ltnm
1933 239 2248 324 rues:
2272 255 2416 323 Liui
2443 255 2508 324 ιιι

137 359 155 372 ρ
187 360 474 456 inductus,
493 397 658 458 super
688 360 1008 456 prophetico
1061 381 1154 440 illo
1202 383 1424 440 oraculo
1463 397 1768 440 sermonem
1797 386 1842 446 Α
1871 381 2032 452 valet,
2057 381 2202 452 juste
2225 399 2323 454 per
2348 382 2499 446 alios,
2521 378 2839 452 justius'per
2866 360 3098 451 seipsam
3127 351 3454 440 ablaliorum

185 481 370 548 habui,
401 491 456 535 et
497 479 606 536 dixi
651 466 791 549 (erat
819 490 1002 534 autem
1051 463 1386 532 Dominicum
1435 485 1630 548 praesto
1657 473 1764 552 Na-

185 572 310 642 tale,
342 587 464 644 cum
496 569 663 624 Isaias
692 567 943 641 legitur):

217 671 226 674 '
251 665 418 740 492
455 683 474 717 ι
502 664 662 729 Dicit,
683 664 925 734 inquam,
957 661 1122 718 Isaias
1144 659 1406 732 propinata
1435 659 1576 729 quod
1600 671 1769 729 nuper

187 763 416 820 audistis
444 776 459 816 :
493 781 512 814 ι
531 760 914 832 Apprebendet
941 759 1026 814 vir
1055 759 1278 814 fratrem
1305 771 1484 822 suum,
1516 753 1770 811 domesti-

186 870 307 911 cum
338 853 509 926 patris
540 851 622 907 sui
651 849 1080 908 :Vestimentum
1115 849 1209 905 tibi
1238 857 1340 915 est,
1379 847 1626 918 princeps
1651 845 1796 928 esto:

184 942 389 1011 noster,
421 947 575 1001 ruina
613 955 792 1000 autem
833 945 948 1000 hate
987 943 1087 998 sub
1113 957 1274 996 manu
1303 950 1414 997 tua.
1443 939 1508 994 Et
1550 953 1768 1012 respon-

183 1037 331 1094 debit
362 1036 492 1092 ille:
525 1035 640 1090 Non
683 1051 802 1091 sum
841 1035 1103 1099 medicus,
1133 1041 1191 1088 et
1231 1032 1282 1088 in
1314 1031 1474 1087 domo
1509 1045 1627 1087 mea
1661 1045 1768 1085 non

182 1139 262 1186 est
297 1130 456 1202 panis
504 1145 677 1202 neque
712 1125 1302 1193 vestimcntmn;nolite
1327 1125 1655 1182 constituere
1684 1137 1769 1176 me

181 1220 503 1291 principem.
551 1223 680 1274 ltuit
711 1219 856 1276 enim
891 1215 1227 1273 Hierusalem
1254 1225 1308 1270 et
1335 1213 1500 1272 Judas
1534 1212 1769 1270 concidit

182 1313 341 1386 (1δαὶ.
376 1329 457 1377 ιιι,
485 1312 627 1381 6-8).
656 1329 674 1363 ι

257 1425 277 1459 ι
313 1404 408 1461 Vir
451 1411 535 1458 est
596 1403 687 1474 qui
740 1410 926 1458 contra
951 1400 1222 1456 diabolum
1272 1397 1612 1454 etI‘eminatas
1659 1411 1766 1452 non

180 1495 346 1552 habet
391 1494 493 1570 [[2,
521 1494 860 1550 effeminatus
895 1509 999 1549 non
1039 1491 1311 1568 habetur].
1339 1491 1388 1547 Is
1423 1491 1646 1545 fratrem
1675 1504 1768 1560 ap-

179 1588 490 1659 prehendit,
529 1602 650 1641 cum
693 1586 758 1640 ad
788 1585 1018 1656 aliquem
1047 1601 1114 1640 ex
1161 1584 1270 1648 Deo
1312 1593 1497 1639 natum
1533 1597 1592 1637 se
1619 1580 1770 1636 colli-

179 1676 276 1748 git.
315 1675 366 1732 Is
404 1691 619 1750 quoque
659 1675 829 1748 patris
873 1676 1030 1730 debet
1066 1690 1188 1731 esse
1236 1674 1588 1738 domesticus,
1613 1671 1763 1742 quia,

178 1770 273 1840 qui
313 1769 382 1825 ad
415 1769 648 1824 olIicium
678 1768 969 1839 corripitur
1012 1777 1345 1839 pastoratus,
1381 1765 1764 1838 mysteriorum
1793 1760 1842 1818 Β

179 1861 375 1918 domus
419 1861 512 1917 Dei
559 1860 781 1931 reperiri
835 1877 942 1915 non
977 1861 1132 1916 debet
1186 1860 1428 1932 ignarus.
1473 1857 1574 1920 Qui
1621 1856 1764 1911 enim

178 1963 650 2010 sacramentorum
679 1953 934 2010 Ecclesia:
965 1954 1178 2009 nescius
1199 1962 1304 2020 est,
1340 1951 1507 2023 ipsius
1537 1949 1796 2004 admini-'

177 2045 450 2101 stratione
498 2045 689 2114 dignus
736 2061 844 2099 non
885 2052 990 2110 est,
1023 2055 1208 2114 utpote
1251 2045 1374 2114 quia
1420 2061 1438 2094 ‹
1477 2041 1676 2108 scriba,
1709 2041 1764 2096 in

177 2152 350 2208 regno
369 2137 628 2193 caelorum
658 2138 847 2194 doctus
875 2137 1088 2208 (Matth.
1121 2153 1244 2202 xm,
1275 2136 1388 2206 52),
1416 2156 1435 2188 ι
1474 2155 1493 2189 ι
1533 2134 1706 2190 fidelis
1741 2150 1760 2185 ι

175 2228 346 2284 etiam
380 2229 434 2284 in
466 2230 724 2300 mysteria
755 2232 1146 2302 conservando,
1184 2247 1202 2282 ι
1238 2229 1474 2301 prudens
1509 2248 1526 2281 ι
1564 2228 1616 2283 in
1641 2241 1766 2282 ero-

177 2318 384 2391 gando,
417 2322 624 2376 censeri
659 2339 678 2373 ι
722 2336 912 2377 servus
943 2341 962 2374 ι
990 2338 1096 2376 non
1139 2330 1318 2392 potest
1353 2319 1569 2393 (Matth.
1614 2334 1762 2384 xxiv,

174 2409 288 2480 45).
325 2410 392 2464 Ει
423 2411 690 2483 quomodo
728 2411 917 2482 praesit
942 2411 1220 2480 Ecclesiae,
1249 2413 1342 2482 qui
1383 2411 1556 2466 nescit
1582 2409 1768 2466 Eccle-

175 2503 353 2558 siam?
402 2504 738 2561 Domesticos
761 2521 891 2578 ergo
921 2505 1014 2560 sit.

249 2614 270 2649 ι
293 2595 438 2664 Quid
468 2597 522 2652 in
549 2598 868 2654 vestimento
897 2582 1002 2652 nisi
1034 2595 1259 2668 pulchra
1282 2594 1595 2666 intelligitur
1615 2603 1765 2650 exte-

176 2691 387 2747 riorum
435 2707 658 2762 operum
707 2691 1008 2748 habitudo?
1056 2691 1313 2760 Princeps
1361 2705 1489 2760 ergo
1521 2696 1764 2760 rogatur,

176 2793 234 2841 ut
263 2785 311 2842 si
348 2786 440 2856 qui
470 2787 850 2842 vestimentum
881 2785 1070 2852 habet;
1102 2785 1229 2856 quia
1259 2783 1454 2838 crebro
1502 2779 1769 2851 contingit

177 2883 234 2930 ut
263 2875 315 2931 is
347 2885 629 2946 expetatur
656 2878 721 2931 ad
749 2877 1015 2947 regimen,
1040 2875 1131 2945 qui
1160 2875 1212 2929 in
1243 2876 1480 2940 incessu,
1502 2875 1670 2928 verbo
1713 2881 1768 2927 et

176 2978 302 3026 actu
354 2971 754 3041 castigatiorem
805 2985 864 3025 se
912 2970 1150 3026 exhibet.
1202 2969 1376 3024 Ruina
1438 2976 1618 3023 autem
1666 2969 1768 3023 sub

175 3061 293 3133 ejus
322 3078 486 3116 manu
511 3061 827 3134 prohibetur
853 3077 995 3129 esse,
1020 3063 1145 3134 quia
1169 3061 1427 3133 quidquid
1455 3061 1766 3118 detrimenti

174 3153 227 3208 in
273 3153 538 3224 subjectis
583 3156 871 3224 reperitur,
912 3157 978 3210 ad
1029 3156 1368 3227 praesidentis
1421 3155 1765 3210 ratiocinium

172 3246 466 3316 pervenire
499 3247 848 3318 dignoscitur.
879 3246 957 3302 Ac
995 3247 1038 3302 si
1077 3247 1283 3304 diceret
1311 3262 1330 3300 :
1359 3245 1437 3302 Tu
1464 3255 1518 3301 te
1543 3247 1678 3302 bene
1700 3247 1770 3300 ad

174 3339 398 3396 oculum
439 3340 642 3396 videris
687 3342 904 3407 habere,
952 3342 1172 3396 attende
1210 3351 1389 3396 tamen
1434 3357 1538 3411 qua
1567 3339 1772 3394 Intror-

174 3448 296 3489 sum
323 3434 527 3489 virtute
554 3433 924 3508 prmemineas.
943 3435 1132 3490 Sciens
1155 3435 1340 3506 utique
1355 3434 1498 3504 quod
1525 3434 1768 3488 omnium

175 3530 229 3580 te
254 3534 513 3595 oporteat
544 3525 810 3580 sustinere
851 3526 1055 3590 ruinas,
1109 3525 1234 3581 inde
1282 3525 1495 3579 cautior
1527 3524 1772 3579 redditus

175 3615 350 3673 infert.
384 3635 398 3673 :
433 3636 450 3668 ι
482 3617 597 3672 Νοιι
623 3634 764 3683 ειιιιι,
794 3619 993 3689 inquit,
1023 3620 1282 3684 medicus,
1313 3639 1330 3672 ι
1363 3629 1423 3674 ιιι
1446 3627 1523 3672 tot
1549 3617 1772 3673 obviare

171 3710 393 3768 valeam
445 3709 616 3766 ruinis
670 3713 981 3767 morborum
1031 3713 1524 3769 crebrescentibus.
1591 3711 1768 3767 Vesti-

174 3814 429 3861 mentum
465 3805 705 3861 exterius
729 3806 990 3878 aSpicitis,
1015 3817 1156 3878 quoa
1182 3817 1360 3862 tamen
1395 3807 1448 3862 in
1474 3809 1632 3862 domo
1664 3823 1772 3862 non

174 3905 283 3963 est,
321 3897 450 3968 quia
497 3912 600 3952 non
647 3898 786 3953 idem
828 3899 992 3953 animi
1030 3898 1246 3954 habitus
1277 3900 1366 3969 qui
1396 3899 1639 3970 corporis
1663 3907 1768 3954 est.

175 3989 344 4049 Unde
371 4000 427 4046 et
457 3991 724 4047 medicum
763 4007 820 4048 se
853 4008 956 4047 non
1001 4007 1119 4048 esse
1151 3992 1384 4059 fatetur;
1429 4009 1493 4048 ex
1522 3995 1772 4048 acumine

173 4083 328 4139 enim
369 4083 714 4139 discretionis
745 4081 955 4139 dilllcile
1001 4094 1084 4140 est
1125 4095 1415 4156 penetrare
1442 4084 1681 4155 origines
1718 4091 1774 4138 et

172 4175 364 4231 exitus
391 4173 674 4244 cujuslibet
707 4175 821 4230 vitii
853 4184 907 4231 et
951 4176 1184 4233 virtutis.
1218 4177 1282 4231 Et
1311 4177 1412 4233 hoc
1441 4177 1618 4248 potuit
1645 4191 1774 4229 con-

173 4269 398 4344 tingere
426 4283 492 4323 ex
526 4268 818 4338 indigentia
865 4267 1000 4338 ejus,
1046 4270 1172 4340 quia
1225 4286 1329 4324 non
1378 4281 1462 4324 eat
1503 4269 1558 4324 in
1613 4269 1773 4323 domo

169 4362 345 4432 panis
395 4360 540 4416 illius
586 4361 677 4432 qui
723 4376 752 4415 a
801 4361 910 4416 Deo
957 4360 1118 4416 hodie
1171 4361 1374 4432 petitur
1423 4360 1775 4432 quotidianus

1869 475 2130 545 regimine
2160 486 2396 532 arcetur.
2427 475 2556 544 Quae
2581 493 2711 548 ergo
2739 476 3055 550 exponendo
3087 476 3173 532 hic
3199 478 3452 546 dixerim,

1866 567 1976 624 illic
2027 569 2188 624 latius
2239 571 2600 640 exhortando,
2649 580 2701 626 et
2731 569 2993 641 exemplis
3044 569 3480 646 Scripturarum.

1874 663 2172 720 sententias
2203 661 2474 720 fulcienda
2501 663 2836 736 protulerim.

2487 755 2714 818 CAPUT
2751 755 2838 811 IV.

1937 848 2017 904 De
2045 847 2185 924 felici
2215 847 2450 903 Guiberti
2485 849 2670 902 matris
2701 849 2863 902 obitu.
2895 879 2965 889 —
2998 848 3068 903 At
3105 847 3362 918 quoniam
3388 847 3456 904 de

1869 950 2065 1006 matre,
2096 957 2258 1011 quam
2301 940 2523 1006 bonam,
2558 940 2698 995 inter
2733 941 2912 994 omnia
2942 957 3062 1011 qua:
3087 941 3457 1011 temporaliter

1870 1033 2107 1107 possedi,
2161 1036 2470 1106 specialiter
2517 1035 2686 1091 solam
2727 1035 2926 1100 habui,
2979 1037 3158 1093 dicere
3210 1038 3323 1104 jam
3364 1035 3455 1090 diu

1869 1128 2174 1193 omisimus;
2197 1129 2417 1199 dignum
2435 1137 2518 1182 est
2546 1135 2603 1181 ιιι
2633 1128 2788 1182 bona:
2815 1125 2929 1195 ejus
2957 1127 3080 1183 vita:
3100 1129 3373 1184 meliorem
3387 1126 3456 1182 11-
3539 1151 3542 1154 ·

1872 1233 1995 1272 nem
2032 1219 2267 1274 breviter
2311 1220 2666 1291 attingamus.
2710 1217 2842 1274 Cum
2885 1235 3174 1285 annorum,
3231 1229 3290 1273 ut.
3337 1220 3453 1290 ipsa

1869 1311 2160 1378 fatebatur,
2195 1329 2296 1368 non
2349 1313 2626 1368 minimam
2658 1310 2968 1384 pluritatem
3023 1310 3249 1366 infracta
3290 1311 3488 1366 animi‘

1869 1406 2072 1460 virtute
2104 1407 2534 1472 transcenderet,
2561 1415 2616 1461 et
2662 1407 2946 1464 fatiscente
2990 1403 3312 1475 corpusculo
3343 1402 3460 1458 nul-

1870 1497 2080 1554 latenus
2111 1499 2163 1554 in
2208 1499 2324 1570 ejus
2350 1499 2541 1570 spiritu
2573 1499 2836 1554 orationis
2875 1513 3002 1554 cura
3031 1497 3377 1560 lentesceret,
3403 1501 3490 1572 et.

1873 1590 2111 1646 thoracis
2141 1589 2458 1646 infirmitate
2503 1607 2530 1645 a
2569 1607 2760 1646 somno
2790 1583 3033 1660 depulsa,
3071 1605 3194 1644 cum
3227 1588 3460 1642 stridore

1861 1683 2104 1742 .mirabili
2135 1683 2317 1740 Jesum
2360 1684 2646 1740 Dominum
2679 1684 2927 1756 noctibus
2957 1682 3336 1752 centupliciter
3371 1696 3458 1736 re-
3487 1671 3490 1676 ’

1870 1774 2120 1846 plicaret,
2145 1774 2361 1829 demum
2386 1775 2589 1830 morbis
2616 1776 2791 1828 evicta
2823 1774 3098 1840 decubuit.
3136 1773 3248 1840 Ego
3277 1780 3458 1826 autem

1869 1871 1921 1917 et
1954 1861 2125 1918 frater
2154 1879 2306 1919 meus
2345 1873 2473 1920 tunc
2516 1865 2772 1934 temporis
2810 1867 3105 1936 agebanms
3153 1861 3458 1932 Novigenti,

1869 1953 2122 2020 biennio,
2164 1955 2218 2010 ni
2247 1955 2422 2024 fallor,
2462 1965 2588 2011 ante
2618 1955 2745 2011 illud
2776 1956 2841 2010 ad
2865 1954 3240 2010 Flaviaeenses
3271 1951 3458 2022 postli-

1869 2045 2126 2111 minium,
2184 2047 2328 2116 quod
2359 2063 2520 2118 supra
2551 2047 2768 2118 quidem
2815 2045 3180 2112 meminimus,
3217 2043 3454 2099 inconsi-

1870 2137 2252 2192 derantissime
2305 2139 2520 2209 quidem
2575 2139 2946 2208 factum,sed,
2992 2154 3059 2194 eo
3097 2147 3318 2193 auctore
3367 2135 3459 2206 qui

1870 2228 2027 2284 malis
2061 2230 2264 2284 nostris
2298 2229 2437 2286 bene
2482 2231 2674 2296 utitur,
2703 2247 3025 2287 conversum
3055 2232 3108 2285 in
3137 2229 3304 2284 nmlto
3331 2243 3458 2298 pro-

1870 2319 2164 2388 speriorem
2188 2337 2350 2391 quam
2374 2322 2518 2377 credi
2543 2333 2724 2393 posset
2744 2332 3022 2387 eventura;
3050 2323 3290 2393 pepercit
3315 2320 3459 2374 enim
3501 2301 3512 2310 ”

1871 2411 1986 2480 ejus
2001 2414 2348 2468 teneritudini
2374 2415 2531 2480 Deus,
2551 2415 2779 2485 nejecur
2794 2423 3070 2486 tantopere
3084 2415 3249 2470 Deum
3270 2429 3462 2469 amans

1872 2505 2199 2561 immeritum
2223 2507 2383 2578 hujus
2407 2507 2660 2564 innobilis
2687 2510 2892 2564 reditus
2917 2509 3095 2582 gladio
3123 2517 3457 2576 carperetur.

1943 2596 2114 2667 Igitur
2140 2598 2213 2652 illi
2257 2599 2534 2654 moritura:
2568 2615 2691 2655 cum
2725 2615 2878 2654 meus
2907 2583 3166 2672 magister
3195 2598 3463 2669 lacryma-

1876 2688 2086 2743 btmdus
2110 2689 2412 2755 assisterct,
2443 2691 2624 2745 intulit
2661 2690 2733 2746 illi
2769 2707 2781 2744 :
2813 2713 2830 2744 ι
2855 2691 2992 2746 Ecce
3017 2690 3108 2745 filii
3140 2689 3341 2745 domini
3379 2705 3463 2744 re-

1871 2781 2004 2837 moti
2035 2791 2180 2849 sunt,
2211 2792 2266 2838 et
2295 2793 2349 2838 tu
2386 2782 2612 2839 forsitan
2645 2801 2786 2858 aegre
2819 2784 2987 2850 feres,
3021 2795 3070 2840 et
3111 2785 3210 2856 ipsi
3240 2786 3460 2856 :egrius,

1873 2875 1916 2931 si
1939 2875 2018 2930 eis
2039 2876 2351 2934 absentibus
2373 2877 2700 2950 defungaris.
2727 2898 2745 2931 ι
2777 2877 2849 2934 At
2883 2880 2993 2948 ipsa
3023 2894 3145 2933 eum
3173 2877 3346 2932 oculis
3375 2891 3462 2931 re-

1874 2971 2198 3025 verberans:
2222 2991 2238 3023 (
2263 2969 2343 3039 Si,
2378 2973 2545 3042 inquit
2566 2973 2671 3040 ,uti
2702 2974 2971 3042 quondam
2999 2973 3135 3026 intra
3167 2973 3462 3027 claustrum

1875 3063 1999 3118 istic
2032 3066 2343 3135 contigumn
2379 3077 2808 3134 commanerent,
2845 3066 2992 3120 novit
3029 3067 3169 3121 Deus
3193 3066 3336 3136 quod
3369 3080 3466 3119 ne-

1873 3171 1979 3226 que
2009 3158 2108 3210 hos
2164 3172 2338 3227 neque
2367 3159 2675 3228 quempiam
2725 3175 2968 3214 meorum
3011 3157 3248 3212 afﬁnium
3300 3158 3352 3212 in
3399 3171 3464 3212 eo

1874 3250 2066 3307 vellem
2093 3250 2268 3306 obitni
2300 3255 2579 3307 interesse.
2613 3252 2706 3306 Est
2734 3261 2914 3306 autem
2943 3267 3083 3306 unus
3113 3265 3273 3322 quem
3299 3251 3465 3305 inter-

1879 3345 1965 3399 nis
1995 3344 2276 3412 praastolor
2303 3345 2528 3408 viribus,
2553 3345 2644 3415 qui
2670 3345 2874 3400 utinam
2915 3343 3063 3399 solus
3095 3343 3298 3398 adsilit
3320 3342 3464 3397 Dixit

1875 3438 1956 3494 sic
1983 3447 2036 3492 et
2060 3451 2120 3492 ea
2155 3447 2332 3502 nocte,
2365 3439 2467 3494 hac
2490 3438 2621 3492 hora
2649 3453 2756 3508 qua
2785 3439 3009 3509 angelus
3037 3436 3259 3493 Gabriel
3287 3453 3316 3490 a
3345 3436 3458 3491 Deo

1876 3529 2078 3584 missus
2109 3528 2176 3582 ad
2205 3527 2478 3600 Virginem
2515 3538 2569 3584 et
2601 3538 2853 3584 cantatur
2879 3538 2934 3584 et
2956 3529 3172 3592 colitur,
3203 3529 3270 3583 ad
3311 3541 3464 3582 suam

1877 3619 2024 3674 illam
2071 3619 2298 3674 infinitis
2343 3634 2558 3690 semper
2607 3620 2886 3675 amoribus
2943 3629 3254 3690 exoptatam
3302 3633 3464 3688 quam

1879 3712 2153 3783 praelibavi
2183 3713 2486 3782 Dominam,
2529 3729 2632 3770 non
2674 3714 2906 3785 ingrate,
2937 3723 2994 3769 ut
3024 3714 3313 3778 credimus,
3346 3727 3468 3768 sus-

1878 3805 2123 3876 cipienda
2155 3806 2427 3878 migravit.

1947 3899 2088 3953 Ante
2119 3915 2320 3969 paucos
2356 3909 2536 3955 autem
2567 3916 2730 3972 quam
2761 3899 3050 3957 decederet
3077 3914 3269 3965 annos,
3303 3897 3468 3954 nimie

1880 4001 2122 4064 cteperat
2177 3991 2432 4050 aII‘eetarc
2484 4009 2700 4049 sacrum
2750 3994 3026 4065 suscipere
3075 3991 3272 4049 velum.
3312 3991 3468 4059 Quod

1879 4101 2003 4141 cum
2027 4101 2128 4155 ego
2153 4086 2484 4141 auctoritate
2515 4087 2790 4158 proposita
2823 4087 3180 4152 distulissem,
3207 4086 3295 4141 ubi
3327 4085 3469 4140 dici-

1879 4185 1970 4230 tur
2004 4193 2018 4230 :
2058 4195 2076 4228 ι
2117 4176 2316 4232 Viduas
2362 4179 2541 4232 velare
2569 4179 2886 4248 pontificum
2925 4177 3104 4232 nullus
3133 4185 3402 4241 attentet;
3444 4194 3465 4228 ι

1880 4267 2126 4325 sufﬁcere
2158 4269 2259 4325 sibi
2297 4285 2456 4340 posse
2497 4271 3020 4325 continentissimam
3061 4269 3180 4324 sine
3209 4267 3498 4322 exteriori
3560 4290 3566 4295 ·

1881 4361 2069 4417 habitu
2095 4363 2294 4429 vitam;
2329 4363 2470 4432 quod
2500 4371 2554 4418 et
2602 4363 2777 4434 ipsum
2814 4361 3101 4416 Anselmus
3133 4359 3302 4415 abbas
3332 4358 3470 4413 Bec-

170 4453 344 4524 (Luc.
376 4469 455 4522 xt,
484 4453 562 4526 5),
596 4453 919 4509 confortatio
950 4453 1203 4510 videlicet
1226 4452 1342 4522 ejus
1372 4469 1490 4524 qum
1518 4453 1776 4523 spiritua-
1809 4478 1854 4534 ι)
1880 4454 2079 4520 censis,
2121 4458 2463 4524 postmodmn
2500 4454 2722 4509 Cantua:
2769 4453 2996 4526 (Cantia:
3023 4452 3100 4508 vel
3137 4449 3474 4516 Cantuariae)

171 4542 308 4600 liter
349 4543 652 4600 infunditur
674 4545 876 4600 divina
918 4543 1248 4613 refectionis,
1289 4555 1385 4601 aut
1439 4546 1630 4617 ipsius,
1661 4546 1778 4600 sine

175 4651 292 4708 qua
328 4637 466 4692 bene
505 4651 769 4707 nusquam
799 4637 1030 4709 regitur,
1076 4636 1417 4692 confirmatio
1441 4637 1496 4691 in
1531 4635 1778 4692 interiori

171 4728 410 4785 homine
438 4729 744 4785 charitatis.

253 4839 278 4875 ι
305 4821 570 4894 Princeps
591 4824 776 4893 itaque
793 4821 918 4894 jure
953 4822 1072 4879 ﬁeri
1111 4830 1347 4890 recusat,
1379 4821 1464 4879 cui
1496 4822 1550 4878 id
1577 4821 1776 4878 virium

175 4914 404 4971 animus
472 4932 707 4988 superne
783 4917 1024 4974 imbutus
1088 4917 1309 4973 minime
1375 4916 1774 4972 subministrat.

185 5025 210 5061 ι
245 5007 593 5066 Hierusalem
619 5011 768 5066 enim
806 5013 968 5080 ruit,»
1013 5011 1066 5068 id
1096 5021 1178 5068 est
1205 5013 1331 5082 quia
1362 5011 1588 5067 interna:
1616 5026 1780 5082 cxpe-

172 5101 386 5158 rientia
425 5104 574 5174 pacis
613 5103 869 5174 deperiit,
904 5113 958 5159 et
995 5105 1157 5160 etiam
1194 5123 1212 5156 ι
1249 5103 1416 5160 ludas
1461 5106 1716 5174 concidit,
1754 5125 1773 5160 ι

171 5193 235 5253 id
276 5205 369 5252 est
413 5197 528 5268 ipsa
578 5208 926 5269 peccatorum
983 5198 1270 5263 confessio,
1301 5199 1440 5267 quod
1475 5207 1780 5252 extremum

173 5288 460 5344 malorum
485 5292 726 5370 omnium
761 5301 864 5360 est,
890 5302 1010 5364 post
1037 5291 1380 5346 amissionem
1411 5291 1612 5347 intima:
1640 5302 1783 5346 tran-

171 5383 478 5456 quillitatis
505 5387 812 5444 omnimoda
841 5389 1212 5457 desperatione
1255 5386 1478 5454 defecit,
1504 5386 1651 5457 justa
1685 5401 1780 5442 oc-

172 5476 348 5533 casio
383 5476 660 5535 refutandi
711 5489 1022 5551 pastoratus
1075 5495 1133 5536 se
1181 5481 1430 5551 praebuit.
1480 5477 1583 5535 Ubi
1633 5479 1781 5534 enim

171 5583 353 5624 mens
379 5572 781 5641 emergentibus
811 5575 955 5628 vitiis
988 5573 1340 5644 inquietatur,
1366 5572 1526 5626 nimis
1556 5572 1786 5641 turpiter

169 5663 532 5733 incursatur,
560 5681 658 5722 nec
680 5683 834 5723 mens
869 5669 952 5724 his
986 5667 1126 5724 male
1155 5667 1421 5724 obccccala
1455 5681 1549 5737 per
1571 5666 1783 5722 confes-

1886 4548 2180 4620 Anglorum
2222 4547 2384 4622 493
2427 4548 2889 4618 archiepiscopus,
2938 4547 3024 4600 vir
3070 4543 3334 4599 mirabilis
3382 4543 3473 4615 (de

1885 4657 1994 4713 quo
2025 4641 2274 4712 superius
2319 4642 2423 4711 egi)
2471 4657 2534 4695 ex
2583 4640 2808 4710 antiquo
2851 4646 3135 4704 vetuerat;
3177 4647 3327 4692 tanto
3354 4636 3472 4706 ipsa

1886 4735 2059 4807 magis
2085 4733 2332 4798 accendi,
2374 4741 2428 4788 et
2474 4749 2502 4786 a
2548 4733 2827 4802 proposito
2865 4731 3008 4786 nulla
3053 4730 3476 4784 ratiocinatione

1887 4824 2097 4898 repelli.
2117 4824 2280 4889 Vicit,
2312 4834 2366 4878 et
2396 4823 2537 4878 inter
2564 4823 3150 4892 suscipiendum,cum,
3173 4821 3290 4875 viro
3317 4835 3471 4875 reve-

1887 4918 2214 4975 rendissimo
2257 4915 2467 4972 Joanne
2504 4915 2603 4972 loci
2638 4915 2880 4985 ejusdem
2915 4914 3132 4979 abbate,
3161 4928 3318 4983 quem
3359 4912 3475 4982 ipsa

1886 5011 2171 5085 parvulum
2203 5012 2486 5072 nutrierat,
2519 5019 2787 5080 praesente
2816 5024 2978 5078 super
3007 5023 3074 5064 ea
3101 5023 3158 5062 rc
3186 5004 3472 5061 satisface-

1891 5117 1997 5174 ret,
2027 5105 2093 5160 ad
2129 5116 2432 5160 extremutn
2463 5103 2566 5157 tale
2598 5118 2655 5159 se
2686 5119 2716 5158 a
2754 5103 2863 5158 Deo
2911 5102 3168 5157 habuisse
3205 5097 3389 5154 docuit
3419 5097 3473 5152 in

1889 5199 1995 5254 hoc
2022 5212 2183 5268 opere
2211 5194 2542 5250 incentivum
2577 5211 2590 5248 :

1958 5288 2105 5345 Dixit
2135 5303 2262 5359 ergo
2299 5302 2357 5343 se
2397 5286 2450 5342 in
2479 5285 2688 5341 visione
2728 5283 2929 5340 vidisse
2960 5280 3140 5344 multae
3172 5269 3476 5351 pulchritu-

1889 5385 2032 5441 dinis
2074 5390 2127 5438 et
2175 5381 2518 5437 auctoritatis
2558 5379 2871 5444 Dominam,
2910 5376 2996 5432 cui
3037 5383 3262 5430 ornatus
3305 5374 3477 5427 iuerat

1890 5474 2301 5532 circumstantia
2332 5472 2557 5542 copiosi,
2584 5485 2704 5542 quae
2729 5467 3179 5540 pretiosissimum
3209 5466 3310 5520 sibi
3341 5463 3476 5520 σαε-

1892 5586 2019 5626 rens
2047 5570 2284 5640 peplum,
2311 5568 2469 5638 quasi
2508 5567 2574 5621 ad
2616 5565 3026 5622 custodiendum
3063 5563 3203 5617 idem
3246 5561 3294 5615 ei
3331 5575 3482 5613 com-

1891 5663 2208 5730 mendabat,
2246 5672 2550 5735 opportuno
2595 5661 2846 5716 videlicet
2894 5668 3136 5729 tempore
3177 5657 3230 5710 in
3273 5669 3480 5710 morem

170 5755 410 5817 sionem
437 5757 627 5816 eadem
658 5759 978 5831 detestatur,
1010 5775 1130 5817 cum
1175 5774 1234 5817 se
1281 5753 1468 5831 regere
1502 5772 1610 5815 non
1637 5772 1780 5830 prte-
1803 5842 1806 5844 _
1826 5783 1871 5860 λ
1891 5755 2127 5830 depositi
2161 5756 2581 5815 restituendum.
2611 5753 2710 5816 Cui
2745 5753 2916 5814 verba
2940 5766 3132 5812 omnes
3163 5749 3483 5807 incunctan-
