3982 6346
624 217 759 279 ωδ
1416 216 1479 275 ν.
1519 215 1845 277 GUIBERTI
1881 213 2176 275 ABBATIS
2213 213 2275 274 S.
2315 211 2556 275 MARIIE
2603 216 2693 277 DE
2730 216 3129 282 NOVIGENTO
3384 310 3385 315 η
3714 240 3779 303 κδ

621 342 707 394 ter
735 328 1059 402 assedimus,
1084 329 1388 424 praesertim
1412 346 1537 424 cum
1563 330 1679 402 ejus
1706 331 2049 424 devotionem
2069 332 2211 424 divi-
2238 339 2283 399 Α
2314 341 2493 389 autem
2518 334 2566 367 ν’
2587 335 2870 392 comitissa
2913 335 3248 414 Helisendis.
3280 334 3443 397 Filius
3470 352 3585 401 vero
3609 342 3780 424 εἰπε,ηά

622 424 709 481 nis
765 423 1049 495 provocari
1103 420 1591 493 signiﬁcationibus
1651 423 1997 479 sentiremus.
2053 422 2206 492 Quod

621 531 838 574 sacrum
876 515 1116 571 velamen
1154 514 1311 570 anuis
1341 513 1511 572 ferme
1541 513 1714 572 tribus
1750 516 1981 588 integre,
2016 525 2074 571 ut
2112 532 2210 587 po-

622 619 786 676 terat,
815 616 1219 675 conservatum,
1253 607 1338 663 illa
1379 608 1467 664 die
1505 608 1578 677 ei,
1608 624 1726 679 qua:
1757 609 1860 664 sibi
1898 608 2025 664 illud
2058 625 2209 664 com-

619 701 873 767 miserat,
929 698 1173 756 Domime
1209 699 1540 768 reportavit,
1602 715 1707 770 qua
1760 699 1873 771 ipsa
1918 698 2209 756 salutifera:

619 793 1049 850 annuutiationis
1103 793 1406 863 auspicium
1453 791 1846 861 iucundissima
1897 793 2024 850 felix
2078 809 2209 851 aure

618 888 877 957 suscepit.
906 887 1080 958 Ipsam
1124 887 1336 943 cunctis
1363 886 1683 944 commendo
1712 888 1804 958 qui
1843 886 2074 960 legerint
2103 888 2208 943 ista

617 978 887 1047 ﬁdelibus,
918 993 1081 1049 quam
1109 988 1326 1035 constat
1351 978 1624 1035 neminem
1656 994 1687 1035 a
1716 979 1922 1036 crebris
1947 980 2059 1036 suis
2084 996 2209 1037 ora-

620 1072 856 1145 tionibus
884 1072 1181 1128 exclusisse
1222 1071 1457 1127 ﬁdelem.
1504 1071 1630 1128 Haec
1671 1072 1738 1129 de
1778 1087 1840 1128 ea
1879 1088 2060 1129 coram
2100 1063 2229 1129 Deo'

615 1164 870 1233 dixerim,
896 1165 1077 1221 cordis
1105 1163 1211 1220 mei
1234 1180 1397 1220 verax
1422 1165 1787 1222 testimonium
1818 1164 2044 1234 habens,
2074 1148 2208 1221 nihil

614 1255 843 1310 omnino
912 1254 1263 1311 conﬁnxisse.
1322 1254 1427 1311 Sed
1494 1255 1619 1327 quia
1678 1255 1745 1311 ad
1799 1254 2205 1313 Flaviacensem

616 1347 906 1403 ecclesiam
970 1348 1361 1420 postliminium
1424 1347 1685 1418 fecimus,
1737 1349 1955 1421 dignum
2023 1360 2108 1408 est
2149 1359 2210 1406 ut

619 1434 1013 1508 aliquantisper
1054 1439 1187 1495 inibi
1232 1455 1633 1498 commoremur
1666 1444 1886 1513 iterum,
1919 1454 2206 1515 antequam

618 1533 965 1592 Laudunensi
1021 1534 1213 1592 sabulo
1268 1543 1551 1610 retrovaga
1604 1536 1829 1608 vestigia
1882 1551 2208 1610 consperga-

613 1642 754 1685 mus.

1236 1718 1467 1778 CAPUT
1506 1720 1572 1778 ν.

681 1808 907 1867 ιιιιὰωιω
947 1809 1019 1866 ad
1052 1810 1212 1882 ﬁdem
1250 1827 1525 1891 conversus
1572 1811 1916 1868 monasticam
1966 1810 2204 1867 habitum

612 1904 809 1959 induit.
836 1903 986 1958 -—ln
1014 1903 1131 1975 ipso
1157 1903 1488 1961 monasterio
1530 1907 1828 1962 monachus
1870 1905 2088 1976 quidam
2122 1912 2207 1960 est

617 2010 816 2067 genere
873 1994 1150 2051 Hebraeus.
1194 1994 1277 2063 Is,
1325 1994 1803 2068 llierosolymitani
1872 1996 2082 2053 itineris
2110 2010 2207 2068 per

616 2089 867 2144 Latinum
903 2093 1089 2146 orbem
1134 2100 1465 2161 personante
1493 2092 1812 2162 primordio,
1837 2092 1916 2148 sic
1945 2100 2029 2147 est
2050 2110 2079 2146 a
2109 2108 2207 2148 sua

614 2184 1002 2256 superstitione
1047 2184 1335 2242 sublatus:
1368 2185 1689 2257 Rothomagi
1752 2187 1987 2258 quadam
2025 2186 2110 2243 die
2147 2187 2205 2243 hi

616 2274 709 2345 qui
743 2273 888 2331 illam
921 2274 1049 2331 ituri
1079 2275 1480 2347 expeditionem
1510 2278 1611 2332 sub
1648 2275 1839 2332 eadem
1869 2276 2051 2334 crucis
2079 2291 2209 2347 pro-

612 2364 851 2423 fessione
887 2375 1259 2439 susceperant,
1292 2367 1435 2423 inter
1462 2382 1521 2424 se
1558 2377 1842 2440 coeperunt
1871 2368 2024 2439 queri
2052 2386 2066 2424 :
2099 2367 2209 2426 Nos

614 2456 709 2511 Dei
742 2458 929 2513 hostes
964 2459 1229 2514 orientem
1268 2473 1459 2514 versus
1499 2459 1673 2530 longis
1714 2468 1983 2516 terrarum
2022 2461 2208 2516 tracti-

612 2548 715 2606 bus
763 2550 1100 2607 transmissis
1156 2550 1532 2608 desideramus
1595 2555 1838 2625 aggredi.
1888 2552 2022 2610 Cum
2082 2562 2210 2611 ante

613 2643 800 2699 oculos
828 2651 1043 2699 nostros
1070 2643 1179 2698 sint
1208 2642 1400 2711 Jndtei,
1431 2642 1628 2714 quibus
1659 2645 1975 2702 inimicitior
2006 2648 2208 2702 existat

614 2750 750 2807 gens
776 2735 922 2790 nulla
956 2734 1074 2801 Dei,
1104 2747 1485 2806 praeposterus,
1511 2737 1783 2809 inquiunt,
1809 2738 1961 2794 labor
1981 2748 2084 2795 est.
2111 2738 2208 2796 His

612 2824 773 2882 dictis
817 2842 970 2882 arma
1011 2834 1366 2898 praesumunt,
1409 2837 1465 2883 et
1514 2827 1568 2883 in
1596 2830 1884 2899 quamdam
1922 2830 2206 2885 ecclesiam

612 2899 1021 2990 compellentes,
1050 2930 1231 2975 utrum
1259 2920 1311 2975 vi
1343 2920 1525 2978 nescio
1568 2937 1635 2977 an
1678 2922 1801 2977 dolo
1832 2922 2124 2990 recutiunt,
2148 2931 2206 2979 et

611 3011 807 3085 gladiis
856 3014 1147 3071 indiscrete
1187 3029 1349 3069 sexus
1384 3023 1439 3070 et
1478 3022 1665 3070 aetates
1707 3014 1984 3084 addicunt,
2016 3014 2089 3070 ita
2122 3023 2205 3070 ta-

614 3081 739 3163 nien
768 3108 934 3180 utqui
956 3107 1282 3164 Christiame
1308 3108 1676 3165 conditionise
1703 3107 2016 3178 subderent,
2042 3109 2207 3165 ictum
2236 3081 2278 3139 δ

612 3201 891 3257 mucronis
938 3201 1299 3271 impendentis
1332 3202 1649 3257 evaderent.
1690 3201 1747 3257 ln
1792 3216 1898 3272 qua
1951 3201 2212 3274 digladia-

611 3293 760 3350 tione
805 3293 890 3348 vir
939 3292 1159 3364 quidam
1203 3292 1398 3348 nobilis
1442 3293 1728 3364 puerulum
1768 3294 1927 3360 vidit,
1957 3294 2211 3352 misertus

609 3387 829 3459 eripuit,
867 3395 920 3443 et
945 3386 1011 3442 ad
1046 3395 1276 3442 matrem
1307 3402 1460 3442 suam
1485 3386 1699 3442 detulit.

683 3481 817 3536 Erat
856 3490 1039 3538 autem
1089 3482 1207 3551 ipsa
1252 3495 1358 3536 non
1408 3481 1696 3537 mediocris
1734 3479 2068 3538 excellentia:
2100 3480 2212 3538 Au-

611 3571 785 3645 gieusi
813 3571 999 3629 comiti
1028 3571 1301 3644 quondam
1334 3581 1521 3641 nupta.
1559 3573 1655 3628 Est
1698 3588 1828 3628 vero
1857 3574 1949 3647 (⁷⁷)
1975 3573 2207 3645 Augium

624 3675 890 3732 castrum,
915 3665 1001 3721 cui
1026 3665 1341 3737 praeminet
1362 3666 1453 3738 (⁷⁸)
1481 3667 1694 3722 abbatia
1718 3667 1904 3724 Sancti
1935 3667 2211 3724 Michaelis

601 3727 760 3812 juxta
793 3727 964 3825 mare,
992 3727 1136 3827 quod
1168 3727 1806 3829 dicitur‘Vleterisportus
1846 3757 2049 3830 [vulgo,
2081 3757 2209 3816 m-

609 3847 777 3921 port].
825 3847 1056 3920 Egregia
1104 3864 1233 3920 ergo
1264 3848 1478 3916 mulier,
1534 3850 1859 3905 infantulum
1885 3853 2204 3922 suscipiens,

608 3939 974 4011 gratulatoria
1018 3940 1305 3995 admodum
1353 3940 1675 3999 all'aoilitate
1704 3946 1772 3999 ab
1807 3944 1924 4015 ipso
1960 3947 2210 4015 quazsivit

608 4042 792 4089 utrtun
816 4032 1144 4089 Christianis
1169 4033 1330 4089 vellet
1355 4034 1566 4107 legibus
1591 4036 1872 4107 applicari.
1898 4039 2052 4107 Quod
2082 4054 2203 4095 cum

608 4124 700 4182 ille
733 4142 839 4182 non
874 4127 1200 4182 ditliteretur
1229 4126 1477 4196 (putabat
1505 4118 1648 4183 enim
1678 4144 1737 4185 se
1765 4129 2053 4195 similibus,
2071 4147 2208 4203 quas

606 4233 735 4275 suos
777 4218 889 4290 pati
937 4218 1148 4275 viderat
1178 4219 1534 4286 eontribulcs,
1560 4221 1796 4277 caedibus
1827 4225 2201 4297 destinatum),

607 4313 912 4370 accelerate
938 4312 1031 4384 qui
1078 4311 1367 4384 baptizatis
1398 4315 1659 4385 competit
1688 4325 1947 4387 apparatu
1993 4318 2101 4372 itur
2137 4317 2203 4373 ad

606 4408 837 4464 fontem.
870 4405 969 4463 Cui
1003 4406 1175 4461 indito
1217 4414 1341 4476 post
1384 4407 1691 4463 orationum
1733 4409 1989 4480 mysteria
2020 4424 2204 4467 sacra-
2234 4447 2282 4505 Ι)

607 4514 813 4569 mento,
845 4516 968 4557 cum
1022 4500 1092 4555 ad
1140 4500 1320 4555 locum
1365 4509 1584 4557 ventum
1638 4512 1781 4559 esset
1841 4503 1930 4560 ubi
1972 4520 2205 4562 accenso

606 4594 811 4650 lumine
840 4594 1059 4666 liquens
1088 4595 1141 4649 in
1182 4594 1381 4650 undatn
1412 4610 1538 4651 cera
1569 4596 1880 4665 dimittitur,
1909 4608 2059 4669 gutta
2090 4599 2204 4656 sin-

608 4684 871 4759 gulariter
901 4687 1100 4742 ibidem
1124 4686 1237 4742 visa
1258 4697 1343 4742 est
1366 4688 1649 4755 cecidisse,
1679 4705 1799 4760 qua:
1823 4705 1921 4761 per
1946 4706 2006 4747 se
2028 4693 2198 4748 solam

609 4782 663 4836 in
686 4778 820 4849 ipsis
841 4778 996 4848 aquis
1021 4780 1158 4833 adeo
1173 4790 1428 4835 accurate
1449 4796 1568 4847 sua,
1583 4793 1642 4836 ut
1667 4783 1746 4837 sic
1773 4784 2201 4856 dicam,quanti-

608 4872 776 4929 tatula
802 4869 1030 4942 effigiem
1060 4870 1236 4926 crucis
1262 4871 1553 4942 expressit,
1576 4883 1635 4928 ut
1658 4890 1723 4929 ex
1749 4876 1956 4930 tantilla
1978 4877 2202 4934 materie

603 4964 784 5022 simile
822 4960 952 5035 quid
980 4975 1145 5016 manu
1177 4960 1292 5015 ﬁeri
1322 4961 1559 5017 humana
1588 4979 1692 5018 non
1722 4964 1907 5034 possit.
1938 4963 2059 5021 Haec
2082 4965 2199 5037 ipsa

603 5060 738 5116 mihi
764 5056 1068 5122 comitissa,
1097 5068 1219 5109 cum
1248 5053 1302 5107 iu
1333 5060 1537 5109 tantum
1562 5055 1692 5111 mihi
1721 5055 2005 5112 familiaris
2052 5068 2199 5115 esset

603 5168 668 5208 ac
698 5154 859 5210 unice
902 5162 1048 5217 nota,
1095 5162 1153 5206 ut
1200 5166 1306 5208 nOn
1358 5147 1462 5203 nisi
1507 5151 1674 5207 ﬁlium
1710 5169 1796 5209 me
1829 5162 2062 5222 vocaret,
2096 5156 2198 5212 hoc

603 5248 768 5302 etiam
795 5249 912 5320 ipse
937 5247 1218 5320 presbyter
1245 5249 1451 5319 pariter
1480 5264 1586 5304 non
1618 5248 1739 5305 sine
1760 5247 1926 5303 divini
1962 5249 2195 5304 nominis

603 5339 837 5409 plurima
867 5340 1265 5397 contestatione
1294 5341 1568 5396 dixerunt.
1610 5339 1780 5406 Quem
1814 5352 1915 5421 ego
1943 5348 2195 5394 eventum

604 5431 739 5486 satis
785 5432 976 5491 leuiter
1013 5437 1103 5511 [f.,
1136 5440 1349 5515 leviter]
1381 5422 1737 5513 accepissem,
1770 5441 1872 5496 nisi
1913 5454 2197 5496 successus

603 5524 855 5594 egregios
910 5532 1121 5600 pueruli
1172 5534 1391 5591 indubie
1450 5535 1839 5607 pervidissem;
1903 5533 2197 5592 vocabatur

671 5722 788 5792 με)
826 5724 1144 5785 Deonandos
1174 5729 1340 5790 laicus
1367 5732 1572 5793 indicat
1595 5733 1762 5793 infra.

2310 439 2340 479 a
2362 427 2506 482 czede
2532 442 2655 483 eum
2688 428 2903 501 extulit,
2933 438 2989 486 et
3010 446 3040 485 a
3067 446 3234 488 sacro
3262 430 3409 489 lonte
3430 436 3623 509 recepit,
3641 439 3782 502 Guilld.

2312 517 2626 573 ntus.Unde
2654 527 2708 574 et
2736 536 2931 576 nomen
2962 523 3291 591 pueroadee
3304 521 3513 597 [delato]
3525 529 3659 585 dedit.

2377 606 2804 667 Grandiusculus
2833 627 2963 684 ergo
2994 629 3115 668 cum
3147 612 3316 683 foret,
3348 614 3416 670 ab
3451 615 3695 687 Hebraicis.
3713 628 3785 691 qui-

2306 700 2408 757 bus
2436 701 2603 758 imbui
2629 716 2895 775 cmperal,
2924 704 2990 760 ad
3012 704 3240 762 Latinas
3263 690 3785 774 litteras’traditusbreri
3872 690 3873 721 ἦ

2307 790 2529 848 coaluit.
2562 794 2628 849 Et
2667 796 2793 866 quia
2840 811 2907 850 ue
2950 813 2979 850 a
3016 798 3129 852 suis
3172 798 3244 853 ad
3289 798 3505 869 pristina
3543 815 3787 864 revocaretur

2307 885 2625 955 parentibus
2653 888 2949 955 metuebat,
2984 888 3331 946 Flaviacensi
3354 907 3471 947 eum
3502 894 3787 953 iutuliteeao-

2308 976 2419 1032 bio.
2448 977 2504 1032 ld
2544 978 2687 1034 enim
2728 978 3020 1051 aliquando
3050 989 3420 1046 tentaverant,
3449 982 3536 1039 sed
3560 985 3667 1040 nihil
3687 1003 3789 1057 penes

2308 1083 2431 1123 emn
2474 1068 2776 1125 valuerant.
2822 1071 3077 1128 Traditus
3122 1084 3315 1129 autem
3362 1076 3667 1130 monachatui
3701 1086 3790 1136 tanta

2310 1158 2705 1217 atl'ectuositate
2751 1176 2884 1233 erga
2930 1163 3309 1220 Christianum
3357 1179 3415 1221 se
3453 1179 3628 1221 morem
3657 1165 3790 1233 habuit,

2310 1257 2461 1307 tanta
2505 1251 2670 1307 animi
2726 1253 3027 1309 acrimonia
3081 1254 3354 1326 quidquid
3401 1255 3579 1313 divina:
3620 1258 3793 1315 attinebat

2309 1342 2551 1399 scientiae
2592 1344 2872 1415 combibit,
2907 1355 3054 1401 tanta
3090 1347 3501 1418 requiranimitate
3526 1362 3582 1403 ea
3623 1365 3711 1417 qua
3733 1352 3791 1407 sibi

2310 1434 2607 1506 disciplinae
2644 1438 2819 1509 gratia
2864 1438 3245 1495 inferebantur
3304 1441 3538 1510 pertulit,
3562 1449 3615 1497 nt
3638 1456 3793 1499 suane-

2309 1541 2473 1596 quam
2505 1538 2715 1583 natum
2745 1529 2994 1595 victoria,
3022 1538 3077 1585 et
3102 1545 3286 1603 nuper
3321 1530 3538 1586 turbata!
3564 1532 3792 1589 habitudine

2310 1620 2540 1691 gloriam
2591 1621 2681 1695 ΗΖ,
2734 1621 2929 1695 gloria]
2975 1638 3083 1679 non
3135 1624 3421 1680 minimam
3468 1626 3790 1681 reverentiam:

2232 1710 2283 1773 B
2310 1718 2519 1773 cunctis
2550 1718 2813 1789 exigeret.
2855 1718 3172 1791 Delegatum
3207 1720 3377 1790 igitur
3404 1718 3501 1775 sibi
3526 1719 3791 1791 pueritiam

2308 1811 2593 1866 custodem
2651 1810 3044 1866 clandestinum
3101 1812 3300 1868 habuit
3356 1811 3677 1885 grammatica:
3709 1827 3790 1880 pra-

2309 1911 2610 1973 ceptoretn,
2641 1903 2755 1973 qui,
2788 1902 2874 1957 vir
2900 1902 3195 1974 plurimum
3229 1902 3532 1975 religiosus,
3549 1904 3788 1959 considerans

2310 2009 2451 2050 novo
2482 1994 2560 2051 illi
2590 1993 2916 2050 homunculo
2944 1996 3319 2053 necessariam
3361 2005 3550 2052 nostra:
3583 1996 3685 2067 legis
3706 1994 3788 2050 uoti.

2310 2088 2466 2157 tiam,
2501 2088 2603 2159 ipsi
2631 2089 2932 2145 erudiendo
2960 2104 3067 2144 non
3098 2089 3326 2146 inanem
3353 2088 3497 2144 dedit
3522 2101 3709 2158 operam.

2380 2182 2529 2237 Adeo
2553 2197 2787 2253 namque
2814 2182 3342 2240 naturaliter‘solers
3369 2182 3485 2255 ejus
3510 2181 3699 2254 quotidie
3712 2195 3787 2234 act-

2310 2273 2554 2330 minatur
2596 2274 2899 2347 ingenium,
2930 2283 2991 2331 ut
3020 2274 3112 2348 (“)
3143 2292 3273 2333 cum
3308 2276 3383 2332 ibi
3420 2272 3786 2332 litteratorumb-

2312 2378 2431 2425 reat
2460 2368 2772 2436 multitudo,
2818 2368 2992 2439 major
3033 2369 3411 2441 intelligentia:
3453 2366 3698 2440 cuiuspiam
3723 2381 3782 2420 non

2309 2470 2530 2531 putetur
2557 2460 2841 2517 claritudo.
2873 2460 3007 2517 Cum
3040 2462 3228 2533 itaque
3260 2463 3316 2517 in
3348 2460 3607 2519 sentiendo
3631 2459 3684 2514 sit
3709 2455 3786 2510 md-

2312 2564 2418 2619 tus,
2448 2553 2745 2611 invidentia
2771 2565 3175 2627 consequenter
3214 2570 3284 2612 ac
3320 2555 3538 2625 derogat
3552 2566 3638 2608 eae
3659 2549 3783 2604 ﬁtnul-

2310 2643 2414 2710 lus,
2451 2660 2667 2716 semper
2700 2645 2911 2714 hilaris,
2943 2657 2999 2704 et
3040 2648 3131 2703 cui
3162 2645 3421 2718 specialis
3455 2650 3638 2701 constet
3658 2638 3785 2712 pudici

2311 2739 2401 2793 tiae
2414 2737 2610 2794 cultus.
2630 2738 2711 2794 Ad
2734 2738 2901 2808 hunc,
2940 2741 3009 2794 ob
3038 2739 3349 2812 augendum
3376 2738 3599 2794 infracta
3619 2732 3705 2787 ﬁdei
3721 2744 3783 2785 sua

2310 2829 2501 2895 robur,
2532 2829 2771 2887 libellum
2787 2833 3075 2903 quemdam
3107 2833 3307 2895 direxi,
3337 2845 3494 2902 quem
3519 2836 3671 2884 contra
3686 2823 3784 2878 Sues-

2312 2937 2497 2979 sorum
2529 2924 2811 2991 comitem,
2848 2922 3224 2992 judaizantem
3251 2924 3456 2997 pariter
3480 2932 3528 2975 et
3553 2916 3780 2974 heredum.

2312 3021 2442 3068 ante
2482 3012 2897 3083 quadriennium
2934 3013 3105 3070 ferme
3154 3015 3503 3085 scripseram,
3532 3021 3659 3079 quem
3682 3001 3783 3056 ιιιουι

2312 3104 2475 3161 audio
2506 3113 2789 3177 tantopere
2819 3106 3189 3177 amplectitur,
3219 3114 3281 3161 ut
3314 3106 3379 3163 de
3420 3102 3533 3158 ﬁdei
3560 3091 3779 3181 rationedi-

2313 3214 2421 3270 qua
2448 3199 2792 3269 compilando
2812 3200 2901 3271 pie
2924 3199 3054 3256 illud
3075 3199 3407 3271 Upusculnm
3431 3185 3782 3252 aemuletur.Cm

2314 3290 2482 3362 igitur
2520 3289 2686 3364 494
2725 3291 2778 3346 in
2831 3290 2946 3361 ejus
2996 3290 3330 3362 baptismate
3372 3305 3472 3347 non
3513 3276 3780 3346 fortuitum

2313 3384 2573 3439 divinitus
2602 3384 2747 3440 facta
2785 3383 2911 3453 jure
2950 3387 3228 3457 apparuit,
3261 3400 3381 3457 qua:
3416 3379 3646 3438 insolitam
3669 3380 3781 3428 nam

2315 3476 2542 3547 tempori
2567 3477 2618 3532 in
2641 3476 2852 3535 Iudaici
2875 3481 3090 3552 generis
3117 3480 3346 3537 homine
3371 3472 3683 3535 credulitatem
3698 3464 3781 3520 Ιυω·

2313 3585 2430 3626 ram
2462 3570 2715 3627 innotuit.

2385 3662 2561 3718 Senex
2590 3664 2804 3732 quidam
2846 3665 3042 3720 mundo
3071 3666 3365 3732 renuntiat,
3406 3668 3665 3723 strenueque
3686 3644 3778 3703 disti-

2311 3752 2511 3824 plinam
2545 3754 2885 3809 monasticam
2919 3768 3100 3810 contra
3130 3757 3429 3811 da’mouum
3452 3749 3777 3806 autumnum

2311 3846 2554 3903 —Alter
2604 3846 2850 3917 quidam.
2902 3863 3103 3919 genere
3150 3849 3354 3905 nobilis
3400 3833 3774 3910 Bellovagettsiml.

2309 3935 2819 4010 Noviatnagensium
2873 3955 3090 4011 quoque
3143 3941 3405 4012 locuples,
3446 3942 3585 3991 atate
3619 3933 3774 3981 CteClllS,

2308 4039 2365 4087 et
2404 4030 2565 4087 eﬂ‘eto
2596 4032 2710 4102 jam
2758 4047 3009 4103 corpore,
3040 4035 3183 4104 quod
3217 4033 3416 4089 talibus
3440 4020 3773 4100 pestiferumesl.

2311 4144 2535 4185 uxorem
2580 4129 2787 4184 habens
2817 4129 3143 4200 vegetiorem
3184 4129 3365 4186 cilicio
3392 4104 3772 4181 thalamormll.de

2308 4222 2469 4278 sertis
2492 4222 2742 4293 conjugio
2766 4239 2829 4278 ac
2858 4222 3057 4279 sznculo
3081 4225 3408 4279 monachum
3434 4214 3548 4273 inibi
3567 4203 3770 4303 proﬁtrﬁfe
3872 4256 3873 4267 χ

2307 4315 2410 4384 Qui
2438 4316 2691 4388 lacrymis
2716 4330 2854 4388 pene
2881 4317 3158 4372 continuis
3205 4327 3261 4372 et
3293 4311 3597 4375 orationibus
3628 4298 3771 4358 inﬂati“!

2307 4407 2579 4467 insistens.
2597 4423 2869 4479 nunquam
2901 4408 2997 4465 Dei
3035 4409 3185 4465 verbi
3217 4411 3289 4468 ab
3319 4405 3566 4465 auditione
3588 4389 3768 4450 ἀθεάτων

2308 4501 2661 4572 spectabilem
2691 4501 2845 4557 nobis
2869 4502 3125 4558 omnibus
3148 4518 3208 4559 se
3232 4499 3511 4575 praebebat.
3535 4491 3577 4547 is
3595 4485 3765 4575 fervente

2307 4568 2369 4652 υἰ
2406 4595 2631 4662 assolet,
2673 4595 2906 4665 regulari
2954 4568 3318 4665 distriCtioue,
3350 4607 3464 4651 cum
3500 4587 3546 4644 ill
3577 4568 3765 4672 “958”?

2304 4691 2583 4763 prohiberi
2617 4661 2899 4746 conventu
2970 4690 3184 4746 audiret
3237 4661 3312 4745 nev
3352 4687 3464 4759 quis
3506 4661 3764 4733 claustralill

2306 4762 2497 4837 cellam
2545 4782 2908 4846 inﬁrmorum,
2936 4780 2989 4836 in
3027 4796 3134 4853 qua
3180 4781 3423 4853 degebat,
3453 4772 3555 4829 sine
3585 4763 3691 4818 certa
3716 4762 3765 4853 τέ·

2304 4873 2453 4929 tione
2481 4874 2683 4929 intrare
2719 4851 3094 4945 praesumeret,
3122 4851 3384 4944 prolatam
3415 4851 3761 4945 8amentiament-

2303 4967 2530 5023 moriter
2571 4969 2712 5038 apud
2760 4984 2819 5022 se
2861 4967 3147 5024 continuit.
3180 4967 3247 5022 Et
3281 4979 3404 5023 ecce
3435 4967 3569 5014 ntane
3593 4938 3760 5042 (Ιξιξξδξξν

2302 5060 2429 5115 dum
2468 5028 2646 5116 adhuc
2691 5058 2869 5114 medie
2907 5060 3113 5131 sepitus
3148 5058 3345 5115 clausis
3385 5047 3533 5109 oculis
3562 5028 3755 5131 CHNW:

2301 5151 2407 5207 duo
2441 5153 2714 5207 dtemones
2743 5152 2833 5221 (⁸¹)
2865 5152 3037 5208 instar
3071 5152 3431 5223 religiosorum
3484 5124 3757 5223 illorum}?

2300 5244 2625 5300 Deonandos
2661 5216 2773 5316 (42)
2818 5216 2978 5316 vulgo
3023 5216 3313 5316 appellant,
3341 5248 3532 5298 scamno
3561 5216 3663 5292 quod
3684 5217 3753 5316 αξ

2299 5337 2613 5393 subsidebat
2667 5307 2870 5393 lectulo
2910 5307 3266 5393 insederunt.
3301 5307 3753 5413 νΕςρθττθθωδίῈ)

2300 5430 2484 5487 senior
2532 5430 2720 5487 oculos
2772 5432 2894 5488 lecti
2948 5432 3169 5487 retorsit
3219 5431 3288 5486 ad
3338 5422 3567 5499 capulum.
3600 5396 3749 5499 mimi!

2301 5526 2436 5583 adeo
2467 5525 2794 5582 familiarem
2837 5541 3002 5598 super
3036 5525 3306 5599 incognita
3337 5527 3481 5599 gente
3517 5494 3745 5566 0011³⁸⁸³³⁵·

3871 5802 3873 5941 t
