3982 6346
142 374 253 433 ωδ
290 390 293 397 .

1188 363 1272 418 DE
1303 360 1461 417 VITA
1497 361 1632 418 SUA
1664 359 1849 418 LIBRI
1877 360 2079 420 TRES.
2110 393 2179 406 —
2206 360 2333 421 LIB.
2364 361 2428 421 II.

3334 368 3436 427 903

144 490 287 546 Erat
338 493 520 540 autem
568 482 706 537 alter
754 480 845 551 qui
904 477 1232 548 praesidebat
1285 474 1465 546 capite
1520 482 1745 543 retecto,
1776 476 1825 533 A
1857 475 1949 532 Vel
1996 492 2089 533 vos
2133 477 2357 544 diaboli,
2402 491 2570 549 quare
2622 494 2707 535 me
2753 494 2858 534 non
2896 479 3286 550 transponitis?
3327 481 3438 540 Nec

142 578 319 634 barba
348 589 455 629 non
485 571 788 643 praemissa,
817 570 914 624 sed
939 567 1141 623 torsula
1173 565 1343 633 rufus,
1373 573 1449 633 et,
1482 573 1543 619 ut
1570 564 1748 621 solent

144 667 458 739 hujusmodi
487 663 977 727 cireumcelliones,
1017 661 1247 732 nudipes
1278 662 1555 731 incedens,
1588 676 1748 719 coeno

144 771 212 817 ut
255 758 578 831 perhibebat
615 755 771 826 quasi
810 755 1023 810 noviter
1063 754 1118 809 id
1154 753 1438 818 calcasset,
1472 754 1748 825 pedalium

150 854 451 924 digitorum
482 865 581 921 per
616 848 909 904 interstitia
950 847 1324 903 densescente.
1357 846 1509 901 Alter
1546 862 1676 903 vero
1717 862 1749 902 a

149 958 308 1016 tergo
354 943 556 1016 prioris
602 943 676 997 ita
724 941 1014 998 delituerat
1051 948 1113 994 ut
1148 939 1326 995 vultus
1362 939 1479 1009 ejus
1516 939 1750 1009 qualitas

147 1038 390 1095 discerni
418 1052 527 1092 non
550 1044 755 1107 posset,
786 1034 876 1107 (ε’)
911 1034 1058 1091 birro
1088 1032 1268 1101 talari,
1300 1042 1355 1089 et
1383 1034 1540 1105 nigro
1571 1034 1749 1104 capite

149 1131 437 1200 adoperto.

227 1222 336 1279 Has
369 1224 552 1293 itaque
584 1222 798 1294 ignotas
828 1235 1014 1276 coram
1046 1236 1105 1277 se
1141 1235 1405 1293 personas
1438 1219 1746 1286 attendens,

149 1329 280 1370 cum
335 1314 527 1386 grandi
585 1313 1059 1370 animadversione
1113 1313 1374 1368 adoritur.
1436 1310 1571 1367 Cum
1629 1310 1751 1366 sitis

148 1407 327 1474 laicae,
352 1417 407 1464 et
432 1408 631 1480 ignota:
681 1422 951 1478 personae,
975 1406 1117 1462 unde
1152 1406 1305 1461 vobis
1338 1413 1489 1461 tanta
1528 1404 1750 1461 temeri-

147 1510 255 1568 tas,
287 1510 348 1557 ut
390 1502 495 1558 hac
536 1502 671 1565 hora
704 1501 850 1556 hunc
887 1500 943 1555 in
977 1498 1155 1554 locum
1193 1498 1474 1562 veneritis,
1502 1498 1556 1552 in
1588 1511 1749 1567 quem

147 1592 273 1648 sine
321 1608 381 1649 re
424 1592 680 1663 aliquivis
717 1590 1089 1648 claustralium
1134 1590 1522 1645 monachorum
1566 1588 1750 1643 venire

147 1698 261 1738 non
290 1684 519 1740 audeat?
545 1685 619 1740 At
647 1683 736 1739 ille
763 1701 777 1738 :
808 1684 1123 1747 Audieram,
1152 1682 1390 1747 domine,
1420 1681 1524 1735 hoc
1551 1680 1604 1735 in
1632 1695 1749 1734 mo-

147 1777 394 1832 nasterio
432 1777 582 1833 viros
623 1792 745 1834 esse
794 1776 1095 1847 religiosos,
1127 1782 1183 1828 et
1220 1774 1557 1829 addiscendae
1586 1788 1747 1829 causa

1850 586 2023 635 mora,
2063 570 2308 626 diabolus
2351 586 2472 627 sese
2511 571 2690 637 offert,
2730 572 2984 639 ascende,
3026 574 3297 643 inquiens,
3335 591 3438 648 ego

1853 673 1905 719 te
1934 664 2128 720 feram.
2163 665 2311 721 Illico
2350 664 2539 721 infelix
2583 665 2723 720 male
2762 682 2990 721 casurus
3024 668 3289 722 ascendit.
3322 668 3439 736 Quo

1852 756 2098 813 diabolus
2147 767 2426 827 assumpto
2463 760 2563 813 sub
2613 757 2801 813 eadem
2843 760 2975 815 hora
3011 761 3062 814 in
3098 760 3307 816 Italiam
3346 763 3440 816 dc-

1853 846 1977 902 tulit
2025 846 2165 901 infra
2217 847 2538 902 suburbium
2593 848 2861 913 civitatis,
2901 866 3021 919 qum
3060 849 3295 905 Subtura
3336 850 3441 924 [vel

1852 939 2089 1012 Subura]
2118 940 2336 1008 dicitur,
2378 955 2503 995 eum
2537 949 2684 995 tanta
2717 942 3051 1014 benignitate
3083 946 3350 1015 deposuit.
3384 956 3442 1001 ut

1851 1047 2041 1089 coxam
2089 1035 2137 1088 ei
2187 1033 2487 1103 frangeret.
2541 1033 2635 1089 Est
2686 1044 2868 1091 autem
2922 1038 3037 1106 ipsa
3087 1038 3276 1094 civitas
3333 1040 3438 1095 diei

1852 1122 1965 1180 fere
1991 1125 2150 1180 unius
2181 1125 2378 1181 itinere
2416 1127 2557 1181 citra
2595 1127 2807 1182 urbem.
2838 1128 3019 1184 Pridie
3056 1139 3234 1186 autem
3271 1131 3442 1186 domi-

1853 1231 1957 1271 nus
1986 1213 2101 1284 ejus
2135 1218 2409 1287 praulictis
2440 1218 2507 1273 ad
2539 1217 2723 1272 limina
2751 1219 3116 1289 apostolorum
3144 1221 3441 1290 profectus,

1854 1308 1922 1363 ab
1961 1308 2094 1363 urbe
2135 1308 2410 1377 digressus
2450 1309 2661 1376 fuerat,
2712 1319 2766 1365 et
2819 1311 3071 1365 Subturte
3114 1312 3439 1382 hospitatns.

1855 1399 1958 1467 Qui
1991 1415 2114 1456 cum
2146 1412 2437 1472 antequam
2474 1403 2766 1471 diesceret,
2798 1404 3147 1471 surrexisset,
3177 1414 3237 1460 ut
3272 1406 3445 1460 solent

1855 1492 2099 1548 hibernis
2133 1495 2543 1565 peregrinantes
2571 1496 2872 1561 mensibus,
2905 1511 3025 1551 cum
3069 1507 3224 1552 extra
3254 1498 3445 1553 civita—

1857 1596 1963 1643 tem
1990 1604 2113 1644 cum
2138 1589 2253 1644 suis
2276 1604 2436 1660 agros
2459 1589 2774 1658 attingeret,
2804 1589 3087 1658 cujusdam
3111 1591 3254 1645 haud
3287 1591 3446 1663 longe

1855 1696 1885 1734 a
1914 1690 2085 1736 strata
2108 1682 2323 1753 publica
2350 1682 2660 1753 plangentis
2686 1682 2893 1736 audivit
2916 1697 3127 1738 vocem.
3152 1683 3443 1751 Quaeritur,

1856 1775 2148 1845 reperitur,
2172 1776 2300 1845 quia
2326 1790 2432 1829 vox
2461 1784 2580 1830 erat
2609 1790 2639 1829 a
2669 1774 2891 1830 domino
2920 1790 3040 1841 suo,
3073 1790 3140 1830 ex
3171 1778 3286 1832 sola
3313 1793 3448 1834 voce

148 1868 436 1940 religionis
464 1870 813 1935 adveneram,
845 1884 1029 1941 quaeso
1069 1882 1137 1922 ne
1170 1882 1311 1938 aegre
1350 1866 1575 1921 feratur.
1608 1866 1748 1931 Non,
1780 1857 1832 1917 Β
1858 1868 2224 1937 cognoscitur.
2254 1867 2624 1939 Interrogatus
2654 1866 2924 1937 quomodo
2960 1866 3087 1923 illuc
3118 1869 3446 1936 devertisset,

150 1960 353 2029 inquit,
401 1962 492 2016 hic
537 1962 727 2031 religio
773 1971 868 2017 aut
908 1961 1043 2016 ordo
1080 1959 1414 2023 ‘addiscitur,
1449 1957 1541 2013 sed
1580 1959 1624 2013 si
1670 1958 1751 2012 vis

150 2053 360 2120 doceri,
391 2054 458 2109 ad
485 2069 579 2110 eos
612 2055 705 2125 qui
738 2055 793 2109 in
832 2055 1070 2109 claustro
1094 2060 1221 2107 sunt
1250 2051 1408 2107 vade.
1438 2051 1551 2105 lllie
1579 2050 1749 2106 disci-

152 2147 315 2217 plinae
359 2146 627 2217 vigorem,
671 2155 727 2201 et
773 2146 1077 2202 sanctitatis
1125 2144 1434 2200 rudimenta
1485 2145 1750 2214 reperies.

154 2237 413 2293 Excedite
432 2251 563 2309 ergo
599 2238 746 2307 hinc,
775 2239 902 2309 quia
930 2238 1074 2308 quod
1105 2237 1238 2308 ipsis
1266 2238 1549 2293 monachis
1575 2239 1751 2295 domi-

152 2330 244 2385 nis
273 2330 375 2386 loci
409 2340 494 2387 est
526 2331 775 2398 vetitum,
806 2330 959 2387 vobis
987 2339 1071 2387 est
1098 2330 1257 2403 longe
1285 2330 1515 2402 amplius
1545 2331 1751 2387 ineoru-

152 2422 477 2492 parabiliter
504 2423 877 2480 inhibendum.
948 2444 951 2447 ·

186 2542 193 2545 ~
230 2513 474 2584 Cumque
505 2515 695 2571 eadem
731 2524 979 2587 repetere
1009 2514 1192 2580 vellet,
1224 2514 1537 2585 pariterque
1566 2529 1751 2569 mora-

157 2604 229 2669 ri,
260 2604 347 2659 ille
379 2606 672 2661 tonantiori
708 2607 774 2661 ad
806 2621 901 2662 eos
946 2622 1196 2661 sermone
1241 2604 1555 2671 infrenduit,
1586 2618 1642 2660 et
1683 2605 1755 2660 ab

156 2697 274 2753 ede
313 2698 529 2767 prodire
559 2699 758 2769 coegit.
794 2697 1038 2768 Cumque
1073 2699 1140 2753 ad
1176 2698 1372 2753 ostium
1415 2712 1585 2766 usque
1626 2712 1752 2765 pro-

158 2790 474 2857 cessissent,
508 2790 563 2845 in
603 2790 787 2846 limine
826 2791 1206 2846 substiterunt.
1246 2790 1312 2844 Et
1345 2789 1642 2860 respiciens
1684 2788 1753 2843 ad

158 2884 428 2940 seniorem
476 2881 590 2957 ille,
618 2884 709 2953 qui
748 2883 858 2938 dux
908 2892 1025 2938 erat
1072 2883 1247 2947 verbi,
1285 2898 1476 2937 rursus
1522 2880 1750 2936 intulit:

158 2975 304 3032 Malo
333 2990 421 3031 me
449 2976 578 3031 hinc
603 2975 919 3041 eliminatis,
952 2983 1099 3029 certe
1130 2975 1175 3030 si
1218 2989 1306 3028 me
1345 2975 1623 3029 vobiscum
1666 2989 1756 3029 re-

155 3069 340 3124 tinere
376 3067 707 3130 voluissetis,
743 3075 826 3122 est
868 3066 1090 3135 quidam
1122 3066 1188 3120 de
1221 3066 1422 3120 vestris
1464 3065 1756 3121 clientibus

149 3157 291 3214 furti
337 3172 481 3224 reus,
518 3158 664 3229 quod
704 3157 749 3212 si
786 3157 1017 3212 inficiari
1068 3166 1441 3227 prmsumeret,
1478 3172 1578 3227 ego
1612 3157 1753 3212 bello

150 3248 329 3321 pugili
364 3226 786 3319 impeterem,1et
819 3226 1109 3317 plurimum
1152 3246 1278 3301 inde
1306 3246 1458 3301 vobis
1492 3226 1757 3316 quaestum
1784 3226 1829 3287 (ἶ

151 3338 440 3396 inferrem.
511 3339 630 3407 Quo
674 3338 859 3394 senior
905 3336 1091 3392 audito
1131 3338 1377 3393 subrisit.
1423 3335 1539 3392 .lam
1587 3353 1755 3404 nunc,

151 3432 357 3501 inquit,
409 3432 632 3487 evidens
678 3431 1008 3501 sumpsimus
1058 3446 1127 3485 ex
1176 3441 1265 3484 ttta
1322 3428 1759 3484 confabulatione

152 3522 486 3595 periculum,
514 3524 642 3578 dum
671 3525 760 3593 qui
788 3522 1067 3592 religionis
1092 3537 1257 3578 causa
1281 3522 1497 3579 venisse
1523 3521 1755 3577 tedixe-

154 3629 276 3681 ras,
311 3629 453 3670 nunc
495 3623 550 3670 te
584 3615 822 3686 pugilem
872 3613 1116 3670 fatearis.
1155 3615 1322 3686 Igitur
1357 3622 1518 3668 tantae
1562 3613 1758 3669 merito

156 3707 421 3763 falsitatis
460 3722 561 3763 nec.
600 3708 901 3764 audiendus
926 3723 1006 3774 es,
1037 3723 1141 3762 nec
1172 3706 1454 3762 tenendus.
1482 3707 1553 3761 At
1578 3705 1759 3761 senior

156 3800 323 3855 valde
375 3801 641 3868 irritatus,
690 3803 834 3871 quod
889 3801 1025 3856 tales
1076 3800 1218 3855 intra
1266 3800 1486 3855 domum
1538 3798 1756 3854 admissi

159 3893 419 3958 fuissent,
448 3892 621 3963 surgit
660 3900 715 3948 et
754 3893 821 3947 ad
861 3894 1051 3947 domus
1082 3906 1250 3961 usque
1291 3890 1559 3960 porticum
1584 3890 1755 3956 vadit,

161 3984 437 4050 infirmos,
476 3985 676 4041 ibidem
724 3985 816 4055 qui
862 4000 1047 4040 secum
1096 3984 1391 4039 manebant
1438 3983 1635 4039 fratres
1673 3997 1757 4039 re-

163 4077 343 4148 perit,
382 4077 838 4146 vehementerque
881 4076 1157 4146 coarguit,
1203 4091 1301 4131 cur
1353 4085 1463 4130 tam
1510 4084 1757 4130 exterum

164 4182 343 4238 genus
374 4166 650 4221 hominum
692 4166 917 4221 introire
958 4167 1236 4221 sivissent.
1269 4165 1348 4220 llli
1378 4173 1556 4220 autem
1587 4165 1760 4219 admi-

166 4267 380 4324 rantes,
403 4266 456 4313 et
483 4257 718 4313 delirare
742 4256 1047 4325 credentes,
1082 4256 1211 4312 fassi
1248 4265 1375 4312 sunt
1405 4257 1675 4311 neminem
1703 4271 1762 4311 se

164 4349 396 4405 vidisse.
429 4347 549 4417 Ipse
589 4362 716 4403 vero
760 4346 1002 4402 referens
1041 4348 1134 4417 qui
1168 4357 1374 4413 essent,
1404 4347 1674 4415 quomodo
1702 4360 1761 4402 se

166 4442 415 4513 egissent
434 4440 631 4511 quidve
656 4440 942 4505 dixissent,
968 4450 1023 4495 et
1054 4449 1263 4509 tempus
1288 4440 1492 4511 pariter
1517 4442 1758 4512 signans,

167 4550 274 4593 suo
318 4542 375 4590 et
409 4534 648 4589 omnium
682 4533 992 4590 testimonio
1031 4534 1237 4600 didicit,
1266 4550 1297 4589 a
1323 4534 1660 4591 daemonibus
1700 4550 1761 4590 se

169 4626 445 4685 delusum.
469 4626 609 4681 Sunt
628 4626 771 4681 enim
792 4625 1044 4697 quaedam
1064 4626 1329 4683 daemonia
1356 4626 1487 4682 solis
1512 4627 1760 4684 ludibriis

170 4718 410 4783 intenta,
440 4724 568 4772 sunt
595 4724 654 4771 et
679 4715 859 4787 aliqua
889 4725 1073 4773 mente
1099 4716 1358 4785 crudelia,
1390 4727 1446 4773 et
1474 4720 1541 4774 ad
1567 4718 1765 4775 laeden-

170 4809 307 4864 dum
327 4822 522 4878 prona,
545 4806 701 4879 cujus
729 4807 883 4864 verbi
912 4808 1085 4879 gratia
1112 4819 1269 4865 extra
1291 4809 1629 4879 propositum
1657 4808 1767 4866 duo

168 4901 423 4971 exempla
454 4900 830 4972 proponimus.

795 4996 1021 5053 CAPUT
1058 4998 1146 5055 VI.

248 5085 446 5143 Servus
470 5087 688 5159 quidam
715 5087 953 5142 invocato
994 5088 1230 5143 daemone
1257 5088 1313 5143 in
1346 5087 1564 5143 Italiam
1594 5097 1768 5145 trans-

175 5179 371 5248 fertur.
395 5179 640 5250 —Apud
666 5187 905 5237 castrum
934 5177 1250 5235 Calniacum
1289 5179 1491 5253 [vulgo,
1522 5180 1766 5253 Cltauuy]

174 5289 249 5328 ex
281 5272 488 5328 familia
517 5272 850 5339 Guascelini,
879 5271 1045 5329 castri
1075 5272 1243 5341 ipsius
1274 5272 1511 5339 Domini,
1535 5271 1770 5327 famulus

177 5364 404 5434 quidam
454 5374 603 5429 erat.
647 5366 735 5420 cui
787 5365 856 5419 ad
907 5364 1115 5420 castelli
1170 5364 1472 5420 custodiam
1520 5363 1772 5420 noctibus

177 5455 487 5513 excubandi
517 5454 750 5511 oﬂicium
786 5456 1151 5512 incumbebat.
1180 5456 1283 5524 Qui
1316 5455 1638 5527 vespertinis
1663 5471 1770 5511 cte-

181 5553 427 5611 cntiente
459 5550 577 5624 jam
616 5568 844 5623 prorsus
889 5554 977 5608 die
1018 5554 1185 5619 boris,
1228 5570 1353 5610 cum
1387 5568 1558 5609 creua:
1592 5553 1771 5609 immi-

179 5646 335 5705 nenti
364 5645 554 5703 deesse
583 5646 822 5711 timeret,
849 5654 999 5701 trans
1024 5645 1246 5701 ﬂuvium
1274 5647 1480 5716 positus
1502 5645 1773 5701 clamabat

181 5740 382 5813 appelli
419 5741 486 5797 ab
532 5740 715 5811 aliquo
762 5740 915 5796 alteri
946 5740 1076 5811 ripa:
1106 5755 1321 5797 navem.
1375 5739 1619 5811 Cumque
1657 5740 1704 5795 ci
1742 5755 1771 5792 a

184 5833 408 5895 nemine
437 5833 812 5897 obaudiretur,
838 5833 891 5887 in
923 5832 1165 5889 furorem
1189 5834 1353 5891 homo
1379 5848 1569 5889 versus
1591 5830 1727 5888 dixit
1756 5846 1767 5886 :

635 5951 909 6013 Peraea.
950 5950 1157 6015 CLVI.

1856 1959 2028 2015 refert
2073 1974 2197 2015 sero
2246 1975 2303 2015 se
2347 1960 2513 2015 fuisse
2561 1958 2826 2026 Calniaci,
2866 1970 2920 2015 et
2968 1961 3203 2030 qualiter
3247 1963 3447 2019 ibidem

1856 2051 2073 2107 diabolo
2114 2060 2439 2122 exportante
2470 2051 2761 2107 corruerit.
2800 2052 3064 2107 Dominus
3094 2053 3226 2107 satis
3261 2070 3450 2124 super-

1855 2160 1962 2215 que
1991 2145 2221 2200 miratns
2262 2144 2538 2199 hominem
2592 2144 2644 2199 in
2687 2144 2992 2215 proximam
3034 2146 3226 2199 extulit
3262 2147 3450 2201 civita-

1854 2246 1991 2302 tem,
2020 2241 2086 2291 de
2124 2236 2239 2291 suis
2280 2236 2529 2306 praebens
2568 2235 2816 2305 pecuniis
2852 2236 2995 2291 unde
3034 2253 3189 2309 suum
3232 2247 3451 2293 curaret
3540 2278 3541 2281 η

1856 2329 2090 2383 reditum
2122 2338 2177 2384 et
2201 2328 2600 2384 inﬁrmitatem.
2627 2329 2708 2383 Ex
2737 2328 2822 2385 his
2845 2344 2973 2400 ergo
3000 2344 3121 2400 quae
3150 2345 3341 2400 passus
3367 2341 3451 2387 est

1762 2440 1765 2443 ν
1856 2418 2048 2473 didicit
2082 2429 2137 2474 et
2176 2420 2361 2476 docuit
2389 2420 2579 2485 Deum,
2617 2437 2723 2476 non
2764 2422 3038 2477 daemones
3077 2436 3175 2492 pro
3220 2424 3451 2493 negotiis

1856 2511 2207 2567 invocandos.

1928 2602 2091 2674 $95
2114 2603 2373 2658 Clericum
2410 2605 2619 2660 obesum
2668 2605 2897 2676 febribus
2937 2606 3134 2660 diaboli
3185 2618 3449 2679 torquent.

1857 2725 1928 2737 -
1956 2694 2048 2766 (⁸³)
2089 2694 2243 2766 Apud
2283 2694 2543 2751 Sanctum
2563 2696 2877 2752 Medardum
2908 2697 3093 2752 itidem
3123 2699 3284 2755 homo
3307 2710 3450 2767 erat,

1858 2787 2000 2843 idem
2034 2788 2085 2841 in
2115 2787 2330 2843 abbatia
2359 2789 2475 2859 ipsa
2504 2791 2708 2846 habens
2734 2790 2990 2846 ofﬁcium.
3016 2792 3260 2864 Cumque
3289 2810 3453 2866 super

1859 2877 2113 2932 turritam
2146 2895 2174 2931 a
2209 2888 2363 2948 parte
2392 2880 2583 2934 vivarii
2630 2893 2844 2951 portam
2877 2884 3073 2949 sistris,
3102 2900 3219 2951 ore,
3247 2896 3302 2940 et
3327 2903 3451 2942 cor-

1860 2971 2019 3025 nibus
2041 2970 2430 3040 aliquantulum
2463 2973 2639 3027 noctis
2670 2975 2987 3044 pet-vigilum
3010 2993 3161 3033 more
3187 2980 3450 3045 duxisset,

1861 3062 1927 3116 ad
1951 3071 2256 3117 extremum
2278 3046 2457 3133 \super
2493 3079 2644 3118 oram
2678 3080 2831 3134 aquae
2877 3067 3323 3125 deambulaturus
3355 3073 3452 3126 de-

1859 3154 2162 3210 scenderat.
2214 3155 2310 3209 Cui
2364 3155 2472 3209 illic
2500 3157 2665 3210 stanti
2714 3157 2876 3211 trium
2925 3160 3209 3215 mulierum
3242 3164 3453 3232 species

1862 3261 2183 3317 apparuere,
2207 3262 2438 3316 quarum
2462 3263 2527 3301 eo
2554 3248 2807 3303 audiente
2836 3266 2941 3305 una
2965 3253 3101 3306 dixit
3135 3271 3147 3306 :
3180 3253 3454 3325 Ingredia-

1860 3353 1984 3392 mur
2005 3338 2057 3392 in
2086 3338 2249 3393 hunc.
2275 3338 2373 3393 Cui
2422 3339 2597 3394 altera
2628 3355 2641 3394 :
2672 3340 2883 3412 Pauper
2930 3354 3033 3409 est,
3076 3360 3176 3400 nos
3209 3345 3344 3401 bene
3376 3347 3455 3401 fo-

1860 3442 1989 3482 vere
2045 3444 2151 3482 non
2203 3439 2407 3499 posset.
2456 3429 2540 3484 Ad
2592 3432 2706 3486 haec
2756 3434 2913 3488 tertia
2947 3452 2960 3488 :
2991 3434 3086 3490 Est
3115 3438 3331 3506 quidam
3365 3438 3455 3493 hic

1861 3520 2092 3576 clericus
2124 3521 2276 3591 Hugo
2298 3522 2495 3578 obesus
2524 3532 2579 3577 et
2634 3525 2873 3596 pinguis,
2931 3529 3093 3584 rebus
3124 3530 3452 3601 exuberans,

1863 3614 1953 3683 qui
1980 3613 2117 3668 bene
2181 3629 2279 3668 nos
2339 3615 2566 3681 nutriat,
2623 3616 3046 3686 ipsum‘adoriri
3096 3621 3298 3676 bonum
3346 3635 3451 3679 est.

1861 3707 2307 3762 Inanescentibus
2333 3707 2460 3774 illis,
2491 3708 2653 3764 homo
2683 3725 2804 3766 sese
2849 3711 2901 3765 in
2934 3728 2992 3767 se
3021 3714 3242 3783 recepit,
3269 3725 3323 3769 et
3353 3716 3456 3771 tria

1863 3799 2347 3859 nominatiorailla
2397 3798 2627 3856 febrium
2676 3801 2940 3858 intellexit
2979 3820 3199 3874 genera,
3247 3820 3367 3875 qum
3396 3822 3455 3862 se

1864 3892 2091 3948 ridicula
2125 3893 2279 3963 quasi
2331 3908 2623 3964 pauperem
2654 3895 2970 3951 curiositate
3008 3898 3351 3968 despicerent
3400 3908 3457 3955 et

1862 3987 1916 4043 in
1945 3988 2092 4043 illum
2137 3988 2230 4059 qui
2278 3988 2534 4044 carnibus
2582 3996 2637 4044 et
2692 3989 2995 4045 substantia
3042 3991 3322 4046 exhauriri
3362 3992 3456 4046 vix

1863 4088 2096 4150 poterat,
2126 4082 2541 4136 contenderent.
2569 4079 2685 4136 Non
2718 4093 3028 4152 exspectata
3052 4084 3218 4154 igitur
3240 4084 3358 4141 luce
3386 4085 3457 4141 ad

1863 4171 2279 4240 propinquiores
2322 4188 2459 4242 quos
2486 4172 2707 4242 reperit,
2768 4174 2978 4228 accedit
3028 4178 3348 4244 monachos,
3400 4184 3455 4231 et

1866 4260 2037 4315 relato
2061 4260 2139 4316 eis
2168 4277 2232 4315 eo
2259 4263 2402 4332 quod
2428 4262 2661 4328 viderat,
2693 4271 2747 4317 et
2766 4262 3031 4326 audierat,
3073 4267 3139 4319 ad
3169 4266 3455 4336 praefatum

1866 4351 2006 4405 mitti
2034 4361 2189 4421 rogat
2212 4340 2516 4422 IIugonem,
2540 4361 2599 4407 ttt
2617 4352 2849 4407 sciretur
2868 4353 3101 4422 qualiter
3127 4370 3184 4409 se
3208 4356 3453 4411 haberet.

1866 4441 2096 4496 Mittitur
2124 4452 2180 4498 et
2203 4444 2304 4499 sub
2332 4444 2583 4499 maximis
2616 4444 2849 4499 febrium
2895 4444 3120 4500 aestibus
3163 4447 3453 4514 reperitur.

1865 4532 1942 4587 Ex
1974 4546 2079 4601 quo
2104 4532 2394 4602 conjicitur
2419 4532 2545 4587 talia
2569 4534 2881 4588 morborum
2915 4549 3115 4605 genera
3146 4536 3257 4591 Deo
3274 4534 3457 4605 judice

1867 4640 1901 4680 a
1922 4623 2254 4679 daemonibus
2278 4624 2594 4679 ministrari.
2630 4624 2784 4680 Unde
2809 4633 2863 4680 et
2904 4625 3101 4682 mulier
3126 4626 3183 4681 in
3207 4626 3457 4699 Evange-

1868 4717 1942 4773 lio
1965 4731 2131 4771 curva
2159 4716 2343 4771 decem
2367 4724 2423 4771 et
2453 4726 2659 4787 septem
2687 4715 2807 4788 [al.,
2833 4716 2979 4791 octo]
3006 4719 3164 4775 annis
3195 4735 3225 4775 a
3250 4718 3454 4775 Satana

1868 4809 2068 4880 legitur
2116 4807 2334 4879 alligata
2376 4808 2530 4878 (Luc.
2568 4824 2690 4877 χιιι,
2725 4809 2837 4881 ii).
2866 4810 2918 4866 Is
2952 4810 3117 4867 etiam
3163 4811 3256 4883 qui
3286 4812 3456 4883 epile-

1866 4900 2032 4972 psim,
2061 4899 2114 4955 id
2154 4909 2240 4956 est
2264 4901 2527 4957 caducum
2557 4900 2867 4971 patiebatur
2900 4903 3171 4968 morbum,
3205 4919 3236 4955 a
3262 4902 3457 4972 spiritu

1867 4994 2151 5051 immundo
2178 4993 2324 5049 allidi
2348 4996 2402 5049 in
2453 5003 2673 5061 terram,
2716 5011 2990 5066 spumare,
3024 4995 3253 5050 stridere
3281 4994 3456 5049 denti-

1868 5085 1992 5150 bus,
2016 5092 2073 5140 et
2096 5084 2309 5141 asciare
2329 5085 2648 5155 perhibetur
2674 5084 2871 5155 (Marc.
2904 5101 2982 5151 ιχ,
3027 5085 3137 5155 17),
3165 5083 3308 5153 quod
3331 5099 3457 5139 ora-

1870 5178 2018 5233 tione
2051 5177 2227 5234 solum
2255 5185 2310 5232 et
2353 5175 2559 5248 jejunio
2609 5179 2787 5231 curari
2836 5192 2997 5248 posse
3041 5175 3324 5230 asseritur.
3354 5174 3457 5231 Job

1870 5269 2034 5325 etiam
2058 5268 2288 5324 interius
2311 5278 2368 5323 et
2388 5268 2650 5331 exterius,
2678 5267 2736 5322 id
2766 5276 2849 5323 est
2874 5280 3103 5336 corpore
3131 5274 3187 5321 ct
3208 5266 3458 5322 substan-

1875 5364 1972 5427 tia,
2000 5363 2306 5419 daamonum
2335 5361 2679 5417 infestatione
2708 5360 2918 5416 feritur.

1943 5455 2022 5510 De
2053 5454 2240 5510 clerico
2265 5454 2452 5508 deinde
2474 5454 2726 5507 canonico
2754 5454 2984 5524 regulari
3007 5454 3170 5524 facta,
3199 5453 3289 5525 qui
3311 5462 3455 5525 post-

1872 5565 2029 5620 quam
2054 5549 2330 5618 pessimam
2354 5545 2537 5615 egisset
2562 5546 2742 5610 vitam,
2764 5546 3050 5598 monac/tus
3076 5546 3286 5600 tandem
3309 5545 3457 5600 beato

1874 5643 1978 5711 ﬁne
2004 5640 2219 5695 excessit
2257 5656 2289 5692 a
2312 5639 2433 5692 vita.
2467 5668 2538 5677 —
2566 5637 2897 5707 Conceptum
2939 5652 3248 5692 sermonem
3272 5644 3458 5691 tenere

1875 5734 1998 5804 quis
2040 5731 2239 5803 possit?
2290 5730 2553 5798 Quartum
2598 5730 2850 5801 denique,
2888 5729 3031 5801 quod
3082 5728 3359 5786 memoria:
3398 5742 3457 5783 se

1878 5826 2099 5901 subigit,
2128 5826 2333 5899 scripto
2353 5825 2559 5897 pariter
2584 5824 2911 5896 subigamus.
2947 5824 3192 5882 Clericus
3216 5820 3457 5887 cuidam,

3085 5945 3165 6009 29
