4018 6324
535 351 631 409 907
1365 343 1424 397 ν.
1455 337 1778 397 GUIBERTI
1801 335 2092 394 ABBATIS
2124 335 2182 389 S.
2217 334 2459 391 MARle
2500 336 2588 391 DE
2622 333 3014 392 NOVIGENTO
3669 345 3752 403 903

533 465 626 536 qui
669 466 869 518 nostris
918 457 1156 513 terribile
1203 455 1535 524 temporibus
1584 453 1730 507 dedit
1781 452 2108 521 exemplum,
2141 455 2188 509 Λ
2215 450 2519 504 daemonum
2573 453 2820 507 examina
2869 453 3110 521 undique
3153 451 3361 507 inﬁnita
3406 453 3458 507 in
3501 454 3658 523 ipsum
3697 461 3752 512 ir-

532 556 719 611 Remis
755 550 1155 608 commancbat,
1200 546 1548 600 mediocriter
1591 546 1883 607 litteratus,
1919 555 1975 598 at
2002 545 2118 612 pin-
2227 559 2403 607 ruere,
2443 543 2660 608 vellere.
2689 558 2785 612 per
2807 545 3112 613 PIlVimeﬂla
3137 553 3467 614 ἷποεῑηῑυῐη
3490 547 3754 620 detrahere.

530 647 689 719 gendi
716 657 936 715 gnarus.
985 638 1086 706 Qui
1127 638 1416 707 aliquando
1459 637 1738 690 lcvitatum
1782 652 1917 705 quas
1956 635 2122 704 pluri-
2225 634 2400 703 ipsum
2427 649 2639 704 quoque
2671 649 2884 690 sacrum
2938 637 3204 700 habitum,
3231 653 3348 694 cum
3379 644 3426 694 ei
3459 643 3628 695 rabida
3667 647 3758 700 vio-

528 754 648 795 mas
699 734 1049 791 commiserat
1097 731 1336 794 timidus,
1387 728 1697 782 Catalaunis
1750 727 1800 781 in
1869 727 2120 781 Omnium
2228 727 2392 781 lentia
2448 737 2774 797 extorquere
2819 729 3156 794 molirentur,
3190 729 3276 784 ille
3323 731 3566 801 capitium
3609 743 3757 791 tenere

531 831 858 888 Sanctorum
891 824 1122 880 ecclesia
1166 822 1343 877 iactus
1393 832 1474 875 est
1510 819 1776 888 regularis
1805 819 2117 872 canonicus.
2228 820 2496 886 dentibus,
2533 821 2754 876 brachia
2809 833 2876 874 ne
2930 820 3220 875 velleretur
3249 823 3526 890 stringere.
3557 824 3759 894 Cumque

529 921 665 977 Inibi
701 916 1013 988 aliquandiu
1043 916 1264 987 degens,
1295 929 1418 968 cum
1446 930 1476 967 a
1504 911 1790 982 primordii
1815 912 1898 963 sui
1930 911 1982 963 in
2007 910 2123 963 dies
2229 911 2331 965 bac
2359 911 2628 966 horrenda
2649 913 2868 968 miseria
2901 914 3001 967 sub
3024 913 3331 967 miserando
3349 913 3542 982 cjulatu
3567 919 3761 973 maxime

528 1017 744 1072 fervore
778 1019 1099 1083 tepesceret,
1147 1019 1202 1064 et
1250 1010 1492 1064 calorum
1545 1020 1788 1062 veterum
1838 1004 2123 1061 refricare-
2229 1005 2480 1058 noctibus
2510 1017 2809 1074 urgeretur,
2844 1006 3130 1076 aliquoties
3164 1013 3344 1060 tamen
3398 1005 3616 1059 interdiu
3641 1023 3761 1064 rere-

530 1117 625 1164 tur
645 1116 836 1172 aestus,
877 1106 1089 1160 deserta
1134 1106 1220 1157 cui
1269 1118 1328 1157 se
1355 1101 1652 1157 tradiderat
1697 1098 1898 1170 regula,
1925 1099 2120 1152 iterum
2229 1096 2478 1151 dentibus
2505 1098 2609 1153 illis
2655 1098 2932 1168 paulisper
2976 1099 3262 1167 quiescere
3309 1099 3598 1163 sinebatur,
3643 1100 3764 1155 Tunc

531 1199 600 1254 ad
629 1198 829 1252 Remos
853 1211 913 1250 se
933 1195 1180 1258 contulit,
1210 1208 1433 1248 uxorem
1462 1193 1633 1247 duxit.
1660 1192 1905 1260 Cumque
1927 1191 2122 1244 exinde
2228 1191 2384 1260 plane
2412 1193 2730 1262 interrogari
2754 1201 2967 1261 poterat
2995 1191 3228 1262 qualiter
3251 1193 3302 1245 in
3333 1192 3423 1246 illo
3452 1201 3765 1261 tempestuoso

533 1291 743 1360 aliquot
771 1289 996 1358 pignora
1020 1286 1349 1350 sustulisset,
1374 1285 1440 1338 ad
1469 1284 1550 1337 sui
1580 1284 1974 1337 correctionem
2007 1296 2121 1336 cm-
2229 1286 2447 1354 negotio
2485 1301 2607 1340 cum
2638 1299 2704 1340 eo
2731 1285 3011 1356 agebatur.
3045 1277 3232 1338 'Multa
3275 1293 3404 1338 tunc
3432 1283 3497 1338 de
3530 1284 3767 1352 spiritibus

529 1383 664 1437 litus
678 1383 868 1436 morbo
891 1378 1503 1448 percutitur.Attamen,
1530 1384 1822 1444 antequam
1846 1375 1947 1429 hac
1975 1372 2124 1427 inﬁr-
2231 1378 2530 1441 hominum,
2570 1391 2706 1447 quos
2753 1377 2865 1446 ipse
2896 1385 3145 1439 noverat,
3181 1381 3237 1430 et
3283 1390 3420 1445 quos
3447 1375 3494 1429 ei
3523 1385 3767 1444 praesentes

531 1476 722 1529 mitate
746 1473 1116 1536 dectunbcret,
1143 1470 1193 1524 id
1224 1471 1487 1523 habuerat
1507 1468 1826 1536 voluntatis,
1852 1476 2124 1537 quatenus
2231 1469 2611 1538 suggerebant,
2659 1469 2812 1537 quasi
2862 1481 2957 1522 eos
2987 1467 3312 1535 conspicuos
3339 1465 3580 1530 haberet,
3621 1466 3768 1535 loque-

535 1565 1082 1635 llierosolymitanam
1153 1563 1580 1632 expeditionem,
1635 1576 1754 1631 quae
1807 1570 1933 1616 tunc
1988 1561 2126 1615 mire
2230 1561 2434 1615 batur.-

530 1658 936 1731 percrebuerat,
965 1663 1302 1726 sequeretur.
2303 1653 2455 1719 Quod
2476 1667 2596 1708 cum
2622 1652 2858 1708 audisset
2885 1652 3075 1706 mulier
3105 1652 3351 1721 quindam
3397 1651 3572 1718 vidua,
3599 1665 3698 1720 qua:
3721 1653 3769 1707 de

601 1748 770 1818 Igitur
815 1762 938 1800 cum
995 1747 1088 1801 diu
1137 1756 1190 1800 et
1220 1746 1376 1801 valde
1420 1743 1730 1815 aegrotaret,
1774 1752 2124 1800 excrescente
2232 1745 2414 1799 mariti
2468 1747 2550 1798 sui
2598 1745 2788 1799 anima:
2835 1744 3076 1812 periculo
3104 1744 3403 1809 metuebat,
3433 1753 3488 1797 et
3517 1742 3674 1797 minus
3697 1759 3770 1812 pro

533 1838 780 1892 molestia
815 1839 883 1892 ad
930 1849 1024 1892 cor
1053 1852 1326 1900 reversus,-
1365 1835 1456 1907 (⁸³)
1491 1837 1716 1891 directis
1765 1836 1832 1890 ad
1877 1835 2126 1890 abbatem
2156 1822 2208 1880 Β
2231 1838 2418 1891 eodem
2451 1838 2662 1902 orabat,
2690 1836 2959 1890 consuluit
2988 1851 3110 1890 cum
3139 1845 3322 1889 utrum
3350 1849 3450 1903 pro
3475 1847 3566 1887 suo
3589 1835 3771 1904 conjuge

536 1929 721 1984 Sancti
756 1927 957 1984 Nicasii
993 1944 1054 1982 ea
1097 1935 1416 1998 tempestate
1443 1926 1727 1991 Joannem,
1762 1928 2015 1996 precibus
2059 1927 2126 1980 ad
2231 1930 2332 1983 sibi
2363 1945 2520 1984 orare
2551 1931 2736 1984 liceret
2767 1930 2891 1983 etsi
2920 1929 3033 1998 ipse
3054 1929 3182 1996 quid
3205 1927 3294 1982 ille
3309 1937 3516 1998 ageret,
3543 1926 3702 1981 sciret.
3721 1929 3773 1980 At

536 2037 598 2076 se
626 2019 816 2075 venire
835 2019 1143 2088 compellat,
1183 2020 1366 2074 mundi
1411 2019 1937 2073 abrenuntiationem
1964 2031 2129 2086 spon—
2234 2021 2322 2075 ille
2352 2021 2537 2089 quidni
2576 2022 2782 2092 inquit?
2820 2021 2926 2077 Ora
2974 2035 3165 2076 secure
3205 2035 3306 2090 pro
3334 2034 3442 2084 eo;
3491 2034 3606 2072 nam
3649 2018 3771 2086 paulo

539 2113 653 2176 det,
679 2125 838 2166 sacro
880 2126 940 2166 se
975 2111 1125 2164 indui
1156 2111 1342 2164 habitu
1387 2109 1645 2178 postulat.
1671 2109 1854 2164 Abbas
1886 2109 1974 2163 ille
2005 2123 2130 2177 pro-
2234 2123 2362 2168 ante
2399 2113 2488 2167 hic
2517 2112 2640 2168 fuit.
2666 2113 2972 2182 Aliquantis
3001 2127 3130 2181 ergo
3161 2111 3354 2166 diebus
3391 2109 3554 2164 tantis
3582 2118 3774 2163 tormen-

541 2203 723 2268 vidus,
755 2215 810 2258 et
852 2203 918 2258 de
944 2212 1167 2272 experta
1198 2201 1313 2270 ejus
1344 2201 1562 2257 levitate
1589 2210 1893 2270 suspectus,
1925 2201 2132 2256 distulit
2233 2204 2304 2257 tis
2333 2203 2605 2269 addictus,
2640 2203 2854 2258 tandem
2886 2202 3141 2273 perfecta:
3188 2200 3360 2270 quieti
3397 2200 3646 2254 redditur.
3672 2197 3774 2251 Nam

535 2294 832 2358 hominem,
874 2303 928 2349 et
959 2294 1206 2348 habitum
1238 2307 1400 2364 quem
1429 2294 1649 2362 petebat
1679 2294 1816 2348 dare
1847 2306 2128 2355 recusans,
2235 2295 2339 2348 etsi
2369 2295 2656 2365 aliquoties
2690 2295 2832 2350 inter
2874 2295 3184 2365 patiendum
3241 2302 3480 2364 pausare
3522 2291 3774 2353 videbatur,

538 2383 680 2437 intra
718 2383 954 2438 cmncbii
1005 2391 1183 2436 tamen
1235 2383 1536 2452 penetralia
1591 2382 1867 2436 transtulit
1902 2396 2129 2451 aegrum.
2236 2402 2362 2442 mox
2395 2397 2574 2440 tamen
2610 2401 2640 2441 e
2686 2387 3001 2456 parietibus,
3050 2396 3260 2440 eterra
3311 2384 3656 2452 undecunque
3697 2381 3775 2430 dc.-

539 2473 782 2541 Cumque
846 2473 948 2527 sibi
1000 2473 1248 2527 morbum
1304 2472 1683 2542 ingravescere
1736 2471 2130 2542 praesensisset,
2237 2495 2458 2535 monum
2506 2481 2692 2535 iui-bas
2743 2481 3294 2548 videbaiemergere,
3329 2486 3386 2531 et
3429 2477 3496 2529 ad
3528 2476 3778 2543 discerpen-

539 2565 790 2620 abbatem
823 2566 1158 2635 aggreditur,
1188 2574 1243 2619 et
1286 2566 1506 2621 schema
1540 2566 1920 2620 monachicum
1949 2563 2133 2618 multis
2239 2574 2367 2628 dum
2419 2573 2637 2628 sibimet,
2672 2573 2941 2627 involare,
2995 2571 3241 2626 Remotis
3295 2571 3531 2638 denique
3578 2566 3779 2634 malignis

541 2657 1006 2727 deplorationibus
1027 2659 1179 2712 abeo
1203 2658 1357 2726 quasi
1382 2658 1542 2711 vellet
1571 2657 1736 2712 nollet
1774 2660 2024 2713 estorsit.
2054 2657 2135 2711 Ex
2200 2672 2208 2679 '
2241 2666 2545 2736 spiritibus,
2578 2681 2702 2720 cum
2748 2665 2915 2720 divini
2947 2665 3046 2719 sibi
3073 2663 3265 2730 iudicii
3298 2671 3450 2718 esset
3495 2659 3680 2714 indulta
3705 2658 3782 2712 cle-

541 2753 741 2818 adepto
770 2751 951 2818 itaque
977 2749 1118 2818 quod
1149 2750 1560 2804 desideraverat
1592 2750 1783 2815 laetior,
1813 2752 2138 2822 parvissimo
2242 2759 2470 2824 mantia,
2505 2759 2682 2814 accito
2711 2757 2908 2812 abbate
2949 2757 3028 2812 sic
3067 2756 3308 2825 loquitur
3337 2773 3350 2808 :
3387 2754 3548 2816 Ecce,
3591 2749 3780 2810 domine,

542 2843 804 2912 temporis
833 2843 1009 2911 spatio
1052 2857 1110 2898 se
1139 2843 1299 2898 solito
1349 2843 1587 2912 quietius
1617 2859 1778 2914 agere
1825 2845 2136 2899 videbatur.
2241 2853 2479 2923 peccatis
2508 2853 2642 2906 meis
2687 2851 2860 2905 vicem
2903 2850 3080 2904 reddit
3113 2849 3272 2902 Deus.
3331 2847 3497 2901 scias
3526 2856 3645 2911 ergo
3687 2840 3785 2907 quia

544 2933 697 2989 Tunc
730 2944 950 3005 repente
973 2936 1156 2990 nescio
1181 2951 1290 3006 quo
1321 2937 1503 2991 divino
1548 2946 1728 2991 motus
1758 2938 2014 2991 instinctu
2045 2938 2141 2992 ab-
2243 2954 2365 3017 post
2390 2945 2529 2999 banc
2569 2942 3166 2997 examinaiimiem.ciio
3213 2939 3472 3009 sequimi-
3511 2936 3624 2990 ﬁnis
3645 2945 3782 2988 mens.

539 3024 722 3081 batem
751 3027 1080 3091 accersiens,
1111 3028 1186 3080 ait
1221 3045 1233 3080 :
1276 3025 1430 3090 Jube,
1463 3027 1646 3094 Pater,
1695 3029 1986 3084 sollicitam
2019 3039 2140 3084 tuos
2244 3037 2654 3093 Absoiuiionem
2707 3037 2889 3104 itaque
2943 3033 3226 3088 erroribus
3275 3032 3422 3086 meis
3474 3041 3627 3099 quam
3666 3033 3786 3094 potes

541 3115 747 3172 habere
787 3118 1087 3172 custodiam
1112 3118 1250 3183 mei;
1273 3120 1416 3174 scias
1437 3120 1581 3174 enim
1616 3137 1714 3190 pro
1739 3132 1891 3177 certo
1916 3123 2142 3178 evidens
2171 3172 2216 3200 η
2249 3130 2518 3200 impende,
2554 3137 2610 3182 et
2635 3142 2792 3182 sacro
2824 3142 2908 3181 me
2945 3125 3063 3180 oleo
3089 3125 3154 3179 ad
3184 3123 3468 3177 cumulum
3505 3115 3786 3174 remissionis

543 3205 747 3275 aliquot
796 3208 988 3263 diebus
1045 3209 1176 3262 mihi
1237 3209 1524 3264 imminere
1573 3172 1836 3280 jtidicium
1887 3214 2025 3267 Dei:
2061 3214 2142 3269 Tu
2171 3172 2218 3238 ϐ
2248 3172 2465 3294 inuliige.
2503 3172 2672 3289 ’ρυοά
2725 3220 2974 3275 celeriter
3026 3234 3089 3274 ac
3141 3217 3335 3274 devote
3373 3214 3544 3270 abbas
3578 3208 3788 3267 (Ιιιιὶιεῖο

543 3297 812 3366 siquidem
840 3311 895 3353 et
929 3299 1002 3352 tui
1025 3297 1314 3369 plurimam
1343 3300 1409 3354 de
1442 3316 1526 3355 me
1551 3301 2016 3371 importunitatem
2044 3319 2142 3374 pa-
2247 3313 2393 3368 fectu
2429 3331 2443 3366 :
2487 3327 2595 3381 quo
2619 3312 2707 3367 ille
2741 3309 3031 3366 aﬁ‘ectuose
3077 3317 3130 3364 et
3169 3317 3459 3380 gratanter
3479 3317 3704 3372 excepto,
3737 3300 3788 3352 ab

543 3392 776 3456 tiemini,
832 3394 926 3446 sed
977 3391 1234 3447 diurnum
1285 3407 1391 3448 non
1419 3409 1543 3449 esse
1578 3395 1830 3461 scientes,
1861 3411 2045 3466 quaeso
2071 3414 2142 3453 ne
2246 3404 2395 3459 omni
2420 3403 2671 3472 contagio
2722 3416 2816 3470 per
2856 3411 3152 3470 prmseittes
3183 3399 3446 3469 expiatus
3481 3409 3658 3466 pellas
3683 3392 3787 3446 liber

545 3482 930 3538 ῐηοΙθδῐθῐυίηί·
984 3483 1100 3550 QUO
1132 3485 1336 3551 ειυάίῑο,
1375 3484 1545 3540 abbas
1596 3487 1740 3541 haud
1789 3488 2014 3558 PaVidos
2045 3489 2141 3544 58d
2247 3508 2302 3554 et
2330 3497 2486 3553 belus
2506 3498 2653 3552 obita
2678 3497 2780 3552 sibi
2803 3505 2978 3552 morte
3000 3495 3271 3551 concessit
3299 3495 3370 3548 ad
3399 3494 3582 3549 vitam.

545 3575 836 3646 vigilantes
861 3577 911 3632 ei
941 3577 1200 3648 praecepit
1241 3577 1476 3650 delegari
1523 3581 1793 3635 custodes.
1837 3580 1949 3636 Nec
1985 3596 2137 3638 mora

569 3737 598 3764 _
735 3737 738 3740 .
949 3737 959 3744 .

3191 3738 3785 3764 -————-—-l

1596 3897 2010 4022 LIBER
2100 3893 2718 4027 TERTIUS

553 4115 894 4191 Quomodo
948 4118 1282 4183 Galdricus
1333 4122 1680 4202 epiSCOpus
1724 4123 2178 4207 Laudunensis
2226 4127 2717 4189 excarniﬁcatus
2761 4125 2990 4201 fuerit;
3032 4132 3227 4207 atque
3264 4122 3542 4187 ecclesia
3576 4138 3643 4184 ac
3678 4117 3796 4180 uni-

1636 4219 1816 4264 versa
1851 4221 2014 4281 pene
2047 4205 2274 4268 civitas
2305 4207 2739 4286 conﬂagrarit.

1963 4355 2314 4374 ἡ..

1067 4501 1293 4560 CAPUT
1331 4501 1625 4560 PRIMUM.
2170 4499 2225 4558 D
2254 4500 2638 4564 transtulisset.
2701 4504 2986 4560 ecclesiam
3058 4520 3214 4560 suam
3271 4505 3562 4576 praecipuis
3622 4501 3800 4574 quidem

621 4597 790 4670 596
815 4595 968 4651 Gesta
997 4596 1344 4651 Adalberonis
1393 4601 1446 4665 (ιι
1470 4615 1572 4668 quo
1613 4599 1895 4655 destruente
1923 4603 2066 4655 arm
2096 4610 2146 4654 et
2251 4595 2534 4651 ornatibus
2559 4596 2859 4667 insignivit,
2915 4597 3063 4653 clero
3085 4613 3150 4651 ac
3171 4597 3453 4668 pontiﬁcio
3485 4599 3635 4668 plura
3663 4594 3801 4654 auxit.

551 4691 912 4746 calamitatum
943 4693 1161 4761 sumpsit
1209 4691 1442 4761 initium}
1472 4709 1535 4745 ac
1561 4694 1626 4746 dt.-
1653 4695 1966 4764 quibusdam
2025 4695 2146 4749 aliis
2250 4690 2345 4743 sed
2370 4697 2564 4745 cuncta
2594 4689 2684 4743 illa
2705 4689 2968 4744 beneﬁcia
2996 4691 3228 4758 quadam
3255 4689 3699 4760 praestantissima
3726 4685 3802 4739 ini-

553 4781 803 4850 episcopis
848 4778 1305 4834 Laudunensibs.
1357 4810 1428 4819 —
1477 4782 1550 4836 De
1579 4782 2058 4852 Laudunensibus,
2089 4793 2148 4838 ut
2250 4785 2458 4852 quitate
2489 4782 2731 4838 ftedavit.
2760 4782 2900 4849 Quid
2930 4784 3077 4836 enim
3109 4783 3360 4852 nequius,
3388 4782 3522 4851 quid
3556 4781 3654 4836 sibi
3682 4781 3805 4849 igno-

554 4871 964 4941 spopondimus,
991 4870 1104 4940 jam
1138 4871 1298 4925 modo
1329 4881 1638 4940 tractaturi,
1673 4876 1781 4932 imo
1821 4877 2147 4932 Laudunen-
2249 4875 2554 4936 miniosius.
2584 4892 2747 4946 quam
2776 4876 2918 4947 quod
2950 4877 3228 4930 dominum
3273 4889 3430 4930 suum
3471 4885 3648 4944 regem
3678 4872 3805 4924 inno-

556 4965 694 5016 sium
753 4962 1046 5033 tragoedias
1092 4963 1289 5027 acturi,
1324 4963 1559 5033 primum
1619 4976 1702 5022 est
1749 4969 1931 5025 dicere
1981 4970 2147 5026 totius
2249 4975 2460 5021 centeni
2522 4983 2770 5036 puerum,
2817 4967 2904 5022 cui
2959 4975 3363 5021 sacramentum
3421 4962 3694 5018 ﬁdelitatis
3741 4959 3806 5012 illc

556 5053 684 5107 mali
722 5053 986 5122 originem
1009 5069 1075 5108 ex
1100 5054 1437 5122 pontitlcum,
1478 5065 1538 5111 ut
1575 5059 1730 5113 nobis
1753 5061 1990 5128 videtur,
2021 5079 2142 5131 per-

2247 5057 2576 5126 praebuerat,
2605 5057 2843 5127 prodidit
2866 5066 2923 5112 et
2953 5057 3006 5112 in
3046 5067 3294 5113 exterurn
3321 5068 3497 5127 genus
3527 5053 3695 5124 Magni
3725 5048 3804 5104 Ca-

556 5147 912 5201 versitatibus
942 5147 1234 5202 emersisse
1262 5149 1398 5219 (45).
1425 5150 1528 5216 Qui
1557 5149 1646 5222 υἱ,
1680 5152 1829 5225 quia]
1875 5165 1996 5208 cum
2027 5155 2144 5210 diu-
2248 5154 2348 5210 roli
2369 5168 2592 5209 cursum
2623 5154 2954 5224 genealogiae
2980 5155 3306 5210 transfudit?
3331 5155 3488 5220 Quod
3519 5153 3720 5208 facinus
3741 5146 3808 5201 die

561 5243 767 5295 turnior
799 5242 958 5312 longe
983 5244 1274 5311 exstiterit,
1303 5245 1372 5297 ab
1400 5245 1651 5299 Ascelino
1679 5249 1770 5316 qui
1793 5250 1958 5303 etiam
1987 5252 2149 5305 A‘dat-
2247 5261 2418 5303 ctenae
2451 5245 2742 5302 Dominica:
2772 5248 2944 5302 instar
2985 5247 3138 5303 Iuda:
3173 5249 3428 5318 patravit.
3481 5247 3540 5302 lu
3582 5261 3680 5317 qua
3702 5243 3806 5298 sub-

558 5333 689 5388 beru
719 5335 1040 5402 vocabatur,
1074 5337 1201 5390 huic
1249 5337 1400 5406 operi
1451 5342 1739 5394 attexemla
1785 5352 2024 5412 putatur.
2075 5346 2145 5408 Is.
2247 5340 2498 5395 versione
2525 5349 2942 5408 regnaturorum
2987 5350 3153 5410 atque
3201 5341 3484 5411 regnantis
3535 5341 3648 5410 ipse
3687 5343 3808 5391 certe

561 5425 636 5478 Illi
659 5439 994 5496 compertum
1025 5429 1178 5484 nobis
1200 5437 1306 5492 est,
1350 5443 1418 5483 ex
1466 5431 1816 5504 Lotharingia
1860 5435 2146 5500 oriundus,
2249 5444 2354 5483 non
2385 5430 2619 5498 providit
2641 5429 2824 5483 utilem
2859 5431 2924 5484 ad
2950 5442 3157 5500 tempus
3189 5432 3568 5495 mutationem,
3599 5429 3807 5495 sedpra-

561 5517 712 5572 dives
739 5534 924 5588 opum,
956 5521 1360 5589 possessionum
1403 5523 1663 5595 locuples,
1695 5541 1818 5581 cum
1869 5528 2148 5585 uisu-aclis
2250 5535 2328 5572 va:
2356 5536 2465 5574 sua:
2491 5539 2658 5592 penes
2681 5525 2945 5578 innocuos
2966 5523 3259 5578 voluntatis
3301 5523 3684 5594 expletionem.
3727 5517 3805 5573 lir-

563 5611 812 5692 omnibus
859 5614 1034 5684 pretia
1097 5616 1334 5686 ingentia
1383 5617 1450 5671 ad
1503 5619 1706 5682 sedem,
1759 5623 1843 5675 cui
1894 5635 2145 5691 praeerat,
2249 5614 2371 5668 belli
2404 5623 2582 5670 amem
2627 5617 2886 5686 urbisque
2915 5615 3200 5686 Ρτῖθδυδθῐη
3232 5616 3556 5688 temporali”
3583 5614 3698 5670 ideo
3720 5621 3806 5664 ¹¹⁰¹¹

640 5776 746 5848 (45)
788 5775 1044 5848 Nonnihil
1075 5777 1164 5832 hic
1193 5777 1489 5833 desiderari
1522 5780 1752 5834 videtur.

811 5835 861 5848 ..ν
