2009 3162
145 188 198 217 909

680 191 724 220 DE
740 191 819 220 VlTA
834 192 902 220 SUA
913 192 1003 220 LIBRI
1027 193 1125 221 TRES.
1136 209 1172 216 -
1183 176 1248 223 ιώ.
1260 196 1300 223 ill.

1728 185 1780 229 sio

143 247 235 275 minus
257 253 299 276 est
319 242 422 282 secuta,
449 248 505 277 Deo
520 238 786 284 pmnamdili‘erente,
801 250 936 285 prosperi-
949 255 975 285 Α
990 250 1045 284 regi
1058 251 1183 279 universa
1199 252 1316 295 remisit,
1332 253 1430 287 quibus
1444 253 1588 287 triumjam
1608 262 1657 290 per
1667 263 1779 284 succes-

144 297 197 320 tas.

458 333 620 369 CAPUTIL

183 383 219 412 De
236 383 388 413 [felinaudo
411 384 502 414 itidem
525 380 654 423 episcopo.
669 404 704 409 —
732 388 778 424 (⁸⁸)
804 379 937 417 Praeterea

142 429 313 459 llelinandus
326 428 368 459 vir
379 427 522 461 admodum
534 434 660 468 pauperis
671 426 778 470 domus,
788 434 815 463 et
824 436 938 464 obscure

143 477 313 511 progenitus,
342 473 492 505 litteratura
508 477 656 514 pertenuis,
684 485 710 508 et
734 488 847 515 persona
872 478 937 508 satis

141 521 233 555 exilis,
256 530 318 550 cum
338 531 385 558 per
405 521 528 550 notitiam
547 524 671 552 Gualteri
694 524 801 552 comitis
823 525 937 553 senioris

142 566 355 600 Pontisarensis,
372 569 405 596 de
422 568 499 604 cujus
512 569 641 596 comitatu
657 569 767 605 gerebat
793 570 935 609 originem,

141 613 177 640 ad
188 614 303 648 gratiam
327 613 462 641 Eaduardi
477 614 536 650 [al.,
552 614 682 651 Eduardil
704 615 850 650 Anglorum
867 615 937 651 regis

141 658 300 694 perligisset
312 660 391 694 (uxor
408 661 479 687 enim
492 668 539 687 sua
556 668 616 688 cum
629 660 759 696 praedicto
774 659 872 688 comite
886 660 937 688 sibi

142 705 373 733 necessitudinem
400 706 491 733 nescio
514 714 595 741 quam
620 710 749 741 crearat),
783 707 937 742 capellauus

141 749 203 784 ejus
218 750 278 784 fuit,
293 756 322 779 et
336 752 400 787 quia
417 752 575 780 Francicam
598 753 760 788 elegantiam
780 759 868 781 norat.
882 751 937 782 A'n-

141 796 230 831 gliCus
246 797 291 825 ille
313 798 346 825 ad
359 798 526 826 Francorum
544 807 633 835 regem
649 799 794 828 Henricum
808 797 869 828 eum
887 809 937 829 saa-

141 843 205 877 pius
233 844 394 872 destinabat.
420 845 486 873 Cum
511 854 564 881 quo
580 854 654 882 rege,
677 846 722 882 qui
750 848 863 875 multum
878 852 937 876 erat

140 889 267 924 cupidus,
294 895 321 917 et
344 890 546 927 episcopatunm
575 891 774 921 venditionibus
800 892 935 927 assuetus,

991 297 1094 325 sionem
1125 299 1314 334 episcoporum
1342 300 1462 339 ecclesia
1482 305 1568 334 caret,
1595 308 1780 339 perpetuoque

989 343 1106 381 fortasse
1118 339 1232 385 carebit.
1250 339 1439 385 Unde‘facttnn
1452 351 1495 374 est
1509 352 1537 374 ut
1556 356 1651 376 omnes
1672 350 1718 384 qui
1736 357 1781 378 se-

989 389 1077 429 cuturi
1090 395 1153 417 sunt
1165 385 1306 426 episcopos
1323 391 1402 426 hujus
1414 392 1542 421 Simouiae
1554 394 1712 429 participes,
1725 395 1780 423 sic-

989 440 1019 463 ut
1035 436 1099 477 mihi
1113 436 1233 469 videtur,
1258 438 1363 471 fecerit,
1379 439 1424 474 qui
1440 439 1612 474 praesulatum
1626 445 1699 468 tanta
1712 442 1781 477 regii

989 475 1080 510 metus
1101 482 1273 511 affectatione
1291 484 1448 524 suscipiunt
1469 491 1498 512 ut
1524 491 1647 521 repetere
1661 495 1715 515 non
1731 475 1780 515 ait-

988 528 1079 559 deant.
1103 537 1162 564 qua:
1191 529 1236 557 ille
1263 522 1293 556 ut
1319 522 1461 567 episcopus
1489 531 1567 568 fieret.
1590 533 1780 561 damnabiliter

990 573 1109 602 indulsit.
1119 574 1143 602 ls
1150 582 1208 601 cum
1216 582 1310 603 exsors
1320 580 1392 603 esset
1400 576 1479 602 totius
1488 576 1636 613 affectionis
1646 578 1671 605 in
1683 578 1778 612 Deum,

988 624 1015 646 ct
1026 615 1115 646 omnis
1126 620 1151 647 ei
1165 619 1306 655 frugalitas
1326 628 1357 648 ac
1370 612 1467 656 religio
1479 626 1552 648 esset
1570 622 1696 654 ludibrio,
1709 628 1738 650 ut
1752 624 1781 651 in

989 666 1194 704 garrulitatibus
1220 671 1246 693 et
1272 667 1379 694 lascivis
1399 667 1572 694 sermonibus
1596 667 1685 705 palam
1710 669 1782 696 foret

988 711 1061 737 omni
1075 707 1171 738 scurra
1188 705 1214 738 et
1231 712 1360 739 choraula
1384 711 1513 744 deterior,
1533 713 1782 751 cmperuntdiebus

988 756 1046 790 ejus
1064 758 1257 785 tleSll‘ltClinnlS
1274 759 1347 785 urbis
1374 758 1444 786 illius
1460 763 1488 786 et
1505 758 1680 786 ecclesiarum
1694 764 1782 793 atque

989 801 1073 829 totius
1102 802 1247 837 provinciae
1275 803 1432 830 occasiones
1456 811 1611 837 emergere,
1636 805 1735 837 quibus
1755 797 1783 831 et

989 844 1101 882 contigit
1112 854 1173 874 eum
1185 848 1273 875 exitus
1289 855 1340 874 non
1358 848 1479 875 salubres
1495 849 1602 875 habere.

1024 892 1201 928 Ingelrutmns
1227 894 1348 921 Ecclesiis
1376 895 1457 921 multa
1485 897 1601 931 confert,
1629 905 1716 923 verum
1735 906 1780 923 ne—

140 934 303 971 largissimis
317 937 533 966 lenocinantibus
544 937 631 966 xeniis
642 941 706 975 egit,
721 944 750 966 ut
767 939 789 967 si
803 940 935 975 quispiam
951 935 974 964 Β
987 939 1121 975 quissimis
1143 938 1294 967 libidinibus
1313 941 1459 967 immersus.
1477 941 1564 968 υπονε
1581 941 1719 976 Godefridi
1738 951 1781 969 co-

140 982 332 1018 cpiscoporum
345 983 468 1012 Francia:
484 984 637 1018 decederet,
655 985 854 1021 pontificalibus
870 986 936 1014 infu-

140 1026 177 1054 lis
191 1027 247 1061 ipse
260 1029 427 1056 succederet.
452 1029 477 1057 ls
500 1030 574 1057 enim
594 1030 622 1057 in
637 1026 786 1065 capellania
809 1032 879 1068 regis
905 1024 936 1060 ac

140 1074 245 1107 reginae
259 1074 372 1109 positus,
388 1076 516 1110 quoniam
533 1076 629 1112 Anglia
642 1076 755 1105 infinitis
766 1085 798 1105 eo
815 1081 936 1113 tempore

139 1118 256 1147 ﬂorebat
267 1120 374 1155 opibus,
390 1121 490 1148 multos
506 1120 682 1157 pecuniarum
698 1127 805 1150 montes
816 1130 937 1158 aggesse-

140 1170 193 1198 rat,
209 1167 268 1194 ideo
283 1166 419 1195 arridente
433 1167 456 1195 ei
469 1165 581 1203 praefata
594 1167 767 1203 largitionum
779 1176 873 1201 causa,
885 1177 937 1197 vox

139 1212 201 1247 ejus
212 1213 280 1248 apud
292 1212 438 1241 Henricum
451 1221 542 1248 regem
558 1213 718 1242 exaudibilis
730 1219 797 1241 erat.
818 1214 894 1248 Quod
911 1219 938 1242 et

139 1256 244 1284 factum
259 1262 301 1285 est
314 1267 320 1285 :
332 1257 464 1286 Lauduno
476 1259 547 1286 enim
570 1259 703 1291 invectus,
720 1259 783 1294 quia
796 1267 849 1287 non
866 1259 938 1287 testi-

138 1303 261 1331 mdtione
275 1310 428 1339 parentum,
441 1313 494 1332 non
509 1301 631 1333 scientia:
648 1302 801 1333 litterarum
823 1314 853 1333 se
867 1306 937 1333 vali-

139 1352 233 1377 turum
257 1351 380 1385 putabat,
395 1350 421 1378 in
435 1350 582 1386 opulentia,
597 1349 658 1386 qua:
680 1351 795 1386 plurima
811 1357 936 1387 suppete—

137 1396 198 1428 bat,
215 1401 243 1424 et
262 1404 342 1431 quam
364 1397 522 1425 cautissime
552 1396 710 1432 dispensare
737 1395 879 1431 didicerat,
910 1404 937 1426 et

138 1442 298 1478 dapsilitate
316 1450 377 1478 spes
393 1444 491 1471 fuerat.

177 1489 219 1515 Ad
232 1489 369 1517 ornandas
384 1489 466 1525 igitur
478 1493 506 1518 et
517 1490 682 1518 extruendas
704 1498 733 1518 se
752 1490 833 1518 vertit
852 1490 938 1518 cccle-

137 1533 208 1565 sias‘,
220 1538 318 1561 etcum
333 1534 417 1562 multa
432 1543 481 1570 pro
493 1534 549 1562 Deo
561 1535 698 1562 videretur
711 1535 809 1568 facere,
825 1535 937 1562 eviden-

137 1580 248 1608 tissima
268 1586 357 1609 tamen
383 1581 465 1609 dabat
480 1582 579 1610 indicia
599 1590 628 1610 se
648 1583 720 1610 solos
737 1583 798 1610 inde
819 1583 935 1615 favores,
956 1599 961 1615 ρ

133 1626 228 1654 Solam
241 1627 358 1655 nominis
368 1628 554 1656 dilatationem
580 1628 607 1656 in
623 1629 691 1656 bene
706 1632 789 1663 gestis
804 1636 936 1663 qmercre.

133 1671 191 1700 liis
205 1672 287 1700 etiam
304 1672 361 1707 ipse
376 1673 480 1701 artibus
495 1673 658 1701 Remensem
673 1674 938 1708 archiepiscopatum

132 1719 254 1752 insedit,
282 1727 362 1754 quem
386 1728 447 1747 cum
461 1720 615 1754 dilapidatis
631 1727 714 1755 penes
729 1728 820 1756 regem
835 1720 938 1756 Philip-

131 1773 219 1800 pum,
235 1765 373 1794 hominem
386 1766 413 1793 in
428 1763 475 1794 Dei
496 1766 577 1793 rebus
598 1760 811 1799 venalissimum,
835 1767 939 1801 magnis

133 1812 273 1840 censibus
300 1813 410 1840 biennio
429 1810 604 1845 obtinuisset,
622 1808 638 1840 a‘
653 1814 765 1840 Domino
790 1821 857 1848 papa
883 1813 938 1853 (44)

134 1858 258 1892 audivit,
278 1860 341 1894 quia
357 1867 467 1887 uxorem
483 1859 544 1894 quis
561 1860 676 1892 habens,
704 1859 816 1887 alteram
845 1862 940 1894 super-

134 1905 274 1931 inducere
282 1911 452 1939 nequaquam
465 1904 560 1939 possit.
572 1902 729 1932 Consuleuti
742 1903 820 1939 plane
831 1911 865 1932 cu
876 1904 939 1932 dam

132 1958 168 1978 se
184 1958 237 1978 cur
253 1958 285 1978 eo
301 1952 432 1984 tenderet,
458 1951 537 1983 dixit,
556 1948 620 1985 quia
639 1950 661 1977 si
684 1950 766 1978 etiam
788 1958 855 1986 papa
881 1951 942 1979 fieri

131 1998 242 2032 possit,
259 1998 331 2025 haud
345 2005 480 2033 quaquam
495 1997 688 2025 dissimularet.

176 2043 205 2071 ls
219 2043 302 2079 igitur
315 2043 513 2078 qualiscunque
528 2048 575 2070 aut
587 2044 747 2076 ambitione,
762 2042 809 2070 aut
819 2050 941 2078 quacun-

131 2099 197 2125 que
217 2091 269 2117 alia
299 2090 480 2123 humanitate,
505 2091 576 2126 apud
591 2098 619 2118 se
637 2091 784 2123 exstiterit,
807 2090 832 2117 in
849 2091 900 2117 hoc
916 2090 941 2118 ei

130 2140 233 2165 honor
248 2138 359 2164 omnino
382 2138 565 2165 asservandus
581 2141 633 2170 est,
656 2138 727 2172 quod
745 2142 773 2164 et
788 2137 941 2164 libertatem

130 2183 276 2212 Ecclesia:
293 2183 436 2219 magnifice
451 2183 535 2210 tuitus
558 2183 603 2215 sit,
623 2188 651 2210 et
669 2187 723 2210 tam
740 2183 825 2218 ipsam
839 2183 940 2215 sedem,

128 2240 227 2267 quam
247 2230 409 2266 appendices
432 2230 491 2265 ejus
505 2230 635 2258 ecclesias
649 2229 784 2256 uberrima
800 2227 941 2263 largitione

129 2279 278 2315 provexit.
296 2277 329 2304 Et
349 2277 460 2312 dignum
478 2281 537 2304 erat
555 2280 584 2303 ut
600 2282 712 2303 externa
736 2275 760 2302 ei
784 2274 854 2302 bona
880 2281 940 2308 sup-

126 2331 282 2362 petereut,
296 2332 356 2360 quae
370 2325 396 2352 in
412 2323 615 2351 Dominicarum
627 2325 755 2350 domuum
768 2321 866 2348 decore
878 2327 941 2356 pro-

126 2375 305 2410 jiccrentur.

458 2416 572 2444 CAPUT
588 2416 630 2444 ΙΙΙ.

181 2463 223 2490 De
251 2463 412 2498 lngelranno
436 2463 563 2496 episcopo.
600 2461 784 2488 Intmunitates
816 2460 941 2487 Ecclesia:

122 2510 313 2547 pcssttmdm'i
326 2510 395 2536 sivit.
421 2507 498 2536 Urbis
522 2508 708 2535 destructionis
733 2515 812 2534 causa
832 2507 892 2542 fuit.
907 2521 942 2526 ——

123 2557 205 2585 Hor.
218 2561 325 2587 exarto,
337 2554 649 2589 successitlttgelrannus
660 2554 702 2580 vir
712 2553 781 2591 sicut
790 2553 942 2585 nobilitate,

121 2604 219 2632 sicut
237 2602 336 2629 litteris
348 2601 429 2637 497
445 2601 477 2627 ad
493 2599 602 2635 praefati
617 2599 737 2633 episcopi
761 2598 942 2633 comparatio-

121 2656 212 2677 nem
227 2647 328 2680 clarus,
344 2647 379 2674 ita
394 2647 427 2673 ad
443 2646 540 2673 tuenda
556 2645 618 2680 jura
633 2645 760 2672 Ecclesia:
775 2645 800 2671 in
819 2643 876 2679 ejus
888 2643 943 2671 col-

120 2694 251 2724 latione
265 2694 432 2720 tctcrrimus.
448 2691 516 2719 Nam
533 2690 652 2727 episcopi
666 2690 785 2718 redditus
801 2691 943 2726 quosdam,

120 2747 219 2778 quos
234 2739 272 2766 illi
285 2739 341 2767 sedi
355 2739 482 2766 violentia
507 2739 579 2774 regia
604 2737 748 2772 aliquando
766 2737 942 2770 subduxerat,

118 2792 214 2816 cum
225 2791 306 2820 prece
320 2792 352 2812 ac
366 2785 523 2812 muneribus
539 2792 553 2811 a
569 2792 632 2820 rege
657 2783 779 2817 Philippo
799 2782 943 2817 exegisset,

117 2838 161 2862 et
186 2831 322 2859 Beclesia':
334 2831 439 2858 reddita
454 2830 554 2858 litteris
569 2828 651 2866 regiis
665 2835 692 2857 et
708 2830 795 2865 sigillo
816 2828 944 2856 Heliuau-

119 2883 200 2911 dus
214 2880 271 2913 ipse
283 2879 429 2912 firmasset,
440 2879 484 2907 hic
496 2880 528 2907 ad
539 2880 580 2907 sui
589 2878 795 2907 funestationem
808 2876 943 2909 introitus,

175 2936 244 2968 (44)
267 2935 375 2963 Urbano
388 2935 416 2963 ll.

988 980 1059 1013 milis
1075 985 1249 1014 Namurensis
1263 987 1390 1020 abutitur,
1403 988 1529 1015 simulans
1545 989 1626 1024 ipsam
1647 989 1671 1015 in
1690 989 1781 1015 matri—

987 1030 1105 1057 monium
1125 1031 1241 1059 duxisse.
1259 1047 1292 1051 —
1311 1032 1377 1059 Nam
1393 1033 1500 1067 quidam
1522 1033 1581 1068 ejus
1605 1034 1781 1069 cognomiuus

989 1075 1033 1116 (⁸⁸)
1052 1075 1228 1110 lngclranuus
1253 1077 1356 1104 scilicet
1381 1077 1521 1105 Botucnsis
1543 1078 1637 1114 [vulgo
1664 1079 1780 1115 Boves],

989 1116 1103 1155 plurima
1117 1122 1168 1149 sibi
1184 1124 1415 1159 consanguinitate
1431 1124 1526 1157 affinis,
1542 1126 1581 1152 vir
1596 1125 1644 1152 fuit
1658 1127 1782 1160 equidem

989 1167 1133 1194 admodum
1149 1168 1286 1200 liberalis,
1306 1170 1395 1205 largus
1416 1176 1443 1197 et
1461 1160 1586 1205 dapsilis,
1603 1166 1783 1198 reverentiam

990 1211 1185 1247 permaximam
1210 1215 1476 1250 nnmilicentiamque
1498 1213 1629 1250 praestans
1648 1217 1780 1248 ecclesiis,

990 1258 1017 1284 in
1039 1258 1137 1293 quibus
1162 1259 1294 1287 duntaxat
1322 1261 1476 1295 religionem
1508 1262 1602 1288 haberi
1634 1262 1781 1294 didicerat,

990 1303 1056 1332 alias
1070 1310 1159 1332 autetn
1172 1307 1258 1332 amori
1273 1306 1388 1333 femineo
1403 1307 1469 1333 adeo
1482 1307 1586 1334 deditus
1600 1312 1628 1333 ut
1645 1315 1782 1342 quascun—

990 1359 1043 1386 que
1067 1353 1139 1380 circa
1162 1360 1191 1380 se
1215 1359 1261 1380 aut
1286 1353 1391 1380 debitas
1420 1358 1466 1379 aut
1490 1354 1630 1380 usurarias
1655 1354 1783 1381 mulieres

990 1399 1112 1431 haberet,
1130 1399 1197 1425 nihil
1209 1406 1277 1434 pene
1294 1390 1402 1432 faceret,
1415 1398 1485 1438 quod
1496 1398 1521 1426 ei
1536 1399 1692 1426 earumdem
1706 1403 1784 1434 petu-

990 1443 1074 1470 lantia
1090 1444 1236 1470 dictitaret.
1253 1443 1277 1471 ls
1300 1444 1382 1478 igitur
1404 1452 1464 1471 cum
1484 1443 1510 1470 iu
1530 1443 1674 1471 sortiendis
1690 1444 1784 1471 matri-

990 1490 1089 1517 moniis
1102 1490 1298 1517 infortuniosus
1313 1496 1395 1521 esset,
1413 1498 1462 1525 per
1482 1495 1592 1517 exteras
1609 1491 1700 1525 vagari
1716 1491 1785 1518 inci-

990 1536 1086 1570 piens,
1108 1535 1249 1570 cujusdam
1275 1536 1381 1570 eognati
1410 1530 1453 1563 sui
1475 1531 1582 1563 comitis
1608 1535 1785 1563 Namurensis

990 1580 1083 1609 furtim
1103 1581 1155 1609 sibi
1171 1582 1303 1609 conscivit
1316 1590 1444 1612 uxorem:
1463 1582 1548 1614 clam,
1568 1582 1693 1617 inquam,
1710 1582 1785 1610 solli-

991 1628 1100 1655 citatam
1133 1628 1160 1654 iu
1186 1623 1328 1663 propatulo
1360 1620 1415 1656 sibi
1445 1628 1603 1663 nuptialiter
1632 1627 1782 1663 conjunxit.

991 1672 1078 1706 Quam
1094 1672 1311 1707 conjunctiouem
1326 1674 1466 1709 multiplici
1482 1675 1654 1701 anathemate
1674 1675 1784 1702 addem-

992 1723 1104 1751 natam,
1130 1719 1306 1746 conciliorum
1339 1719 1563 1746 detestationibus
1593 1716 1782 1752 maledictam,

992 1764 1066 1792 facili
1081 1770 1193 1800 uterque
1209 1765 1320 1792 instanti
1333 1758 1435 1801 flagitio
1450 1764 1630 1800 abjurassent,
1648 1765 1699 1792 nisi
1715 1774 1786 1803 pra:-

992 1806 1076 1838 fatutu
1092 1812 1258 1846 episcopum,
1273 1816 1300 1838 et
1316 1811 1405 1838 mariti
1421 1811 1652 1846 consanguinitas,
1668 1809 1694 1838 et
1708 1810 1786 1839 femi-

993 1864 1034 1884 na:
1055 1857 1191 1884 adulantis
1216 1856 1346 1884 dolositas
1366 1856 1554 1884 mollivissent.
1576 1856 1641 1891 Quae
1659 1856 1786 1884 mollities

993 1907 1134 1937 tantopere
1153 1902 1318 1930 adulterinos
1330 1902 1397 1930 fovit
1416 1901 1555 1938 amplexus
1569 1895 1598 1929 ut'
1615 1901 1686 1936 quod
1701 1910 1786 1937 gene—

994 1949 1088 1975 raliter
1103 1948 1190 1976 fuerat
1206 1949 1331 1984 ligatum,
1348 1948 1492 1983 palamque
1509 1947 1785 1979 excommunicatum,

993 1996 1093 2024 furtive
1117 1997 1278 2024 absolveret.
1304 1996 1376 2023 Proh
1405 1996 1512 2031 pudori
1542 1999 1616 2022 certe
1645 1994 1661 2020 ii
1688 1993 1787 2028 quibus

994 2042 1190 2070 absolutionem
1203 2042 1302 2069 factam
1319 2041 1486 2069 mendaciter
1501 2043 1636 2071 suaserat,
1650 2046 1787 2073 nunquam

994 2091 1131 2118 absolutos
1150 2099 1179 2118 se
1193 2091 1291 2117 ducere
1305 2093 1546 2124 przesumpserunt.

1029 2147 1125 2182 [ἔσθει-ἰ
1150 2147 1250 2174 comitis
1275 2146 1413 2172 Paraetacis
1439 2144 1495 2179 [ilia
1520 2149 1642 2179 nupserat
1675 2142 1785 2177 Gofrido

993 2193 1082 2219 comiti
1097 2190 1271 2218 Namurcnsi.
1287 2205 1323 2210 ——
1335 2190 1439 2217 interea
1457 2188 1584 2223 quoniam
1601 2196 1615 2214 a
1631 2188 1722 2215 radice
1737 2195 1786 2215 co-

993 2235 1063 2263 lubri
1078 2236 1218 2270 egreditur
1231 2234 1340 2270 regulus
1361 2233 1438 2269 (Iaai.
1457 2241 1515 2264 xtv,
1525 2233 1583 2268 29),
1597 2232 1665 2259 mala
1682 2232 1787 2260 scilicet

995 2281 1049 2308 fota
1064 2285 1208 2316 erumpunt
1230 2281 1256 2307 in
1275 2278 1363 2315 pejus,
1376 2279 1484 2313 quantis
1498 2278 1558 2313 quis
1572 2278 1645 2305 dicat
1665 2277 1720 2308 ille,
1739 2278 1786 2312 qui

993 2335 1105 2355 uxorem
1129 2327 1270 2358 amiserat,
1285 2325 1436 2353 desaevierit
1449 2325 1568 2352 caulibus
1584 2324 1611 2351 in
1624 2324 1786 2352 Porceusem

992 2373 1170 2402 comitatum?
1182 2373 1246 2400 Filia
1261 2373 1339 2407 plane
1352 2372 1397 2408 (⁸⁷)
1411 2371 1510 2407 Rogeri
1525 2371 1631 2399 comitis
1643 2370 1786 2399 Porceusis

993 2420 1050 2446 hmc
1076 2418 1164 2445 fuerat
1180 2418 1342 2453 (extremum
1367 2416 1493 2444 videlicet
1520 2417 1617 2452 pignus
1636 2415 1720 2451 ejus),
1741 2417 1786 2449 qui

993 2464 1127 2491 abdicatis
1145 2463 1208 2491 filiis
1220 2472 1252 2491 ac
1264 2463 1383 2495 ﬁliabus,
1399 2470 1467 2497 quos
1487 2469 1520 2489 ex
1536 2461 1702 2497 generosiori
1719 2460 1787 2487 mul-

995 2516 1050 2538 tum
1074 2518 1159 2538 uxore
1181 2510 1339 2542 sustulerat,
1364 2510 1434 2537 hanc
1453 2516 1487 2536 ex
1511 2507 1655 2535 mediocris
1678 2507 1786 2542 generis

989 2556 1081 2586 'matre
1094 2563 1195 2591 natam,
1210 2557 1306 2593 primis
1319 2556 1485 2588 haeredibus,
1501 2561 1617 2582 noverca
1634 2553 1786 2586 insistente,

994 2603 1122 2636 exclusis,
1133 2603 1300 2638 Lothariugo
1314 2602 1352 2629 illi
1363 2601 1537 2633 Namurensi,
1555 2600 1659 2627 scilicet
1677 2599 1722 2636 (⁸⁸)
1733 2598 1787 2627 Go-

995 2649 1102 2677 defrido
1114 2649 1207 2676 comiti
1229 2656 1289 2675 cum
1315 2655 1365 2674 suo
1386 2646 1514 2674 comitatu
1544 2646 1661 2673 tradidit.
1690 2645 1787 2673 Marilo

996 2695 1077 2731 igitur
1092 2695 1162 2722 intra
1178 2694 1382 2728 Lotharingiam
1405 2692 1565 2727 quibusdam
1587 2691 1643 2719 suis
1663 2691 1787 2718 hostibus

997 2741 1112 2773 intento,
1136 2747 1205 2766 uxor
1220 2744 1354 2774 praecepto
1375 2739 1459 2774 ipsius
1484 2738 1553 2773 apud
1579 2737 1698 2764 'l‘ornum
1721 2736 1787 2764 Por-

997 2792 1077 2812 censc
1104 2789 1223 2811 castrum
1252 2783 1347 2818 (vulgo
1373 2782 1508 2817 l’orcean)
1536 2782 1700 2809 morabatur.
1725 2782 1786 2815 Cui,

997 2838 1059 2858 cum
1076 2830 1165 2857 minus
1186 2837 1267 2865 quam
1289 2829 1397 2856 volebat
1422 2829 1510 2855 mariti
1527 2828 1644 2854 debitum
1661 2827 1788 2854 reddere-

998 2883 1051 2910 tur,
1067 2881 1158 2904 utrum
1171 2876 1222 2903 alia
1239 2875 1283 2912 [[2,
1305 2875 1383 2912 alias]
1401 2883 1460 2903 sese
1476 2875 1650 2908 cohibuiSset,
1665 2874 1716 2901 hoc
1734 2881 1787 2901 uno
