3982 6346
573 315 673 376 9H

1295 359 1300 362 _
1369 310 1428 366 V.
1465 310 1792 369 GUIBEliTl
1829 309 2121 366 ABBATIS
2175 307 2234 364 S.
2273 307 2516 364 MARlcE
2559 309 2650 366 DE
2686 308 3085 367 NOVIGENTO
3674 326 3744 384 οη

574 432 702 490 πει-ί
755 437 961 502 potest,
1009 429 1150 499 quod
1197 429 1264 484 ad
1315 436 1422 482 tam
1475 428 1744 484 evidentis
1795 437 1851 482 et
1906 427 2159 482 immanis
2189 427 2395 494 Aquas
2423 402 2732 497 adfuitipse
2758 426 2898 482 idem
2923 426 3302 500 lngelrannus,
3331 429 3416 502 qui
3437 439 3487 487 et
3509 438 3746 506 superiorem

571 525 761 596 ﬂagitii
791 525 987 580 saltum
1021 536 1294 592 nunquam
1337 521 1604 586 venisset,
1651 520 1752 575 nisi
1803 519 2163 574 clandestino-

575 634 696 673 rum
729 616 992 671 malorum
1017 614 1275 685 gradibus
1298 613 1687 676 descendisset,
1711 612 2012 680 "praesertim
2039 626 2160 665 cum

573 708 819 764 externis
871 706 1251 762 concubitibus
1298 705 1523 774 gravida
1572 705 1784 758 veniret
1833 704 1901 759 ad
1966 703 2158 769 istum,

572 813 733 868 quem
774 813 917 852 nunc
965 793 1384 858 obsidet..Nam
1425 795 1824 866 praeteritarum
1876 793 1992 863 ejus
2040 794 2162 849 libi-

571 890 760 944 dinum
791 902 856 942 ea
883 888 1023 958 apud
1055 902 1266 952 omnes,
1311 890 1403 956 qui
1437 902 1554 941 eam
1593 896 1815 950 norunt,
1846 887 2028 956 opinio
2059 899 2158 953 est,

569 992 630 1038 ut
659 999 764 1038 non
789 984 950 1038 modo
974 998 1072 1037 nos
1108 992 1292 1037 texere
1313 1023 1327 1047 ,
1369 982 1462 1036 sed
1483 981 1564 1035 vel
1596 981 1906 1035 meminisse
1942 983 2160 1051 pudeat.

643 1074 776 1129 Erat
826 1081 1008 1128 autem
1058 1072 1148 1128 ille
1203 1071 1528 1128 Godefridus
1579 1070 1794 1139 juvenis
1854 1071 2163 1126 onmimode

570 1163 817 1235 pulcher,
847 1165 1202 1233 lngelrannus
1228 1180 1380 1229 vero,
1415 1164 1481 1217 ad
1519 1179 1680 1232 quem
1710 1179 1770 1218 sc
1798 1164 2050 1228 contulit,
2079 1163 2164 1218 vir

571 1257 914 1326 grandaevus.
951 1255 1121 1324 Igitur
1164 1257 1308 1311 inter
1362 1267 1653 1326 utrumque
1703 1266 1851 1311 tanta
1898 1256 2161 1312 bellorum

569 1348 804 1419 ﬂagrare
832 1349 998 1419 cmpit
1023 1350 1295 1414 vecordia,
1331 1358 1391 1403 ut
1418 1349 1725 1419 quicunque
1755 1365 1784 1403 a
1828 1348 2162 1418 Lotharingo

573 1443 688 1512 illo,
718 1445 785 1499 de
831 1445 916 1499 his
961 1445 1052 1513 qui
1103 1446 1171 1500 ad
1220 1444 1602 1515 Ingelrannum
1636 1443 2002 1514 pertinebant,
2041 1444 2160 1514 capi

570 1544 813 1606 possent,
841 1544 935 1590 aut
957 1534 1128 1592 furcis
1156 1537 1618 1606 appenderentur,
1648 1545 1742 1592 aut
1781 1537 1956 1592 oculis
1981 1537 2162 1608 priva-

567 1637 780 1696 rentur,
832 1629 1194 1699 aut'pedibus
1245 1637 1646 1684 truncarentur.
1693 1629 1846 1696 Quod
1894 1630 2162 1699 hodieque

566 1717 895 1774 Porcensem
925 1719 1226 1774 visentibus
1265 1735 1463 1792 pagum
1509 1720 1718 1790 liquido
1762 1729 1996 1777 constat.
2046 1722 2158 1776 Au-

2266 518 2600 589 episcopum,
2631 535 2752 575 cum
2785 535 2910 577 eum
2941 539 3036 578 rex
3065 539 3167 595 pro
3197 524 3313 580 suis
3335 525 3603 584 levitatibus
3623 547 3646 584 a
3667 549 3750 603 pos-

2266 613 2447 669 tiliciis
2485 612 2792 683 objurasset
2817 613 2906 687 [[2,
2933 617 3290 691 abjurasset],
3321 633 3414 674 sua
3437 622 3560 690 apud
3581 628 3750 684 eumdem

2265 727 2449 783 regem
2483 708 2917 781 interpellatione
2957 721 3194 766 crearat.
3241 712 3324 766 Ad
3370 713 3466 767 hoc
3505 714 3635 783 plane
3667 721 3754 775 nite-

2263 803 2425 858 batur
2455 803 2668 857 animus
2695 815 2749 858 et
2775 818 2956 860 sermo
2981 803 3097 874 ejus
3126 813 3190 858 ut
3221 803 3314 873 qui
3341 803 3600 874 eligeretur
3621 809 3755 878 εῃίεαιι

2264 911 2365 966 pus
2417 896 2519 951 sibi
2570 905 2716 952 esset
2765 897 3055 952 obnoxius.
3104 895 3210 951 Cui
3261 897 3578 967 potiSsimum
3619 900 3659 953 in
3691 903 3757 954 ciii-

2267 988 2462 1044 ciendo
2487 990 2742 1058 episcopo
2774 1003 2869 1042 rex
2898 987 3108 1042 laveret
3131 995 3193 1041 et
3223 986 3422 1053 clerus,
3451 997 3499 1042 et
3524 989 3623 1044 ideo
3643 992 3755 1048 minus

2268 1079 2552 1134 adversari
2586 1079 2812 1134 auderet
2843 1077 3096 1149 conjugio
3139 1077 3282 1147 ejus.
3323 1079 3403 1132 Ad
3435 1080 3660 1134 excidium
3681 1097 3759 1151 ergo

2265 1170 2450 1236 urbis,
2493 1179 2548 1224 ct
2593 1170 2758 1224 totius
2800 1169 3092 1239 provincia:
3119 1168 3528 1233 detrimentum,
3563 1169 3756 1238 (")Gual-

2265 1261 2476 1316 dricutn
2527 1261 2736 1331 eligunt
2769 1259 3058 1330 quemdam
3100 1261 3252 1330 regis
3291 1259 3568 1329 Anglorum
3600 1259 3762 1314 referen-

2266 1355 2511 1422 darium,
2540 1369 2714 1425 quem
2764 1369 2897 1409 auro
2937 1361 3280 1424 argentoque
3318 1351 3583 1406 audierant
3615 1352 3762 1423 opulen-

2267 1458 2403 1504 tum.

2338 1540 2568 1606 Quidam
2599 1541 2832 1596 ambiens
2862 1541 3228 1611 episcopatum
3255 1557 3289 1594 a
3325 1539 3433 1594 Deo
3461 1540 3764 1608 percntitttr.--

2265 1639 2568 1708 Antequam
2633 1637 2952 1694 electionem
3019 1636 3127 1690 duo
3183 1635 3444 1691 Ecclesia:
3497 1633 3763 1687 archidiaconi

2267 1746 2363 1801 per
2399 1740 2613 1786 mutuas
2657 1730 2970 1800 eligentium
3019 1729 3410 1784 contentiones
3448 1727 3496 1780 in
3538 1724 3757 1781 cathalram

567 1809 678 1864 divi
708 1818 860 1865 certe
888 1825 918 1864 a
947 1810 1181 1879 quodam
1201 1850 1216 1877 ,
1263 1810 1355 1879 qui
1388 1813 1660 1880 quondam
1708 1811 1800 1865 tali
1830 1811 2164 1868 carnificinae
2193 1809 2240 1869 Β
2269 1822 2484 1878 fueram
2521 1823 2730 1888 evecti,
2779 1821 3092 1878 Gualtcrius
3141 1821 3357 1877 scilicet
3401 1828 3453 1873 et
3496 1818 3678 1878 Ebalus;
3708 1819 3763 1871 sed

567 1901 847 1969 interfuit,
893 1904 1176 1959 duodecim
1228 1903 1399 1960 ferme
1447 1904 1694 1959 homines
1751 1904 1804 1958 in
1854 1905 2161 1974 hujusmodi

567 1989 818 2065 Conﬂigio
861 1995 1230 2067 deprehensos
1267 2014 1376 2052 uno
1423 1999 1509 2052 die
1538 1997 1777 2053 sublatos
1821 1997 1875 2052 in
1927 1998 2159 2053 furcam.

566 2087 918 2143 Porcensium
958 2089 1104 2144 enim
1145 2089 1362 2159 quidam
1402 2091 1668 2161 primores
1713 2091 1873 2161 hujus
1909 2091 2164 2144 transmi-

564 2185 830 2255 grationis
864 2185 1133 2254 sequestri
1183 2185 1354 2253 fuere,
1387 2195 1442 2242 et
1489 2197 1769 2250 auctores,
1807 2187 1901 2256 qui
1948 2187 2018 2242 ob
2060 2188 2165 2242 hoc

565 2285 622 2330 et
653 2277 708 2330 in
733 2277 862 2342 vita,
891 2286 946 2332 et
974 2278 1028 2332 in
1059 2287 1232 2334 morte
1257 2277 1406 2334 fuere
1435 2277 1685 2333 infames.
1723 2278 1814 2333 Sic
1844 2278 2028 2332 Venus
2057 2292 2162 2331 non

564 2378 830 2440 concepta
881 2368 1110 2424 Vulcani
1174 2370 1391 2442 ignibus
1442 2372 1713 2441 processit
1771 2370 1838 2424 ad
1895 2369 2160 2434 Martem,

565 2460 750 2518 fervor
774 2462 985 2518 scilicet
1011 2463 1296 2519 libidinum
1333 2468 1661 2534 despumans
1683 2466 1736 2519 in
1763 2463 2159 2520 crudelitatem.

567 2553 702 2622 Quis
730 2555 960 2625 prtedas,
985 2556 1110 2626 quis
1138 2557 1390 2611 incendia
1419 2558 1546 2612 hinc
1574 2566 1630 2612 et
1655 2558 1778 2632 inde
1817 2559 1960 2612 facta
1987 2573 2162 2612 enun-

569 2648 698 2714 tiet,
751 2656 804 2702 et
853 2657 1051 2704 caetera
1101 2665 1222 2719 qua:
1267 2664 1460 2720 parere
1509 2648 1814 2717 hujusmodi
1871 2659 2164 2719 tempestas

572 2740 735 2804 solet,
778 2755 898 2810 quae
936 2749 1085 2794 tanta
1137 2739 1328 2806 fuere,
1377 2750 1434 2796 ut
1477 2749 1657 2796 mutos
1701 2741 1904 2796 faciant
1957 2742 2163 2797 referre

569 2830 819 2886 volentes
845 2830 935 2904 [f.,
969 2831 1276 2906 nolentes]?

636 2923 826 2994 Itaque
855 2925 1106 2981 dominus
1136 2927 1424 2998 episcopus
1455 2911 1779 2983 diabolicam
1816 2930 1958 2984 hanc
1997 2943 2164 2999 copu-

568 3013 679 3068 lam
710 3015 851 3069 male
897 3030 1064 3071 sanus
1092 3016 1344 3072 absolvit.
1381 3016 1548 3073 Multa
1589 3033 1750 3088 super
1779 3019 2019 3090 episc0pi
2049 3035 2162 3076 mo-

567 3105 725 3162 ribus
752 3105 945 3162 referri
979 3116 1203 3178 possent
1238 3123 1467 3179 prorsus
1507 3110 1668 3180 digna
1721 3110 1912 3177 taceri,
1955 3111 2010 3165 in
2055 3128 2164 3182 quo

565 3199 936 3269 supereminet
976 3198 1128 3267 illud,
1183 3199 1328 3270 quod
1383 3200 1528 3255 nulla
1573 3202 1782 3271 peccati
1829 3202 2159 3258 conscientia

565 3290 1033 3362 compungebalur
1083 3291 1150 3344 ad
1203 3291 1394 3346 Deum.
1451 3291 1501 3346 Is
1557 3292 1776 3348 tandem
1843 3293 2160 3350 inﬁrmitate

566 3390 872 3445 contactus,
905 3397 1006 3436 nec
1033 3397 1063 3436 a
1104 3382 1418 3439 levitatibus
1460 3383 1779 3439 infirmitate
1805 3387 2158 3451 contractior,

567 3471 645 3527 ita
676 3479 900 3540 repente
926 3472 1120 3542 sepitis
1156 3474 1404 3529 sensibus
1431 3475 1617 3529 nubilo
1631 3477 1833 3539 mortis
1871 3475 2162 3530 involvitur

565 3571 628 3618 ut
655 3562 800 3632 loqui
823 3579 888 3618 ex
927 3565 1138 3640 ratione
1181 3582 1288 3622 non
1321 3575 1526 3636 posset,
1557 3569 1642 3622 cui
1677 3567 1969 3632 confessio,
2004 3569 2162 3622 inun-

567 3654 699 3720 ctio,
724 3656 1037 3711 communio
1065 3657 1184 3713 aliis
1207 3661 1526 3716 curantibus
1549 3670 1674 3715 sunt
1703 3660 1968 3715 violenter
1991 3660 2156 3728 illata,

567 3759 671 3800 nec
717 3756 802 3800 est
830 3749 1099 3805 sententia
1135 3751 1426 3820 postulata.
1466 3752 1713 3822 Cumque
1757 3762 1936 3808 tamen
1976 3753 2161 3822 lingua

567 3841 623 3888 et
645 3835 816 3890 oculis
843 3852 980 3906 pene
1005 3837 1116 3907 jam
1164 3843 1264 3896 sub
1309 3851 1486 3898 morte
1522 3843 1860 3909 natantibus,
1888 3843 2163 3913 lngelrau-

568 3937 672 3977 nus
703 3923 807 3987 ille,
843 3941 1004 3994 quem
1034 3930 1176 3984 male
1211 3930 1472 3985 solvendo
1518 3931 1797 4001 ligaverat,
1827 3931 2160 3998 advenisset,

569 4017 730 4084 quem
770 4015 932 4068 etiam
961 4018 1143 4072 clerici
1177 4031 1234 4074 ut
1276 4022 1630 4093 inungeretur
1659 4027 1809 4094 quasi
1848 4043 2162 4082 excommu-

569 4107 812 4162 uicatqu
859 4125 889 4162 a
929 4110 1090 4165 domo
1119 4112 1497 4181 excluserunt,
1531 4132 1765 4187 cumque
1816 4120 2164 4192 illacrymans

569 4202 945 4272 compellasset
974 4203 1174 4277 498,
1201 4207 1427 4263 dicens:
1463 4208 1686 4265 Domine
1725 4214 2006 4284 episcope,
2037 4232 2166 4272 ecce

565 4293 948 4364 lngelrannus,
975 4311 1075 4366 ego
1123 4313 1244 4352 sum
1281 4309 1543 4368 cognatus
1576 4311 1716 4356 tuus.
1746 4303 1838 4358 Ille
1868 4307 1960 4373 qui
1989 4322 2165 4377 neque

569 4387 837 4455 confiteri,
882 4402 1059 4459 neque
1087 4389 1296 4462 inungi,
1346 4406 1523 4464 neque
1553 4396 1946 4452 communicari
1979 4410 2162 4468 petere

568 4481 822 4536 sciverat.
853 4481 1053 4551 Injecta
1086 4499 1247 4538 manu
1294 4485 1432 4542 collo
1483 4487 1653 4557 ipsius
1702 4504 1857 4544 suum
1889 4491 2160 4547 hominem

569 4575 851 4628 contraxit
888 4575 956 4630 ad
987 4577 1253 4632 osculum.
1287 4577 1405 4644 Quo
1447 4579 1591 4636 facto
1629 4581 2015 4639 scandalizatis
2043 4599 2163 4640 om-

570 4663 755 4730 nibus,
797 4666 914 4735 ipse
945 4670 1288 4736 postmodum
1315 4681 1517 4739 printer
1541 4673 1900 4728 deliramenta
1928 4674 2002 4729 nil
2031 4676 2169 4731 dixit

569 4770 744 4825 usque
779 4757 846 4812 ad
873 4759 1274 4816 exhalationem
1317 4763 1560 4832 spiritus.
1590 4764 1750 4820 Certe
1793 4766 1908 4835 ipsa
1952 4767 2164 4834 mulier,

568 4845 726 4918 cujus
771 4862 961 4904 amore
1018 4849 1073 4902 id
1118 4860 1326 4918 egerat,
1357 4853 1632 4909 multoties
1669 4855 1774 4909 hoc
1814 4855 2028 4924 publice
2066 4857 2166 4911 sub

569 4940 822 5012 exemplo
868 4942 1116 4996 narravit
1159 4945 1320 5013 quia,
1369 4945 1576 5000 scilicet
1624 4948 1768 5016 quod
1819 4947 1958 5001 male
2010 4949 2165 5004 vivus

569 5043 776 5106 egerat,
810 5039 914 5090 hoc
946 5036 1189 5091 moriens
1215 5037 1367 5106 quasi
1397 5037 1600 5092 calcem
1628 5040 1849 5093 malitiae
1874 5041 2162 5109 posuisset.

568 5125 711 5182 Ecce
737 5127 818 5182 sic
845 5127 971 5182 coeli
999 5128 1357 5199 quorumdam
1380 5129 1696 5200 iniquitates
1726 5137 1992 5198 revelant,
2026 5141 2084 5187 ut
2112 5145 2167 5190 et

571 5225 718 5271 terra
765 5220 1029 5276 adversus
1075 5237 1170 5278 eos
1214 5232 1510 5292 consurgat
1557 5230 1612 5278 et
1663 5223 1792 5294 ipsis
1845 5225 2166 5296 displiceant

569 5310 767 5379 quibus
792 5313 937 5370 foede
964 5315 1180 5386 placere
1207 5316 1467 5388 gestiunt.

1188 5408 1416 5466 CAPUT
1453 5409 1542 5466 IV.

641 5493 864 5552 Biennio
891 5513 1035 5557 vacat
1067 5505 1234 5560 sedes.
1271 5504 1354 5558 Ad
1380 5506 1736 5576 episcopatum
1762 5505 1972 5560 tandem
2019 5505 2166 5560 adle-

569 5595 685 5640 ctus
726 5583 1003 5645 Caldricns
1041 5593 1094 5647 in
1135 5595 1416 5663 perniciem
1460 5599 1602 5651 urbis
1653 5613 1715 5650 ac
1761 5598 2066 5664 prouinciae.
2093 5630 2164 5639 —

570 5675 685 5732 Hoc
716 5677 880 5748 igitur
910 5681 988 5736 sic
1016 5693 1246 5751 mortuo,
1279 5703 1401 5741 cum
1433 5689 1653 5744 biennio
1687 5698 1938 5745 vacasset
1978 5689 2162 5745 Eccle-

569 5772 670 5842 sia,
707 5773 924 5832 tandem
955 5776 1179 5834 electuri
1233 5781 1542 5848 pontificem
1588 5786 1962 5843 convenimus.
2014 5786 2162 5844 Inter

2249 1913 2576 1988 apostolica:
2603 1913 2748 1968 sedis
2765 1911 2970 1982 judicio
2999 1912 3351 1987 sunt.ejecti.
3381 1909 3652 1965 Gualtcrius
3674 1907 3760 1962 enim

2267 2019 2376 2058 non
2405 2003 2686 2068 clericum,
2712 2003 2804 2058 sed
2836 2002 3126 2056 militarem
3160 2017 3224 2057 se
3275 2016 3488 2070 semper
3511 1999 3760 2059 exhibuerat;

2267 2096 2408 2152 alter
2466 2096 2755 2151 mulierum
2805 2095 3152 2151 incontinens
3195 2103 3342 2151 erat.
3397 2093 3587 2159 Quibus
3623 2091 3760 2145 emissis

2267 2189 2462 2243 tertius
2489 2187 2744 2243 Ecclesiae
2770 2185 2976 2242 candor
3001 2200 3060 2242 se
3087 2186 3377 2240 intrudere
3419 2183 3606 2249 volens,
3628 2182 3762 2236 curiam

2266 2281 2444 2349 petiit,
2473 2288 2549 2345 et,
2579 2295 2700 2334 cum
2741 2279 2896 2348 quasi
2927 2293 3025 2348 pro
3050 2277 3226 2332 altero
3257 2291 3318 2332 se
3357 2290 3510 2346 agere
3547 2273 3654 2328 velle
3683 2286 3766 2340 pia-

2270 2374 2540 2436 tenderet,
2569 2374 2623 2426 in
2657 2387 2715 2427 se
2749 2372 2978 2426 verbum
3010 2372 3077 2426 de
3107 2371 3421 2426 sacerdotio
3451 2367 3654 2423 retorsit.
3680 2363 3762 2430 Quid

2267 2459 2464 2516 ellluo?
2496 2460 2822 2530 Multiplices
2849 2461 2964 2530 regi
2996 2461 3302 2530 paciscitur
3349 2473 3609 2514 munerum
3631 2453 3761 2523 copias,

2267 2570 2396 2626 spes
2445 2564 2500 2610 ct
2547 2555 2819 2624 promissa
2868 2555 3186 2610 divitiarum
3266 2553 3544 2609 tuberosus
3587 2543 3762 2621 [inﬂatus]

2267 2648 2635 2718 amplectitur,
2668 2649 2762 2704 sed
2791 2663 2899 2704 non
2943 2649 3182 2704 divitias.
3233 2648 3504 2704 Reversus
3530 2657 3682 2711 nempe
3711 2641 3766 2692 do-

2266 2755 2414 2794 mum
2443 2739 2868 2810 praestolabatur
2895 2748 2956 2793 ut
2986 2739 3243 2809 sequenti
3275 2737 3543 2794 Doniinica
3581 2750 3606 2787 a
3643 2729 3764 2802 legatis

2267 2833 2434 2903 regiis
2461 2841 2757 2904 poneretur
2779 2833 2834 2886 in
2864 2832 3146 2886 cathedra.
3178 2831 3248 2886 Et
3280 2845 3411 2886 ecce
3434 2828 3562 2882 Deus
3585 2823 3672 2895 (qui
3694 2819 3767 2874 uli-

2266 2923 2368 2979 bus
2396 2924 2546 2980 dolos
2576 2923 2862 2995 praeponit,
2908 2923 3001 2993 qui
3035 2936 3131 2979 eos
3161 2922 3295 2977 dum
3334 2921 3610 2976 allevantur
3630 2909 3763 2980 dejicit)

2267 3013 2452 3070 lcthali
2479 3015 2774 3085 superbum
2807 3014 2998 3069 morbo
3025 3014 3292 3083 percutit,
3321 3021 3380 3067 et
3403 3018 3624 3065 mortuus
3644 3017 3691 3056 eo
3713 3001 3765 3053 die

2269 3105 2321 3160 iu
2373 3105 2602 3162 ecclesia
2651 3105 2900 3173 sistitur,
2943 3106 2997 3161 in
3053 3121 3161 3174 qua
3209 3105 3317 3160 sibi
3363 3097 3763 3160 cathedraticuma

2266 3198 2414 3254 clero
2453 3207 2507 3252 et
2546 3198 2744 3268 populo
2773 3208 3098 3268 accepturus
3127 3197 3441 3252 videbatur.
3469 3193 3520 3248 lu
3548 3204 3634 3260 qua
3663 3187 3766 3253 depo-

2266 3291 2425 3354 situs,
2457 3299 2515 3344 ut
2545 3291 2676 3344 mihi
2705 3290 2936 3346 relatum
2983 3300 3088 3358 est,
3132 3305 3264 3346 mox
3318 3285 3535 3358 crepuit,
3561 3291 3606 3338 et
3627 3280 3678 3334 ad
3697 3291 3764 3331 me

2265 3384 2412 3438 dium
2457 3398 2629 3452 usque
2671 3383 2822 3437 chori
2861 3381 2992 3436 ftedi
3023 3382 3277 3437 humoris
3305 3374 3631 3436 exuberantia
3653 3367 3765 3424 fluxit.

2267 3475 2373 3532 Sed
2405 3476 2471 3531 ad
2499 3475 2549 3529 id
2575 3475 2718 3530 unde
2741 3476 3080 3531 excessimus
3117 3483 3477 3532 revertamur.

2337 3565 2645 3620 Galdricum
2683 3567 2806 3636 eligi
2845 3566 2900 3620 in
2929 3567 3229 3637 episwpum
3279 3566 3403 3637 petit
3430 3580 3516 3618 rex
3543 3557 3764 3629 Aegium.

2267 3658 2354 3714 cui
2380 3676 2648 3714 assensum
2685 3659 2953 3729 prwbuere
2983 3675 3184 3726 omnes,
3226 3643 3424 3731 prwter
3447 3653 3766 3710 Anniana.-

2268 3749 2376 3822 Spe
2410 3751 2576 3822 igitur
2605 3750 2898 3806 falsissima
2930 3753 3345 3808 commodorum
3374 3750 3562 3807 electus
3586 3745 3656 3801 ille
3680 3752 3765 3810 pr!-

2269 3844 2448 3900 dictus
2482 3844 2722 3911 aclero,
2773 3845 3096 3916 lngelranno
3144 3846 3385 3916 primum
3433 3837 3765 3900 elaboranle.el

2267 3937 2483 3992 caeteris
2531 3935 2672 3991 malo
2719 3950 2817 3991 suo
2865 3936 3237 3992 adnitentibus
3282 3931 3590 4003 Rothomagi
3627 3943 3652 3980 ει
3685 3934 3764 3990 τοι*

2267 4031 2564 4102 Anglorum
2603 4031 2693 4102 (9°)
2727 4031 2794 4086 de
2841 4032 2993 4086 curia
3039 4043 3235 4089 contra
3287 4045 3516 4088 canones
3556 4019 3760 4094 expetitur.

2268 4125 2370 4191 Qui
2402 4139 2742 4195 nequaquam
2776 4124 2938 4196 hujus
2964 4125 3254 4183 electionis
3299 4127 3545 4185 incertus,
3571 4113 3682 4189 quod
3701 4107 3762 4164 Sub

2269 4216 2470 4270 nullius
2493 4216 2738 4272 ecclesia:
2771 4217 2929 4273 titulo
2967 4229 3121 4288 erat,
3156 4235 3261 4277 nec
3295 4218 3555 4292 quidpiam
3584 4205 3691 4266 sacri
3708 4216 3763 4257 or-

2269 4309 2412 4364 dinis
2445 4320 2642 4380 praeter
2686 4311 3002 4367 clericatum
3033 4325 3362 4384 exceperat,
3390 4311 3598 4368 factione
3613 4301 3707 4372 egit,
3727 4303 3763 4348 ut

2268 4418 2298 4456 e
2324 4404 2552 4474 vestigio
2574 4405 2938 4464 subdiaconus
2963 4407 3142 4475 fieret,
3167 4419 3224 4466 et
3249 4408 3554 4468 canonicam
3579 4402 3621 4456 in
3641 4391 3761 4452 Eat-'0-

2191 4521 2242 4580 D
2271 4496 2350 4550 sia
2396 4495 2822 4569 ltothomagensi
2878 4503 3215 4572 susciperet,
3268 4521 3390 4561 cum
3428 4503 3650 4556 hactenus
3685 4497 3760 4541 sese

2269 4584 2493 4640 omnino
2544 4586 2858 4644 militariter
2908 4591 3210 4649 habuisset.
3270 4595 3403 4650 Cum
3453 4590 3598 4661 igitur
3634 4587 3759 4639 omnes

2272 4691 2552 4735 assensum
2603 4682 2657 4735 in
2706 4683 2825 4752 ejus
2872 4687 3219 4756 susceptione
3261 4689 3539 4750 dedissent,
3568 4669 3758 4751 (")50llis

2271 4773 2528 4844 magister
2575 4773 2846 4840 Ansellus,
2897 4776 2981 4831 vir
3024 4779 3194 4837 totius
3238 4779 3497 4840 Frauciaa,
3539 4776 3628 4829 imo
3659 4757 3756 4818 latini

2271 4865 2422 4922 orbis
2454 4866 2634 4924 lumen
2669 4871 2722 4924 in
2755 4869 3065 4926 liberalibus
3109 4873 3424 4942 disciplinis,
3457 4883 3514 4924 ac
3539 4853 3756 4928 tranquillis

2271 4960 2538 5026 moribus,
2570 4962 2639 5017 ab
2665 4962 2780 5031 ejus
2811 4963 3076 5019 electione
3102 4965 3372 5020 dissentit.
3403 4964 3511 5033 Ipse
3536 4956 3663 5029 plane
3681 4957 3757 5000 cer-

2273 5052 2342 5107 tis
2391 5054 2708 5111 auctoribus
2759 5055 2876 5125 ejus
2933 5067 3162 5113 noverat
3208 5059 3536 5130 qualitatem,
3563 5060 3659 5105 cum
3689 5047 3752 5092 n05

2267 5145 2399 5202 licet
2446 5147 2600 5204 inviti
2649 5167 3101 5223 prosequeremur
3151 5154 3407 5224 ignotum.
3447 5148 3636 5202 Eramus
3668 5138 3754 5223 tam?

2269 5239 2467 5308 quibus
2495 5242 2840 5312 displicebat,
2887 5244 2981 5299 sed
3029 5244 3260 5299 aliorum
3314 5242 3444 5299 male
3487 5229 3750 5291 titnidi,.(l'"

2263 5331 2426 5410 nobis
2453 5343 2724 5402 praeerant
2748 5337 3020 5406 potentias
3046 5337 3402 5393 sectabamur.

2261 5413 2264 5419 ’
2340 5423 2466 5477 Adit
2513 5441 2706 5496 papam
2754 5424 3038 5483 Galdricus
3078 5446 3197 5483 cum
3242 5430 3403 5484 tribus
3443 5416 3747 5479 abbatibus.“

2262 5513 2537 5594 Receptus
2565 5518 2748 5590 itaque
2773 5537 2892 5576 etun
2922 5537 3115 5593 pompa
3144 5524 3429 5580 vanissima
3450 5515 3632 5572 veniens
3652 5505 3745 5560 inm

2267 5608 2476 5674 urbem,
2524 5625 2630 5666 non
2667 5612 2837 5669 multo
2880 5624 3003 5684 post
3043 5615 3448 5676 sollicitat‘nos,
3493 5615 3542 5663 ut
3583 5601 3741 5656 Romam

2265 5715 2448 5757 secum
2479 5705 2683 5774 pariter
2709 5723 3081 5777 properemus.
3120 5709 3383 5765 Abhatcm
3409 5698 3632 5774 siquidem
3652 5688 3742 5782 Sat!-

2265 5795 2338 5851 cti
2389 5795 2654 5854 Vincentii
2705 5800 3098 5858 Adalberoncm
3156 5804 3328 5860 virum
3387 5815 3444 5856 ex
3511 5782 3735 5848 Suessioms
