3982 6346
40 29 76 36 .-

217 365 326 421 915

1319 358 1405 414 DE
1427 357 1588 414 Vl'l‘A
1612 356 1747 414 SUA
1777 357 1957 414 LIBRI
1983 358 2182 416 TRES.
2219 389 2291 403 --
2324 359 2451 416 LIB.
2471 359 2558 417 Ill.

3383 369 3489 428 9M

216 478 532 546 oriundum,
563 487 616 536 et
648 479 785 536 bene
813 478 1110 535 litteratum
1135 478 1226 551 (θ’)
1265 493 1387 534 cum
1418 477 1614 534 abbate
1642 476 1810 532 Ribo-
1835 475 1884 534 A
1909 493 2029 549 quae
2063 480 2320 537 Ecclesia
2367 482 2704 552 imminebat,
2761 483 2926 540 verba
2967 484 3242 552 transtuli,
3282 494 3336 543 et
3365 490 3490 560 quia

216 571 550 627 dimontcnsi
601 571 792 642 (vulgo
831 570 1136 642 Ribemot),
1168 580 1224 626 et
1252 570 1371 642 ipso
1401 586 1510 627 non
1551 571 1670 626 sine
1719 570 1808 625 lit-

216 665 374 729 teris,
405 679 492 718 me
541 680 784 734 quoque,
820 666 912 736 qui
955 665 1138 736 junior
1179 674 1235 720 et
1280 665 1506 720 scientia
1544 673 1599 720 et
1647 673 1808 719 aetate

213 754 453 821 fueram,
485 756 627 811 datis
658 757 912 827 expensis
939 772 1122 812 secum
1162 757 1368 828 pariter
1406 757 1674 812 conscivit
1704 757 1809 811 itu-

218 864 332 904 ros.
365 846 778 904 Proﬁciscentes
829 848 994 919 igitur
1033 856 1088 903 et
1129 847 1402 920 Lingonas
1442 849 1803 920 attingentes,

213 940 405 996 auditu
456 940 819 1010 comperimus
867 941 1152 995 Dominum
1207 938 1524 996 Paschalem
1576 954 1804 1010 papam,

207 1029 326 1100 jam
349 1030 550 1085 dudum
578 1031 646 1085 ab
673 1031 806 1085 urbe
829 1029 1154 1102 digressum,
1184 1030 1328 1086 illius
1352 1031 1654 1086 dimcescos
1685 1030 1808 1085 fini-

212 1123 320 1179 bus
351 1124 735 1194 propinquare.
773 1123 832 1178 ln
868 1125 1066 1194 oppido
1096 1124 1189 1181 illo
1221 1124 1414 1182 diebus
1440 1133 1564 1180 octo
1595 1123 1808 1180 desedi-

214 1232 362 1274 mus.

290 1311 536 1381 Cumque
561 1311 840 1367 Divionem
879 1312 1130 1368 dominus
1158 1325 1295 1382 papa
1321 1310 1586 1378 venisset,
1622 1311 1805 1368 clerici

211 1403 628 1470 Laudunenses,
679 1420 908 1474 quorum
960 1404 1249 1474 plurimam
1299 1403 1512 1459 turbam
1550 1402 1808 1474 praefatus

212 1511 403 1552 secum
432 1496 639 1552 electus
668 1497 990 1562 adduxerat,
1018 1496 1233 1551 obviam
1271 1511 1425 1567 papae
1469 1495 1694 1561 vadunt,
1719 1494 1806 1550 cui

211 1590 274 1644 in
303 1591 494 1644 eodem
541 1598 721 1644 castro
763 1589 1082 1656 constituto,
1114 1589 1182 1645 de
1211 1589 1369 1644 electi
1407 1589 1489 1644 sui
1537 1603 1700 1643 causa
1730 1587 1809 1641 lu-

212 1687 477 1749 quuntur.
511 1680 754 1750 Spondet
779 1696 838 1736 se
893 1695 1056 1751 papa,
1103 1689 1292 1750 utpote
1339 1680 1527 1736 multis
1565 1679 1808 1734 referen-

212 1770 366 1827 tibus
403 1771 516 1841 jam
566 1774 643 1829 rei
673 1789 902 1845 gnarus,
953 1789 1052 1844 pro
1081 1776 1381 1846 petentium
1439 1783 1568 1830 voto
1613 1785 1807 1830 cuncta

1910 584 2144 638 persona
2197 572 2532 642 pontiﬁcatui
2566 583 2689 646 apta
2743 589 2849 632 non
2886 584 3048 643 esset,
3095 575 3289 634 ibidem
3343 594 3494 634 com-

1907 663 2168 732 pendiose
2195 665 2480 720 subnexui.

1980 751 2279 824 lnterrogat
2331 755 2565 826 denique
2615 772 2749 828 quos
2795 759 3022 816 haberet
3049 761 3288 828 ordines,
3327 776 3489 832 quem

1911 846 2300 901 subdiaconum
2354 848 2471 904 fore
2517 851 2791 920 respondi.
2829 851 3033 908 Deinde
3074 855 3267 923 quaerit
3303 854 3356 919 in
3385 870 3492 924 qua

1909 936 2158 992 Ecclesia
2200 937 2552 1007 militaverat,
2605 941 2658 994 in
2699 957 2805 1012 quo
2845 944 3064 998 mentiri
3089 945 3294 1000 veritus
3337 946 3493 1012 haesi,

1911 1031 2004 1086 sed
2028 1045 2058 1085 a
2083 1030 2218 1085 meis
2241 1031 2371 1086 mihi
2404 1031 2758 1088 coabbatibus
2802 1044 3113 1106 suggestum
3150 1045 3231 1092 est
3259 1040 3400 1108 quod
3441 1039 3494 1092 in

1912 1122 2333 1194 Rothomagensi
2376 1123 2638 1178 Ecclesia.
2673 1123 2773 1179 Ubi
2807 1135 2985 1181 tamen
3031 1143 3096 1182 ex
3127 1144 3257 1183 vero
3289 1129 3493 1198 addidi,

1910 1216 2039 1286 quia
2091 1216 2194 1272 hoc
2238 1233 2430 1288 nuper.
2461 1216 2543 1272 Ad
2593 1226 2895 1273 extremum
2947 1219 3106 1274 infert
3147 1236 3213 1274 an
3261 1221 3496 1292 legitime

1911 1318 2055 1365 esset
2102 1309 2437 1380 progenitus.
2490 1310 2704 1366 Dictum
2760 1310 2920 1382 plane
2977 1310 3080 1366 sibi
3130 1311 3306 1366 fuerat
3353 1312 3497 1382 quod

1911 1411 2055 1460 esset
2094 1403 2378 1457 naturalis.
2413 1403 2468 1456 ln
2501 1420 2608 1474 quo
2653 1405 2888 1476 capitulo
2924 1420 3047 1459 cum
3088 1404 3211 1475 plus
3241 1420 3402 1474 quam
3440 1405 3496 1460 in

1913 1497 2124 1552 czeteris
2153 1512 2240 1550 me
2285 1496 2624 1552 constantius
2647 1485 3000 1562 habuissem,
3035 1488 3337 1568 prtescrtim
3373 1512 3498 1552 cum

1914 1602 2072 1659 super
2097 1588 2208 1644 isto
2227 1589 2535 1644 nullatenus
2563 1589 2887 1655 dubitarem,
2922 1589 3059 1644 dixit
3084 1604 3223 1658 papa
3256 1608 3268 1643 :
3311 1589 3501 1644 Perhi-

1913 1680 2053 1736 bctis
2083 1680 2450 1736 testimonium
2480 1695 2645 1750 super
2675 1681 2803 1736 his“!
2831 1681 2928 1736 Cui
2963 1681 3181 1750 inquam
3209 1701 3222 1735 :
3269 1681 3344 1736 De
3391 1696 3496 1736 cae-

1917 1773 2048 1828 teris
2073 1773 2324 1844 capitulis
2373 1783 2546 1839 taceo,
2578 1774 2664 1830 isti
2717 1784 2894 1829 tamen
2935 1759 3185 1828 'ﬁdcnter
3237 1771 3500 1844 astipulor

210 1863 511 1920 facturum.
545 1864 722 1920 Causa
753 1874 936 1939 autem
969 1874 1088 1920 erat
1115 1867 1240 1936 quia
1272 1866 1414 1920 infra
1441 1867 1664 1924 ordines
1693 1875 1812 1922 erat
1839 1877 1887 1938 Β
1917 1865 2058 1937 quod
2096 1879 2272 1935 neque
2321 1867 2389 1920 sit
2429 1866 2647 1932 nothus,
2701 1880 2876 1937 neque
2913 1866 3148 1935 spurius.
3191 1866 3320 1922 llaec
3351 1875 3499 1922 certe

211 1954 460 2023 electus,
509 1958 751 2026 exceptis
803 1956 924 2012 aliis
981 1956 1255 2027 capitulis,
1299 1958 1498 2028 quibus
1543 1959 1610 2014 ad
1646 1972 1806 2014 aures

209 2063 370 2120 papa:
397 2065 429 2104 a
475 2047 698 2118 praefato
723 2049 944 2105 Ausello
975 2049 1154 2105 fuerat
1192 2049 1303 2120 jam
1351 2059 1590 2106 notatus.
1615 2053 1686 2106 At
1713 2067 1806 2121 pa-

211 2141 370 2196 latini
407 2157 558 2212 papaa
594 2143 850 2200 videlicet
877 2144 1196 2210 necessarii,
1249 2153 1525 2216 comperta
1569 2146 1806 2202 hominis

211 2221 511 2304 opulentia,
549 2235 902 2306 aggratulari,
945 2235 1122 2290 virum
1166 2235 1310 2290 ferre
1342 2236 1612 2292 laudibus.
1641 2237 1806 2294 Moris

211 2326 361 2381 enim
391 2334 494 2394 est,
524 2337 584 2381 ut
617 2327 803 2383 audito
843 2327 959 2381 aur-i
988 2327 1206 2383 neruiue
1237 2337 1646 2384 mansuescant.

287 2417 536 2474 Summus
579 2421 816 2491 pontifex
855 2421 1071 2475 discutit
1101 2421 1402 2500 electionem
1448 2419 1707 2477 Gnldrici.
1737 2451 1808 2462 ——

211 2509 360 2565 Intra
401 2509 590 2564 urbem
621 2510 802 2580 itaque
831 2526 969 2581 papa
993 2520 1276 2581 susceptus
1298 2511 1616 2582 Lingoniam
1645 2525 1809 2580 super

212 2601 480 2658 electione
511 2611 698 2658 nostra
722 2603 912 2658 habuit
932 2604 1194 2674 postridie
1221 2612 1528 2658 tractatum.
1563 2603 1809 2673 Cumque

215 2695 506 2750 electionis
531 2695 770 2752 libellum
799 2712 984 2752 coram
1017 2697 1132 2767 ipso
1159 2697 1409 2768 legissem
1429 2739 1444 2762 ,
1478 2697 1530 2750 in
1561 2711 1668 2766 quo
1697 2696 1806 2751 vita

213 2784 336 2854 ejus
363 2793 417 2839 et
441 2799 624 2840 mores
671 2785 804 2840 satis
844 2800 1113 2854 superque
1144 2784 1488 2850 ferebantur,
1521 2784 1808 2840 abbatibus

215 2876 378 2932 nobis
403 2878 494 2948 qui
523 2877 813 2933 aderamus
833 2918 846 2942 ,
882 2885 937 2933 et
979 2876 1310 2947 presbyteris
1352 2874 1676 2944 quibusdam
1707 2873 1810 2930 Ec-

219 2967 401 3022 clesia:
429 2969 519 3038 qui
549 2984 668 3023 cum
711 2968 884 3023 electo
913 2974 1196 3031 venerant,
1228 2980 1365 3037 papa
1397 2965 1616 3029 accitis,
1645 2965 1812 3034 carpit

221 3059 291 3114 ad
324 3075 421 3115 nos
450 3061 782 3125 concionari,
815 3061 1099 3115 materiam
1148 3059 1214 3113 de
1253 3058 1535 3114 electionis
1578 3057 1809 3112 lectione

223 3165 417 3206 recens
459 3151 564 3205 lata
621 3165 860 3206 sumens.
909 3151 1040 3204 Erat
1077 3147 1244 3220 499
1281 3158 1460 3202 autem
1508 3155 1809 3202 conventus

221 3351 344 3391 rum
367 3337 767 3407 episcoporum,
799 3348 962 3405 atque
985 3335 1329 3400 nostratium,
1358 3333 1453 3388 sed
1481 3341 1537 3387 et
1563 3333 1811 3388 cardina-

223 3429 376 3494 lium,
407 3428 744 3499 aliorumque
775 3428 1317 3483 litteratissimorum.
1350 3425 1655 3494 lnterrogat
1682 3439 1812 3493 ergo

223 3537 359 3594 papa
388 3523 620 3594 primum
643 3539 741 3578 cur
765 3523 1104 3592 elegeramus
1129 3521 1370 3590 ignotum
1401 3519 1694 3574 hominem.
1731 3517 1811 3571 Ad

224 3616 369 3684 quod
398 3630 520 3670 cum
554 3630 712 3670 nemo
754 3614 1192 3688 presbyterorum
1237 3611 1631 3682 respondisset,
1666 3609 1811 3681 (nam

225 3708 444 3778 quidam
471 3708 736 3764 elementa
783 3707 870 3762 vix
914 3706 1134 3777 norant)
1163 3705 1230 3760 ad
1258 3706 1484 3761 abbates
1528 3719 1586 3760 se
1625 3703 1810 3763 vertit.

225 3800 491 3856 Sedebam
523 3811 702 3857 autem
729 3802 872 3856 inter
897 3809 1184 3869 utrumque
1214 3798 1444 3853 medius.

304 3895 502 3952 Invitus
543 3913 720 3951 coram
750 3897 860 3968 ipso
882 3911 1170 3950 sermonem
1196 3893 1378 3946 habuit
1412 3891 1713 3946 Guibertus.
1743 3921 1814 3930 —-

226 3989 455 4063 Utrique
501 3994 667 4064 igitur
711 3994 776 4048 ad
821 3994 968 4050 illata
1003 4001 1266 4059 tacentes,
1296 4008 1402 4059 me,
1453 4003 1512 4046 ut
1563 3992 1815 4064 loquerer

221 4087 352 4142 hinc
379 4095 432 4141 et
462 4087 586 4140 inde
617 4103 808 4155 urgere
830 4097 1129 4157 coeperunt,
1161 4086 1254 4156 qui
1285 4099 1418 4138 mea:
1445 4086 1668 4142 timidus
1718 4089 1810 4158 ju-

221 4179 482 4242 ventutis,
511 4187 562 4233 el
602 4178 653 4232 in
694 4188 842 4235 tanto
881 4180 998 4235 loco
1026 4191 1186 4250 atque
1223 4167 1441 4253 negoti?)
1488 4167 1815 4237 temeritatis

224 4278 408 4324 notam
433 4285 644 4338 verens,
677 4272 766 4325 vix
803 4287 865 4327 os
907 4287 1018 4340 pne
1047 4273 1252 4341 pudore
1281 4274 1494 4345 aperire
1537 4273 1810 4329 consensi.

220 4359 416 4415 Fiebat
451 4371 631 4417 autem
661 4378 749 4418 res
784 4379 892 4419 non
920 4372 1166 4417 materno
1183 4365 1571 4430 sermonc,sed
1598 4364 1812 4419 litteris.

221 4453 346 4508 Dixi
402 4470 531 4525 ergo
561 4457 661 4511 sub
693 4456 859 4510 multa
908 4457 1020 4512 oris
1048 4472 1112 4511 ac
1143 4457 1310 4511 animi
1346 4457 1641 4512 sutl‘ttsione
1695 4473 1815 4526 quae

223 4533 519 4614 ﬂigitantis
568 4547 850 4602 sententiae
891 4557 1276 4617 congruerent.
1333 4547 1446 4602 Sub
1487 4547 1814 4603 dictionibus

226 4636 448 4707 quidem
476 4638 791 4708 compositis
815 4639 980 4693 verba
1011 4639 1267 4707 tepentia,
1317 4637 1411 4692 sed
1443 4653 1550 4692 non
1598 4637 1812 4707 penitus

224 4743 258 4783 a
289 4743 416 4783 vero
441 4729 738 4798 deviantia,
772 4731 1044 4786 hominem
1073 4744 1205 4786 sane
1227 4743 1291 4784 ex
1321 4727 1695 4784 familiaritate
1718 4744 1815 4784 nos

223 4828 285 4874 et
314 4836 414 4876 usu
445 4837 552 4877 non
603 4837 784 4890 nosse,
823 4823 916 4877 sed
946 4819 1422 4878 ex'benevnlcntia
1461 4819 1814 4876 referentimn

222 4913 534 4983 probitates
563 4913 629 4969 de
656 4930 720 4968 eo
751 4913 961 4985 aliquas
1002 4913 1295 4984 accepisse.
1349 4913 1504 4979 Quod
1535 4928 1659 4966 cum
1692 4927 1817 4982 pro-

224 5005 342 5060 lato
370 5005 645 5077 Evangelii
681 5006 1026 5062 testimonio:
1058 5025 1077 5057 ‹
1114 5005 1217 5073 Qui
1243 5005 1398 5071 vidit,
1431 5004 1624 5073 inquit,
1662 5003 1814 5059 testi-

224 5097 472 5152 monium
497 5098 772 5168 perhibuit
795 5098 976 5170 (Joan.
1006 5114 1123 5165 xxx,
1157 5097 1272 5168 '55),
1314 5114 1332 5147 ι
1366 5110 1588 5152 eassare
1616 5105 1819 5154 tentas-

225 5199 343 5257 set,
373 5200 428 5246 et
453 5190 581 5246 illud
610 5191 714 5248 hoc
745 5207 851 5248 non
875 5193 1129 5262 explicito
1160 5192 1450 5262 objecisset
1480 5191 1621 5262 quod
1648 5191 1815 5246 etiam

228 5283 300 5337 de
341 5283 491 5337 curia
524 5285 729 5340 electus
773 5293 937 5350 esset,
971 5299 1070 5356 ego
1096 5286 1312 5354 quidem
1346 5301 1470 5340 mox
1503 5284 1678 5340 inutili
1712 5293 1816 5338 ter-

228 5377 594 5448 giversatione
615 5377 934 5449 postposita,
962 5379 1140 5432 fassus
1174 5394 1259 5433 me
1285 5377 1468 5432 verbis
1505 5377 1622 5447 ejus
1648 5375 1820 5431 refra-

228 5471 349 5542 gari
381 5487 485 5526 non
517 5487 696 5540 posse.
735 5473 889 5539 Quod
915 5471 1069 5528 valde
1101 5472 1203 5542 ipsi
1242 5472 1464 5542 placuit.
1506 5471 1636 5525 Erat
1673 5470 1817 5525 enim

229 5563 416 5619 minus
436 5579 598 5635 quam
632 5579 730 5619 suo
757 5572 1090 5635 competeret
1131 5562 1306 5618 cilicio
1356 5562 1649 5618 litteratus.
1692 5558 1819 5614 Inde

231 5671 359 5713 cum
372 5657 733 5714 defensoriam
746 5657 1280 5715 circumlocutionem
1299 5672 1475 5712 meam
1496 5655 1563 5710 ad
1585 5655 1818 5725 primam

233 5749 410 5818 ipsius
435 5753 789 5820 quaestionem
821 5767 1012 5824 parum
1037 5751 1290 5822 ponderis
1307 5751 1510 5806 habere
1539 5748 1818 5816 sentirem,

237 5845 492 5916 quamvis
519 5845 593 5902 illi
624 5846 912 5902 plurimum
956 5856 1110 5918 grata
1140 5846 1300 5916 foret,
1348 5848 1412 5903 ad
1442 5846 1819 5920 necessitatem

1910 1960 1990 2014 sic
2017 1958 2227 2030 objecta
2269 1959 2516 2014 dominus
2546 1974 2684 2030 papa
2731 1974 2835 2013 non
2878 1958 3036 2013 aliter
3065 1975 3228 2030 quam
3263 1960 3500 2015 diximus

1912 2051 2246 2106 retractavit.
2290 2049 2464 2106 Causa
2507 2060 2686 2106 autem
2723 2060 2782 2105 ut
2829 2052 2946 2106 haec
2976 2052 3222 2107 seriatim
3252 2052 3326 2106 ita
3359 2051 3496 2119 obji-

1911 2153 2079 2210 ceret,
2111 2159 2217 2199 non
2249 2144 2574 2214 impediendi
2606 2159 2728 2198 cum
2760 2142 2880 2211 fuit,
2931 2145 3025 2199 sed
3075 2146 3199 2214 quia
3250 2145 3502 2200 Ansellus

1912 2233 2190 2305 magister,
2225 2235 2316 2306 qui
2352 2250 2474 2290 eum
2517 2236 2602 2290 his
2631 2237 2886 2291 omnibus
2925 2245 3262 2303 arcesserat,
3306 2237 3502 2306 impre-

1912 2327 2216 2382 sentiarum
2252 2336 2392 2393 erat,
2421 2336 2480 2382 ut
2529 2329 2670 2397 quod
2728 2327 2934 2384 scilicet.
2979 2328 3116 2383 clam
3158 2329 3390 2396 dixerat,
3455 2328 3501 2383 si

1910 2415 2052 2472 forte
2083 2417 2137 2472 in
2170 2418 2365 2473 faciem
2389 2433 2452 2472 ea
2483 2419 2687 2474 homini
2722 2419 2972 2475 illaturus
2995 2422 3313 2475 insumeret.

1984 2511 2105 2578 Ipse
2145 2526 2275 2565 vero
2311 2510 2568 2582 Magister
2589 2511 2770 2568 altiori
2795 2513 2990 2566 intuitu
3021 2513 3318 2568 ambitione
3343 2511 3498 2582 pala-

1915 2603 2152 2658 tinorum
2187 2604 2432 2675 inspecta
2476 2605 2603 2673 (non
2656 2605 2778 2661 dico
2822 2606 3024 2660 domini
3073 2611 3244 2676 papas)
3290 2605 3499 2660 clavam

1914 2691 2132 2748 llerculi
2175 2703 2500 2764 extorquere
2529 2695 2596 2750 de
2634 2711 2797 2750 manu
2829 2694 3042 2752 difﬁcile
3067 2696 3240 2752 duxit.
3272 2696 3502 2751 Domino

1913 2801 2041 2855 ergo
2072 2803 2230 2858 papa,
2263 2797 2317 2841 et
2348 2803 2454 2851 me,
2489 2789 2532 2843 si
2560 2789 2742 2844 dicere
2766 2791 3017 2858 audeam,
3046 2790 3347 2860 nugaciter,
3381 2791 3500 2860 ipse

1913 2877 2270 2933 scholasticus
2300 2879 2396 2933 niti
2429 2880 2619 2935 videns
2668 2881 2916 2938 dominos
2949 2883 3001 2937 in
3047 2883 3318 2937 diversum
3371 2896 3505 2936 con-

1914 2970 2184 3025 tradicere
2221 2971 2544 3040 supersedit.
2593 2971 2751 3028 Omni
2786 2973 2953 3044 igitur
2993 2973 3136 3027 illico
3162 2971 3502 3027 discussione

1913 3063 2108 3132 sopita,
2145 3062 2348 3119 electus
2402 3064 2489 3119 ille
2547 3065 2615 3119 ad
2666 3067 2904 3120 medium
2947 3065 3250 3124 deducitur,
3284 3073 3339 3117 et
3371 3065 3418 3119 ei
3470 3081 3501 3120 ει

1854 3211 1858 3214 ,
1915 3150 2134 3205 domino
2166 3168 2297 3222 papa
2346 3146 2522 3224 gratia
2568 3154 2920 3225 pontiﬁcandi
2947 3155 3279 3210 conceditur.
3313 3154 3502 3210 Soluto

222 3243 464 3314 locuples
497 3243 787 3316 insignium
839 3243 1128 3298 admodum
1175 3256 1557 3310 personarum,
1597 3239 1807 3294 ltalico-
1837 3231 1878 3289 C

1916 3243 2097 3312 itaque
2117 3255 2412 3313 conventu,
2433 3255 2487 3301 et
2515 3262 2650 3318 papa
2683 3263 2925 3317 egresso,
2967 3262 3096 3302 ecce
3127 3263 3212 3302 me
3247 3248 3501 3302 cardina-

1916 3337 2044 3391 lium
2076 3347 2249 3392 cmtus
2271 3341 2600 3410 aggreditur,
2633 3339 3006 3409 multipliciter
3029 3341 3226 3394 ardens
3245 3350 3298 3394 et
3315 3341 3504 3396 dicens

1916 3427 2052 3483 mihi
2078 3445 2094 3483 :
2121 3427 2340 3483 Multum
2373 3432 2532 3486 nobis
2561 3432 2886 3502 placuerunt
2912 3433 3074 3488 verba
3110 3443 3217 3488 tua.
3252 3432 3354 3500 Qui
3389 3431 3502 3503 pla-

1915 3536 2032 3587 cor,
2055 3521 2281 3576 Domine
2311 3519 2455 3577 Deus
2501 3537 2654 3578 meus
2697 3531 2752 3576 tu
2801 3522 2931 3589 seis,
2979 3524 3106 3592 quia
3142 3539 3249 3578 non
3283 3531 3391 3577 tam
3434 3523 3501 3578 de

1916 3612 2183 3684 elegantia
2211 3615 2499 3670 verborum
2552 3632 2798 3672 meorum
2853 3615 3186 3688 emergebat,
3237 3625 3502 3686 quantum

1916 3706 1983 3761 de
2033 3721 2127 3775 spe
2174 3708 2378 3774 optima
2447 3709 2794 3764 denariorum
2851 3718 3004 3764 extra
3039 3749 3054 3764 .
3089 3749 3104 3763 .
3140 3751 3151 3762 .
3184 3748 3198 3763 .
3252 3708 3502 3764 bensium

1916 3800 2114 3871 quibus
2141 3802 2228 3857 ille
2260 3789 2992 3858 suffarcinatusadvenerat.
3041 3801 3175 3856 Nam
3205 3810 3259 3857 et
3305 3801 3506 3872 ego’et

1916 3895 2153 3951 eoabbas
2182 3911 2336 3952 meus
2385 3896 2567 3951 Sancti
2600 3896 2872 3951 Vincentii
2927 3893 3220 3964 Adalbero,
3272 3903 3506 3950 moneta:

1917 3988 2158 4058 ejusdem
2190 3988 2498 4046 ferebamus
2525 3973 2755 4059 quisque
2786 3997 3031 4044 nostrum
3056 3989 3277 4046 vicenas
3314 3987 3502 4055 libras,

1918 4084 2312 4154 quibustantus
2339 4083 2767 4153 exspectantium
2801 4083 2979 4138 hiatus
2999 4083 3228 4138 forsitan
3258 4083 3504 4152 oppletus

1919 4185 2021 4242 est,
2047 4184 2104 4231 et
2130 4175 2252 4230 ideo
2273 4175 2657 4230 adminiculari
2680 4175 2731 4230 ei
2771 4177 2996 4247 ejusque
3026 4175 3506 4232 adminiculatores

1919 4269 2194 4322 amabant.

1988 4361 2231 4428 Denique
2269 4360 2684 4417 abscedentibus
2733 4363 2836 4425 iis,
2877 4359 3242 4416 cubicularius
3297 4360 3504 4416 domini

1919 4469 2069 4524 papa:
2101 4453 2320 4508 nomine
2366 4454 2580 4520 Petrus,
2614 4453 2988 4508 Cluniacensis
3039 4452 3359 4520 monachus,
3411 4451 3509 4520 qui

1919 4549 2036 4618 ejus
2067 4547 2314 4602 notitiam
2338 4547 2661 4616 Rothomagi
2691 4547 2964 4615 attigerat,
3007 4560 3130 4600 cum
3172 4561 3202 4599 a
3234 4559 3361 4616 rege
3387 4544 3504 4598 An-

1918 4639 2128 4710 glorum
2157 4629 2430 4692 hominem
2463 4647 2770 4708 peteremus
2797 4637 3069 4703 eumdem,
3100 4637 3185 4692 his
3213 4653 3301 4692 me
3321 4637 3504 4692 verbis

1919 4741 2131 4788 secreto
2151 4732 2464 4802 aggreditur
2490 4750 2502 4784 :
2537 4731 2803 4798 Quoniam
2850 4731 3055 4800 recepit
3087 4730 3338 4786 dominus
3368 4747 3506 4801 papa

1921 4825 2288 4881 testimonium
2328 4834 2568 4880 vestrum
2600 4840 2698 4894 pro
2740 4838 2968 4894 persona
3024 4839 3186 4894 quam
3233 4823 3417 4886 vultis,
3451 4831 3507 4876 et

1919 4934 2015 4974 vos
2045 4928 2319 4990 gratanter
2366 4920 2590 4983 audivit,
2646 4918 2852 4973 debetis
2909 4913 3163 4974 ammodo
3215 4931 3504 4985 suggerere

1919 5013 2090 5068 electo
2115 5021 2300 5068 vestro
2353 5019 2410 5066 ut
2457 5011 2686 5082 imperio
2717 5010 2922 5066 domini
2975 5025 3128 5080 papae
3186 5009 3239 5062 in
3293 5008 3507 5063 cunctis

1919 5105 2158 5171 obediat,
2201 5116 2254 5160 et
2281 5105 2334 5160 in
2369 5114 2576 5162 tantum
2602 5106 2650 5160 ci
2683 5105 2749 5160 de
2796 5105 2909 5160 suis
2939 5104 3292 5172 obsequatur,
3324 5109 3383 5155 ut
3411 5115 3507 5156 vos

1923 5199 2098 5254 denuo
2120 5199 2165 5253 si
2195 5215 2330 5270 opus
2371 5198 2556 5262 fuerit,
2588 5213 2688 5268 pro
2715 5199 2830 5268 ipso
2851 5204 2906 5252 et
2938 5195 3058 5250 aliis
3082 5194 3311 5249 libenter
3341 5205 3506 5248 exau-

1923 5291 2051 5346 diat.
2077 5293 2218 5347 Ecce
2261 5292 2363 5346 mel
2403 5291 2594 5345 illitum
2631 5306 2729 5361 per
2771 5305 2866 5344 ora
2897 5288 3065 5343 virosi
3121 5286 3320 5357 poculi.
3365 5285 3505 5353 Quid

1923 5385 2064 5438 enim
2114 5383 2308 5437 melius
2348 5398 2509 5452 quam
2564 5396 2712 5451 papzc
2752 5382 3130 5448 obtemperare
3179 5377 3506 5447 praeceptis?

1923 5476 2049 5546 quid
2082 5476 2234 5545 pejus
2273 5489 2436 5541 quam
2483 5490 2581 5542 pro
2615 5471 2820 5526 indulta
2860 5470 2955 5525 Dei
2999 5470 3174 5544 gratia
3199 5468 3507 5523 hominibus

1922 5565 2098 5636 pretio
2119 5563 2381 5634 obsequi?
2413 5564 2525 5633 Ego
2569 5572 2749 5617 tamen
2791 5561 2912 5616 talis
2965 5561 3168 5632 negotii
3223 5559 3504 5616 internun-

1926 5658 2032 5714 tius
2060 5657 2408 5712 vehementer
2433 5671 2553 5711 csse
2574 5655 2877 5726 perhorrui.

1997 5748 2366 5805 Pronoslicum
2389 5748 2454 5802 de
2483 5745 2751 5802 Galdrico.
2782 5777 2854 5788 υ-
2878 5746 3049 5819 Igitur
3075 5745 3168 5819 (⁸⁸)
3196 5747 3336 5816 apud
3368 5744 3506 5801 San-

1927 5855 2074 5902 ctum
2107 5839 2324 5898 Rullum
2373 5840 2439 5895 de
2465 5839 2674 5895 Aniene
2716 5847 3057 5898 sacramento
3087 5836 3378 5909 pontiﬁcali
3410 5850 3503 5892 su-
