3982 6346
449 316 560 384 915

1281 308 1340 365 V.
1386 305 1714 366 GIJIBERTI
1748 303 2038 362 ABBATIS
2071 302 2131 360 ὃ.
2172 303 2413 362 MANE
2459 305 2545 360 DE
2569 304 2964 362 NOVIGENTO
3627 310 3700 365 διε

455 441 666 504 sceplo,
689 429 1055 502 pronostieum
1080 425 1231 488 triste
1255 425 1356 484 sibi
1383 423 1661 492 Evangelii
1689 430 1868 477 textus
1887 420 2040 490 exhi-
2069 422 2116 478 Δ
2143 421 2240 474 bus
2269 421 2475 490 pariter
2504 421 2802 476 adversari.
2838 421 3078 476 Fuerunt
3104 421 3248 478 enim
3275 431 3474 476 mutuo
3498 425 3714 491 antiqua-

454 528 593 582 lntit.
631 525 750 578 Fuit
773 524 914 576 enim
949 535 962 574 :
992 539 1009 570 ε
1051 519 1219 576 Tuam
1247 517 1666 587 ipsiusanimam
1689 514 2039 587 pertransivit

457 617 671 688 gladius
695 615 850 686 (Luc.
877 629 936 675 ll,
969 611 1083 682 55).
1123 630 1140 662 ι
1166 608 1326 665 Certe
1359 609 1617 680 Lingonis
1653 623 1776 663 cum
1820 616 2038 676 recepta

454 722 609 780 papae
633 705 810 775 gratia
836 703 904 762 ad
931 702 1105 766 altare
1131 699 1438 766 Mammetis
1467 698 1722 768 martyris
1764 712 1888 752 cum
1925 694 2036 750 cle-

457 799 610 862 ricis,
648 795 718 852 Te
762 796 930 864 Deam
965 792 1246 858 laudamus
1292 791 1614 848 canentibus
1663 788 2036 860 processisset,

457 889 826 960 evangelicum
859 886 1183 957 coniecturae
1212 898 1376 940 causa
1399 890 1610 944 textum
1655 886 1770 951 ipse
1804 878 2034 950 aperuit.

456 983 556 1036 Ubi
587 981 914 1048 versiculum
933 979 1023 1046 qui
1053 977 1264 1048 primus
1286 983 1600 1032 occurreret
1625 974 1726 1030 sibi
1743 972 2031 1042 corripuit;

453 1071 696 1126 scilicet:
743 1088 762 1120 ι
801 1069 1010 1136 Mulier.
1041 1057 1326 1126 ecceﬁlius
1353 1075 1475 1126 tuus
1503 1065 1685 1136 (Joan.
1715 1079 1828 1130 xix,
1858 1062 1972 1134 26).
2013 1082 2032 1114 ι

452 1165 607 1240 Quod
638 1164 753 1234 ipse
781 1178 907 1232 mox
955 1163 1152 1232 ubique
1193 1162 1419 1218 multum
1459 1159 1788 1230 iactantiose
1811 1159 2042 1212 circum-

454 1258 594 1311 tulit.
645 1257 703 1310 ln
735 1257 900 1312 verbo
934 1271 1165 1326 namque
1217 1265 1267 1310 et
1323 1254 1530 1318 habitu,
1585 1252 1720 1307 mire
1753 1247 2040 1313 instabilis,

453 1349 595 1406 mire
625 1349 758 1404 levis
781 1348 1084 1420 exstiterat.
1116 1349 1190 1404 De
1239 1347 1399 1402 rebus
1447 1359 1642 1414 nempe
1693 1341 2041 1405 militaribus,

454 1436 684 1492 canibus
708 1445 764 1492 et
789 1437 1138 1510 accipitribus
1167 1437 1312 1506 loqui
1342 1445 1554 1507 gratum
1585 1435 1868 1495 habuerat,
1900 1433 2043 1500 quod

455 1528 598 1604 apud
631 1527 831 1597 Anglos
861 1515 1142 1602 didicerat.
1175 1527 1330 1584 Unde
1369 1528 1602 1596 quodam
1636 1536 1896 1594 tempore,
1922 1537 2043 1576 cum

455 1619 746 1688 quamdam
777 1619 1142 1688 dedicavisset
1165 1618 1479 1686 ecclesiam,
1512 1625 1566 1674 et
1611 1631 1712 1686 ego
1743 1630 1864 1670 cum
1912 1629 2046 1683 quo-

454 1710 576 1764 dam
605 1712 758 1766 bonte
786 1711 983 1766 indolis
1007 1714 1208 1782 juvene
1232 1711 1436 1778 clerico
1481 1711 1530 1766 ei
1582 1709 2041 1778 adequitaremus,

454 1802 720 1858 rusticum
763 1801 926 1874 500
973 1776 1096 1886 cum
1127 1802 1316 1862 lancea
1352 1776 1571 1870 reperit.
1617 1776 1732 1866 Qua
1777 1799 2040 1868 pontifex,
2075 1776 2124 1838 Β

458 1895 618 1966 tiara,
651 1911 814 1965 quam
846 1895 987 1950 inter
1017 1911 1173 1951 sacra
1203 1896 1490 1961 habuerat,
1523 1895 1726 1952 habens
1760 1893 1814 1947 in
1845 1891 2044 1960 capite,

457 2001 582 2040 mox
613 1986 846 2051 sublata,
865 2002 1068 2058 equum
1095 1987 1400 2042 calcaribus
1426 2000 1645 2056 urgens,
1663 1999 1726 2039 ac
1742 1983 1785 2039 si
1809 1983 2044 2052 aliquem

459 2093 821 2148 percussurus
854 2079 1104 2152 intendit.
1131 2078 1227 2135 Cui
1258 2094 1358 2151 ego
1385 2088 1440 2133 et
1481 2078 1734 2142 clericus,
1771 2077 1887 2147 ipse
1930 2075 2047 2130 vul-

457 2172 682 2242 garitcr,
715 2171 804 2243 (9‘)
829 2187 928 2246 ego
961 2174 1175 2241 poetice
1206 2188 1222 2228 :

459 2289 552 2360 (”)
591 2288 714 2345 Non
746 2290 872 2345 bene
896 2293 1228 2357 conveniunt,
1257 2308 1350 2345 nec
1374 2292 1430 2344 in
1465 2308 1570 2344 una
1596 2290 1717 2344 sede
1747 2297 2041 2352 morantur,

993 2363 1204 2428 Cidaris
1225 2373 1271 2418 et
1293 2363 1495 2418 lancea.
1873 2369 1876 2372 ’

529 2477 740 2544 Interea
806 2494 1032 2548 magnus
1098 2478 1184 2533 ille
1252 2492 1445 2534 census
1504 2487 1733 2532 moneta:
1782 2477 2040 2549 Anglicaz,

462 2570 554 2640 (?')
605 2569 975 2640 Hanaporum,
1019 2579 1070 2625 et
1095 2571 1438 2636 Scutrarum,
1463 2571 1553 2640 qui
1584 2571 1722 2624 male
1748 2570 2050 2634 coaluerat,

460 2660 615 2716 brevi
643 2659 968 2731 dilapidatus
999 2671 1102 2716 est.
1157 2661 1318 2716 Certe
1365 2660 1547 2715 audivi
1580 2676 1609 2714 a
1649 2661 1907 2730 pracdicto
1939 2675 2054 2713 ma-

465 2752 636 2822 gistro
668 2751 909 2818 Ansellc,
943 2753 1032 2822 qui
1073 2769 1196 2808 cum
1227 2769 1290 2807 eo
1325 2753 1437 2822 iam
1460 2753 1713 2823 episcOpo
1754 2753 1819 2808 ad
1850 2752 2053 2824 Anglos

464 2841 780 2897 revisendos
827 2842 1101 2913 profectus
1135 2841 1334 2908 fuerat,
1387 2857 1508 2897 cum
1545 2842 1668 2897 illuc
1721 2842 2050 2908 devenisset,

467 2944 617 2989 tanta
640 2937 1059 3006 repetundorum
1093 2937 1218 2992 hinc
1233 2951 1506 3000 vasorum,
1525 2935 1671 2992 illinc
1701 2935 2051 3006 pecuniarum

464 3029 801 3100 querimonia
853 3045 1332 3099 quorsumcunque
1381 3030 1733 3095 vertebatur,
1799 3030 2052 3094 emersit,

2141 531 2258 570 rum
2292 531 2512 570 suarum
2541 517 3088 580 levitatumconscize,
3116 528 3168 572 et
3195 528 3352 571 tanto
3380 517 3718 586 loquebatur

2143 608 2340 663 ftedius
2373 617 2578 678 quanto
2607 619 2873 664 noverant
2898 626 3015 666 sese
3041 611 3336 666 secretius.
3373 611 3616 665 Furebat
3646 613 3722 666 ita-

2141 715 2244 769 que
2273 701 2547 755 comitissa
2585 701 2672 754 illa
2704 702 2965 756 adversus
2993 704 3110 772 ejus
3155 704 3445 766 maritum,
3487 713 3724 772 tanquam

2141 807 2299 863 passa
2350 794 2630 864 repudium
2662 795 2922 854 adversus
2965 795 3270 867 coniugem,
3324 811 3396 850 ex
3444 794 3610 862 cuius
3652 811 3730 851 ore

2143 888 2398 958 frequens
2441 887 2542 942 sibi
2581 887 2788 942 sciebat
2817 889 3113 958 intorqueri
3143 888 3493 949 convicium,
3528 896 3589 940 et
3615 888 3733 941 sicut

2148 982 2264 1053 ipsa
2309 989 2427 1036 erat
2471 979 2614 1034 omni
2648 989 2900 1050 serpente
2955 980 3262 1046 nocentior,
3319 980 3392 1034 ad
3442 979 3734 1050 perniciem

2147 1073 2386 1130 hominis
2415 1073 2466 1127 in
2499 1073 2616 1130 dies
2646 1074 2971 1128 reddebatur
2998 1075 3197 1130 acrior.

2217 1167 2498 1222 Galdricus
2541 1164 2784 1228 Romam,
2816 1181 2917 1232 quo
2971 1183 3002 1218 α
3045 1166 3186 1219 crede
3217 1165 3456 1220 σει-αι’άὶ
3491 1165 3743 1218 πείσειεν-τιατ

2146 1261 2414 1324 immunis,
2447 1257 2818 1327 proﬁciscitur.
2850 1256 2954 1312 Sed
2983 1258 3106 1326 quia
3135 1257 3289 1326 ponit
3323 1258 3478 1311 Deus
3531 1255 3744 1310 oﬂendi-

2147 1352 2325 1406 culum
2374 1367 2557 1406 coram
2611 1349 2694 1403 bis
2745 1349 2836 1419 qui
2894 1348 3196 1404 voluntarie
3248 1359 3542 1418 peccant,
3595 1364 3746 1402 causa

2148 1444 2495 1500 subverteudi
2537 1458 2658 1497 eum
2691 1441 2813 1496 talis
2840 1449 3062 1511 repente
3091 1440 3404 1504 suboritur,
3438 1441 3596 1493 inter
3613 1455 3748 1492 eam-

2149 1537 2271 1591 dem
2303 1535 2446 1589 enim
2492 1533 2794 1589 Gerardum
2835 1542 2891 1588 et
2919 1531 3270 1588 Gualdricum
3315 1535 3654 1603 episcopum
3685 1535 3750 1587 si-

2148 1628 2466 1682 multatibus
2498 1627 2682 1690 motis,
2731 1625 2847 1696 ipse
2875 1624 3148 1681 Gerardus
3198 1626 3658 1696 incompetenter
3697 1628 3752 1678 de

2151 1721 2426 1788 episcopo,
2475 1725 2529 1771 et
2573 1717 2641 1770 de
2691 1716 2808 1787 eius
2859 1715 3344 1776 contubernalibus
3401 1715 3750 1784 loquebatur.

2152 1811 2305 1878 Quod
2332 1809 2548 1878 quidem
2589 1809 2756 1864 tacite
2782 1809 2877 1864 sed
2929 1824 3032 1863 non
3078 1809 3353 1880 patienter
3391 1809 3528 1862 tulit
3558 1809 3754 1877 episco-

2150 1919 2272 1974 pus.
2305 1902 2439 1956 Nam
2467 1911 2698 1958 tractato
2721 1918 2843 1957 cum
2869 1903 3002 1968 suis,
3032 1910 3087 1956 et
3111 1917 3253 1972 pene
3271 1900 3550 1957 omnibus
3579 1917 3754 1970 praee-

2153 1994 2305 2050 ribus
2333 1994 2504 2061 urbis,
2536 1993 2763 2049 Gerardi
2792 1995 2992 2059 exitio,‘
3012 2002 3065 2048 et
3105 1994 3328 2064 praebito
3387 1994 3460 2046 ad
3527 1993 3748 2048 invicem

2152 2085 2326 2142 mutui
2351 2085 2418 2140 ad
2445 2086 2547 2141 hoc
2574 2085 2750 2156 ipsum
2780 2081 3036 2155 adiutorii
3065 2094 3438 2150 sacramento,
3479 2087 3546 2138 in
3585 2101 3692 2156 quo
3713 2099 3758 2139 et

2152 2181 2433 2236 ditissima:
2480 2180 2724 2249 quaedam
2764 2179 3020 2235 mulieres
3075 2179 3559 2249 adoperabantur,
3623 2179 3762 2233 derc-

2154 2276 2282 2331 licto
2310 2277 2362 2330 in
2394 2275 2644 2330 manibus
2687 2273 3092 2344 coniuratorum
3145 2274 3386 2344 negotio,
3453 2274 3532 2327 ad
3587 2273 3760 2329 limina

2153 2365 2522 2437 apostolorum
2556 2366 2790 2438 pessima
2839 2366 3034 2420 ductus
3080 2365 3421 2436 cogitatione
3451 2367 3758 2428 contendit,

2154 2477 2264 2517 non
2293 2460 2568 2531 apostolos
2596 2459 2762 2530 (Deus
2803 2467 2860 2514 tu
2901 2458 3068 2529 nosti)
3097 2473 3372 2528 quaerens,
3409 2459 3516 2514 sed
3561 2469 3626 2514 ut
3665 2475 3763 2514 non

2156 2561 2422 2610 tractasse
2459 2560 2667 2608 tantum
2689 2551 2845 2607 nefas
2873 2551 3154 2607 videretur
3175 2552 3397 2606 absens.
3425 2553 3598 2608 Circa
3622 2552 3769 2606 festi-

2155 2647 2378 2702 vitatem
2411 2646 2593 2716 itaque
2615 2645 2788 2700 sancti
2813 2643 3030 2698 Martini
3059 2643 3335 2715 profectus
3367 2660 3504 2700 curn
3541 2644 3766 2701 Romam

2156 2737 2442 2803 venisset,
2507 2736 2692 2791 tandiu
2750 2735 2960 2791 desedit
3013 2735 3213 2790 ibidem
3259 2735 3442 2790 donec
3493 2747 3767 2806 patr-ataui

2158 2832 2426 2902 comperit
2453 2831 2706 2886 invidiosi
2745 2829 2986 2884 hominis
3011 2843 3220 2885 necem.
3273 2829 3378 2897 Qui
3422 2845 3542 2898 quo
3591 2833 3768 2885 minus

2157 2923 2344 2995 probis
2367 2923 2618 2978 omnibus
2641 2921 2857 2977 invidus
2885 2929 3105 2985 erat,eo
3129 2920 3398 2990 improbis
3421 2921 3768 2977 invidiosior.

2158 3019 2325 3074 Facta
2351 3028 2530 3074 autem
2561 3019 2666 3072 hoc
2696 3018 2856 3071 modo
2889 3032 2976 3072 res
3005 3026 3107 3072 est.

465 3132 580 3176 uta
614 3122 878 3194 magistro
907 3122 1409 3194 subintelligeretur
1433 3123 1671 3187 divitias,
1704 3137 1840 3192 quas
1872 3131 2054 3178 osten-

2238 3132 2412 3188 Orans
2462 3133 2516 3185 in
2545 3131 2763 3185 ecclesia
2795 3129 3139 3184 Lamlunensi
3183 3131 3446 3184 occiditur
3477 3130 3770 3186 σεται-ἄεις.

467 3223 702 3282 laverat,
729 3215 851 3270 aliis
880 3215 1220 3281 subduxisse,
1273 3232 1377 3271 non
1411 3215 1570 3272 bonis
1615 3216 1824 3272 artibus
1869 3218 2056 3287 acqui-

465 3324 620 3365 SISSC.

1102 3402 1332 3466 CAPUT
1370 3403 1432 3458 V.

537 3518 613 3572 De
638 3517 757 3572 dira
781 3516 1005 3574 Gerardi
1038 3516 1353 3573 Carisienn‘s
1375 3532 1518 3580 nece,
1546 3513 1805 3570 Galdrico
1817 3516 2058 3588 jubente,

464 3606 636 3662 illata.
675 3638 745 3648 -—-
772 3609 901 3664 Post
929 3617 1040 3664 tres
1069 3609 1233 3680 igitur
1272 3607 1443 3662 ferme
1475 3623 1644 3662 annos
1690 3624 1800 3662 suae
1845 3609 2062 3663 ordina-

468 3697 630 3752 tionis
658 3698 762 3753 tale
812 3700 940 3768 quid
987 3715 1085 3754 suo
1129 3700 1360 3770 tempori
1413 3698 1565 3766 quasi
1627 3700 1838 3769 insigne
1890 3700 2059 3774 dedit.

468 3789 698 3855 Quidam
731 3790 798 3845 de
822 3793 1136 3861 proceribus
1166 3792 1338 3858 urbis,
1365 3791 1457 3863 (9")
1509 3791 1825 3846 monasterii
1858 3791 2063 3862 puella-

469 3898 594 3938 rum
623 3883 972 3946 castellanus,
1015 3885 1235 3938 nomine
1282 3884 1581 3951 Gerardus,
1637 3885 1723 3938 vir
1770 3885 2060 3956 admodum

470 3987 727 4036 strenuus
757 3990 893 4035 erat.
931 3980 1032 4048 Qui
1080 3979 1328 4048 quamvis
1375 3963 1583 4034 statura
1621 3979 1791 4044 brevi,
1844 3988 1899 4033 et
1927 3959 2065 4038 exili

472 4073 807 4129 carnulentia
838 4075 1130 4137 videretur,
1165 4080 1326 4126 tanta:
1377 4072 1686 4127 vivacitatis
1722 4081 1778 4127 et
1827 4071 2063 4144 linguam

470 4165 710 4222 habebat
737 4173 788 4220 et
824 4165 1088 4230 animum,
1127 4172 1330 4218 tantam
1376 4164 1733 4219 acrimoniam
1779 4164 1835 4219 in
1885 4165 2066 4218 studio

473 4275 750 4315 armorum
779 4268 839 4314 ut
870 4261 924 4315 in
960 4258 1310 4320 Suessorum,
1361 4256 1821 4320 Laudunensium,
1870 4255 2067 4310 Novio-

471 4353 740 4428 mensium
781 4351 1076 4420 provinciis
1099 4337 1478 4406 timorem-sibi
1508 4348 1806 4414 addiceret,
1835 4357 1889 4403 et
1914 4362 2068 4402 reve-

470 4447 705 4501 rentiam
745 4445 1120 4516 plurimorum.
1170 4445 1220 4500 ls
1267 4455 1530 4515 quantum
1583 4442 1853 4518 probitate
1909 4442 2067 4514 longe

2162 3259 2232 3272 —-
2271 3227 2412 3283 lnfra
2441 3225 2804 3297 TheOpbaniac
2834 3237 3058 3280 octavas
3085 3242 3208 3281 cum
3246 3235 3389 3281 esset
3424 3236 3584 3298 sexta
3617 3226 3772 3290 feria,

2164 3337 2327 3377 mane
2353 3319 2530 3374 adhuc
2563 3317 2810 3373 videlicet
2854 3317 3089 3388 pallente
3118 3318 3466 3389 crepusculo,
3515 3321 3774 3390 surgebat

2165 3431 2196 3471 e
2221 3423 2418 3480 stratu,
2461 3413 2527 3468 ad
2569 3412 2749 3467 Beata:
2781 3411 2962 3465 Maria:
3004 3413 3364 3483 principalem
3395 3414 3580 3467 iturus
3609 3414 3776 3468 eccle-

2165 3507 2325 3561 siam.
2363 3487 2444 3560 Ad
2490 3517 2648 3574 quem
2681 3519 2804 3558 cum
2855 3504 3097 3558 venisset
3151 3519 3294 3560 unus
3343 3505 3410 3559 de
3468 3503 3772 3574 coniuratis

2165 3598 2502 3674 proceribus,
2530 3598 2715 3652 retulit
2757 3597 2804 3651 ei
2839 3599 3015 3652 noctis
3047 3597 3290 3667 ejusdem
3323 3601 3630 3665 somnium,
3675 3601 3774 3655 sibi

2166 3706 2233 3743 ex
2260 3705 2368 3759 quo
2397 3673 2686 3772 plurimum
2725 3687 2866 3742 dixit
2915 3697 3181 3744 terrorem
3237 3689 3436 3744 incuti.
3472 3690 3776 3745 Videbatur

2165 3784 2328 3855 plane
2351 3782 2578 3852 ei,quod
2609 3800 2637 3834 a
2662 3782 2871 3840 duobus
2893 3781 3038 3856 ursis
3060 3791 3241 3836 utrum
3267 3782 3450 3850 jecur,
3484 3799 3558 3838 an
3587 3785 3774 3856 pulmo

2168 3868 2354 3930 nescio
2384 3875 2483 3929 sibi
2511 3871 2809 3928 vellebatur
2831 3887 2859 3924 a
2885 3887 3135 3943 corpore.
3177 3873 3304 3941 Sed,
3339 3874 3475 3929 heu!
3515 3876 3654 3946 proh
3685 3875 3778 3929 do-

2170 3965 2281 4023 lor!
2325 3977 2453 4022 tunc
2491 3964 2752 4034 temporis
2787 3972 2906 4018 erat
2967 3979 2994 4016 a
3034 3967 3418 4021 communione
3466 3968 3777 4023 abstentus.

2169 4063 2543 4121 Abstentionis
2572 4070 2750 4115 autem
2781 4073 2946 4112 causa
2989 4059 3102 4115 hinc
3137 4060 3256 4116 fuit.
3303 4059 3542 4128 Quidam
3591 4079 3778 4116 mona-

2171 4159 2305 4226 chus
2330 4157 2469 4228 apud
2501 4156 2836 4211 Barisiacum
2880 4156 3067 4211 Sancti
3115 4154 3344 4210 Amandi
3394 4169 3774 4220 commanens,

2172 4250 2306 4305 duos
2328 4247 2580 4320 puerulos
2611 4247 2908 4304 Teutonice
2934 4247 3106 4303 solum
3139 4246 3286 4316 loqui
3323 4261 3554 4316 gnaros,
3607 4247 3777 4302 Fran-

2172 4341 2345 4398 cicam
2394 4342 2632 4412 linguam
2672 4341 2913 4398 discendi
2965 4341 3138 4414 gratia
3189 4340 3257 4394 ad
3303 4355 3362 4395 se
3398 4349 3776 4397 contraxerat.

2171 4433 2304 4488 Erat
2333 4443 2514 4488 autem
2544 4432 2856 4488 Barisiacus
2893 4449 3015 4487 cum
3063 4433 3452 4506 appendicibus
3500 4434 3648 4489 villis
3678 4437 3778 4490 sub

472 4536 686 4608 iamque
709 4513 950 4606 ρξιιειηιι,
985 4547 1134 4620 {apio
1168 4513 1346 4592 πιιῑίιε
1375 4513 1667 4608 aliquoties
1695 4515 1840 4614 circ-3
1872 4550 1929 4590 se
1974 4513 2068 4605 ρξ)-
2097 4513 2152 4578 ι)
2175 4523 2822 4593 advocatiaeiusNidens
2841 4524 3024 4595 itaque
3044 4540 3241 4594 pueros
3262 4523 3559 4600 elegantes,
3575 4527 3782 4582 sciens-

475 4630 608 4686 sitos
634 4645 883 4684 sermone
907 4629 1052 4685 illoto
1084 4631 1386 4694 mordebat,
1416 4630 1558 4700 quod
1587 4638 1765 4684 tamen
1800 4644 2066 4698 nusquam

473 4722 646 4794 probo
683 4722 902 4778 cuilibet
947 4723 1233 4778 inferebat.
1288 4723 1400 4793 (45)
1443 4722 1596 4778 Unde
1652 4721 1852 4777 factum
1899 4730 1984 4776 est
2011 4728 2070 4775 ιιι

475 4814 766 4871 comitissa:
793 4813 888 4876 illi,
929 4815 992 4867 de
1014 4831 1117 4883 qua
1147 4830 1308 4883 supra
1337 4830 1517 4869 sermo
1549 4824 1635 4870 est
1661 4814 1900 4879 habitus,
1925 4815 2065 4869 clam

474 4905 759 4978 derogare,
790 4914 845 4959 et
873 4916 1059 4974 aperte
1083 4905 1355 4978 indignari
1391 4905 1678 4973 reciperet.
1710 4903 1767 4957 In
1800 4919 1864 4958 eo
1886 4914 2067 4959 autem

474 4999 891 5070 perversissime
940 5012 1150 5069 agens,
1198 4997 1340 5066 quod
1388 4998 1649 5052 adversus
1691 4996 2071 5069 lngelrannum

474 5093 747 5161 praedictae.
771 5091 986 5147 feminae
1012 5089 1376 5155 obsessorem,
1402 5089 1493 5159 qui
1510 5104 1631 5144 eum
1657 5091 1868 5160 magnis
1880 5091 2074 5158 opibus

480 5185 787 5260 extulerat,
847 5185 1179 5256 insurgebat.
1237 5182 1543 5253 Antequam
1598 5197 1726 5238 vero
1783 5183 2075 5241 sortiretur

480 5293 727 5346 uxorem,
762 5280 904 5350 apud
933 5278 1192 5335 feminam
1223 5293 1386 5350 quam
1415 5277 1650 5334 dicimus
1676 5277 1815 5332 male
1845 5275 2077 5333 familia-

483 5371 561 5426 ris
579 5373 880 5429 exstiterat.
912 5374 1190 5443 Cumergo
1211 5388 1334 5428 eum
1369 5373 1457 5429 ditt
1493 5371 1610 5427 loco
1635 5370 1825 5425 amasii
1856 5370 2076 5426 habuis-

485 5470 590 5530 set,
619 5467 1086 5539 acceptaconiuge
1110 5467 1177 5522 ab
1217 5466 1333 5536 eius
1363 5465 1630 5521 lenocinio
1660 5464 1935 5520 contraxit
1979 5465 2075 5520 ha-

485 5559 678 5616 benas.
708 5547 1000 5627 Coeperunt
1029 5545 1087 5616 et
1114 5562 1243 5631 ipsae
1267 5561 1524 5640 mulieres
1552 5558 1733 5616 verbis
1761 5559 1867 5615 sibi
1897 5559 2072 5632 turpi-

581 5727 651 5784 45
717 5727 849 5783 Vide
882 5743 998 5798 cap.
1031 5728 1083 5783 5.

584 5727 676 5876 46;
720 5799 901 5858 Vestis
942 5815 1078 5874 genu

2173 4635 2278 4689 que
2310 4618 2526 4674 eosdem
2574 4633 2679 4673 non
2733 4619 2966 4674 obscure
3008 4626 3187 4696 natos,
3226 4618 3425 4690 rapuit,
3462 4619 3529 4672 ad
3561 4620 3782 4675 redem-

2173 4723 2412 4798 ptionem
2439 4736 2656 4798 quoque
2690 4721 2882 4791 coegit.
2920 4719 3017 4790 Cui
3069 4721 3235 4775 etiam
3286 4735 3410 4776 cum
3457 4730 3622 4789 pacta
3681 4736 3781 4792 pe-

2175 4814 2335 4870 cunia
2366 4797 2599 4866 tunicam
2642 4828 2706 4866 ex
2741 4811 3027 4883 peregrino
3067 4826 3221 4884 mure
3263 4810 3560 4880 pelliciam,
3615 4826 3779 4881 quam

2175 4922 2430 4963 renonem
2464 4905 2576 4976 (46)
2605 4904 2868 4976 vocitant,
2906 4883 3194 4975 puerorum
3220 4914 3395 4957 mater
3424 4902 3595 4957 misit.

2201 4981 2206 4985 I
2248 4999 2379 5055 Cum
2412 4999 2512 5053 hac
2541 4977 2713 5069 igitur.
2731 4989 2878 5053 veste
2906 4997 3066 5069 Tyria
3102 4998 3489 5070 superindutus
3535 4997 3778 5066 lacerna,

2179 5107 2301 5170 cum
2359 5075 2565 5162 aliquot
2621 5089 2952 5170 equitatibus
2999 5090 3065 5144 ad
3126 5089 3412 5162 ecclesiam
3463 5092 3779 5164 praedictam

2180 5169 2346 5257 eques
2377 5186 2542 5240 venit.
2577 5183 2677 5252 Qui
2708 5169 2981 5249 ingressus
3013 5199 3137 5239 cum
3193 5194 3320 5240 ante
3371 5185 3624 5240 cruciﬁxi
3679 5187 3780 5240 Do-

2181 5279 2310 5335 mini
2337 5279 2624 5349 imaginem
2660 5277 3015 5340 substitisset,
3049 5276 3341 5332 comitibus
3370 5277 3487 5332 suis
3512 5277 3614 5332 bac
3657 5276 3779 5331 illac

2185 5385 2283 5440 per
2333 5369 2578 5424 diversas
2618 5378 2928 5423 sanctorum
2987 5382 3111 5421 aras
3161 5368 3456 5446 euntibus,
3513 5369 3780 5424 ministris

2185 5466 2586 5536 coniuratorum
2640 5461 3080 5532 aucupantibus,
3141 5461 3384 5538 episcopi
3440 5459 3661 5515 familia:
3721 5461 3776 5515 in

2186 5556 2460 5634 episcopio
2516 5555 2796 5634 nuntiatur
2847 5551 3135 5636 Girardum
3187 5537 3620 5606 Carisiacensem
3673 5551 3774 5624 (sic

584 5799 676 5874 46)
720 5799 901 5858 Vestis
942 5815 1130 5874 genus,
1178 5801 1255 5858 sic
1296 5801 1497 5857 dictum
1543 5801 1687 5873 quod
1731 5801 1908 5856 solum
1944 5813 2105 5856 renes
2142 5805 2302 5869 tegat.
