3982 6346
180 342 284 397 917

1190 325 1297 413 ῙβΕ
1339 334 1497 393 VlTA
1530 335 1663 391 SUA
1696 333 1872 399 LIBRI
1906 332 2105 389 TRES.
2130 362 2195 372 -——
2228 331 2351 391 Lll}.
2388 330 2469 389 Ill.

3348 332 3451 389 9l8

180 481 327 541 enim
384 474 868 546 agnominabatut',
934 474 1060 544 quia
1116 474 1373 529 Dominus
1432 475 1599 545 ipsius
1648 483 1765 529 erat
1799 459 1838 510 λ
1871 451 2022 519 (Ιυθδί
2056 455 2340 546 “me”???
2370 447 2623 546 S‘m‘lm’
2646 457 2790 546 _a""e
2823 445 3070 546 “90M”,
3106 450 3454 546 Ptla‘smla'ﬁt-

180 569 375 639 castri)
416 578 627 627 oratum
686 567 752 620 ad
813 566 1111 621 Ecclesiam
1175 566 1473 621 devenisse.
1521 566 1766 635 Arreplis

181 677 313 733 ergo
341 661 760 719 subclamidibus
803 660 1011 730 gladiis,
1069 658 1271 729 Rorigo
1313 658 1482 713 frater
1530 659 1764 728 episcopi

178 771 281 825 per
309 764 572 825 cryptam,
620 752 707 821 (9“)
740 768 860 821 (piae
891 752 1123 807 basilieze
1149 760 1310 820 caput
1356 751 1539 813 ambit,
1579 766 1770 821 perve-

177 848 339 909 niunt
367 846 522 917 501
557 846 623 901 ad
671 845 845 905 locum
902 846 954 901 in
987 860 1093 914 quo
1139 845 1225 900 ille
1259 846 1470 899 orabat.
1510 844 1641 900 Erat
1676 861 1770 900 au-

180 950 293 997 tem
324 941 587 997 columna:
620 940 937 1009 appodiatus
977 938 1212 1006 cuidam,
1246 955 1406 1008 quam
1459 939 1629 1008 pilare
1678 954 1771 992 vo-

178 1042 331 1097 cant,
372 1032 706 1102 interpositis
744 1032 1011 1101 aliquibus
1060 1033 1327 1086 columnis
1374 1049 1403 1085 a
1454 1032 1656 1101 pulpito
1703 1031 1770 1085 ad

177 1127 418 1182 medium
469 1125 583 1179 fere
636 1125 840 1195 templi.
892 1124 1134 1195 Cumque
1183 1126 1359 1179 adhuc
1418 1134 1556 1179 esset
1610 1134 1772 1185 mane

180 1231 416 1280 caecum,
450 1225 505 1270 et
552 1217 604 1269 in
636 1223 787 1269 vasta
813 1215 1038 1270 ecclesia
1084 1216 1193 1275 rari
1230 1215 1561 1278 viderentur,
1591 1213 1772 1275 homi-

178 1324 307 1365 nem
335 1319 582 1364 orantem
615 1324 644 1363 a
692 1320 841 1376 tergo
894 1309 1212 1378 corripiunt.
1275 1307 1475 1364 Orabat
1516 1322 1645 1365 sane
1680 1308 1770 1381 (99)

179 1402 434 1471 mastigia
465 1399 711 1457 elamidis
739 1416 769 1454 a
795 1406 944 1471 tergo
975 1400 1200 1467 rejecta,
1237 1398 1443 1467 junctis
1485 1416 1511 1452 a
1556 1407 1774 1468 pectore

183 1492 330 1546 inter
359 1493 623 1547 orandum
648 1492 1183 1562 palmis.Constricta
1215 1494 1395 1562 itaque
1425 1509 1453 1545 a
1487 1492 1770 1561 posteriori

177 1594 339 1656 parte
366 1586 604 1651 lacerna,
633 1585 770 1641 alter
798 1602 987 1643 eorum
1022 1588 1093 1641 ita
1139 1603 1264 1641 eum
1294 1587 1481 1654 insuit,
1528 1596 1587 1641 ut
1617 1586 1776 1641 facile

176 1690 623 1735 manus‘movere
642 1695 748 1735 non
780 1690 998 1749 posset;
1031 1696 1189 1747 quem
1213 1696 1335 1734 cum
1362 1680 1441 1734 sic
1473 1680 1653 1734 subito
1684 1678 1776 1734 ille

178 1768 427 1838 episcopi
453 1769 795 1836 dispensator
843 1770 1123 1835 tenuisset,
1152 1770 1285 1825 dixit
1316 1771 1363 1824 ei
1402 1788 1413 1823 :
1456 1769 1658 1839 Captus
1692 1785 1773 1825 es.
1805 1806 1852 1865 Β

178 1859 359 1927 Quem
385 1876 510 1916 cum
538 1860 627 1915 illa
659 1861 814 1917 solita
847 1862 1128 1918 ferocitate
1182 1871 1387 1917 retorto
1437 1862 1594 1929 oculo
1636 1862 1777 1933 (erat

174 1954 329 2009 enim
380 1954 718 2026 monoculus)
759 1958 1118 2011 attendisset:
1179 1956 1322 2011 Vade
1374 1958 1521 2023 hinc,
1580 1957 1772 2025 inquit,

173 2049 418 2103 obscene
443 2047 717 2110 leccator;
764 2050 833 2103 At
865 2050 952 2102 ille
996 2050 1062 2104 ad
1115 2050 1464 2120 Rorigonem.
1521 2049 1773 2107 Percute,

174 2138 380 2210 inquit.
411 2138 478 2193 Et
507 2138 669 2194 ducto
697 2140 783 2194 ille
823 2141 1201 2197 sinistrorsum
1234 2141 1431 2212 gladio,
1478 2141 1618 2195 inter
1661 2141 1775 2210 ipsa

174 2246 308 2285 eum
339 2231 452 2285 nasi
508 2230 814 2301 frontisque
842 2233 1074 2286 conﬁnia
1124 2233 1449 2287 vulneravit.
1504 2232 1604 2298 Qui
1653 2248 1776 2286 seno

176 2324 328 2379 tiens
357 2339 415 2378 se
450 2339 763 2393 percussum
798 2343 808 2376 :
838 2325 1164 2393 Ducite,ait,
1194 2342 1280 2380 me
1306 2341 1413 2395 quo
1444 2326 1624 2379 vultis.
1656 2326 1775 2379 Mox

178 2415 262 2471 illi
308 2416 552 2485 repetitis
609 2415 807 2470 ictibus
859 2416 1235 2472 confodientes
1287 2419 1559 2471 hominem
1596 2457 1609 2481 ,
1654 2433 1775 2470 cum

178 2524 384 2579 urgere
433 2509 746 2577 coepissent,
800 2510 913 2577 ipse
957 2510 1023 2565 de
1090 2510 1203 2565 suis
1249 2510 1541 2578 desperans
1580 2509 1780 2564 viribus

180 2602 487 2657 inclamitat
522 2620 533 2654 :
567 2620 583 2653 ι
624 2601 821 2657 Sancta
855 2601 1044 2667 Maria,
1073 2604 1289 2673 adjuva.
1320 2622 1338 2655 ι
1378 2602 1471 2657 llis
1496 2602 1652 2657 dictis
1680 2601 1780 2656 sub

181 2705 433 2751 evtrema
464 2694 722 2762 patientia
757 2695 887 2748 ruit.

265 2812 537 2882 Coniurati
562 2832 749 2886 corpus
778 2814 958 2867 multis
994 2798 1291 2867 vulneribus
1334 2815 1598 2879 sauciant,
1654 2831 1777 2868 con—

183 2906 469 2977 ciduntque
497 2908 548 2961 in
576 2907 768 2977 frusta.
792 2938 862 2948 ——
890 2907 1059 2960 Erant
1086 2915 1267 2960 autem
1313 2907 1363 2960 in
1412 2920 1473 2960 ea
1530 2907 1781 2977 conjura-

186 3000 338 3052 tione
370 2999 473 3053 duo
501 2999 761 3053 Ecclesia:
786 2982 905 3053 cum
942 3000 1058 3068 ipso
1087 3000 1343 3069 episcopo
1386 2986 1777 3065 archidiaconi,

185 3090 443 3144 Galtcrus
474 3102 523 3143 et
556 3089 749 3145 Guido.
788 3091 915 3145 Erat
950 3090 1059 3160 ipse
1100 3106 1312 3160 quoque
1342 3090 1518 3146 Guido
1555 3100 1610 3145 et
1661 3091 1779 3145 the—

186 3181 497 3247 saurarius,
555 3181 771 3235 domum
823 3197 980 3237 secus
1030 3183 1275 3236 eamdem
1335 3183 1620 3236 ecclesiam
1688 3176 1854 3237 ha-C

185 3273 329 3343 hens
380 3273 628 3341 positam.
679 3271 753 3326 De
800 3288 905 3341 qua
952 3273 1111 3325 domo
1166 3272 1271 3326 duo
1326 3272 1607 3344 p‘rosiliere
1656 3288 1779 3327 mox

189 3365 406 3428 famuli,
438 3366 529 3435 qui
577 3380 641 3420 eo
682 3365 931 3419 concitus
961 3365 1240 3420 venientes
1280 3367 1451 3420 eidem
1502 3367 1781 3422 carniﬁcio

188 3472 251 3509 se
274 3456 588 3524 junxerunt.
625 3454 718 3511 Sic
753 3457 895 3509 enim
939 3456 1203 3526 sacrilego
1233 3456 1404 3511 fuerat
1436 3466 1779 3512 sacramento

190 3547 494 3611 firmatum,
532 3556 592 3601 ut
626 3548 670 3603 si
703 3548 939 3619 episcopi
996 3548 1046 3602 id
1087 3548 1318 3603 curiales
1372 3559 1779 3619 praesumerent,

190 3641 446 3696 auxiliari
472 3643 537 3697 de
565 3642 753 3697 eadem
790 3658 915 3696 mox
962 3643 1120 3696 domo
1153 3642 1450 3712 prodirent.
1488 3644 1619 3698 Cum
1658 3658 1784 3713 ergo

190 3733 241 3787 ei
284 3732 479 3787 collum
514 3742 567 3787 et
595 3733 753 3787 tibias
782 3740 980 3801 praeter
1018 3731 1119 3785 alia
1142 3718 1364 3786 vulnera
1396 3732 1784 3797 concidissent,

191 3833 251 3879 et
292 3823 383 3878 ille
414 3824 465 3877 in
498 3824 669 3877 media
699 3822 923 3878 basilica
976 3824 1074 3901 sub
1106 3824 1367 3878 extremis
1392 3824 1654 3894 angustiis
1682 3824 1787 3878 im-

194 3918 451 3989 mugiret,
488 3919 643 3986 pauci
680 3917 770 3985 qui
809 3917 859 3971 in
900 3917 1067 3971 choro
1115 3926 1242 3971 tunc
1278 3925 1434 3971 erant
1477 3917 1688 3978 clerici,
1734 3925 1789 3973 et

195 3996 530 4062 muliercula:
560 4009 828 4077 qmedam,
861 4023 982 4076 quze
1012 4007 1275 4062 orationis
1304 4009 1477 4078 gratia
1505 4008 1607 4063 hac
1639 4007 1788 4063 illaec

195 4115 305 4168 que
324 4100 675 4169 vagabantur,
698 4100 1200 4163 imnxnrmurantes,
1228 4108 1281 4152 et
1308 4099 1579 4154 horrendo
1597 4084 1789 4154 timore

199 4200 493 4260 torpentes,
534 4206 631 4244 nec
676 4191 947 4244 modicum
1000 4190 1213 4259 quidem
1261 4190 1621 4261 suggrunnire
1652 4205 1790 4259 prte-

197 4283 692 4353 sumpserant.rHis
724 4284 980 4352 patratis,
1014 4284 1120 4336 duo
1165 4283 1239 4336 illi
1279 4283 1479 4337 milites
1512 4284 1788 4338 lectissimi

200 4373 267 4426 ad
321 4373 624 4441 episcopale
674 4373 931 4443 palatium
990 4358 1361 4439 revertuntur,
1407 4388 1530 4427 cum
1593 4376 1791 4444 quibus

198 4467 353 4519 urbis
400 4481 652 4535 proceres
701 4482 810 4520 suae
843 4467 1080 4536 ipsorum
1132 4466 1451 4535 proditionis
1487 4464 1793 4536 proditores

200 4564 353 4617 illico
383 4562 777 4634 glomerantur,
810 4564 1016 4632 pariter
1046 4577 1259 4630 quoque
1302 4560 1668 4615 archidiaconi
1700 4576 1793 4631 ag-

202 4663 519 4725 gregantur.
552 4653 881 4723 I’rarpositus
910 4669 1040 4722 ergo
1080 4653 1258 4723 regius
1290 4652 1403 4706 Yvo
1438 4652 1680 4715 nomine,
1713 4653 1794 4705 vir

204 4748 495 4819 admodum
520 4749 711 4812 solers,
739 4747 920 4801 citatis
950 4746 1259 4801 hominibus
1285 4746 1463 4816 regiis,
1489 4755 1543 4800 et
1569 4745 1796 4800 abbatia:

203 4836 392 4893 Sancti
432 4837 673 4902 Joannis,
706 4836 857 4906 cujus
883 4836 969 4891 ille
999 4838 1292 4891 advocatus
1330 4836 1521 4901 trierat,
1550 4828 1793 4907 Burgcn-

202 4932 376 4992 sibus,
413 4932 601 4986 domos
629 4948 815 4985 eorum
847 4932 935 5000 qui
962 4930 1634 5000 conjuraverant,obsedit,
1662 4929 1794 4982 diri-

204 5027 347 5097 puit,
380 5042 442 5081 ac
473 5025 730 5090 incendit,
763 5040 827 5080 ex
864 5027 996 5081 urbe
1022 5026 1183 5081 etiam
1219 5042 1311 5082 eos
1344 5026 1566 5097 pepulit.
1600 5025 1798 5079 Archi-

202 5119 419 5187 diaconi
454 5119 613 5189 igitur
629 5134 751 5173 cum
773 5119 1091 5188 proceribus
1120 5118 1347 5173 Gerardi
1381 5120 1798 5187 iuteremptores

204 5212 409 5279 ubique
462 5210 564 5265 loci
624 5211 1130 5282 prosequebantur,
1184 5211 1500 5267 fidelitatem
1554 5210 1797 5267 absentis

206 5290 447 5376 episcopi
477 5320 637 5376 super
669 5306 772 5360 isto
800 5305 1216 5374 praetendentes.

836 5481 1063 5538 CAPUT
1110 5481 1199 5537 Vl.

287 5643 595 5698 lunaribus
612 5641 968 5698 sibiconciliat
988 5657 1183 5711 papam
1203 5636 1506 5693 Galdricus.
1521 5634 1802 5690 Guibertus

208 5739 281 5795 de
304 5739 583 5794 homicidio
614 5747 822 5809 patrato
852 5750 1138 5790 sermonem
1163 5733 1312 5786 habet
1335 5731 1404 5785 ad
1432 5728 1699 5801 populum.
1733 5756 1805 5769 -—

214 5833 289 5894 At
312 5834 596 5907 episcOpus
626 5833 808 5887 Romae
836 5846 894 5885 se
924 5823 1497 5893 cohibens,etdomini
1518 5820 1801 5893 apostolici

1873 549 1977 605 tur,
2009 549 2187 592 utrum
2215 539 2487 609 quidpiam
2523 539 2657 613 grati
2689 539 2923 592 rumoris
2956 554 2983 591 a
3018 541 3259 609 partibus
3289 540 3458 595 Gallio

1871 630 2021 683 canis
2072 628 2381 697 attingeret.
2443 612 2697 705 'l'andem
2754 628 2855 683 sibi
2924 645 3142 684 suorum
3206 642 3453 687 votorum

1870 723 2151 776 nuntiatus
2179 721 2422 789 effectus,
2452 738 2552 777 nec
2584 722 2859 777 dominum
2898 738 3089 792 papam
3136 724 3291 779 latuit
3336 735 3456 782 tan-

1872 821 1983 887 tum
2029 813 2080 866 iu
2112 821 2259 866 tanta
2289 798 2529 868 ecclesia~
2550 824 2918 885 perpetratum
2949 816 3145 871 scelus.
3196 817 3459 887 Loquitur

1873 905 1939 958 ad
1984 920 2176 976 papam
2228 905 2530 979 episcopus,
2565 915 2621 961 et
2666 908 3014 963 adulantibus
3045 910 3200 964 donis
3255 920 3459 965 tantam

1873 996 2035 1067 hujus
2083 998 2339 1052 facinoris
2395 1014 2486 1051 sus
2529 999 2757 1052 icionem
2816 1017 2853 1054 a—
2898 1017 2954 1055 se
3008 1003 3243 1073 depellit.
3288 1004 3464 1058 Rediit

1875 1088 2039 1141 igitur
2070 1086 2227 1141 solito
2255 1088 2427 1141 hetior
2454 1014 2522 1141 ab
2546 1089 2680 1141 urbe
2722 1088 3063 1141 Gualdrieus.
3096 1093 3334 1141 Ecclesia
3364 1112 3461 1141 mt-

1875 1088 2039 1157 igitur
2070 1086 2227 1141 solito
2255 1088 2427 1159 Ιέυιίον
2454 1086 2521 1141 ab
2546 1089 2680 1141 urbe
2722 1088 3063 1163 Gualdricus.
3096 1093 3335 1148 Ecclesia
3364 1112 3461 1149 au-

1876 1188 2005 1246 tem,
2037 1195 2197 1249 quam
2246 1181 2381 1234 adeo
2438 1179 2648 1255 nefario
2694 1180 2948 1256 violatam
3008 1194 3221 1238 constat
3281 1201 3463 1256 opere,

1876 1287 1996 1324 cum
2031 1272 2370 1325 reconciliari
2403 1282 2609 1341 egeret,
2641 1273 2850 1326 directo
2879 1274 2942 1326 ad
2984 1272 3312 1351 llucbertum
3355 1278 3468 1333 Sil-

1878 1373 2258 1427 vanecteusem
2293 1365 2601 1434 cpisc0pum
2646 1365 2839 1418 nuntio
2874 1365 2964 1434 qui
3005 1381 3174 1435 nuper
3212 1366 3468 1423 Simonire

1878 1468 1987 1506 sum
2009 1468 2168 1506 causa
2198 1463 2581 1509 exauctoratus
2611 1465 2715 1520 est,
2758 1456 2825 1509 ad
2882 1456 2932 1509 id
2981 1458 3346 1526 peragendum
3377 1472 3471 1511 ne-

1879 1544 2008 1615 gotii
2035 1546 2356 1599 accersitur.
2388 1547 2439 1599 In
2482 1563 2590 1616 quo
2629 1547 2810 1618 populi
2844 1548 3083 1618 clerique
3111 1561 3403 1618 conventu,
3437 1566 3469 1605 a

1880 1638 2085 1709 decano
2137 1638 2398 1693 Ecclesiae
2430 1682 2444 1706 ,
2500 1639 2753 1693 videlicet
2807 1641 3069 1715 magistro
3116 1643 3370 1710 Ansello,
3417 1654 3472 1698 et

1879 1730 2158 1783 canonicis
2205 1730 2506 1800 injunctum
2542 1731 2675 1786 mihi
2716 1740 2800 1785 est
2851 1742 2909 1785 ut
2956 1746 3119 1802 super
3172 1732 3471 1788 infortunio

1882 1820 2008 1887 illo,
2067 1824 2208 1899 quod
2251 1824 2553 1891 acciderat,
2596 1837 2903 1901 sermonem
2958 1825 3213 1901 haberem
3254 1826 3319 1879 ad
3376 1841 3473 1895 po-

1880 1915 2086 1984 pulum.
2146 1915 2309 1985 Cujus
2372 1918 2636 1972 orationis
2689 1928 2845 1972 tenor
2911 1900 3056 1987 hunc
3120 1929 3336 1973 secutus
3392 1929 3475 1991 est

1882 2023 2100 2062 SCIISUHI
2132 2028 2142 2061 ε

1956 2120 1975 2151 ‹
2016 2100 2237 2155 Salvum
2268 2118 2353 2160 me
2394 2103 2502 2169 fac,
2536 2104 2780 2181 inquam,
2832 2104 2971 2176 Deus
3004 2105 3257 2174 quoniam
3308 2105 3475 2157 intra-

1889 2211 1907 2242 ‹
1934 2204 2123 2247 verunt
2151 2211 2303 2275 aqum
2335 2212 2505 2267 usque
2528 2198 2593 2265 ad
2618 2198 2854 2263 animam
2881 2214 3078 2269 meam.
3120 2196 3321 2251 lulixus
3355 2214 3474 2252 sum

1888 2302 1904 2361 ξ
1932 2284 1982 2337 in
2016 2284 2499 2363 linmprofundi,et
2524 2276 2627 2341 non
2652 2296 2735 2361 est
2766 2287 3065 2355 substantia
3084 2287 3254 2357 (I’sal.
3282 2304 3474 2355 LXVIII,

1889 2394 1907 2427 ‹
1929 2378 1979 2442 1,
2011 2377 2088 2448 2).
2113 2397 2131 2429 ι
2164 2379 2228 2432 Et
2250 2379 2292 2433 si
2324 2362 2461 2432 mala
2499 2380 2863 2459 qualicunque
2892 2382 3153 2441 hactenus
3187 2382 3474 2447 habuistis,

1877 2469 1989 2539 jam
2018 2472 2268 2539 pervenit
2300 2488 2440 2526 nttnc
2467 2471 2675 2542 gladius
2699 2489 2868 2542 usque
2899 2474 2963 2527 ad
2993 2474 3228 2526 animam
3277 2458 3475 2527 meam.

1883 2548 2035 2619 infixi
2069 2567 2200 2619 estis
2248 2567 2301 2619 in
2330 2567 2461 2645 limo
2495 2565 2767 2637 profundi,
2808 2567 2933 2620 dtnn
2987 2567 3227 2635 peccatis
3260 2582 3477 2636 promc-

1884 2658 2129 2731 rentilius
2165 2660 2231 2713 ad
2261 2642 2505 2713 extrema
2546 2659 2711 2737 totius
2752 2642 3147 2726 desperationis
3185 2658 3324 2713 mala
3371 2658 3480 2711 rui-

1890 2752 2009 2806 stis.
2046 2751 2196 2805 lnter
2234 2752 2352 2805 hzec
2386 2752 2570 2825 itaque
2598 2767 2701 2817 non
2731 2760 2815 2806 est
2846 2751 3147 2821 substantia
3180 2769 3193 2813 ;
3237 2751 3363 2822 quia
3390 2767 3480 2807 co-

1887 2861 2028 2909 rum,
2062 2845 2127 2898 ad
2154 2860 2292 2915 quos
2325 2846 2376 2898 in
2412 2844 2668 2913 periculis
2692 2828 3135 2901 concurrendum
3169 2845 3322 2901 vobis
3361 2846 3476 2919 l'ue‘

1888 2947 1992 3015 rat,
2039 2946 2313 2992 rectorum
2356 2937 2608 2991 videlicet
2654 2946 2990 3007 vestrorum,
3066 2952 3128 2991 ac
3185 2922 3476 3007 procerum

1890 3014 2147 3084 benestas
2181 3030 2289 3083 ruit
2344 3040 2507 3098 atque
2553 3016 2818 3098 potentia.
2857 3016 3015 3082 Etsi
3074 3014 3302 3100 corpora
3354 3038 3482 3103 sunt

1889 3121 2177 3190 aliquoties
2200 3102 2409 3173 mutuis
2438 3120 2828 3191 hostilitatibus
2857 3134 3068 3188 pressa,
3105 3129 3283 3191 tamen
3317 3102 3479 3175 vaca;

1886 3214 1981 3267 bat
2010 3212 2212 3274 anima,
2246 3211 2372 3283 quia
2406 3210 2492 3263 illa
2520 3210 2699 3279 inqua
2733 3210 2924 3264 salutis
2949 3209 3178 3265 intentio
3206 3210 3479 3275 manebat,

1890 3305 2107 3379 interne
2156 3302 2540 3379 ﬂorentissima
2570 3303 2689 3357 sine
2720 3301 2841 3356 ullis
2874 3302 3029 3355 malis
3076 3286 3479 3379 jucundabatnr

1888 3374 2152 3469 Ecclesia.
2179 3378 2342 3462 Aqute
2370 3374 2500 3462 ergo
2527 3400 2579 3477 et
2624 3392 2835 3463 gladius
2868 3392 3072 3445 intrant
3096 3374 3162 3445 ad
3212 3392 3477 3456 animam,

1887 3487 2013 3541 dum
2051 3486 2426 3540 tribulationes
2452 3474 2775 3557 ‘et'dissidia
2807 3484 3083 3539 interioris
3110 3500 3360 3540 recursus
3390 3502 3484 3556 pe-

1888 3578 2427 3653 tiett'atit.ctpolltttint
2451 3578 2819 3631 sanctitatem.
2845 3577 3088 3647 thuam
3116 3578 3483 3648 putatislocus

1889 3674 1991 3728 iste
2019 3664 2261 3727 obtineat
2302 3672 2410 3740 jam
2450 3670 2589 3739 apud
2625 3686 2741 3737 vos,
2774 3669 2864 3739 qui
2897 3671 3198 3747 spiritualia
3234 3671 3478 3737 nescitis,

1892 3764 2244 3835 dignitatem,
2291 3762 2381 3832 qui
2436 3761 2640 3845 nullam
2690 3770 2914 3832 praestat
2956 3762 3117 3815 etiam
3169 3764 3481 3845 orationum

1891 3863 2210 3931 corporibus
2241 3861 2661 3915 immunitatetn.
2702 3860 2844 3915 Ecce
2889 3880 2905 3912 ‹
2942 3859 3091 3939 misit
3118 3860 3171 3913 in
3202 3872 3301 3912 nos
3344 3858 3482 3911 Deus

1896 3975 1913 4007 ι
1934 3956 2067 4009 iram
2094 3954 2478 4024 indignationis
2522 3970 2653 4019 sum,
2686 3954 3135 4024 indignationem,
3167 3962 3220 4005 et
3246 3954 3402 4015 iram,
3429 3961 3482 4004 ct

1898 4068 1914 4101 ι
1940 4049 2362 4115 tribulationem,
2387 4049 2752 4104 immissiones
2777 4064 2871 4121 per
2885 4048 3101 4117 angelos
3115 4046 3283 4101 malos
3303 4045 3476 4115 (l’sal.

1898 4159 1915 4192 ‹
1937 4130 2279 4211 txxvtt,49).
2310 4159 2327 4190 ι
2365 4138 2447 4194 lra
2471 4148 2553 4193 est
2590 4139 2994 4217 indignationis,
3027 4139 3103 4191 ira
3133 4153 3198 4215 ea
3232 4137 3483 4215 indigna-

1897 4235 2040 4289 tione
2064 4242 2342 4303 concepta.
2374 4232 2645 4302 lndignari
2677 4232 2819 4286 sicut
2844 4230 3203 4303 scitis,minus
3228 4239 3482 4303 estquam

1895 4325 2076 4381 irasci.
2127 4322 2313 4379 Nonne
2364 4323 2571 4376 meritis
2612 4331 2961 4397 peccatorum
3008 4328 3311 4373 vestrorum
3348 4316 3485 4371 imii-

1895 4415 2162 4485 g‘nahatur
2208 4414 2371 4477 Deus,
2410 4428 2531 4479 cum
2563 4420 2716 4464 extra
2750 4400 2935 4489 urbem
2964 4418 3203 4487 vestram
3250 4409 3480 4485 prredas,

1826 4508 2151 4592 Dinccndia
2199 4518 2363 4575 atque
2415 4521 2577 4560 neces
2635 4505 2828 4583 crebro
2881 4502 3244 4577 pateremiui?
3295 4500 3483 4559 Nonne

1899 4600 2265 4675 irascebatur,
2317 4613 2439 4665 cum
2498 4597 2749 4651 forastica
2806 4594 2943 4651 bella
3004 4594 3142 4675 intra
3203 4594 3482 4669 civitatem

1898 4676 2040 4769 hanc
2065 4694 2325 4748 translata
2357 4701 2506 4757 sunt,
2536 4702 2590 4747 et
2614 4691 2793 4746 civilia
2834 4691 2975 4745 inter
3010 4668 3109 4757 nos
3142 4690 3332 4761 agitari
3370 4699 3485 4746 Cte-

1898 4799 2093 4861 perunt
2120 4788 2288 4843 odia?
2318 4786 2452 4863 Cum
2488 4786 2691 4841 domini
2724 4785 2774 4838 in
2810 4785 3131 4859 Burgenses,
3179 4784 3487 4863 Burgenses

1901 4882 1954 4936 in
1998 4882 2244 4936 dominos
2277 4860 2479 4934 mutuis
2515 4877 2911 4932 irritationibus
2936 4860 3321 4949 moverentur?
3351 4877 3485 4951 Cum

1900 4976 2171 5031 abbatiani
2224 4974 2277 5028 in
2306 4974 2682 5047 episcopanos,
2720 4954 3031 5043 episeopani
3082 4972 3134 5024 in
3168 4970 3488 5025 abbatianos

1900 5069 2138 5129 indebite
2168 5068 2325 5124 hoste
2352 5065 2700 5122 defurerent?
2755 5064 2859 5119 Sed
2912 5065 3035 5133 quia
3093 5062 3394 5131 indignatio
3432 5071 3487 5133 et

1906 5162 1985 5233 ira
2017 5160 2217 5215 nullam
2246 5160 2399 5214 vobis
2422 5158 2603 5213 attulit
2626 5157 3042 5221 correctionem,
3076 5156 3289 5229 tandem
3313 5154 3487 5210 obdu—

1898 5257 2036 5327 ratis
2061 5256 2334 5309 mentibus
2358 5254 2583 5325 ingessit
2614 5251 3037 5307 tribulationem.
3065 5247 3198 5302 Nam
3217 5262 3323 5303 non
3351 5263 3486 5317 qua-

1900 5350 2184 5421 liscunque
2206 5348 2444 5404 Ecclesia
2477 5345 2805 5403 Christianis
2837 5343 3036 5409 foedata
3056 5342 3363 5421 cruoribus,
3387 5357 3488 5397 nec

1898 5453 2115 5513 cceptus
2165 5443 2289 5498 alibi
2345 5440 2607 5495 bellorum
2659 5446 2836 5491 motus
2883 5436 2934 5490 in
2976 5435 3271 5490 Ecetesiam
3324 5433 3485 5504 503

1902 5534 2185 5604 compulit,
2240 5542 2295 5597 et
2345 5530 2712 5601 pessumdedit
2756 5526 3043 5598 fugientes.
3083 5526 3174 5591 sed
3218 5525 3490 5594 malignis-

1906 5631 2075 5686 simus
2112 5627 2380 5697 appetitus
2422 5612 2659 5680 scelesta
2682 5621 2992 5692 provisione
3025 5620 3319 5690 depositus,
3367 5626 3489 5683 ante

1906 5720 2105 5778 Christi
2158 5720 2284 5775 Jesu
2328 5719 2380 5773 in
2413 5732 2574 5772 cruce
2627 5713 2911 5785 pendentis
2956 5713 3266 5785 imaginem,
3312 5710 3487 5775 virum

1913 5812 2202 5870 trucidavit
2230 5820 2496 5865 orantem.
2544 5806 2678 5877 Non,
2704 5808 2945 5878 inquam,
2976 5804 3365 5876 qualiscunque
3393 5799 3492 5871 Ec-
