3982 6346
601 358 706 417 919

1465 348 1526 402 ν.
1551 344 1879 404 GUIBERTI
1908 346 2170 402 ABBA'l‘lt

2277 385 2291 399 .
2335 338 2576 400 MARUE
2612 342 2700 399 DE
2733 340 3133 401 NOVIGENTO
3724 354 3789 412 Μ

600 475 786 541 clesia,
832 473 924 529 sed
980 464 1340 526 Ecclesiarum
1400 463 1587 520 Gallia:
1642 463 2073 527 Flore'ttissima,
2124 470 2179 517 et
2207 465 2256 526 Α
2285 463 2530 529 duceret,
2565 477 2686 518 cum
2715 476 2781 517 ex
2821 461 2936 530 ejus
2963 461 3137 517 latere
3183 460 3451 518 diutinam
3480 460 3682 522 fabulam
3712 487 3793 528 cun

600 568 759 639 cujus
809 565 1061 620 Latinum
1114 560 1300 616 orbem
1361 556 1839 629 praetergrediatur
1906 554 2185 609 fama.'Et

598 673 758 731 quem
782 656 995 711 virum?
1036 652 1223 708 Nonne
1252 666 1374 707 eum
1406 665 1568 719 quem
1598 656 1651 702 et
1701 662 1871 716 genus
1903 660 2181 701 commcn-

597 748 762 806 dabat
791 748 1091 820 egregium,
1145 754 1201 800 et
1249 740 1701 814 przestantissima
1734 739 1880 793 tenui
1930 753 2180 809 corpore,

595 842 759 897 corde.
777 839 1122 910 magnanimo
1138 837 1380 893 feceram
1406 832 1760 889 totiFranciac
1785 847 1935 886 arma
1962 831 2183 886 notum?

593 932 769 989 Locus
795 934 961 1004 igitur
988 942 1043 987 et
1062 932 1267 987 crimen
1297 938 1351 984 et
1374 928 1607 983 dedecus
1638 925 1839 996 ubique
1866 924 2179 995 vulgabunt.

594 1024 650 1080 Si
675 1041 806 1096 ergo
835 1041 901 1080 ex
932 1025 1132 1088 animo,
1165 1037 1233 1076 ex
1262 1021 1384 1075 imis
1415 1017 1733 1089 praecordiis
1760 1032 1856 1086 pro
1887 1015 2181 1070 miserabili

590 1126 785 1172 eventu
815 1133 920 1171 non
952 1112 1286 1170 tribulamini
1318 1129 1332 1177 ;
1382 1112 1426 1167 si
1458 1127 1561 1166 non
1600 1110 1967 1163 dehonestatre
2019 1117 2180 1161 tantte

590 1206 867 1261 sanctitati
899 1202 1327 1274 eompatiamini,
1358 1201 1543 1257 sciatis
1575 1200 1793 1255 indubie
1840 1200 2006 1254 Deum
2038 1198 2179 1251 viam

588 1297 862 1351 facturum
886 1294 1095 1350 sémitte
1121 1295 1214 1348 ira:
1244 1308 1377 1359 suaz,
1410 1291 1808 1346 animositatem
1833 1288 2038 1342 scilicet
2062 1303 2180 1357 quae

590 1387 795 1442 latebat
825 1388 876 1443 in
907 1397 1090 1457 aperta
1133 1387 1294 1440 vestri
1342 1385 1647 1456 perditione
1694 1382 2067 1435 dilataturum.
2113 1381 2180 1435 Et

590 1479 862 1550 quomodo
902 1479 1102 1547 putatis
1144 1493 1364 1547 parsum
1409 1476 1474 1530 iri
1527 1475 1697 1531 Deum
1731 1476 1783 1528 in
1828 1471 2178 1528 conclusione

584 1572 974 1639 jutnentorum,
1012 1571 1062 1624 id
1117 1578 1202 1623 cst
1245 1585 1534 1640 corporum
1572 1579 1902 1632 vestrorum,
1961 1566 2051 1635 qui
2108 1565 2176 1620 ob

585 1660 1115 1731 incorrigibilitatem
1156 1670 1417 1725 vestram,
1459 1660 1621 1714 morti
1652 1675 1759 1713 non
1792 1657 2037 1728 pepercit
2062 1655 2177 1709 ani-

583 1754 832 1806 marum?
884 1751 1020 1806 Cum
1079 1753 1243 1822 igitur
1297 1751 1536 1820 pessimo
1592 1764 1851 1819 processu
1911 1747 2173 1818 graduum

2290 553 2417 618 illis,
2446 570 2583 625 quos
2615 554 2717 609 sibi
2762 553 2907 609 solos
2951 553 3336 609 arbitrabatur
3389 554 3583 623 fideles,
3621 558 3794 619 haberet

2289 643 2415 699 inde
2439 646 2767 716 digrediens,
2807 646 3078 702 Codiciaci
3116 645 3316 719 (vulgo
3365 645 3553 720 Coucy)
3586 666 3686 706 cum
3714 655 3797 726 ipsis

2288 736 2544 792 omnibus
2575 736 2879 806 hospitatus
2908 746 3012 793 est.

2358 824 2676 882 Gualdrirus
2702 829 2891 883 milites
2914 839 3224 902 congregat,
3238 832 3604 903 minitaturque
3619 850 3665 888 se
3681 840 3799 893 urbe.

2287 927 2495 972 arntata
2517 935 2677 972 manu
2706 921 3098 989 ingressurum;
3137 921 3238 975 sed
3267 923 3492 991 frustra.
3541 953 3602 963 —
3624 924 3718 991 Quo
3738 944 3801 999 ego

2285 1022 2585 1082 comperto,
2622 1029 2744 1068 cum
2791 1013 2948 1069 valde
2996 1014 3162 1069 talem
3211 1014 3336 1084 ejus
3371 1016 3602 1072 habitum
3629 1017 3802 1077 bemus.

2285 1121 2422 1171 sem,
2467 1107 2689 1161 omnino
2718 1122 2805 1162 tne
2853 1107 2921 1162 ab
2968 1107 3086 1179 ejus
3138 1110 3404 1164 contuitu
3455 1127 3517 1167 ac
3557 1112 3801 1170 salutatione

2284 1199 2551 1253 continui.
2583 1198 2684 1266 Qui
2714 1209 2837 1269 post
2868 1200 3125 1267 triduum,
3152 1201 3215 1255 ni
3240 1200 3427 1269 fallor,
3452 1204 3612 1275 sopita
3632 1210 3800 1261 exterius

2283 1304 2389 1358 qua
2420 1289 2562 1343 intro
2600 1290 2667 1344 ad
2698 1280 2783 1345 me
2813 1306 3031 1347 versum
3059 1293 3317 1362 spirabat
3346 1295 3592 1350 vecordia
3622 1296 3801 1365 (multum

2282 1382 2426 1436 enim
2471 1397 2559 1435 me
2610 1382 2752 1452 apud
2783 1398 2905 1437 eum
2953 1399 3052 1454 pro
3092 1386 3440 1455 supradictis
3480 1385 3699 1443 laterales
3726 1388 3799 1456 ejus

2282 1474 2646 1545 areesscrant)
2674 1476 2949 1531 mandavit
2979 1485 3039 1531 ut
3067 1480 3132 1532 ad
3178 1493 3243 1534 se
3275 1480 3541 1534 venirem.
3588 1480 3686 1547 Quo
3723 1496 3801 1535 una

2282 1582 2369 1622 me
2388 1568 2779 1633 exhibuissem,
2804 1578 2859 1623 et
2876 1568 3095 1624 domum
3122 1570 3350 1641 plenam
3385 1572 3799 1635 excommunicatis,

2282 1658 2673 1727 homicidisque
2710 1659 2993 1725 vidissem,
3043 1662 3303 1725 mstuavi,
3359 1661 3642 1716 exclusioni
3666 1676 3745 1716 suae
3764 1672 3801 1714 ut

2282 1747 2508 1819 [videtur
2546 1750 2723 1803 deesse
2775 1750 2905 1821 non]
2944 1751 3254 1818 anniterer,
3305 1751 3610 1822 postulavit,
3633 1751 3797 1806 ostensis

583 1843 766 1898 divina
802 1845 855 1897 in
886 1859 985 1897 nos
1004 1821 1390 1912 proinoveatur
1421 1841 1577 1908 ultio,
1608 1841 1888 1895 sciendum
1916 1847 1999 1892 est
2024 1837 2177 1892 vobis
2210 1821 2252 1876 Β
2278 1853 2431 1909 papae
2466 1838 2707 1909 syllabis.
2736 1839 3012 1894 Auxilium
3042 1841 3206 1910 quale
3239 1821 3462 1911 possem
3510 1840 3742 1905 fallaciter,
3763 1850 3798 1892 tu

584 1934 712 2002 quia
743 1932 846 1987 nisi
869 1934 970 1987 sub
993 1932 1089 1986 Dei
1114 1932 1266 1999 virga
1299 1946 1396 1985 vos
1427 1930 1826 1986 cmendatiores
1848 1928 2171 1994 exhibeatis,

585 2025 729 2093 quod
783 2024 833 2078 in
887 2032 1088 2077 statum
1128 2023 1491 2091 undecunque
1543 2021 1905 2085 teterrimum,
1960 2033 2057 2089 per
2112 2032 2174 2073 ca

585 2130 707 2186 qua:
735 2115 878 2170 inter
898 2130 995 2169 vos
1020 2115 1333 2170 coalescunt
1365 2116 1619 2170 intestina
1646 2113 1806 2179 bella,
1844 2113 2071 2168 cadatis.
2118 2132 2137 2166 ι

654 2205 1027 2274 Interfectores
1040 2205 1517 2259 excommunicatos
1542 2204 1848 2275 pronuntiat
1870 2200 2172 2270 Guibertus,

582 2312 685 2367 quo
708 2298 841 2350 iram
868 2298 1086 2351 incurrit
1111 2298 1533 2369 conjuratorum.
1557 2329 1624 2337 —
1651 2296 1776 2353 Hinc
1808 2297 2022 2366 aliaque
2046 2312 2176 2351 con-

587 2401 799 2457 texens,
846 2391 991 2447 clero
1034 2386 1279 2460 jub'ente,
1335 2391 1644 2463 populoque
1694 2391 1931 2455 volente,
1977 2389 2175 2446 nobilis

584 2482 732 2538 illius
780 2484 1019 2538 hominis
1052 2494 1456 2554 peremptores,
1510 2484 1862 2555 ejusdemque
1914 2481 2175 2537 facinoris

580 2573 842 2640 fautores,
874 2584 929 2630 et
961 2576 1278 2645 complicem
1326 2591 1425 2645 per
1470 2576 1788 2645 praedictum
1838 2576 2172 2647 ep’scopum,

582 2667 674 2735 qui
706 2668 1092 2722 reconciliabat
1108 2667 1423 2735 ecclesiam,
1440 2667 1992 2724 excommunicandos
2007 2682 2176 2722 enun-

580 2757 736 2824 tiavi,
772 2774 871 2814 nec
908 2759 1090 2814 minus
1136 2774 1251 2824 eos,
1304 2758 1398 2829 qui
1449 2759 1703 2829 praesidio
1737 2759 1817 2813 eis
1844 2768 2049 2825 essent,
2082 2765 2173 2811 aut

579 2846 996 2903 contubernium
1029 2850 1358 2920 praeberent.
1412 2849 1622 2917 Quibus
1671 2864 1769 2919 per
1797 2852 2041 2905 omnium
2074 2865 2169 2904 ora

580 2940 1068 2995 excommunicatis
1101 2981 1119 3008 ,
1169 2940 1402 2997 ecclesia
1456 2941 1771 2997 solemniter
1822 2942 2174 2997 reconciliata

577 3042 681 3087 est.
713 3032 926 3090 Interea
952 3035 1019 3089 ad
1044 3049 1205 3089 aures
1239 3034 1754 3090 archidiaconornm
1783 3043 1837 3089 et
1858 3049 2167 3105 ptoccmm,

578 3126 669 3195 qui
723 3128 789 3181 ah
823 3128 1029 3182 urbana
1084 3128 1346 3182 societate
1379 3127 1756 3191 desciverant,
1805 3125 2169 3181 anathematis

576 3216 740 3287 hujus
771 3219 1042 3273 sententia
1068 3218 1375 3273 devehitur.
1406 3219 1463 3273 In
1492 3235 1579 3274 me
1600 3219 1767 3288 igitur
1788 3235 1887 3289 pro
1918 3233 2169 3274 sermone

574 3309 787 3378 habito,
817 3312 1487 3367 ctexcommunicationis
1539 3312 2006 3383 pronuntiatione,
2053 3329 2170 3368 om-

575 3400 724 3455 nium
755 3402 968 3456 illorum
996 3403 1341 3459 exclusorum
1380 3419 1647 3460 conversa
1689 3416 1817 3460 sunt
1860 3404 2010 3472 odia,
2048 3421 2167 3460 ma-

574 3490 719 3546 xime
751 3484 959 3548 Galteri
1005 3494 1374 3550 archidiaconi
1404 3497 1626 3565 grandis
1656 3505 1741 3552 est
1767 3497 2052 3553 adversum
2083 3513 2171 3553 me

575 3598 837 3639 succensa
871 3587 1146 3642 vecordia.
1176 3587 1308 3671 Erat
1338 3588 1605 3660 siquidem
1636 3591 1827 3646 audire
1849 3573 2169 3646 immanem

574 3677 861 3745 tonitrum,
897 3678 981 3732 cui
1015 3688 1222 3745 tamen,
1262 3681 1373 3735 Deo
1399 3690 1643 3749 auctore,
1689 3680 1964 3753 fulgurum
1993 3680 2169 3737 nullus

574 3783 733 3823 casus
754 3770 1063 3825 accesserit.
1082 3769 1233 3825 Clam
1252 3772 1304 3825 in
1335 3787 1441 3836 me,
1475 3772 1533 3827 in
1558 3781 1813 3843 promptu
1839 3773 2163 3830 reverentia.

577 3857 749 3930 Igitur
778 3860 845 3914 ad
870 3876 986 3915 rem
1010 3861 1297 3917 redeamus
1328 3863 1615 3918 omissam.

1145 3953 1376 4010 CAPUT
1416 3954 1482 4009 Ἦ
1501 3957 1595 4010 bis.

646 4044 818 4100 Roma
859 4048 1129 4117 episcopus
1156 4046 1473 4101 Lauduuum
1518 4049 1673 4103 venit.
1717 4048 1989 4121 Praecepto
2026 4054 2167 4123 regio

575 4137 761 4191 domus
795 4137 1103 4209 episcopalis
1138 4138 1467 4194 exinanitur.
1496 4168 1566 4179 -—
1602 4140 1863 4199 Armatus
1894 4144 2085 4213 sigillis
2113 4152 2170 4202 et

575 4226 820 4296 apicibus
849 4227 1161 4298 apostolicis
1190 4228 1443 4284 dominus
1483 4232 1681 4299 praesul
1720 4232 1891 4287 Roma
1924 4236 2167 4306 regredi-

575 4326 680 4373 tur.
709 4319 825 4375 Rex
848 4330 1026 4403 autem
1060 4320 1302 4377 Gerardo
1330 4322 1532 4390 occiso,
1562 4326 1821 4396 quoniam
1844 4328 2165 4399 episcopum

574 4410 735 4480 hujus
774 4410 1034 4467 facinoris
1069 4413 1347 4468 conscium
1379 4415 1603 4470 omnino
1640 4416 1990 4487 opinabatur,
2023 4418 2166 4489 quod

2281 1927 2389 1983 scis
2422 1927 2590 1992 Deus,
2614 1937 2667 1981 et
2696 1942 2802 1982 non
2830 1942 2896 1983 ex
2928 1931 3095 1986 corde
3117 1930 3422 2001 spopondi.
3450 1928 3680 1985 Videbam
3704 1928 3796 1983 enim

2279 2034 2408 2076 vera
2438 2019 2554 2090 ejus
2582 2020 2745 2089 mala,
2780 2037 2903 2078 cum
2934 2023 3021 2088 iis,
3067 2039 3209 2096 quos
3240 2024 3493 2080 Ecclesia
3537 2040 3623 2079 sua
3644 2038 3797 2078 excelso

2280 2113 2693 2185 municaverat,
2750 2116 2953 2186 quique
3004 2131 3124 2169 eam
3186 2124 3477 2186 tantopere
3525 2114 3794 2177 fiedavennt,

2281 2206 2713 2274 communicare,
2744 2223 2867 2264 cum
2924 2208 3285 2279 lngelrannus
3322 2208 3413 2264 ille
3441 2208 3736 2279 praescriptus
3762 2205 3794 2260 ei

2280 2300 2564 2367 assideret,
2606 2309 2664 2355 et
2692 2300 2966 2356 comitissa
3004 2302 3292 2371 praedicta,
3348 2316 3471 2371 qua:
3509 2298 3662 2371 pridie
3688 2310 3793 2367 quan

2280 2392 2552 2449 Gerardus
2576 2394 2853 2461 interiret,
2877 2394 3085 2450 duobus
3123 2395 3235 2449 illis
3260 2394 3515 2449 interitus
3542 2391 3643 2462 ejus
3663 2400 3789 2444 aucto-

2280 2487 2458 2554 ribus,
2488 2487 2694 2559 gladios
2720 2504 2847 2544 suos
2885 2488 3101 2558 propria
3125 2488 3320 2561 lingua
3354 2495 3588 2549 acuerat,
3614 2492 3791 2556 aggratn-

2279 2578 2492 2633 labatur
2525 2578 2814 2634 affectibus
2855 2577 2943 2652 [[.,
2987 2594 3178 2634 eorum
3213 2576 3542 2649 affectibus].
3569 2575 3679 2643 Quia
3709 2586 3790 2641 ergo

2278 2669 2428 2739 regio
2449 2667 2607 2737 jussu
2635 2670 2925 2724 arcebatur
2967 2670 3034 2724 ab
3065 2672 3227 2737 urbe,
3269 2667 3556 2725 temeraria
3583 2665 3711 2720 nimis
3731 2678 3790 2716 aa-

2278 2758 2435 2813 dacia
2482 2758 2796 2814 minabatur
2845 2773 2906 2813 se
2961 2758 3341 2831 ingressurum
3416 2753 3787 2812 succenturiatum

2278 2849 2605 2905 militaribus
2651 2849 2753 2905 alis
2812 2850 2865 2904 in
2912 2850 3134 2917 urbem;
3179 2859 3238 2905 et
3278 2849 3429 2920 quod
3483 2844 3734 2901 Caesaribus
3755 2848 3789 2893 et

2276 2942 2536 3012 Augustis
2563 2942 2652 2995 vix
2672 2942 2930 3013 possibile
2965 2943 3127 3009 foret,
3162 2944 3270 2999 hoc
3292 2958 3354 2999 se
3397 2938 3650 2997 asserebat
3669 2948 3785 2990 armo-

2278 3051 2399 3090 rum
2446 3034 2703 3089 violentia
2745 3044 3126 3106 peracturum.
3169 3035 3395 3090 Manum
3447 3034 3612 3102 itaqu:
3639 3027 3786 3095 collegit

2276 3133 2690 3196 equestrem,et
2735 3126 2921 3197 copias
2968 3125 3334 3194 plurimarum
3383 3137 3513 3193 quas
3563 3134 3651 3175 non
3694 3115 3783 3169 bene

2273 3219 2607 3275 conflaverat
2635 3233 2841 3284 rerum,
2881 3217 2999 3273 sine
3038 3216 3172 3284 ulla,
3210 3226 3271 3272 ut
3305 3215 3496 3272 solitus
3540 3218 3657 3275 erat,
3683 3206 3783 3273 finge

2274 3312 2634 3392 consumpsit.
2662 3310 2908 3367 Tandem
2947 3326 3072 3365 cum
3100 3310 3242 3365 nihil
3272 3309 3382 3365 nisi
3409 3303 3662 3363 ridiculum
3696 3295 3780 3368 quid

2273 3404 2341 3460 de
2368 3413 2448 3459 tot
2491 3404 2793 3459 auxiliariis
2836 3402 3190 3470 confecisset,
3249 3417 3353 3473 per
3385 3392 3711 3471 internuntios
3745 3399 3782 3440 se

2276 3510 2511 3566 suosque
2541 3495 2595 3550 in
2626 3511 2762 3552 nece
2797 3494 3027 3574 Gerardi
3070 3492 3395 3565 complices,
3436 3489 3574 3546 urbis
3597 3480 3776 3539 videlicet

2274 3602 2396 3642 cum
2428 3597 2658 3658 utroque
2679 3586 3065 3643 archidiacono
3092 3600 3378 3657 proceres,
3414 3594 3603 3652 magno
3623 3580 3779 3646 ³88⁸⁵⁸³

2273 3694 2558 3735 munerum
2606 3695 2730 3735 cum
2772 3677 3047 3734 Ludovico
3099 3678 3344 3751 Philippi
3397 3673 3536 3746 regis
3578 3667 3668 3724 filio
3695 3673 3777 3733 rege

2272 3775 2598 3845 composuit.

2342 3844 2451 3922 Eos
2476 3867 2566 3938 qui
2587 3867 2644 3922 in
2668 3867 2976 3937 conjuratos
3004 3867 3408 3922 insurrexerunt
3443 3861 3673 3948 ep53€0P“‘_
3693 3844 3777 3948 (ξαρ

2270 3958 2449 4013 dricus
2478 3958 2810 4013 anathemate
2858 3958 3101 4029 percutit.
3149 3986 3221 3997 —
3272 3956 3620 4023 lntrogressus
3663 3940 3774 4029 ίεηυτ

2270 4052 2494 4117 urbem,
2544 4066 2667 4107 cum
2732 4028 2875 4120 apud
2928 4050 3194 4107 Sanctum
3245 4047 3524 4105 Nicolaum
3572 4037 3630 4093 de

2272 4142 2715 4198 conventiculum
2741 4142 3095 4209 celebrasset,
3129 4142 3275 4196 inter
3317 4139 3526 4199 missas,
3553 4138 3664 4199 quas
3683 4114 3770 4173 inIbI

2272 4237 2486 4309 agebat,
2512 4236 3109 4293 exeommunicaturum
3145 4251 3205 4292 se
3238 4251 3354 4299 eos,
3410 4229 3497 4301 qui
3539 4219 3770 4287 οοηῙυηίθί

2270 4327 2393 4383 illos
2421 4327 2582 4384 rebus
2624 4326 2737 4383 suis
2788 4328 3218 4397 abdamnarant,
3264 4318 3505 4381 Gerardo
3540 4309 3766 4399 Pmmpuf‘

2272 4418 2340 4474 ab
2370 4417 2504 4473 urbe
2528 4417 2863 4487 prodierant,
2899 4419 3238 4488 pronuntiat.
3273 4416 3428 4487 Quod
3476 4421 3586 4463 Cum
3626 4401 3769 4488 6803!“

573 4500 756 4557 fucata
808 4506 1052 4561 absentia
1106 4517 1293 4579 tegere
1344 4509 1644 4576 nitebatur,
1697 4520 1869 4566 totam
1923 4481 2164 4582 episcopi
2194 4510 2375 4589 Ddici
2397 4510 2743 4576 audivissem,
2771 4510 3249 4566 cuidamcoabbati
3270 4524 3391 4565 meo
3417 4491 3640 4561 assidenti
3662 4481 3762 4589 utqu

576 4591 805 4657 curiam,
834 4593 1011 4667 fruge,
1037 4597 1186 4663 vino,
1220 4614 1286 4654 ac
1333 4599 1507 4655 larido
1554 4600 1776 4671 spoliari
1808 4611 2163 4673 praeceperat,

573 4698 675 4737 nec
697 4687 945 4741 eumdem
987 4688 1171 4745 Romae
1199 4692 1460 4761 positum,
1488 4694 1667 4765 praeda
1696 4703 1750 4751 et
1778 4696 1975 4766 praedae
1999 4712 2164 4753 causa

572 4777 826 4832 latuerat.
851 4779 993 4850 Ergo
1025 4783 1090 4835 ad
1118 4797 1321 4854 regem,
1352 4785 1444 4855 qui
1480 4802 1603 4843 eum
1631 4803 1658 4841 a
1700 4788 1829 4843 sede
1872 4790 2165 4844 arcendum

574 4880 882 4934 censuerat,
903 4872 1124 4943 suisque
1145 4876 1473 4945 privaverat,
1490 4879 1685 4935 littera:
1706 4888 1829 4935 sunt
1857 4880 2165 4950 destinata,

571 4962 639 5016 ad
671 4962 1023 5033 coepiscopos
1048 4971 1103 5017 et
1131 4965 1357 5021 abbates
1384 4983 1495 5024 suae
1524 4979 1579 5025 et
1611 4970 1842 5026 aliorum
1867 4972 2165 5029 dieeceseos

572 5053 759 5109 alterae
804 5056 871 5111 ab
901 5071 967 5111 eo
1005 5065 1132 5111 sunt
1170 5056 1378 5126 allatae;
1423 5061 1516 5117 sed
1548 5065 1807 5132 quoniam
1850 5066 1995 5120 inter
2026 5066 2168 5122 Lau-

572 5147 863 5214 dunenses,
893 5157 949 5202 et
972 5147 1225 5214 Suessos,
1256 5158 1475 5220 pontem
1500 5154 1709 5222 Aquilae
1752 5136 1923 5211 Fluvii
1957 5156 2164 5214 limita-

569 5254 731 5293 neum
756 5255 876 5296 esse
913 5242 1283 5312 praediximus,
1321 5244 1618 5300 introeunti
1650 5247 1697 5300 ei
1741 5248 1972 5317 primam
2002 5264 2166 5320 paro-

572 5326 707 5382 cbite
724 5332 953 5401 propriae
970 5333 1179 5403 glebam
1199 5346 1494 5390 occurrunt
1525 5351 1776 5408 propere,
1793 5355 1930 5409 quos
1953 5340 2165 5411 pridem

572 5423 1241 5482 excommunieaveramus
1272 5427 1644 5485 archidiaconi
1682 5432 1767 5487 sui
1796 5440 1849 5487 et
1878 5447 2161 5504 proceres.

570 5506 722 5575 Quos
766 5514 929 5568 tantis
953 5517 1260 5573 os'culorum
1308 5528 1471 5592 atque
1504 5522 1880 5593 complexuum
1928 5525 2166 5595 suscepit

572 5599 857 5657 affectibus
887 5615 945 5657 ut
982 5606 1159 5665 Beatae
1205 5611 1408 5681 Mariae,
1453 5615 1539 5669 cui
1586 5616 1697 5671 Deo
1732 5625 1953 5673 auctore
1997 5619 2164 5674 servi-

568 5710 712 5762 mus,
767 5696 1075 5766 ecclesiam,
1126 5717 1288 5771 quam
1334 5707 1387 5760 in
1434 5708 1518 5762 sui
1560 5707 1760 5763 finibus
1816 5710 2163 5780 pontificatus

565 5791 798 5863 primam
829 5789 1153 5864 offenderat,
1184 5811 1282 5854 suo
1307 5799 1530 5858 visitatu
1556 5818 1898 5874 nequaquam
1938 5805 2159 5877 dignam

2276 5804 2694 5864 municationem
2740 5804 2902 5861 talem
2954 5801 3364 5880 detestantibus)
3399 5797 3516 5859 illos:

2271 4602 2387 4656 auri
2447 4600 2561 4671 ejus
2621 4602 3067 4670 immurmurans,
3120 4601 3253 4657 aio:
3288 4598 3446 4662 Audi,
3492 4582 3763 4664 quaso,”

2270 4702 2679 4765 praeposteram.
2694 4694 3184 4750 Excommunicare
3198 4693 3453 4750 debuerat
3471 4697 3554 4742 eos
3569 4675 3641 4748 qui
3658 4673 3759 4765 5qu

2272 4760 2682 4844 tam-horrendo
2710 4787 2954 4844 facinore
2988 4760 3762 4867 altantinaverunteccleijflll’f

2272 4882 2457 4952 ipsein
2481 4882 2878 4938 homicidarum
2907 4881 3193 4952 punituros
3218 4880 3306 4953 [f.,
3324 4858 3621 4951 punitorum]

2272 4982 2328 5030 et
2356 4973 2603 5029 criminis
2632 4973 2877 5035 vindices
2898 4987 3087 5045 ptenas
3116 4972 3413 5029 ulciscitur.
3458 4964 3520 5019 At
3546 4949 3757 5045 episcottll‘i

2273 5064 2517 5119 omnium
2548 5064 2815 5119 bonarum
2842 5063 3299 5119 conscientiarum
3326 5054 3551 5143 timidus,
3571 5036 3752 5143 εῑξηξξξ

2272 5157 2562 5213 mussitare
2586 5158 2989 5223 vidisset,ratus
3014 5166 3097 5212 est
3126 5156 3193 5212 de
3220 5170 3279 5211 se
3298 5152 3504 5211 verbum
3526 5138 3636 5194 ﬁeri-

2272 5250 2434 5318 QUid,
2456 5251 2655 5321 inquit,
2688 5218 2889 5317 dicitis,
2946 5250 3164 5305 domine
3205 5248 3374 5304 abba?
3410 5241 3541 5297 Tunc
3569 5218 3748 5325 ϐθξιξῗί

2271 5342 2687 5398 archidiaconus
2719 5358 2840 5398 sese
2877 5341 3185 5413 proripiens
3220 5346 3489 5409 antequam
3525 5315 3640 5389 Ῑοαυί

2270 5444 2397 5490 ret:
2434 5433 2613 5506 Agite,
2664 5435 2763 5501 ait,
2814 5401 3051 5497 do-mine:
3101 5449 3223 5504 quae
3252 5401 3511 5503 etepistis:
3555 5401 3742 5469 000m"

2270 5526 2436 5583 abbas
2465 5528 2597 5583 alias
2621 5526 2712 5600 [f.,
2743 5524 2870 5599 alia]
2905 5524 3248 5595 loquebatur.
3578 5595 3600 5600 _
3699 5578 3724 5600 ,_.

2342 5623 2557 5679 Saniori
2585 5621 2802 5678 consilio
2822 5621 3233 5677 excommunicat
3253 5630 3302 5676 et
3321 5617 3541 5675 occisoret
3564 5581 3735 5652 CUM"

2216 5698 2221 5703 ’
2267 5743 2338 5753 --
2361 5712 2865 5768 Excommunicavit
2911 5712 3077 5783 igitur
3107 5711 3281 5783 (clero
3322 5719 3376 5767 et
3400 5695 3563 5779 ρορυ¹⁰
3585 5684 3736 5783 ίῖωθῗῗ

3537 5776 3611 5854 qui
3629 5775 3730 5827 6011³⁸
