3982 6346
154 407 259 468 921

1153 401 1243 463 DE
1271 403 1432 462 VITA
1455 404 1590 464 SUA
1610 400 1790 462 LIBRI
1819 405 2021 465 TRES.
2047 439 2116 453 υ·-
2145 409 2269 466 LIB.
2306 408 2391 468 Ill.

153 520 527 591 manipulares
548 516 938 589 sacrilegorum
968 518 1284 576 carnificum
1317 520 1591 577 laeserant.
1622 520 1755 575 Diu-
1780 524 1830 585 Α
1859 524 1963 579 sui.
1996 524 2240 596 Cumque
2265 534 2479 598 emptor
2504 526 2796 585 subsiliens
2840 541 3005 600 super
3036 544 3175 587 arca:
3203 531 3440 603 crepidi-

154 623 322 669 turna
364 613 544 683 itaque
587 612 750 667 totius
778 611 931 669 urbis
970 620 1026 667 et
1065 612 1363 669 diteceseos
1386 613 1634 670 simultas
1663 612 1751 669 ad-

151 720 351 762 versus
378 704 688 775 episcopum
718 703 854 771 fuit,
885 704 1013 774 quia
1056 704 1286 762 Gerardi
1336 707 1610 763 occisorcs
1656 721 1751 763 ex-

150 796 562 853 communicare
586 804 828 866 tempore
852 812 958 853 non
992 811 1161 867 parvo
1195 796 1483 852 distulerit.
1510 795 1749 851 Tandem

149 892 286 962 quia
339 905 398 946 se
442 898 757 960 suspectum
809 897 866 944 et
914 904 1054 959 pene
1109 889 1503 945 exsecrabilem
1565 888 1748 944 haberi

152 982 368 1038 sciebat
416 981 484 1037 ab
525 981 813 1047 omnibus,
859 990 1111 1038 auctores
1155 982 1647 1038 excommunicavit
1696 988 1753 1034 et

149 1075 424 1130 conscios.
458 1074 724 1142 Quoniam
758 1083 939 1129 autem
986 1074 1184 1131 multas
1224 1076 1481 1146 pecunias
1513 1088 1745 1147 spopon-

148 1167 313 1222 derat
340 1166 560 1236 his,qui
606 1180 664 1221 se
709 1175 764 1221 et
816 1166 1200 1236 praedictorum
1243 1168 1565 1223 sicariorum
1594 1182 1746 1222 com-

148 1259 328 1330 plices
359 1275 524 1331 penes
555 1275 740 1345 regem
778 1258 1119 1329 adjuverant,
1152 1258 1750 1339 lateralibusvidelicet

148 1352 321 1424 regis,
349 1367 469 1407 eum
502 1354 759 1422 coepisset
783 1353 1089 1408 detractare
1123 1353 1413 1423 promissa,
1441 1353 1562 1423 quis
1605 1353 1750 1408 dicat

148 1454 359 1515 quanta
410 1445 461 1499 in
496 1445 711 1515 publico
762 1445 1089 1516 iinproperia
1138 1446 1372 1512 audivit,
1418 1445 1545 1500 dum
1591 1458 1749 1501 nemo

148 1552 347 1592 eorum
381 1536 474 1606 qui
499 1536 612 1592 suis
647 1536 698 1591 in
724 1536 830 1593 hoc
862 1552 1027 1608 opere
1062 1537 1319 1593 favebant
1346 1537 1632 1608 partibus,
1665 1549 1749 1591 re-

148 1627 300 1698 giam
332 1626 506 1681 aulam
548 1627 757 1697 ingredi
787 1640 1162 1698 praesumeret,
1214 1629 1387 1684 donec
1434 1643 1622 1684 eorum
1665 1627 1749 1683 fu-

148 1725 312 1772 nesta
346 1717 521 1787 capita
569 1732 599 1771 a
644 1718 807 1783 caede,
855 1733 977 1789 quae
1020 1718 1122 1773 sibi
1154 1718 1548 1787 intentabatur,
1581 1719 1749 1775 multo

149 1824 291 1865 auro
317 1816 651 1880 argentoque
688 1809 999 1865 redimeret.
1048 1808 1160 1866 Nec
1190 1810 1304 1881 ipse
1334 1820 1516 1867 tamen
1544 1812 1612 1867 ab
1640 1811 1746 1866 Ec-

1851 630 1979 672 nem
2015 618 2081 671 de
2112 627 2299 673 ventre
2325 619 2604 689 penderet,
2647 619 2822 691 capite
2850 634 2915 675 ac
2936 620 3177 676 humeris
3199 620 3252 675 in
3279 638 3441 679 unam

1850 709 2331 779 procumbentibus
2357 726 2564 779 arcam,
2591 712 2764 768 bonus
2792 712 3037 768 venditor
3067 729 3097 767 a
3122 722 3271 783 tergo
3299 714 3444 784 posi-

1854 807 1975 864 tus,
2025 800 2252 857 sublatis
2280 803 2556 859 hominem
2607 804 2882 860 incautum
2923 805 3179 875 pedibus,
3221 814 3442 878 repente

1855 891 2102 948 trudebat
2144 892 2199 948 in
2236 908 2441 959 arcam,
2484 902 2539 949 et
2576 895 2784 964 dejecto
2815 912 2977 967 super
3007 908 3252 953 ruentem
3280 878 3441 969 oper;

1852 982 1991 1046 culo,
2025 993 2137 1040 tuto
2163 986 2415 1041 servabat
2443 1000 2613 1056 usque
2657 988 2723 1042 ad
2749 988 2831 1043 sui
2877 990 3299 1061 redemptionem
3344 1004 3428 1045 er-

1852 1076 2083 1147 gastulo.
2113 1078 2238 1134 llaec
2264 1080 2315 1134 in
2348 1079 2483 1134 urbe
2506 1088 2561 1135 et
2587 1080 2634 1134 is
2659 1080 2854 1135 similia
2878 1083 3224 1152 gerebantur.
3253 1082 3437 1147 Furta,

1852 1168 1960 1223 imo
1980 1170 2263 1225 latrocinia
2293 1186 2388 1241 per
2411 1171 2680 1241 primores
2702 1180 2757 1226 et
2781 1172 3079 1242 primorum
3105 1174 3442 1243 apparitores

1854 1263 2067 1333 publice
2097 1266 2420 1336 agebantur.
2450 1262 2590 1319 Nulli
2624 1265 2874 1320 noctibus
2899 1266 3209 1334 procedenti
3236 1267 3440 1321 securi-

1853 1363 1937 1410 tas
1964 1356 2322 1427 prazbebatur,
2378 1356 2551 1412 solum
2604 1357 2847 1412 restabat
2904 1364 2998 1411 aut
3045 1356 3302 1421 distrahi,
3351 1366 3443 1412 aut

1850 1446 1992 1515 capi,
2030 1455 2122 1500 aut
2161 1448 2317 1503 caedi.

1921 1538 2230 1594 Communia
2285 1541 2432 1612 quid.
2489 1568 2555 1582 -ο
2611 1541 2766 1609 Quod
2809 1542 3219 1597 considerantes
3265 1542 3443 1597 clerus

1852 1644 1977 1685 cum
2008 1628 2434 1709 archidiaconis,
2462 1647 2526 1686 ac
2553 1646 2808 1701 proceres
2827 1672 2840 1699 ,
2869 1642 2924 1688 et
2965 1647 3158 1688 causas
3193 1633 3444 1703 exigendi

1851 1721 2109 1792 pecunias
2150 1738 2180 1776 a
2217 1722 2415 1793 populo
2439 1731 2792 1793 aucupantes,
2826 1725 2955 1779 dant
3002 1724 3082 1779 eis
3130 1738 3227 1793 per
3278 1725 3446 1777 inter-

1851 1815 2073 1871 nuntios
2097 1816 2396 1886 optionem,
2428 1825 2488 1871 ut
2518 1817 2561 1871 si
2604 1816 2774 1886 pretia
2826 1816 2985 1887 digna
3039 1816 3439 1885 impenderent,

149 1901 320 1958 ciesia
346 1909 559 1971 poterat
587 1900 833 1957 accusari
856 1917 1017 1973 quem
1044 1897 1439 1972 ab'apostolico
1483 1902 1743 1959 constite-
1774 1882 1821 1943 Β
1847 1882 2243 1964 communionis
2292 1908 2554 1965 faciendae
2595 1882 2910 1964 l—icentiam—
2932 1882 3200 1963 haberent
3279 1882 3443 1961 Com?

150 2003 242 2050 rat
271 1995 538 2052 excusari.

758 2152 991 2211 CAPUT
1028 2154 1139 2211 VII.

232 2262 474 2323 Perveni
494 2267 684 2322 civium
708 2266 1142 2324 Laudunemium
1169 2286 1336 2327 mores
1361 2271 1743 2342 exprimuntur.

152 2392 229 2404 —
256 2362 424 2434 lgitur
453 2370 576 2433 post
616 2362 952 2433 aliquantum
995 2363 1275 2435 temporis,
1308 2378 1433 2419 cum
1475 2364 1545 2420 ob
1576 2378 1746 2433 expo-

150 2457 381 2513 seendas
418 2456 675 2526 pecunias
718 2472 749 2510 a
804 2472 932 2527 rege
977 2456 1300 2528 Anglorum,
1345 2456 1433 2512 cui
1475 2456 1747 2525 quondam

151 2550 454 2617 servierat,
483 2550 659 2604 amico
700 2548 803 2604 sibi
855 2549 982 2603 olim
1007 2592 1022 2617 ,
1054 2549 1330 2620 profectus
1360 2556 1507 2604 esset
1554 2549 1606 2602 in
1636 2549 1749 2602 An-

155 2644 341 2715 gliam,
370 2642 622 2699 Galterus
652 2643 1088 2711 archidiaconus,
1115 2653 1170 2699 et
1195 2643 1372 2699 Guido
1400 2659 1524 2699 cum
1551 2659 1747 2715 proce-

150 2737 307 2792 ribus
358 2736 508 2792 urbis
561 2735 666 2791 tale
714 2736 844 2807 quid
890 2738 1244 2792 commentati
1289 2745 1435 2792 sunt.
1489 2736 1621 2793 Urbi
1673 2737 1749 2792 illi

154 2835 305 2883 tanta
356 2828 421 2883 ab
469 2828 693 2898 antiquo
745 2828 1046 2884 adversrtas
1108 2828 1409 2885 inoleverat
1464 2837 1527 2883 ut
1574 2842 1750 2899 neque

152 2920 325 2985 Deus,
364 2932 540 2988 neque
566 2917 827 2972 Dominus
856 2918 1125 2989 quispiam
1157 2918 1287 2974 inibi
1320 2919 1627 2985 timeretur,
1654 2919 1750 2975 sed

147 3010 222 3064 ad
250 3024 440 3079 posse,
469 3019 524 3066 et
575 3008 786 3065 libitum
837 3007 1102 3078 cujusque
1152 3009 1360 3081 rapinis
1410 3019 1465 3064 et
1511 3011 1750 3066 caedibus

145 3101 459 3171 respublica
507 3100 845 3174 misceretur.
894 3099 1053 3167 Nam,
1102 3109 1161 3156 ut
1211 3117 1240 3156 a
1288 3103 1464 3173 capite
1493 3102 1750 3175 pestifero

145 3190 436 3246 exordium
480 3180 736 3257 sumam,
789 3191 832 3246 si
892 3190 1108 3260 quando
1155 3192 1286 3247 illuc
1328 3208 1510 3261 regem
1565 3196 1749 3249 venire

144 3282 515 3351 contingeret,
550 3284 663 3352 ipse
692 3282 785 3352 qui
816 3282 918 3337 sibi
954 3284 1313 3339 reverentiam
1345 3285 1565 3355 exigere
1601 3284 1749 3352 regio

147 3381 337 3452 rigore
373 3380 651 3445 debuerat,
683 3379 797 3449 ipse
828 3379 880 3434 in
914 3380 1030 3435 suis
1070 3380 1304 3451 primum
1335 3380 1564 3450 turpiter
1610 3380 1743 3433 mul-

145 3471 391 3527 tabatur.
430 3470 635 3542 Nempe
665 3486 788 3525 cum
818 3471 944 3541 equi
999 3470 1115 3542 ejus
1144 3471 1210 3526 ad
1238 3486 1435 3542 aquam
1467 3487 1558 3527 seu
1591 3489 1749 3529 mane

152 3576 256 3617 seu
289 3576 515 3631 vespere
538 3561 890 3625 ducerentur,
931 3560 1235 3616 verberatis
1264 3562 1592 3617 clientieulis
1623 3563 1747 3634 equi

145 3650 579 3721 abripiebantur.
627 3650 778 3721 Ipsos
819 3650 985 3705 etiam
1026 3651 1187 3707 tantis
1224 3653 1399 3708 addici
1432 3654 1752 3709 constiterat

145 3742 602 3812 vilipensiouibus
626 3742 876 3807 clericos,
901 3751 961 3796 ut
990 3757 1165 3812 neque
1194 3742 1247 3797 in
1275 3747 1540 3814 personis,
1573 3761 1751 3817 neque

148 3836 210 3891 in
240 3835 402 3890 rebus
450 3850 639 3890 eorum
690 3844 1008 3902 parceretur
1054 3837 1259 3892 eisdem
1281 3878 1295 3902 ,
1329 3837 1424 3892 sed
1460 3846 1636 3904 esset,
1671 3838 1749 3892 uti

146 3928 392 3999 legitur:
431 3947 450 3981 ι
490 3928 642 3983 Sicut
692 3929 956 4001 populus,
996 3930 1074 3984 sic
1106 3931 1363 3986 sacerdos
1389 3929 1546 4001 (Isai.
1582 3945 1747 3999 xxrv,

144 4022 232 4093 2).
272 4040 292 4074 ι
321 4019 427 4077 Sed
451 4022 580 4092 quid
609 4023 675 4077 de
706 4023 912 4093 plebeis
945 4022 1178 4095 loquor?
1210 4022 1380 4080 Nemo
1414 4025 1481 4081 de
1518 4027 1751 4097 agrariis

150 4110 567 4183 ingrediebatur
611 4114 664 4169 in
707 4115 896 4170 urbem
916 4155 932 4182 ,
962 4130 1123 4171 nemo
1151 4116 1257 4171 nisi
1290 4117 1562 4173 tutissimo
1605 4133 1751 4173 eom-

146 4213 340 4261 meatu
370 4207 669 4263 accedebat
699 4208 766 4262 ad
799 4207 991 4279 ipsam,
1018 4208 1111 4278 qui
1140 4223 1245 4264 non
1272 4217 1364 4263 aut
1384 4210 1749 4264 incarceratus

148 4301 227 4357 ad
256 4301 683 4373 redemptionem
719 4311 1039 4373 cogeretur,
1072 4317 1167 4357 seu
1204 4302 1492 4358 occasione
1537 4302 1747 4371 objecta

146 4395 451 4451 duceretur
480 4395 598 4451 sine
626 4410 794 4451 causa
820 4394 874 4449 in
902 4409 1146 4449 causam.

228 4485 345 4543 Sub
384 4488 633 4558 exemplo
681 4486 979 4543 inferamus
1039 4501 1247 4553 unum,
1308 4485 1452 4556 quod
1508 4486 1552 4541 si
1607 4485 1749 4557 apud

1762 2034 1763 2037 η
1850 1999 2038 2054 munio
2071 2011 2251 2055 autem
2282 2016 2480 2055 novum
2519 2015 2581 2055 ac
2613 2000 2905 2070 pessimum
2936 2013 3134 2053 nomen
3160 1996 3241 2052 sic
3268 2010 3326 2051 se
3349 1997 3445 2050 ha-

1849 2089 1961 2157 bet,
1999 2098 2058 2144 ut
2090 2091 2207 2161 (‘°°)
2242 2092 2421 2162 capite
2468 2092 2616 2146 censi
2663 2106 2854 2147 omnes
2894 2090 3113 2145 solitum
3166 2088 3445 2144 servitutis

1851 2182 2093 2238 debitum
2130 2181 2367 2238 (ἱυιιηηίε
2392 2183 2562 2239 semel
2591 2184 2645 2238 in
2674 2199 2815 2238 anno
2843 2182 3086 2249 solvant,
3116 2191 3171 2236 et
3219 2182 3265 2236 si
3316 2179 3445 2251 quid

1850 2288 2043 2334 contra
2077 2276 2200 2347 jura
2253 2278 2598 2348 deliquerint,
2637 2278 2897 2348 pensione
2944 2275 3100 2347 legali
3135 2273 3442 2330 emendent.

1851 2363 2074 2420 Cretera:
2100 2380 2362 2421 censuum
2408 2366 2749 2431 exactiones,
2791 2380 2913 2435 quae
2950 2365 3125 2421 servis
3154 2362 3323 2435 infligi
3354 2377 3443 2419 so-

1852 2456 1983 2523 lent,
2017 2457 2343 2514 omnimodis
2376 2468 2587 2513 vacent.
2629 2457 2742 2512 llac
2783 2472 2845 2512 se
2874 2457 3170 2523 redimendi
3214 2455 3443 2526 populus

1850 2551 2140 2607 occasione
2168 2560 2453 2622 suscepta,
2481 2551 2749 2605 maximos
2782 2561 2862 2608 tot
2892 2566 3177 2617 avarorum
3210 2550 3444 2606 hiatibus

1853 2640 2202 2697 obstrucndis
2256 2642 2467 2712 argenti
2520 2658 2747 2713 aggeres
2780 2642 3123 2698 abdiderunt.
3158 2641 3259 2709 Qui
3295 2650 3443 2696 tanto

1854 2733 2027 2788 imbre
2076 2731 2197 2789 fuso
2232 2734 2537 2789 sereniores
2567 2734 2795 2799 redditi,
2845 2749 2905 2789 se
2946 2732 3108 2789 fidem
3155 2733 3233 2789 eis
3284 2747 3445 2803 super

1854 2823 1956 2879 isto
1986 2824 2205 2895 negotio
2234 2833 2547 2881 servaturos
2584 2824 2943 2880 sacramentis
2971 2824 3215 2895 praebitis
3262 2823 3443 2879 ﬁrma-

1853 2925 2072 2971 νθνυιιι.

1925 3008 1991 3063 In
2013 3007 2245 3065 Galliam
2295 3012 2429 3065 redit
2462 3011 2755 3081 episcopus.
2803 3009 2988 3080 Ipsum
3031 3012 3167 3065 inter
3199 3019 3246 3066 et
3273 3011 3445 3065 are/ii-

1854 3100 2131 3155 diaconum
2163 3102 2482 3156 simultates.
2507 3130 2578 3141 —
2602 3100 2770 3155 Facta
2820 3102 3006 3169 itaque
3046 3101 3190 3155 inter
3217 3100 3441 3168 clerum,

1853 3206 2136 3261 proceres,
2170 3202 2223 3248 et
2254 3193 2511 3262 populum
2543 3192 2713 3246 mutui
2753 3191 3004 3261 adjutorii
3039 3190 3440 3260 conjuratioue,

1853 3285 1922 3339 ab
1964 3284 2159 3355 Anglis
2190 3302 2312 3341 Clllll
2361 3285 2593 3356 plurima
2641 3284 2793 3354 cepia
2837 3284 3098 3337 remeavit
3125 3283 3439 3353 episcopus,

1850 3377 1941 3447 qui
1971 3386 2159 3432 contra
2193 3378 2354 3448 hujus
2384 3386 2634 3433 auctores
2663 3376 2941 3442 novitatis,
2974 3383 3155 3430 motus
3195 3375 3441 3444 aliquan-

1852 3471 1943 3526 diu
1971 3487 2091 3527 sese
2122 3472 2189 3526 ab
2219 3473 2350 3525 urbe
2387 3470 2674 3526 continuit.
2719 3469 2920 3523 Tamen
2962 3468 3135 3539 plenae
3178 3467 3351 3522 laudis
3389 3473 3445 3522 ct

1851 3563 2036 3633 gloriae
2106 3564 2247 3620 inter
2300 3564 2475 3633 ipsum
2542 3572 2599 3618 et
2652 3562 2930 3618 Galterum
2988 3560 3439 3616 archidiaconum

1852 3652 2170 3724 complicem
2205 3669 2363 3708 suum
2393 3653 2598 3708 obortae
2646 3660 2773 3709 sunt
2806 3652 3129 3708 simultates.
3163 3650 3443 3722 Loqueba-

1854 3754 1944 3800 tur
1970 3745 2388 3801 archidiaconus
2434 3759 2600 3816 super
2646 3760 2777 3801 nece
2825 3744 3055 3801 Gerardi
3102 3744 3258 3801 valde
3300 3744 3446 3799 inde-

1851 3836 2030 3893 centia
2056 3839 2122 3892 de
2151 3837 2407 3907 episcopo
2431 3851 2549 3892 suo.
2584 3835 2884 3908 Episcopus
2925 3836 3110 3892 nescio
3154 3851 3275 3906 quae
3320 3851 3441 3890 eum

1852 3930 2063 3987 caeteris
2087 3947 2247 4001 super
2279 3931 2380 3985 hac
2417 3945 2477 3985 re
2500 3929 2729 4002 :agebat,
2777 3930 2881 3986 hoc
2907 3930 3040 3995 seio,
3073 3930 3200 4000 quia
3231 3944 3444 3985 mecum

1852 4023 1932 4079 sic
1955 4024 2021 4079 de
2042 4038 2107 4079 eo
2132 4024 2485 4093 querebatur.
2518 4021 2682 4095 505
2709 4022 2955 4090 Domine,
2988 4023 3257 4094 inquiens,
3283 4023 3441 4089 abba;

1852 4115 1897 4170 si
1927 4115 2220 4186 contigerit
2240 4113 2520 4170 Galterum
2555 4115 2607 4170 in
2638 4114 2829 4184 quovis
2860 4114 3091 4171 concilio
3114 4115 3319 4186 aliquas
3347 4115 3443 4169 ad-

1850 4190 2068 4262 versum
2121 4221 2207 4261 me
2256 4216 2467 4263 motare
2517 4208 2932 4273 accusationes,
2990 4209 3442 4278 aequanimiterne

1853 4299 2075 4356 feretis?
2128 4299 2317 4355 Nonne
2373 4301 2487 4370 ipse
2540 4309 2647 4367 est,
2706 4301 2799 4371 qui
2849 4316 2914 4356 eo
2960 4311 3222 4370 tempore,
3264 4316 3371 4371 quo
3410 4316 3443 4357 a

1853 4392 2049 4449 vestris
2080 4393 2354 4462 digressus
2401 4392 2681 4447 monachis
2716 4393 3030 4448 Flaviacum
3063 4393 3437 4461 concessistis,
3488 4404 3495 4411 '

1851 4485 2007 4545 vobis
2059 4486 2111 4540 in
2166 4495 2416 4555 promptu
2466 4483 2873 4550 blandiebatur,
2924 4485 3063 4540 clam
3120 4485 3443 4540 moliebatur

148 4580 427 4636 Barbaros
453 4589 547 4636 aut
579 4578 812 4652 Scythas
837 4581 1013 4646 fleret,
1038 4586 1189 4636 certe
1224 4593 1411 4635 eorum
1448 4580 1537 4649 qui
1576 4578 1751 4635 nullas
1784 4595 1828 4650 1)
1856 4578 2165 4650 dissidium,
2194 4578 2373 4649 palam
2400 4577 2599 4634 vestris
2629 4576 2945 4634 favoraliter
2983 4578 3232 4634 adnitens
3270 4578 3442 4649 parti-

150 4674 362 4731 habent
416 4673 563 4745 leges
612 4672 1057 4744 profanissimum
1126 4679 1272 4728 esset
1328 4670 1551 4738 judicio.
1616 4672 1750 4727 Cum

153 4765 403 4823 Sabbato
431 4766 660 4821 diversis
683 4781 714 4820 e
764 4764 984 4821 ruribus
1012 4763 1351 4820 mercimonii
1401 4763 1573 4834 gratia
1602 4761 1752 4833 plebs

155 4860 465 4932 agrestium
492 4859 584 4915 illo
612 4859 892 4925 venirent,
925 4859 1273 4913 civitatenses
1300 4857 1475 4928 cypho
1511 4866 1604 4911 aut
1632 4872 1752 4912 scu-

153 4953 310 5019 tella,
341 4961 437 5007 aut
462 4951 702 5022 quolibet
724 4951 831 5006 alio
860 4950 1023 5006 modo
1053 4950 1303 5022 legumen
1323 4991 1337 5015 ,
1371 4958 1464 5002 aut
1487 4948 1749 5014 triticum,

150 5059 252 5101 seu
296 5042 575 5114 quidpiam
620 5042 847 5114 alicujus
870 5042 1043 5114 frugis
1086 5042 1202 5097 foro
1241 5042 1398 5113 quasi
1430 5041 1620 5096 venale
1646 5041 1754 5097 cir-

150 5135 572 5203 cumferebant,
624 5150 857 5207 cumque
937 5135 1141 5191 rustico
1209 5134 1338 5190 talia
1416 5134 1751 5205 perquirenti

151 5226 449 5284 emendum
481 5227 841 5293 obtulissent,
873 5226 961 5281 ille
990 5234 1173 5281 taxato
1212 5224 1387 5295 pretio
1428 5239 1487 5280 se
1534 5224 1754 5294 pollice-

150 5324 319 5378 batur
339 5330 667 5393 empturum.
697 5320 963 5391 Sequere,
987 5320 1167 5374 aiebat
1192 5319 1456 5385 venditor,
1482 5335 1568 5374 me
1588 5320 1639 5373 in
1657 5319 1752 5375 do-

150 5432 307 5473 mum
335 5431 535 5483 meam,
560 5424 619 5469 ut
647 5414 719 5469 ibi
745 5414 1018 5469 residuum
1049 5411 1223 5483 frugis
1253 5410 1432 5480 hujus,
1462 5426 1626 5482 quam
1656 5412 1753 5466 tibi

150 5510 354 5577 vendo,
384 5511 592 5577 videas,
619 5510 904 5580 visumque
933 5506 1220 5576 suscipias.
1260 5505 1604 5576 Sequebatur
1629 5505 1747 5573 ille;

152 5604 255 5661 sed
283 5620 405 5660 cum
426 5602 801 5676 pervenissent
819 5600 886 5656 ad
908 5614 1114 5664 arcam,
1145 5596 1317 5653 fidelis
1336 5596 1586 5653 venditor
1608 5596 1751 5653 elato

152 5707 215 5753 et
258 5706 507 5754 sustento
552 5712 693 5752 arcae
738 5694 1023 5766 operculo,
1063 5690 1295 5757 inclina,
1337 5689 1551 5753 aiebat,
1589 5699 1752 5759 caput

159 5795 318 5843 tuum
347 5798 404 5844 et
433 5788 590 5843 ulnas
627 5788 680 5842 in
712 5802 892 5843 arcam
913 5827 927 5851 ,
967 5795 1027 5840 ut
1053 5784 1239 5840 videas
1264 5781 1406 5856 quod
1438 5782 1541 5837 hoc
1580 5789 1750 5835 totum

158 5895 271 5943 non
299 5880 568 5955 discrepet
594 5880 662 5937 ab
688 5894 751 5937 ea
783 5888 936 5953 parte
962 5892 1123 5951 quam
1155 5876 1248 5934 tibi
1281 5875 1334 5932 in
1385 5874 1501 5931 foro
1549 5888 1749 5946 propo-

1854 4672 1993 4737 bus,
2041 4679 2097 4726 et
2144 4686 2231 4726 me
2274 4680 2463 4726 contra
2512 4684 2609 4725 vos
2647 4669 2883 4725 latenter
2932 4669 3186 4724 irritans?
3233 4668 3328 4725 llis
3356 4683 3444 4735 me

1855 4769 2045 4819 contra
2092 4760 2364 4817 funestum
2416 4759 2689 4817 hominem
2740 4757 3014 4815 alliciebat
3059 4759 3439 4825 sermonibus,

1856 4854 2099 4925 ejusdem
2150 4853 2596 4925 pouderosissimi
2649 4859 2832 4909 reatus
2893 4852 2995 4908 sibi
3049 4853 3330 4916 conscius,
3386 4859 3442 4906 et

1854 4962 2020 5019 penes
2047 4946 2286 5002 omnium
2332 4944 2537 5015 judicia
2581 4943 2941 5015 undecunque
2987 4943 3206 4999 timidus
3247 4956 3311 4996 ac
3351 4955 3442 4996 su-

1855 5047 2093 5110 spectus.

1920 5132 2055 5188 Cum
2087 5130 2254 5202 igitur
2277 5130 2331 5187 in
2351 5146 2445 5188 eos
2470 5130 2564 5202 qui
2607 5129 3030 5202 conjuraverant
3050 5166 3068 5192 ,
3096 5133 3150 5181 et
3172 5126 3224 5180 in
3256 5132 3441 5179 aucto-

1856 5230 1951 5281 res
1968 5238 2156 5279 eorum
2189 5223 2464 5280 inflexibili
2507 5221 2977 5278 animadversione
3008 5229 3214 5274 mctqu
3253 5233 3312 5272 se
3361 5217 3444 5272 di-

1856 5324 2022 5383 ceret,
2052 5331 2215 5372 voces
2261 5318 2475 5372 tandem
2517 5314 2875 5386 grandisonas
2898 5311 3078 5368 oblata
3100 5319 3324 5382 repente
3354 5324 3443 5365 se-

1856 5409 2002 5464 davit
2066 5408 2182 5463 auri
2253 5407 2572 5479 argentique
2621 5406 2923 5476 congeries.
2979 5403 3190 5458 iuravit
3257 5403 3442 5473 itaque

1856 5501 2256 5558 communionis
2306 5501 2448 5556 illius
2481 5514 2540 5555 se
2561 5499 2685 5571 jura
2715 5506 3010 5564 tenturum,
3034 5511 3099 5551 eo
3124 5495 3268 5567 quod
3297 5494 3438 5565 apud

1856 5593 2343 5664 Novioniagensem
2410 5593 2600 5649 urbem
2649 5590 2832 5663 (vulgo
2884 5587 3132 5659 Noyon),
3192 5596 3246 5643 et
3301 5587 3439 5642 San-

1855 5688 2211 5754 Quintinense
2253 5687 2508 5757 oppiduni
2545 5685 2735 5758 (vulgo
2775 5681 3216 5752 Saiul-Quentin)
3248 5681 3436 5736 ordine

1856 5782 2059 5850 scripta
2089 5781 2433 5836 exstiterant.
2467 5780 2788 5852 Compulsus
2822 5787 2878 5833 et
2917 5790 3008 5831 rex
3036 5783 3121 5830 est
3150 5773 3438 5842 largitione

1856 5875 2061 5947 plebeia
2113 5875 2339 5947 idipsum
2386 5873 2506 5945 jure
2534 5876 2767 5947 juraudo
2799 5873 3035 5931 firmare.
3072 5865 3211 5920 Deus
3255 5878 3430 5931 incus,
