4018 6324
584 288 690 346 925

1486 278 1546 336 V.
1587 279 1912 338 GUIBERTI
1952 276 2242 338 ABBATIS
2261 276 2578 336 S.MAR|/E
2610 275 2703 335 DE
2736 275 3131 335 NOVIGENTO
3677 298 3755 356 9“

584 403 710 476 quis
736 386 917 459 dicere
949 404 1114 471 queat
1139 404 1272 468 quot
1301 397 1569 467 susceptis
1603 396 1783 469 populi
1816 397 2131 453 muneribus
2153 439 2169 465 ,
2201 404 2247 459 Α
2348 395 2479 450 Arte’
2496 372 2865 465 superducta":
2893 395 3053 451 violat
3081 396 3388 471 quandoque
3410 402 3647 472 pudorem.

582 503 718 567 quot
741 494 907 553 etiam
938 498 1059 562 post
1094 489 1339 563 pmbita'
1364 497 1711 549 sacramenta
1738 489 1807 545 ad
1846 491 2171 547 subverten-

586 590 712 649 dum
762 586 909 657 quod
948 585 1309 656 iuraverant,
1355 582 1743 651 controversia:
1796 589 2172 648 emerserunt,

586 681 711 739 dum
754 691 945 739 servos
992 674 1162 733 semel
1195 674 1264 730 ab
1300 674 1416 745 jugi
1460 676 1750 731 exactione
1783 674 2172 744 emancipatus,

585 773 653 829 ad
700 770 921 837 modum
970 768 1262 839 pristinum
1294 767 1547 839 redigere
1572 767 1857 837 quaerunt?
1882 767 2015 821 Erat
2040 779 2177 823 sane

586 859 943 933 implacabilis
992 859 1290 923 invidentia
1346 859 1621 930 episcopi,
1670 874 1733 913 ac
1789 872 2075 929 procerum
2119 856 2174 911 in

584 954 909 1024 burgenses,
940 961 998 1008 et
1020 951 1146 1009 dum
1179 949 1629 1015 Nortbmannico,
1658 950 1744 1007 vel
1773 949 1999 1021 Anglico
2025 963 2178 1005 more

584 1048 903 1109 Francicam
959 1063 1067 1102 non
1133 1046 1391 1117 praevalet
1466 1046 1758 1103 extrudere
1826 1044 2176 1110 libertatem,

582 1141 808 1214 languet
844 1150 1030 1213 pastor
1059 1156 1170 1195 sua:
1198 1139 1553 1212 professionis
1586 1140 1872 1195 immemor
1907 1139 2051 1195 circa
2097 1138 2177 1192 in-

584 1236 908 1308 explebilcm
950 1235 1326 1306 cupiditatem.
1362 1234 1420 1288 Si
1443 1233 1564 1303 quis
1591 1232 1929 1304 popularium
1956 1231 2011 1286 in
2046 1246 2175 1284 cau-

586 1344 703 1384 sam
732 1327 927 1382 ductus
946 1340 1055 1381 non
1075 1326 1257 1379 divina
1284 1326 1378 1379 sed
1401 1324 1758 1394 placitatoria,
1788 1334 1846 1377 ut
1872 1322 1951 1377 sic
1978 1322 2176 1387 dicam,

590 1420 905 1478 conditione
935 1420 1142 1491 legibus
1173 1419 1366 1473 fuisset
1394 1417 1669 1479 addictus,
1722 1416 1881 1486 hujus
1912 1430 2083 1486 usque
2110 1416 2178 1470 ad

586 1524 891 1571 extremum
924 1511 1229 1568 substantia
1254 1509 1696 1564 exhauriebatnr.

662 1603 993 1658 blandarum
1055 1600 1342 1671 corruptio.
1390 1628 1461 1642 —
1514 1599 1669 1656 Unde
1717 1600 1843 1670 quia
1895 1613 2179 1654 munerum

589 1700 965 1771 susceptiones
998 1698 1163 1754 totius
1201 1697 1395 1766 jndicii
1434 1697 1586 1766 sequi
1634 1694 1771 1751 solet
1799 1696 2036 1761 eversio,
2068 1709 2183 1748 mo-

2420 487 2671 557 lmpietas
2701 496 2935 542 contecta
2964 489 3086 555 diu,
3116 504 3209 544 nec
3236 490 3375 546 clara
3390 500 3594 555 recondi.

2349 579 2418 634 Ut
2451 579 2544 633 lux
2570 579 2718 633 clara
2744 579 2954 642 uitrum,
2978 580 3054 634 sic
3081 591 3315 650 penetrat
3341 584 3513 651 {aciem
3537 603 3554 641 :

2275 673 2420 744 quod
2440 672 2673 727 obscure
2698 672 2763 726 de
2790 669 3064 733 Gerardo,
3090 679 3144 726 et
3164 673 3319 737 quasi
3348 689 3448 730 non
3490 677 3693 749 fecisset,
3712 686 3770 744 te.

2274 774 2428 821 cerat
2451 765 2517 820 de
2537 764 2707 820 altero
2733 773 2856 836 post
2883 764 3100 836 aliquod
3123 774 3331 838 tempus
3351 766 3592 839 Gcrardo,
3609 779 3774 838 evidens

2279 871 2391 913 sua:
2418 856 2755 913 crudelitatis
2802 855 2951 913 dedit
2998 857 3276 914 iudicium.
3323 859 3448 915 Erat
3491 865 3711 933 siquidem
3744 874 3775 928 is

2276 945 2552 1003 Gerardus
2580 948 2753 1019 major
2782 949 2986 1013 nescio,
3028 964 3097 1003 an
3147 949 3383 1007 decanos
3422 956 3698 1014 rusticorum
3730 964 3775 1017 ad

2280 1056 2341 1098 se
2367 1042 2783 1111 pertinentium,
2809 1043 2901 1113 qui
2924 1043 3051 1113 quia
3080 1043 3301 1113 pronior
3322 1055 3437 1100 erat
3472 1046 3532 1101 ad
3556 1048 3775 1123 Thomam,

2280 1134 2616 1206 lngclranni,
2643 1137 2709 1190 de
2740 1150 2850 1205 quo
2887 1150 3051 1206 supra
3092 1137 3332 1207 egimus,
3358 1148 3416 1192 ut
3436 1139 3614 1196 dicitur
3632 1144 3775 1215 ﬁlium,

2278 1226 2459 1281 virum
2494 1226 2735 1280 omnium
2786 1241 2923 1298 quos
2967 1227 3220 1282 novimus
3260 1228 3362 1283 hac
3397 1237 3541 1285 aetate
3579 1237 3780 1305 nequissi.

2278 1334 2451 1384 mum,
2483 1320 2772 1390 cpiscopus
2815 1333 2939 1377 eum
2987 1321 3242 1376 omnibus
3290 1320 3515 1377 habebat
3554 1325 3779 1385 infensum.

2284 1409 2437 1466 Unde
2461 1418 2660 1467 etcum
2686 1410 3005 1481 corripiens,
3039 1420 3095 1466 et
3122 1412 3262 1466 intra
3283 1411 3569 1482 episcopale
3587 1416 3780 1484 palatium

2282 1503 2544 1558 custodiae
2578 1518 2701 1559 eum
2735 1504 2991 1569 trudens,
3026 1514 3185 1562 nocte
3230 1520 3333 1576 per
3357 1520 3536 1561 manus
3573 1507 3782 1576 cujusdam

2284 1597 2366 1652 sui
2399 1597 2702 1667 Ethiopis,
2758 1597 2948 1653 oculos
2988 1597 3105 1666 ejus
3157 1597 3286 1654 fecit
3333 1599 3500 1654 evelli.
3544 1600 3646 1667 Quo
3684 1601 3786 1660 facto

2286 1701 2472 1761 aperte
2500 1691 2809 1759 ignmninire
2834 1706 2893 1747 se
2934 1691 3164 1755 addixit,
3194 1691 3339 1761 quod
3364 1691 3429 1747 de
3458 1695 3695 1764 superiore
3714 1696 3787 1752 Ge-

590 1803 729 1849 netre
755 1806 1104 1862 percussores
1125 1790 1364 1849 scientes
1394 1790 1439 1847 si
1466 1798 1756 1860 peccarent
1780 1788 1833 1843 in
1861 1786 2037 1845 officio
2059 1802 2175 1852 suo,
2214 1771 2258 1825 Β
2284 1783 2449 1837 rardo
2476 1782 2709 1847 fecerat,
2736 1783 3043 1848 refricavit,
3085 1797 3186 1838 nec
3219 1782 3423 1839 clerum
3441 1824 3456 1849 ,
3485 1799 3575 1839 nec
3599 1788 3785 1857 populum

590 1884 734 1955 quod
773 1881 1084 1952 pecuniaria
1121 1888 1340 1951 possent
1367 1880 1741 1950 redemptione
1776 1878 1999 1945 salvari,
2031 1886 2179 1933 tanta

591 1973 839 2028 eamdem
871 1971 1107 2027 falsitate
1136 1979 1533 2042 corruperunt,
1570 1979 1630 2025 ut
1654 1986 1751 2041 per
1774 1970 1883 2026 huc
1911 1973 1977 2025 ad
2003 1981 2183 2024 extre-

592 2079 735 2119 mam
764 2064 979 2133 plurimi
1009 2063 1359 2134 indigentiam
1391 2063 1738 2118 ducerentur.
1770 2061 1907 2117 Nam
1935 2078 2060 2117 cum
2089 2063 2184 2117 de-

593 2156 779 2211 narios
803 2171 870 2210 ex
887 2170 995 2215 aere
1016 2156 1281 2211 vilissimo
1305 2154 1660 2220 conficerent,
1676 2170 1812 2225 quos
1830 2156 1882 2211 in
1908 2163 2183 2210 momento

592 2246 779 2317 pravis
803 2246 1124 2315 quibusdam
1150 2245 1381 2312 artibus,
1409 2254 1637 2317 argento
1664 2246 2015 2305 micantiores
2039 2245 2184 2300 face-

593 2349 717 2396 rent
751 2338 947 2409 vigiliis
981 2355 995 2393 :
1034 2339 1167 2410 proh
1192 2338 1376 2395 dolor!
1405 2337 1694 2395 fallebatur
1716 2341 1982 2409 ineptum,
2014 2346 2070 2395 et
2085 2352 2183 2392 sua

592 2433 831 2504 pretiosa
854 2447 919 2487 ac
943 2431 1068 2486 vilia
1098 2432 1482 2499 detrahentes,
1516 2432 1732 2488 nonnisi
1758 2432 2183 2502 impurissimum

594 2521 961 2591 suscipiebant
989 2522 1247 2576 scuriam.
1286 2522 1352 2577 Et
1383 2522 1585 2577 domini
1620 2523 1858 2594 episcopi
1886 2536 2051 2593 super
2078 2521 2183 2576 isto

590 2612 984 2668 munerabatur
1029 2612 1321 2681 patientia,
1368 2628 1467 2683 per
1507 2615 1653 2683 quod
1700 2630 1806 2669 non
1857 2615 2015 2670 modo
2041 2616 2185 2670 intra

596 2701 931 2773 provinciam
961 2702 1393 2768 Laudunensem,
1424 2704 1519 2760 sed
1539 2713 1593 2760 et
1619 2704 1776 2777 longe
1804 2705 2019 2776 lateque
2050 2706 2188 2761 mul-

601 2800 777 2848 torum
824 2792 1236 2849 accelerabatur
1286 2794 1528 2850 miseria.
1585 2794 1832 2865 Curaque
1869 2811 2023 2852 suam
2074 2796 2188 2866 ipse

598 2894 872 2941 monetam
903 2901 1002 2956 per
1046 2902 1104 2941 se
1136 2886 1276 2957 male
1318 2898 1633 2958 corruptam
1683 2889 2091 2954 miserabiliter,
2134 2899 2191 2945 et

598 2978 794 3034 merito
818 2978 1121 3049 impotens,
1161 2995 1262 3036 nec
1291 2989 1503 3046 tenere,
1555 2996 1654 3037 nec
1680 2982 1956 3053 corrigere
1978 2992 2185 3054 posset,

594 3070 989 3128 Ambianenses
1033 3072 1254 3140 obolos,
1304 3073 1778 3143 corruptissimum
1814 3074 1979 3130 etiam
2027 3075 2189 3146 quid-

599 3164 745 3230 dam,
777 3164 833 3218 in
872 3162 1006 3220 urbe
1046 3164 1359 3235 aliquandiu
1399 3179 1660 3220 cursurus
1707 3165 1939 3221 instituit
1983 3183 1999 3221 :
2052 3181 2190 3237 quos

599 3272 817 3329 quoque
842 3272 963 3313 cum
996 3255 1305 3311 nullatenus
1330 3256 1586 3312 cohibere
1606 3256 1830 3321 valeret,
1857 3255 1941 3312 sui
1972 3257 2187 3311 tandem

602 3348 865 3420 temporis
908 3362 1295 3420 percussuram
1343 3347 1553 3414 erexit,
1597 3348 1683 3403 cui
1726 3348 1938 3418 pariter
1967 3347 2036 3403 ad
2080 3363 2190 3405 suae

596 3455 848 3513 personae
875 3441 1119 3511 signum,
1148 3439 1375 3496 ferulam
1404 3439 1732 3510 pastoralem
1770 3440 2006 3511 imprimi
2041 3439 2170 3496 fecit

601 3531 733 3599 Quae
764 3531 905 3588 clam
939 3530 1008 3586 ab
1033 3531 1288 3588 omnibus
1326 3547 1448 3585 cum
1491 3540 1642 3587 tanto
1666 3531 1937 3588 cachinno
1966 3546 2191 3602 sperne-

598 3626 823 3692 bantur,
853 3634 914 3681 ut
943 3626 1240 3697 impuriore
1269 3634 1486 3682 moneta
1513 3627 1735 3682 omnino
1772 3627 1952 3683 minus
1996 3642 2191 3699 appre-

601 3719 856 3774 ciaretnr.

673 3808 810 3863 Inde
847 3810 1067 3865 sentina:
1098 3809 1444 3880 ﬂagitiorum.
1474 3839 1548 3851 -—
1572 3809 1783 3866 Interea
1812 3826 1937 3866 cum
1969 3811 2037 3866 ad
2079 3812 2193 3868 sin-

604 3902 762 3975 gulas
789 3917 1034 3974 quasque
1080 3903 1272 3959 horum
1322 3918 1586 3961 novorum
1639 3903 2026 3958 numismatum
2065 3920 2193 3975 pro-

604 3996 878 4053 motiones
904 3993 1221 4055 ferebantur
1242 3994 1443 4061 edicta,
1479 4011 1546 4057 ne
1571 3996 1694 4064 quis
1720 3996 1985 4065 pessimus
2026 3998 2194 4067 ipsius

606 4096 960 4143 caraxaturas
1002 4085 1369 4143 cavillaretur.
1408 4086 1535 4141 Inde
1562 4085 1907 4141 creberrima:
1936 4087 2190 4158 populant

607 4178 904 4250 impetendi
946 4178 1283 4242 occasiones,
1311 4178 1466 4247 quasi
1495 4177 1588 4248 qui
1618 4177 1947 4233 calumniam
1981 4178 2194 4235 intulis-

600 4280 730 4330 sent
775 4271 1025 4335 instituto
1063 4269 1358 4341 pontificis,
1412 4270 1537 4325 inde
1586 4270 2014 4341 largissimornm
2046 4287 2195 4341 quaa-

604 4378 820 4434 cunque
849 4362 965 4419 fieri
989 4370 1270 4433 poterant,
1294 4377 1556 4418 censuum
1584 4364 1935 4421 extortioues.
1973 4365 2057 4421 Ad
2094 4366 2197 4420 hoc

2285 1872 2464 1939 latuit,
2499 1875 2643 1943 quod
2679 1875 2998 1944 episcopos,
3030 1873 3401 1946 presbyteros,
3432 1883 3581 1946 atque
3603 1876 3788 1945 clericos,

2285 1982 2316 2021 a
2357 1980 2490 2022 nece
2526 1966 2783 2035 necisque
2823 1965 3063 2037 judicio,
3100 1980 3195 2019 seu
3225 1966 3557 2020 trnncatiune
3586 1969 3787 2023 membro-

2285 2075 2405 2114 rum
2435 2058 2651 2123 Canon,
2691 2058 2744 2112 ni
2795 2057 2987 2121 fallor,
3034 2055 3333 2113 Tuletanus
3378 2057 3619 2124 inhibuit,
3663 2075 3789 2131 regem

2285 2153 2451 2206 etiam
2480 2155 2595 2223 ipse
2646 2165 2830 2207 rmnor
2876 2149 3118 2206 ollendit.
3174 2149 3371 2205 Nescio
3417 2160 3648 2219 pneterea
3671 2167 3719 2205 an
3747 2154 3790 2207 ad

2286 2243 2638 2314 apostolicam
2671 2242 2855 2298 sedem
2884 2242 3218 2312 pervenerit,
3248 2242 3356 2297 hoc
3377 2242 3487 2297 scio
3511 2247 3668 2299 tamen
3693 2246 3793 2313 quod

2286 2336 2357 2391 ab
2383 2334 2559 2391 cilicio
2591 2350 2715 2390 cum
2748 2348 2885 2404 papa
2916 2335 3291 2404 suspenderit,
3334 2333 3477 2404 quod
3511 2334 3691 2389 aestimo
3708 2338 3794 2404 quia

2286 2443 2393 2484 non
2434 2429 2505 2483 ob
2546 2427 2708 2482 aliam
2749 2441 2971 2483 causam
3016 2427 3230 2482 fecerit.
3282 2427 3368 2481 Ad
3430 2424 3673 2481 cumulum
3708 2441 3797 2482 vero

2288 2522 2415 2579 mali
2455 2522 2746 2593 quamdam
2790 2536 3091 2593 suspensus
3127 2521 3417 2578 ecclesiam
3458 2521 3798 2579 dedicavitJlo-

2286 2629 2432 2670 mam
2461 2628 2593 2685 ergo
2639 2612 3028 2684 proﬁciscitur,
3060 2613 3215 2684 cujus
3242 2612 3429 2668 verbis
3459 2621 3512 2667 et
3534 2612 3800 2668 suasionibus

2290 2705 2546 2762 dominus
2572 2720 2710 2776 papa
2739 2704 3020 2771 delinitur,
3046 2713 3102 2760 et
3130 2713 3414 2776 resumpta
3441 2704 3504 2759 ad
3527 2719 3614 2758 nos
3630 2707 3802 2760 auctori-

2295 2807 2404 2859 tate
2436 2797 2598 2870 505
2628 2798 2941 2854 remittitur.
2974 2796 3171 2852 Videas
3210 2797 3401 2867 itaque
3426 2797 3562 2852 Deus
3584 2798 3802 2867 magistros

2291 2902 2347 2948 et
2380 2891 2627 2949 subditos
2654 2891 2799 2946 facto
2821 2900 2877 2945 et
2900 2905 3169 2946 consensu
3200 2891 3324 2962 pari
3357 2891 3721 2946 communicare
3738 2906 3805 2944 ne-

2293 2986 2484 3057 quitia,
2506 2984 2618 3055 jam
2650 2999 2755 3039 non
2779 2984 2955 3056 potuit
2989 2998 3086 3039 sua
3119 2983 3405 3038 continere
3431 2981 3639 3053 judicia,
3666 2980 3808 3051 permi-

2294 3080 2367 3136 sit
2391 3079 2623 3148 denique
2666 3085 2961 3147 conceptas
3009 3074 3383 3145 malignitate:
3432 3073 3485 3128 in
3541 3071 3807 3143 propatulnm

2295 3171 2549 3228 devenire
2570 3169 2833 3232 furorem,
2858 3167 2951 3237 qui
2976 3166 3101 3221 dum
3133 3181 3200 3222 ex
3231 3165 3487 3237 superbia
3514 3178 3718 3235 preceps
3733 3161 3811 3233 agi-

2296 3273 2401 3330 tur,
2442 3262 2552 3319 Deo
2578 3261 2826 3328 vindice,
2858 3275 2990 3315 casu
3029 3256 3695 3329 usquequaque-horrendo
3717 3268 3808 3309 ωηο

2294 3356 2566 3428 fringitur.

2366 3446 2589 3502 Molitur
2604 3444 2999 3500 Communionis
3022 3442 3445 3513 abrogationem,
3469 3440 3551 3494 die
3571 3438 3723 3494 eadem
3739 3454 3813 3507 qua

2296 3539 2570 3596 Ascelinus
2622 3555 2792 3610 regem
2863 3537 3190 3608 prodiderat.
3228 3563 3302 3574 —
3332 3532 3417 3588 Ad
3458 3531 3815 3589 communionem

2294 3636 2503 3707 itaque,
2539 3648 2703 3704 quam
2740 3632 3056 3703 juraverat,
3107 3637 3163 3683 et
3204 3641 3392 3699 regem
3438 3626 3660 3697 praemiis
3685 3621 3820 3692 jnrare

2296 3726 2657 3798 compulerat,
2672 3722 3082 3789 destruendam,
3106 3721 3160 3775 in
3184 3734 3443 3789 supremo
3463 3716 3820 3787 Quadragesima

2296 3817 2670 3874 sacrosanctis
2730 3814 3025 3870 Dominicae
3086 3813 3364 3883 passionis
3425 3811 3642 3875 diebus,
3687 3808 3825 3862 accitis

2296 3909 2618 3981 proceribus
2643 3950 2657 3971 ,
2690 3917 2744 3960 ct
2773 3905 3101 3975 quibusdam
3151 3902 3371 3958 clericis
3397 3944 3413 3970 ,
3475 3901 3660 3956 instare
3686 3898 3825 3952 decre-

2296 4008 2470 4056 verat.
2504 3999 2585 4052 Ad
2619 3998 2671 4053 id
2712 3996 2786 4069 pii
2823 3993 2982 4050 cilicii
3024 4008 3206 4065 regem
3245 4002 3591 4060 evocaverat,
3625 4000 3672 4046 et
3703 3988 3827 4060 pridie

2297 4096 2665 4160 Parasceves,
2728 4093 2895 4148 ()(ena
2961 4090 3174 4146 scilicet
3235 4087 3560 4154 Dominica,
3609 4096 3756 4154 regem
3790 4088 3827 4132 et

2294 4204 2454 4245 suum
2505 4186 2819 4241 universum
2865 4183 3120 4255 populum
3165 4182 3421 4254 pejerare
3458 4182 3728 4245 docuerat,
3770 4172 3828 4227 cui

2298 4295 2360 4337 se
2408 4279 2606 4350 laqueo
2665 4278 2875 4349 primus
2936 4277 3303 4330 immerserat.
3362 4273 3484 4342 Quo
3523 4271 3741 4329 videlicet
3769 4265 3830 4318 die

2300 4374 2589 4430 Ascelinus
2630 4373 2919 4443 episcopus
2962 4370 3332 4442 praedecessor
3365 4369 3485 4442 ejus
3510 4381 3677 4438 regem
3701 4375 3829 4443 suum.

606 4457 907 4515 monachus
945 4455 1164 4526 quidam
1209 4455 1263 4510 in
1292 4456 1604 4511 omnimoda
1648 4455 1902 4527 opinione
1949 4460 2198 4529 turpissi-
2234 4473 2365 4550 θυι
2408 4464 2669 4535 υνωίιίχί,
2720 4463 3054 4533 prodiderat.
3106 4459 3241 4515 Nam
3289 4475 3397 4550 qua
3450 4460 3536 4515 die
3574 4451 3832 4530 gloriosissi-

607 4566 763 4614 mus,
794 4549 1013 4607 nomine
1047 4548 1451 4611 Theudoricus,
1493 4564 1523 4602 a
1575 4546 1854 4616 Tornaco,
1903 4549 2058 4620 cujus
2087 4562 2207 4607 erat

610 4643 893 4713 indigena,
920 4641 1194 4709 infinitas,
1227 4651 1281 4696 et
1321 4658 1351 4696 a
1386 4641 1659 4698 Flandriis
1686 4642 1963 4699 deferebat
1995 4655 2206 4717 argenti

609 4748 837 4793 massas.
861 4732 964 4800 Qui
1006 4735 1061 4788 in
1089 4733 1435 4790 falsissimam
1459 4735 1704 4791 Laudnni
1737 4736 1987 4809 redigens
2013 4750 2205 4795 cuncta

609 4838 919 4893 monetam,
964 4829 1274 4882 universam
1324 4829 1524 4884 exinde
1582 4833 1934 4901 respergebat
1971 4833 2206 4887 circum—

609 4936 825 4994 quaque
848 4919 1203 4992 provinciam.
1232 4920 1397 4989 Cujus
1427 4921 1607 4977 xeniis
1634 4923 2046 4979 dctestabililms
2071 4925 2206 4979 divi-

612 5023 724 5069 tum
764 5013 864 5068 sibi
911 5011 1211 5067 concilians
1260 5013 1581 5078 avaritiam,
1625 5014 1989 5078 mendacium,
2030 5015 2206 5086 perjn-

610 5112 774 5177 rium,
799 5117 1207 5181 egestatemque
1237 5110 1499 5172 inferens,
1526 5109 1778 5173 veritate,
1803 5108 2044 5175 jnstitia,
2071 5124 2206 5180 opu-

612 5204 778 5260 lentia
823 5203 1155 5259 destituebat
1200 5203 1458 5274 patriam.
1514 5202 1668 5257 Nulla
1725 5194 1997 5258 hostilitas
2046 5203 2205 5259 nulla:

610 5295 823 5365 praedic,
849 5293 995 5349 nulla
1023 5294 1270 5351 incendia
1294 5296 1436 5351 hanc
1455 5293 1608 5365 pejus
1634 5294 1821 5350 laesere
1843 5296 2202 5365 provinciam,

615 5398 741 5440 cum
769 5391 1038 5440 vetustam
1073 5385 1192 5457 ejus
1217 5386 1370 5443 urbis
1400 5393 1673 5441 monetam
1706 5387 1905 5443 mtenia
1944 5386 2207 5443 haberent

613 5474 862 5533 Romana
892 5479 1284 5550 gratissimam.

687 5569 814 5624 Dira
836 5572 1107 5642 cpiscopus
1124 5568 1362 5627 (ξένανάο
1382 5570 1694 5643 Ingelranni
1721 5575 1832 5645 ﬁlio
1852 5584 1989 5631 eruit
2007 5573 2202 5630 oculos.

614 5664 663 5720 Δ
687 5681 826 5735 uapa
852 5665 1191 5738 suspenditur
1209 5667 1273 5722 ab
1290 5666 1492 5737 ofﬁcio;
1513 5668 1652 5726 unde
1677 5669 1899 5727 Romam
1919 5669 2208 5743 proﬁcisci-

616 5765 725 5825 tur.
744 5784 817 5802 --
836 5762 908 5816 At
928 5757 1188 5833 quoniam
1215 5774 1241 5815 θ

2310 4574 2457 4613 mum
2525 4556 2916 4628 pontificalium
2985 4542 3319 4610 oﬁlciorum'
3355 4554 3594 4610 chrisma
3641 4547 3835 4605 videlicet

2309 4630 2634 4704 consecrare
2680 4648 2981 4714 debuerat,
3028 4655 3081 4702 et
3119 4662 3149 4701 a
3193 4647 3307 4702 suis
3358 4646 3668 4703 excessibus
3705 4637 3835 4695 absol-

2308 4755 2438 4799 vere
2474 4742 2720 4813 plebem,
2756 4756 2820 4797 ea
2866 4757 2935 4797 ne
2978 4742 3185 4813 ingredi
3233 4741 3456 4812 quidem
3494 4740 3638 4795 visus
3669 4744 3739 4793 est
3771 4746 3837 4788 ec-

2310 4834 2551 4891 clesiam.
2613 4833 3027 4889 Machinabatur
3075 4848 3197 4888 cum
3266 4833 3583 4889 lateralibus
3620 4828 3760 4900 regis,
3798 4832 3837 4877 ut

2307 4927 2690 4983 communione
2718 4927 2993 4982 destructa
3030 4941 3123 4981 rex
3155 4927 3295 4982 idem
3324 4927 3380 4980 in
3414 4925 3647 4997 priorem
3671 4919 3838 4983 modum

2299 5018 2424 5090 jura
2461 5021 2729 5092 redigeret
2763 5021 2931 5076 urbis.
2976 5022 3045 5076 At
3086 5023 3389 5092 bnrgenses
3440 5021 3507 5076 de
3545 5033 3635 5075 sua
3668 5015 3839 5072 subver-

2308 5115 2458 5170 sione
2488 5122 2762 5179 verentes,
2795 5114 3217 5185 quadringentas
3272 5114 3481 5179 (utrum
3536 5109 3745 5181 amplius
3773 5118 3841 5159 ne-

2310 5207 2444 5278 scio)
2474 5206 2642 5261 libras
2676 5206 2787 5276 regi
2814 5204 2877 5261 ac
2898 5206 3064 5278 regiis
3085 5204 3430 5275 pollicentur.
3462 5204 3655 5259 Contra
3679 5200 3840 5270 episco-

2307 5312 2411 5368 pus
2467 5311 2724 5368 procercs
2782 5312 2967 5352 secum
3031 5295 3178 5368 loqui
3236 5311 3355 5352 cum
3419 5308 3549 5366 rege
3604 5288 3841 5350 sollicitat.

2309 5392 2685 5462 spondentque
2729 5390 2938 5461 pariter
2985 5389 3353 5461 septingentas
3376 5429 3394 5456 ,
3446 5402 3545 5442 rex
3594 5381 3842 5440 Ludovicus

2306 5484 2541 5555 Philippi
2586 5483 2844 5538 ﬁlius.....
2888 5481 2982 5555 [[2,
3022 5479 3280 5553 persona]
3312 5479 3658 5550 conspicuus,
3694 5482 3743 5528 ut
3773 5465 3844 5526 soli

2309 5577 2582 5648 maiestati
2627 5577 2787 5648 regite
2813 5574 3093 5632 videretur
3132 5575 3386 5641 idoneus,
3425 5571 3598 5627 armis
3621 5574 3844 5623 strenuus,

2307 5686 2409 5744 pro
2441 5669 2658 5740 negOtio
2686 5669 2897 5725 inertia;
2931 5666 3238 5739 impatiens,
3283 5664 3469 5722 animo
3518 5663 3617 5720 sub
3654 5651 3846 5744 adversis

2312 5742 2637 5835 intrepidus,
2664 5772 2788 5816 cum
2812 5758 2948 5816 alias
2972 5759 3147 5816 bonus
3164 5764 3327 5825 esset,
3348 5755 3407 5812 in
3431 5754 3538 5813 hoc
3564 5767 3666 5810 non
3691 5742 3845 5819 aquit-
