4018 6324
199 307 291 365 3.25
1213 311 1298 366 DE
1331 312 1492 369 VlTA
1520 315 1654 372 SUA
1683 317 1864 378 LIBRI
1889 318 2086 384 TRES.
2114 353 2184 364 —
2208 324 2335 390 LIB.
2370 324 2457 382 Ill.

3347 339 3452 396 926

195 428 348 517 sumus
361 408 657 517 eranttnod
678 410 874 515 Vilibus
892 421 1242 517 tat-corruptis
1262 427 1486 482 avaritia
1514 432 1762 498 personis
1791 435 1837 491 A
1862 435 2149 506 episcopus
2189 438 2478 494 missarum
2513 438 2714 506 odit-io,
2757 458 2820 496 ex
2871 444 3263 517 episcopalibus
3310 447 3452 510 villis

194 509 345 566 nimie
370 518 552 558 aurem
584 511 636 557 et
671 505 906 561 animum
935 509 1118 567 dabat.
1155 515 1307 582 Quod
1355 519 1420 573 ad
1461 522 1758 576 maximum

191 601 264 657 sui
303 595 676 660 detrimentum
716 606 770 652 et
809 599 1346 672 vituperabilitatem,
1382 620 1434 665 et
1463 613 1757 670 multorum

187 690 464 766 perniciem
520 690 890 760 redundabat,
935 698 1080 764 quod
1127 699 1217 755 hic
1271 710 1325 756 et
1375 703 1510 760 alias
1557 705 1758 764 factum

186 791 405 842 constat.

249 879 406 950 lgitur
446 878 645 950 regius,
692 891 751 935 ut
789 882 924 948 dixi,
965 888 1240 956 appetitus
1283 890 1350 943 ad
1379 894 1588 961 potiora
1635 911 1758 964 pro-

185 971 340 1027 missa
395 967 736 1038 tit-ﬂectitur,
785 988 959 1044 eoque
1009 990 1198 1033 contra
1259 980 1428 1038 Deum
1483 986 1757 1048 sanciente

184 1063 352 1119 omnia
373 1075 711 1119 sacramenta
731 1082 850 1133 sua,
872 1069 1080 1128 scilicet
1097 1073 1334 1144 episcopi
1361 1093 1424 1132 ac
1447 1094 1753 1147 procerum,

181 1157 289 1210 sine
324 1155 426 1210 ulla
457 1157 758 1215 honestatis
782 1177 846 1220 ac
867 1179 1146 1220 sacrorum
1178 1169 1384 1224 dierum
1418 1173 1757 1244 respectione

179 1258 465 1305 cassantur.
525 1251 602 1306 Ea
663 1265 822 1310 nocte
872 1273 967 1312 rex
1032 1270 1253 1330 propter
1306 1262 1750 1332 injustissimam,

176 1358 326 1413 quam
365 1344 564 1414 populo
594 1346 902 1404 incusserat
942 1351 1177 1421 turbam,
1207 1370 1329 1409 cum
1361 1355 1494 1412 foris
1531 1357 1755 1413 haberet

173 1434 480 1503 hospitium,
507 1437 747 1494 dormire
767 1441 1056 1510 pertimuit
1082 1453 1234 1500 extra
1269 1447 1571 1520 episcopale
1607 1451 1756 1520 pala-

172 1528 316 1581 tium.
350 1528 457 1580 Rex
497 1544 710 1598 summo
743 1549 902 1590 mane
947 1551 1275 1602 recesserat,
1305 1551 1359 1597 et
1399 1543 1636 1613 episcopi
1685 1545 1750 1598 ad

171 1632 416 1689 proceres
444 1621 667 1689 sponsio
693 1622 841 1680 facta
876 1627 1070 1692 fuerat,
1105 1638 1162 1684 ut
1201 1647 1308 1686 non
1344 1647 1662 1689 vererentur
1687 1637 1752 1691 de

171 1721 320 1766 tanta:
358 1713 614 1780 pactione
659 1719 933 1786 pecuniae,
973 1723 1208 1780 scientes
1246 1742 1304 1780 se
1347 1729 1604 1798 quidquid
1649 1731 1749 1798 ipsi

1863 527 2100 596 plurimo
2140 531 2315 585 accito
2354 533 2676 588 rusticorum
2723 537 2936 606 agmine
2986 549 3164 596 turres
3209 545 3452 602 ecclesia

1864 620 2062 686 munit,
2117 621 2436 696 curiamque
2487 640 2639 679 suam
2687 629 2955 694 asservari
3012 633 3274 701 praecipit,
3326 653 3449 694 cum

1864 708 2014 778 ipsos
2050 725 2265 780 quoque
2306 727 2472 784 prope
2511 731 2615 769 non
2661 718 2841 773 minus
2881 729 3159 788 pateretur
3187 725 3447 794 infensos,

1861 807 2051 868 utpote
2097 802 2189 868 qui
2229 802 2432 856 scirent
2470 805 2816 872 denariorum
2860 824 3105 880 aggeres,
3171 830 3306 884 quos
3337 819 3449 892 regi

1859 892 2208 962 promiserat,
2241 909 2308 948 cx
2349 895 2462 950 suis
2503 897 2742 968 ipsorum
2773 905 3063 973 marsupiis
3099 905 3447 968 hauriendus.

1935 982 2110 1038 Statio
2138 985 2280 1054 apud
2313 985 2374 1042 S.
2417 983 2767 1042 Vincentium.
2812 991 3048 1058 Guiberti
3077 1016 3287 1056 annona
3317 1004 3450 1058 diri-

1859 1075 2023 1144 pitur.
2055 1106 2124 1116 ——-
2149 1076 2308 1132 Feria
2335 1077 2502 1149 igitur
2522 1081 2759 1136 secunda
2786 1094 2907 1151 post
2933 1085 3133 1162 Pascha
3157 1097 3450 1162 procedere

1860 1167 2026 1221 moris
2083 1178 2166 1222 est
2223 1168 2452 1225 clericos
2503 1171 2791 1228 stationem
2849 1174 3088 1234 facturos
3145 1185 3257 1254 (ιοι)
3310 1190 3451 1258 apud

1861 1253 2118 1326 Sanctum
2155 1255 2520 1314 Vincentium.
2553 1261 2817 1328 Quoniam
2850 1280 2980 1338 ergo
3014 1253 3270 1330 hesterno
3299 1253 3445 1346 prte-

1858 1358 2048 1404 ventos
2072 1364 2130 1404 se
2152 1365 2273 1408 esse
2299 1364 2603 1430 senserunt,
2631 1356 2732 1411 hac
2759 1357 2845 1414 die
2870 1361 3045 1417 moliri
3071 1363 3449 1436 decreverant,

1858 1449 1912 1496 et
1961 1441 2235 1511 iecissent,
2282 1444 2328 1498 si
2367 1460 2490 1500 cum
2527 1447 2781 1518 episcopo
2818 1466 3008 1509 omnes
3049 1469 3304 1524 proceres
3333 1475 3452 1516 csse

1859 1535 2174 1588 sensissent.
2207 1533 2339 1588 Nam
2383 1553 2549 1591 unum
2581 1554 2611 1593 e
2636 1543 2952 1608 proceribus
2981 1546 3034 1599 in
3071 1548 3330 1604 suburbio
3365 1566 3454 1608 re-

1858 1637 2141 1696 pererunt,
2179 1628 2353 1684 virum
2390 1630 2717 1700 innocuum,
2752 1635 2841 1704 qui
2881 1638 3259 1696 consobrinam
3290 1641 3454 1714 506

1857 1734 2036 1773 meam
2094 1718 2552 1775 adolescentulam
2605 1725 2940 1792 quamdam,
2995 1731 3202 1800 pudicze
3256 1733 3451 1789 indolis

163 1803 377 1878 polliciti
425 1805 646 1862 fuerant
695 1810 996 1868 soluturum
1039 1831 1181 1871 esse,
1231 1819 1383 1885 Quod
1429 1821 1492 1882 si,
1537 1822 1748 1890 inquit,
1784 1792 1826 1846 Β
1858 1809 2114 1866 leininam
2170 1827 2339 1882 nuper
2379 1826 2685 1884 acceperat.
2733 1817 2836 1872 Sed
2884 1835 2950 1874 ne
2995 1810 3130 1878 alios
3179 1828 3450 1882 cautiores

165 1896 297 1964 quod
333 1896 482 1952 vobis
506 1901 772 1968 spondeo,
790 1919 896 1959 non
923 1904 1127 1974 fecero,
1153 1911 1346 1966 tradite
1373 1928 1458 1966 me
1479 1915 1750 1968 redimen-

165 1985 280 2040 dum
314 1990 520 2043 carceri
553 1991 724 2060 regio.

227 2076 493 2134 Dissolula
520 2081 903 2140 Communione
922 2087 976 2141 in
1000 2089 1126 2144 urbe
1146 2091 1522 2159 perturbantur
1548 2096 1746 2150 omnia.

163 2169 447 2242 Burgenses
487 2175 732 2245 episcopo
762 2178 1014 2236 violentas
1050 2198 1236 2237 manus
1266 2186 1457 2252 afferre
1487 2197 1744 2242 statuunt.

160 2266 430 2336 —l{uptis
467 2269 639 2339 igitur
675 2274 1084 2332 communitatis
1127 2279 1396 2346 przedictze
1453 2281 1749 2338 fmderibus

161 2369 330 2416 tantus
359 2361 538 2427 furor,
581 2374 768 2440 tantus
807 2376 1015 2438 stupor,
1051 2371 1400 2440 burgensium
1433 2375 1595 2428 corda
1628 2389 1749 2429 cor-

157 2452 312 2520 ripuit
343 2462 403 2508 ut
438 2469 638 2512 omnes
672 2455 930 2515 oﬂlciales
957 2459 1134 2518 cilicia
1171 2478 1266 2518 sua
1307 2465 1651 2533 desererent,
1693 2477 1748 2520 et

155 2545 440 2601 cerdonum
492 2563 564 2604 ac
598 2559 845 2608 sutorum
899 2553 1194 2610 tabernula'e
1236 2556 1652 2627 clauderentur,
1694 2567 1750 2614 et

159 2653 328 2704 scenae
359 2654 465 2702 nec
493 2641 691 2698 venale
726 2643 1002 2714 quidpiam
1035 2661 1063 2698 a
1094 2646 1430 2716 pandocibus
1455 2657 1510 2703 et
1548 2663 1749 2718 caupo-

155 2732 307 2794 nibus
343 2732 659 2810 sisteretur,
708 2736 849 2805 apud
898 2751 1036 2806 quos
1081 2738 1216 2792 nihil
1255 2738 1497 2794 futurum
1547 2741 1746 2797 residui

153 2827 376 2902 dominis
421 2827 798 2897 praedantibus
843 2839 1171 2898 speraretur.
1219 2830 1352 2886 Nam
1396 2833 1644 2901 protinus
1681 2835 1747 2890 ab

153 2927 398 2996 episcopo
428 2931 486 2980 et
515 2921 843 2990 proceribus
874 2925 1250 2980 universorum
1285 2925 1604 2982 substantia:
1634 2942 1746 2982 me-

156 3015 380 3082 tiuntur,
407 3026 463 3080 e_t
487 3026 756 3087 quantum
783 3016 1015 3086 quisque
1039 3016 1166 3071 sciri
1198 3024 1411 3086 poterat
1436 3016 1649 3072 dedisse
1679 3019 1746 3072 ad

151 3113 547 3182 instituendam
583 3115 1040 3180 communionem,
1071 3114 1400 3167 tantumdem
1430 3113 1748 3184 exigebatur

151 3204 462 3275 impendere
507 3203 580 3258 ad
627 3202 1025 3260 destituendam
1064 3203 1329 3256 eamdem.
1367 3201 1491 3257 llzec
1525 3203 1613 3258 die
1645 3201 1786 3256 Pa-'

145 3311 417 3364 rasceves,
458 3294 612 3365 quod
645 3296 1038 3362 interpretatur
1062 3296 1402 3363 prmpnmlio,
1438 3295 1751 3349 tractaban-

146 3401 254 3455 tnr,
285 3391 403 3446 haec
433 3388 684 3446 Sabbato
726 3386 1124 3452 Sacrosancto,
1160 3387 1212 3440 in
1261 3387 1456 3454 quibus
1483 3387 1747 3442 Dominici

142 3482 386 3552 corporis
407 3490 466 3537 et
487 3479 774 3550 sanguinis
801 3479 1062 3548 receptui,
1101 3477 1232 3531 solis
1259 3478 1385 3532 hinc
1415 3477 1744 3544 homicidiis,

141 3570 290 3630 illinc
319 3571 589 3642 periuriis
616 3570 780 3624 animi
822 3570 1167 3638 aptabantur.
1204 3567 1341 3636 Quid
1375 3568 1574 3638 plura?
1601 3569 1749 3624 Prte-

147 3665 276 3720 sulis
312 3675 371 3720 et
411 3679 709 3734 procerum
737 3663 917 3718 omnis
947 3663 1032 3718 his
1051 3660 1242 3718 diebus
1271 3662 1499 3718 vacabat
1520 3663 1750 3718 intentio

143 3761 207 3815 ad
232 3761 593 3816 abradendas
613 3760 930 3814 inferiorum
955 3759 1308 3814 substantias.
1338 3761 1409 3814 At
1431 3759 1748 3815 inferiorum

137 3869 240 3908 non
259 3854 376 3921 iam
403 3855 518 3918 ira,
548 3853 645 3908 sed
673 3852 852 3908 rabies
877 3851 1120 3906 feraliter
1150 3853 1385 3918 irritata,
1415 3854 1465 3908 in
1493 3863 1746 3920 mortem,

139 3944 250 3998 imo
273 3961 474 4000 necem
500 3944 744 4014 episcopi
776 3953 830 3999 et
859 3944 1183 4015 complicum
1207 3943 1345 4012 ejus,
1371 3946 1496 4000 dato
1521 3946 1749 4002 invicem

143 4045 499 4092 sacramento
554 4037 848 4106 conspirat.
904 4036 1091 4091 Fuisse
1147 4047 1326 4091 autem
1377 4039 1752 4107 quadragenos

136 4129 225 4197 qui
266 4128 615 4197 iuraverint,
649 4127 885 4182 tradunt.
926 4127 1079 4194 Quod
1123 4143 1308 4182 eorum
1348 4130 1601 4184 molimen
1638 4147 1752 4184 om-

131 4220 260 4274 nino
296 4221 408 4291 tegi
446 4235 560 4275 non
597 4218 788 4272 valuit.
819 4218 954 4274 Nam
990 4234 1112 4273 cum
1150 4221 1466 4287 contigisset
1505 4222 1751 4288 magistri

131 4312 340 4367 Anselli
375 4313 666 4374 notitiam,
699 4311 751 4364 in
785 4311 900 4378 ipsa
937 4311 1072 4365 sacri
1107 4310 1460 4380 Sabbatijam
1500 4329 1753 4382 vespera-

129 4415 322 4462 scente
355 4407 473 4470 die,
508 4403 754 4460 cubitum
782 4404 928 4456 eunti
960 4403 1213 4473 episcopo
1252 4404 1551 4466 mandavit,
1584 4421 1652 4460 ne
1683 4407 1750 4460 ad

1858 1903 2169 1969 redderent,
2211 1906 2426 1975 aggredi
2460 1907 2768 1964 noluerunt.
2817 1910 2951 1966 Cum
2993 1914 3157 1984 igitur
3195 1915 3308 1986 jam
3343 1928 3450 1974 ter-

1856 1999 1990 2052 tium
2016 1997 2236 2054 Pascha:
2261 1999 2530 2071 attigisset
2551 2003 2718 2067 diem,
2744 2019 2840 2060 eos
2861 2022 2998 2076 quos
3021 2009 3086 2062 ad
3110 2011 3191 2064 sui
3224 2012 3448 2068 tutelam

1854 2090 2095 2144 turribus
2125 2100 2180 2146 et
2205 2093 2373 2146 curia:
2406 2106 2795 2165 prmposucrat,
2827 2107 2882 2153 et
2911 2114 2973 2154 ex
3009 2116 3106 2156 suo
3135 2103 3264 2159 inibi
3292 2106 3450 2161 victi-

1857 2192 1970 2236 tare
2005 2192 2277 2253 coegerat,
2328 2186 2575 2240 securior
2617 2187 2795 2244 factus
2839 2190 2968 2244 sinit
3015 2193 3188 2249 abire.
3243 2194 3449 2262 Quarto

1855 2277 1962 2340 die,
1992 2277 2118 2346 quia
2165 2291 2437 2350 annonam
2479 2295 2678 2349 meam,
2717 2292 2771 2338 et
2803 2283 3012 2355 aliquos
3060 2288 3264 2356 pariter
3301 2300 3450 2359 peta-

1854 2384 2035 2434 sones,
2070 2386 2206 2444 quos
2249 2371 2364 2442 (¹⁰²)
2411 2373 2573 2444 vulgo
2611 2375 2847 2432 bacones
2886 2391 3102 2447 vocant,
3153 2382 3450 2453 diripuerat

1853 2477 1953 2534 per
1979 2478 2138 2517 suum
2175 2465 2504 2532 incendium,
2535 2469 2749 2538 perrexi
2783 2471 2849 2524 ad
2890 2485 3034 2526 eum.
3065 2473 3376 2530 Conventus
3417 2491 3447 2528 a

1854 2567 1939 2605 me
1985 2561 2036 2606 ut
2090 2561 2237 2610 tanta
2287 2555 2475 2610 urbem
2525 2559 2760 2626 procella
2811 2561 3092 2626 eximeret,
3127 2565 3444 2634 respondit:

1853 2643 1992 2710 Quid
2023 2646 2225 2714 putatis
2260 2647 2312 2700 in
2351 2661 2446 2701 sua
2487 2649 2815 2720 turbulentia
2846 2666 2938 2706 eos
2965 2667 3124 2721 posse
3150 2652 3376 2708 facere?
3403 2654 3449 2708 si

1852 2734 2088 2791 Joannes
2123 2753 2347 2792 mauros
2383 2753 2536 2793 meus
2572 2741 2771 2809 ipsum,
2807 2743 2898 2812 qui
2931 2743 2982 2818 in
3022 2745 3099 2798 eis
3129 2753 3210 2799 est
3248 2745 3448 2816 potior,

1851 2845 1984 2886 naso
2025 2831 2356 2900 detraheret,
2406 2832 2714 2888 nullatenus
2743 2836 3004 2906 grnmiire
3052 2838 3452 2908 prmsnmeret?

1853 2919 1986 2974 Nam
2041 2937 2194 2976 suam
2255 2923 2396 2987 heri,
2445 2939 2606 2992 quam
2668 2926 3015 2996 appellabant
3059 2929 3449 2994 communiam,

1851 3027 1966 3078 eos,
1999 3015 2176 3081 quoad
2210 3013 2484 3077 viverem,
2519 3013 2772 3084 abjurare
2800 3020 2972 3089 coegi.
3009 3019 3151 3086 Dixi,
3187 3029 3242 3074 et
3275 3019 3449 3074 multo

1775 3141 1820 3202 C
1854 3107 2130 3162 hominem
2169 3107 2358 3160 videns
2393 3122 2644 3160 eversum
2685 3110 3006 3178 supercilio,
3043 3111 3224 3165 dicere
3259 3125 3449 3180 supcr-

1856 3200 1972 3255 sedi
2006 3200 2028 3252 ?
2064 3200 2370 3266 Antequam
2421 3209 2599 3253 Ianum
2648 3200 2714 3254 ab
2751 3202 2883 3256 urbe
2933 3204 3263 3268 recederem,
3297 3201 3448 3274 gravi

1855 3297 1922 3348 ab
1957 3295 2192 3349 invicem
2227 3296 2702 3351 animadversione
2735 3297 3103 3351 instabilitatis
3135 3313 3246 3352 sua:
3279 3311 3446 3352 causa

1853 3388 2228 3442 dissensionis.
2257 3388 2331 3441 De
2358 3391 2584 3444 instanti
2618 3397 2798 3442 autem
2825 3388 2968 3442 tnalo
2995 3404 3116 3442 cmn
3145 3401 3450 3458 prteritone-

1854 3490 2006 3537 retur
2036 3498 2064 3536 a
2096 3483 2298 3550 multis,
2332 3485 2601 3554 neminem
2633 3483 2978 3552 dignabatur.

2425 3575 2654 3632 CAPUT
2697 3574 2828 3628 VIII.

1925 3667 2000 3721 De
2041 3669 2270 3724 aedibus
2310 3686 2617 3744 procerum,
2663 3678 2710 3722 et
2750 3667 3004 3720 incendiis
3045 3667 3186 3720 urbis
3231 3663 3449 3738 Laudu-

1855 3763 2051 3815 nensis.
2082 3794 2150 3801 —
2180 3763 2408 3818 Postero
2437 3762 2523 3816 die
2545 3803 2560 3827 ,
2594 3762 2729 3816 feria
2773 3760 3026 3814 videlicet
3073 3760 3282 3829 quinta,
3323 3775 3446 3814 cum

1853 3864 1976 3932 post
2015 3855 2342 3908 meridianas
2383 3856 2449 3909 de
2486 3853 2765 3924 exigendis
2796 3853 3039 3923 pecuniis
3072 3869 3194 3906 cum
3230 3852 3448 3907 Galtero

1857 3947 2244 4002 archidiacono
2269 3955 2456 4016 ageret
2488 3947 2668 4008 horas,
2694 3963 2820 4020 ecce
2848 3964 2858 4014 ι
2882 3962 2942 4000 er
2970 3945 3160 4000 urbem
3189 3945 3448 4000 tumultus

1855 4037 2126 4108 increpuit
2169 4037 2537 4092 Communium
2582 4039 3030 4092 inelan'tantinm:
3080 4049 3189 4090 tum
3235 4052 3449 4107 quoque

1853 4147 1951 4202 per
1976 4133 2206 4186 mediam
2233 4132 2412 4186 Beata!
2436 4132 2619 4188 Mariae
2651 4132 2948 4195 basilicam,
2991 4140 3044 4186 et
3073 4146 3169 4202 per
3196 4148 3314 4185 eam
3339 4147 3446 4202 qua

1853 4225 2126 4278 occisores
2157 4225 2384 4279 Gerardi
2424 4225 2776 4290 introierant,
2809 4226 3163 4295 exierantque
3196 4224 3444 4292 jmtuani,

1853 4331 1976 4370 cum
2001 4317 2241 4380 ensibus,
2270 4317 2612 4388 bipennibus,
2645 4317 2879 4372 arcubus
2906 4327 2959 4370 et
2998 4316 3304 4380 securibus,
3335 4315 3447 4369 cla-

1854 4425 1974 4476 vas,
2014 4409 2339 4486 lanceasqne
2395 4411 2630 4464 terentes
2666 4426 2785 4462 cum
2819 4409 3056 4463 maximo
3099 4409 3313 4478 agmine
3352 4425 3449 4462 cu-

129 4499 451 4554 matutinas
484 4501 810 4567 procederet
846 4496 1076 4566 vigilias,
1123 4497 1302 4551 sciens
1332 4511 1409 4564 se,
1438 4497 1480 4550 si
1517 4500 1748 4560 veniret.
1783 4519 1828 4574 ι)
1857 4503 1991 4556 riam
2045 4503 2411 4572 pontiﬁcalem
2467 4504 2738 4558 intravere
2783 4501 3100 4570 burgenses.
3157 4501 3443 4569 Comperta

127 4591 619 4649 interﬁciendum.
635 4589 813 4644 Atille
836 4598 961 4661 typo
977 4589 1143 4644 nimio
1164 4589 1428 4658 stupidus.
1453 4590 1744 4659 Fi,inquit,

125 4699 228 4756 ego
277 4701 352 4740 nc
409 4683 608 4737 talium
650 4681 901 4762 manibus
957 4682 1267 4764 inteream?
1310 4681 1455 4749 Quos
1501 4683 1748 4754 quamvis

119 4793 224 4852 ore
242 4777 682 4850 despiceret,ad
713 4775 1008 4854 matutinos
1036 4785 1214 4830 tamen
1251 4790 1491 4854 surgere,
1525 4785 1579 4831 et
1605 4777 1750 4831 basi-

121 4871 290 4926 licam
322 4870 553 4950 ingredi
587 4885 694 4950 non
729 4853 1090 4940 praesumpsit.

193 4945 503 5022 Postridie
525 4945 646 5020 cum
677 4967 743 5018 ad
769 4963 1174 5036 processionem
1214 4962 1418 5017 clerum
1451 4977 1606 5016 suum
1636 4963 1752 5032 ipse

117 5067 502 5133 sequeretur,
564 5058 890 5113 domesticos
945 5071 1103 5120 suos,
1157 5063 1212 5110 et
1264 5070 1506 5126 quosque
1553 5055 1750 5111 milites

119 5160 320 5220 spatas
359 5151 478 5206 sub
513 5151 752 5205 vestibus
795 5158 918 5217 post
961 5165 1019 5204 se
1062 5148 1204 5202 ferre
1237 5148 1512 5217 praecepit.
1551 5147 1608 5203 ln
1647 5164 1752 5218 qua

117 5245 512 5318 processione
535 5258 655 5318 cum
685 5258 878 5313 parum
910 5242 1038 5312 quid
1071 5241 1352 5308 tumultus,
1385 5249 1440 5294 ut
1471 5241 1669 5295 assolet
1698 5242 1753 5296 in

117 5336 544 5399 multitudine,
577 5333 810 5390 suboriri
844 5335 1131 5402 coepisset,
1159 5334 1378 5403 quidam
1417 5333 1484 5387 de
1512 5333 1753 5406 Burgen-

111 5431 274 5500 sibus
291 5447 326 5486 e
343 5438 555 5501 crypta
575 5445 876 5500 emergens,
897 5427 1336 5497 coeptumjuratte
1357 5427 1749 5504 interiectionis

117 5527 427 5596 negotium
465 5524 747 5578 aestimans
782 5523 888 5577 alta
935 5537 1066 5578 voce
1099 5524 1265 5592 ccepit
1294 5524 1448 5592 quasi
1478 5538 1574 5592 pro
1599 5523 1752 5594 signo

107 5618 552 5688 inclamitare:
586 5617 974 5682 Communium,
1004 5617 1353 5670 communium
1390 5615 1749 5686 ingeminans.

108 5707 305 5778 Quod,
340 5726 492 5780 qun.
531 5709 730 5764 festum
765 5718 904 5778 erat,
930 5708 1091 5765 facile
1115 5725 1421 5780 repressum
1444 5717 1547 5776 est,
1575 5709 1752 5778 suspi-

107 5808 349 5870 cionem
411 5815 609 5863 tamen
661 5805 889 5862 diversae
940 5804 1082 5878 parti
1130 5804 1328 5861 intulit.
1376 5804 1514 5861 Acto
1568 5804 1750 5876 itaque

1855 4591 2014 4660 hujus
2059 4593 2299 4646 novitate
2349 4592 2642 4646 moliminis
2683 4607 2940 4663 proceres
2988 4593 3052 4645 ad
3100 4590 3443 4662 episcopum‘,

1851 4683 1937 4738 cui
1984 4683 2296 4752 praesidium
2341 4697 2503 4754 super
2549 4683 2651 4737 hoc
2699 4683 2916 4762 incursu
2968 4683 3011 4737 si
3063 4682 3444 4752 contingeret,

1845 4780 2186 4854 juravcrant,
2239 4795 2298 4834 se
2342 4779 2569 4844 laturos,
2604 4779 2961 4848 undecunque
3000 4786 3350 4833 concurrunt.
3389 4773 3446 4828 ln

1852 4889 1960 4948 quo
2010 4889 2282 4927 concursu
2328 4873 2675 4929 Guiuimarus
2730 4871 3058 4927 castelianus
3103 4870 3187 4923 vir
3227 4867 3442 4932 nobilis,

1855 4977 1909 5024 et
1927 4967 2309 5038 pulcherritnte
2331 4966 2666 5038 habitudinis
2680 4965 2885 5029 senior,
2903 4963 3149 5019 moribus
3164 4962 3445 5025 innocens,

1857 5079 1982 5119 cum
2017 5077 2114 5132 per
2152 5063 2442 5117 ecclesiam
2478 5061 2665 5130 clypeo
2695 5068 2902 5114 tantum
2933 5057 3173 5112 munitus
3210 5063 3265 5108 et
3289 5054 3446 5108 hasta

1853 5163 2228 5234 procurreret,
2281 5170 2403 5208 mox
2459 5162 2518 5207 ut
2568 5151 2813 5224 prmsulis
2855 5150 3052 5204 atrium
3105 5145 3368 5208 introivit,
3413 5158 3444 5196 a

1831 5233 2089 5318 quedam
2127 5245 2446 5308 Rainberto,
2475 5244 2566 5314 qui
2600 5249 2882 5311 compater
2909 5240 3023 5309 ejus
3047 5237 3210 5292 etiam
3241 5234 3444 5301 fuerat,

1853 5341 2075 5412 bipenni
2106 5341 2159 5394 in
2191 5338 2450 5408 occipitio
2477 5349 2768 5406 percussus
2799 5333 3007 5406 primus
3036 5329 3310 5386 occubuit.
3334 5326 3448 5382 Nec

1855 5447 2011 5487 mora
2049 5430 2335 5484 Bainerius
2367 5429 2476 5492 ille,
2501 5427 2568 5480 de
2597 5441 2703 5495 quo
2731 5439 2890 5495 supra
2915 5422 3023 5494 egi,
3052 5421 3135 5476 cui
3170 5434 3286 5474 mea
3315 5433 3445 5472 con--

1855 5524 2077 5582 sobrina
2109 5531 2396 5591 nupserat,
2433 5536 2556 5574 cum
2588 5518 2917 5574 acceleraret
2953 5514 3162 5586 ingredi
3200 5514 3312 5584 ipse
3348 5525 3447 5582 pa-

1856 5616 2076 5679 latium,
2101 5615 2286 5682 lancea
2319 5629 2346 5664 a
2375 5622 2525 5682 tergo
2551 5610 2763 5676 feritur,
2791 5624 2912 5664 cum
2943 5607 3101 5686 podio
3125 5603 3446 5676 episcopalis

1857 5710 2076 5780 capellae
2105 5709 2284 5762 nitens
2304 5721 2422 5762 eam
2445 5707 2628 5762 subire
2654 5705 2832 5772 vellet,
2865 5703 3042 5773 ibique
3065 5699 3443 5773 prosternitur,

1861 5819 1962 5860 nec
2015 5817 2166 5858 mora
2205 5816 2268 5858 ex
2314 5800 2439 5872 igne
2477 5801 2660 5873 palatii
2700 5799 2768 5856 ab
2803 5799 3023 5874 inguine
3058 5795 3285 5854 interius
3315 5809 3448 5858 00ﬂ1
