4018 6324
562 336 696 396 ⁷91⁸1

1404 325 1465 381 ν.
1508 320 1833 382 GUIBERTI
1870 313 2167 376 ABBATIS
2205 306 2265 369 S.
2309 308 2551 368 ΗΔΒΙῶ
2606 306 2695 367 DE
2730 307 3123 369 NOVIGENTO

592 456 893 507 crematur.
956 445 1073 501 Ado
1131 441 1505 499 vicedominus
1565 438 1727 493 minis
1782 449 1909 492 acer
1936 474 1951 501 ,
2002 430 2184 487 animo
2209 426 2265 488 Δ
2289 428 2581 498 episcopus
2602 441 2726 481 eum
2756 426 3094 496 lsengrinum
3118 423 3396 479 irridendo
3416 436 3638 487 vocare,
3661 434 3849 494 propter

594 544 760 601 nimis
808 540 1014 603 acrior,
1064 538 1191 608 quia
1240 534 1476 591 solitudo
1522 540 1656 588 tunc
1701 546 1798 587 sua
1839 530 2020 584 minus
2062 541 2183 582 eum

592 633 741 688 inter
767 640 845 686 tot
873 630 1144 685 efficacem
1178 626 1407 691 fecerat,
1440 640 1560 679 cum
1595 623 1662 679 ad
1691 620 1929 693 episcopi
1963 619 2183 672 domum

592 724 822 778 tendens
870 722 936 775 ab
985 719 1241 773 universo
1283 717 1637 787 impeteretur
1685 728 1877 779 cuneo,
1928 712 2085 765 hasta
2132 718 2188 762 et

590 815 772 886 gladio
817 822 1101 883 tantopere
1154 809 1385 876 restitit,
1436 816 1495 861 ut
1533 816 1644 860 tres
1693 806 1759 859 de
1811 801 2184 858 insistentibus

590 907 693 964 sibi
753 907 808 962 in
863 915 1139 961 momento
1194 911 1587 975 prosterneret.
1660 898 1864 953 Deinde
1902 894 2186 968 prausoria

592 1015 782 1057 mensa
821 1001 959 1056 aula:
988 1014 1310 1066 conscensa,
1345 1014 1466 1054 cum
1499 1006 1700 1068 prmter
1734 1003 1928 1049 cmtera
1962 992 2187 1048 vulnera

594 1098 862 1168 corporis,
918 1097 1104 1151 saucia
1155 1096 1203 1150 ei
1249 1095 1361 1165 jam
1404 1090 1770 1147 reddidissent
1810 1103 2016 1158 genua,
2060 1085 2190 1155 ipsis

593 1191 811 1245 demum
844 1190 1075 1259 genibus
1106 1188 1429 1243 incumbens
1461 1184 1644 1240 tandiu
1674 1183 1800 1238 hinc
1827 1192 1883 1237 et
1912 1180 2036 1235 inde
2060 1195 2188 1235 con-

594 1280 807 1337 fodiens
855 1282 1172 1337 obsidentes
1218 1279 1580 1349 propngnavit
1608 1318 1620 1341 ,
1678 1276 1849 1329 donec
1906 1273 2188 1342 fatigatum

590 1370 821 1446 quidam
869 1391 1067 1447 corpus
1119 1372 1224 1428 telo
1270 1372 1519 1442 trajecit,
1551 1383 1713 1439 quem
1745 1376 1864 1437 post
1914 1365 2189 1437 paululum

594 1470 912 1539 earumdem
954 1469 1238 1521 domorum
1286 1465 1426 1535 ignis
1471 1477 1640 1533 usque
1681 1462 1749 1516 ad
1790 1470 2067 1516 extremos
2112 1459 2192 1514 ei-

595 1576 756 1616 neres
780 1560 1009 1629 redegit.

665 1648 733 1703 In
764 1648 1162 1703 subterraneum
1200 1646 1432 1701 ecclesia:
1459 1650 1630 1701 locum
1659 1646 1865 1717 aufugit
1898 1646 2190 1715 cpiscopus.

595 1740 855 1797 —Porro
883 1742 1199 1811 episcopum
1225 1741 1462 1796 insolens
1488 1742 1679 1811 vulgus
1704 1742 2043 1811 aggrediens,
2071 1755 2192 1794 cum

596 1851 697 1906 pro
729 1834 1004 1889 moenibus
1032 1834 1167 1889 aulae
1191 1843 1582 1904 prostreperet,
1616 1834 1903 1903 episcOpus
1923 1850 2045 1887 cutn
2074 1832 2194 1901 qui-

594 1927 826 1986 busdam
872 1926 961 1996 qtti
1004 1925 1106 1980 sibi
1150 1926 1591 1995 opitulabantur,
1634 1924 1873 1995 jactibus
1920 1924 2187 1992 lapidum,

597 2017 1033 2087 sagittarumque
1090 2016 1286 2071 ictibus
1345 2017 1524 2083 quoad
1582 2017 1795 2087 potuit,
1846 2015 2184 2085 repugnavit.

562 2128 565 2132 '
597 2108 894 2163 Plurimam
926 2109 1073 2161 enim
1104 2121 1257 2161 suam
1292 2122 1508 2177 semper
1538 2108 1591 2161 in
1619 2107 1785 2161 armis
1812 2106 2187 2172 acrimoniam,

566 2200 674 2255 'uti
726 2200 1029 2270 quondam,
1076 2210 1129 2254 et
1167 2214 1308 2253 nunc
1333 2213 1550 2269 quoque
1581 2199 1882 2268 promebat.
1916 2197 2021 2253 Sed
2063 2197 2191 2267 quia

597 2292 837 2347 intlehite
872 2301 927 2346 ct
960 2290 1160 2348 frustra
1194 2291 1357 2346 alium
1399 2298 1687 2361 acceperat
1727 2289 1985 2360 gladium,
2015 2288 2192 2358 gladio

596 2386 781 2455 periit.
808 2386 1157 2442 'I‘cnterarios
1188 2402 1319 2458 ergo
1344 2385 1521 2455 plebis
1549 2384 1788 2439 assultus
1821 2383 2052 2438 tolerare
2085 2398 2190 2437 non

597 2477 933 2548 praevalens,
962 2489 1172 2549 sumpta
1205 2477 1485 2547 cujusdam
1529 2477 1781 2546 mancipii
1815 2478 1897 2531 sui
1925 2486 2104 2540 veste,
2139 2477 2191 2531 itt

601 2571 886 2626 cellarium
910 2572 1155 2627 ecclesia:
1178 2572 1518 2637 confugiens,
1550 2572 1690 2626 intra
1717 2586 1935 2640 parvam
1965 2570 2192 2640 apothe-

601 2679 723 2719 cam
757 2680 814 2721 sc
842 2666 1105 2731 condidit,
1136 2676 1190 2721 et
1221 2682 1250 2720 a
1280 2666 1423 2720 fideli
1457 2667 1691 2737 quodam
1721 2665 1975 2720 clientulo
2019 2665 2194 2721 fronte

600 2760 856 2815 obstrusa
919 2760 1271 2825 introclusus,
1321 2776 1379 2815 se
1430 2761 1602 2816 latere
1653 2759 1895 2830 putabat.
1950 2759 2195 2828 Cumque

603 2852 709 2909 hac
749 2852 979 2923 illacque
1017 2854 1385 2910 discurrentes
1419 2854 1510 2908 ubi
1547 2862 1712 2914 esset,
1745 2866 1851 2906 non
1888 2851 2189 2922 episcopus,

605 2946 701 3003 sed
735 2945 979 3015 furcifer,
1013 2946 1446 3010 conclamarent,
1477 2963 1642 3002 ttnum
1687 2946 1753 3001 de
1795 2946 2034 3016 puerulis
2078 2944 2197 3013 ejus

603 3036 936 3106 corripiunt,
983 3039 1077 3094 sed
1122 3038 1173 3091 in
1217 3037 1321 3092 title
1370 3036 1486 3106 ejus
1532 3038 1607 3092 nil
1655 3041 1797 3107 quod
1847 3041 1950 3095 sibi
1994 3039 2184 3094 liberet

600 3126 862 3184 elliciunt.
884 3127 1133 3183 Alterum
1160 3137 1537 3196 attrectantes,
1558 3141 1689 3184 nutu
1712 3132 1903 3199 perfidi
1927 3146 2034 3201 quo
2053 3140 2194 3187 esset

602 3222 926 3291 quaerendus
964 3220 1255 3292 accipiunt.
1296 3221 1664 3293 lngrcdientes
1703 3224 1868 3293 igitur
1910 3224 2191 3279 cellarium

601 3323 659 3369 et
688 3314 1118 3385 circumquaque
1145 3313 1429 3382 rimantes,
1466 3317 1677 3370 tandem
1710 3318 1812 3373 hoc
1851 3317 2010 3373 modo
2036 3331 2198 3386 repe-

602 3409 771 3463 rittnt.

675 3500 1046 3573 Teudegaldus
1086 3501 1248 3557 homo
1283 3510 1401 3556 erat
1440 3500 1846 3557 funestissimus
1874 3502 2024 3557 Beati
2067 3502 2197 3557 Vin-

602 3593 766 3649 centii
816 3593 1061 3648 ecclesiae.
1110 3595 1285 3665 capite
1326 3609 1542 3660 census,
1594 3594 1896 3663 lngclranni
1945 3586 2199 3649 Codicia-

506 3718 519 3728 -
604 3687 790 3743 censis
812 3688 900 3742 diu
922 3688 1167 3744 officialis
1195 3698 1358 3760 atque
1380 3689 1723 3760 praepositus,
1741 3690 1832 3759 qui
1858 3690 2201 3746 transitorias

607 3780 1160 3851 redhibitionesapud
1187 3783 1532 3851 pontetn,qtti
1560 3781 1754 3837 Soordi
1772 3782 1991 3847 dicitur,
2015 3782 2200 3837 obser-

603 3884 773 3937 vans,
803 3874 1229 3927 commeantium
1269 3874 1601 3941 paucitatem
1643 3869 1928 3941 aliquoties
1958 3890 2199 3944 aucupa-

606 3962 792 4030 batur,
813 3972 867 4018 et
890 3979 1125 4019 cumcos
1146 3966 1893 4037 rebusomnibusspoliasset,
1914 3972 2199 4039 nequando

606 4053 715 4109 illis
730 4063 922 4110 contra
948 4070 1071 4109 eum
1090 4056 1437 4127 interpellare
1458 4057 1671 4124 liceret,
1692 4058 1895 4129 ejectos
1910 4061 1960 4114 in
1978 4060 2199 4117 flumine

607 4143 1029 4213 supplumbabat
1062 4146 1197 4218 (47).
1240 4146 1354 4203 lloc
1395 4148 1608 4217 quoties
1651 4148 1839 4204 fecerit
1878 4150 2024 4206 solus
2056 4151 2200 4208 Deus

606 4240 780 4295 novit.
831 4240 1159 4307 Furtorttm,
1209 4241 1730 4313 latrociniorumque
1780 4260 2036 4299 numeros
2074 4261 2196 4300 cum

608 4331 681 4387 sit
710 4329 915 4386 referre
943 4330 1177 4397 nullius,
1208 4331 1559 4397 incoltibiles,
1592 4342 1650 4387 ιιι
1685 4334 1765 4388 sic
1793 4335 1967 4389 dicam
1987 4376 2001 4402 ,
2035 4335 2197 4391 corde.

606 4422 879 4491 nequitias
902 4422 1051 4477 vultu
1091 4423 1371 4478 teterrimo
1400 4424 1744 4495 praeferebat.
1774 4425 1820 4479 ls
1853 4428 1904 4481 in
1933 4425 2194 4483 offensam

605 4513 852 4568 incidens
883 4514 1209 4585 lngelrauni,
1244 4525 1415 4570 totum
1453 4531 1512 4571 se
1554 4516 1622 4571 ad
1654 4517 2019 4572 communiam
2055 4517 2194 4573 Lau-
2224 4526 2277 4588 ι)

606 4606 751 4659 duno
798 4607 1122 4661 contulerat.
1172 4608 1215 4661 A
1270 4622 1377 4676 quo
1427 4624 1557 4679 ergo
1608 4625 1708 4665 nec
1752 4611 2046 4676 monacho,
2096 4626 2197 4667 nec

607 4698 835 4763 clerico,
865 4713 962 4753 nec
994 4700 1299 4771 peregrino,
1332 4700 1440 4756 imo
1472 4701 1604 4756 nulli
1639 4704 1791 4757 sexui
1818 4719 2035 4774 parsum
2066 4706 2196 4761 olim

606 4788 805 4855 fuerat,
839 4788 917 4843 sic
949 4789 1183 4859 denique
1221 4805 1278 4844 se
1311 4791 1501 4845 habuit
1538 4792 1821 4847 occisurus
1860 4795 2194 4865 cpiscOpum.

605 4879 725 4952 lpse
764 4882 872 4936 dux
904 4891 958 4936 ct
996 4883 1244 4938 incentor
1273 4899 1396 4938 cum
1425 4896 1568 4940 esset
1597 4884 1756 4954 hujus
1782 4887 1974 4943 nefarii
2010 4890 2196 4959 coepti,

607 4990 951 5045 summopere
993 4990 1153 5045 quem
1198 4978 1409 5034 caeteris
1443 4979 1622 5034 acrius
1652 4980 1863 5049 oderat,
1899 4983 2200 5052 vestigabat

605 5067 941 5137 episcopum.

680 5160 1005 5219 Trucidatur
1026 5166 1295 5237 episcopus
1318 5176 1364 5221 et
1380 5183 1568 5239 corpus
1588 5171 1875 5240 opprobriis
1900 5173 2196 5240 exponitur.

600 5281 671 5293 —
711 5253 847 5309 Cum
882 5256 1063 5327 itaque
1092 5274 1189 5329 per
1220 5260 1431 5328 singula
1475 5277 1598 5315 eum
1640 5278 1768 5317 vasa
1812 5264 2197 5334 disquirerent,

603 5344 708 5399 iste
739 5360 840 5416 pro
868 5346 1047 5405 fronte
1081 5351 1321 5405 tonnulte
1355 5351 1520 5416 illius,
1554 5353 1607 5406 in
1639 5368 1746 5422 qua
1782 5353 1983 5410 latebat
2013 5357 2196 5424 homo,

604 5440 877 5506 substitit,
906 5452 960 5496 et
982 5451 1171 5498 retuso
1196 5444 1352 5499 obice
1376 5444 1797 5501 sciscitabantur
1821 5447 2201 5517 ingeminando

604 5531 727 5600 quis
760 5541 923 5588 esset.
954 5533 1200 5604 Cumque
1224 5536 1311 5590 vix
1344 5551 1409 5591 eo
1447 5535 1739 5608 fustigante
1764 5540 1937 5610 gelida
1965 5540 2079 5610 jam
2105 5557 2200 5597 ora

606 5623 877 5687 movisset
907 5640 922 5679 :
960 5622 1121 5696 507
1149 5625 1411 5698 Captivus
1437 5670 1452 5696 ,
1485 5628 1679 5700 inquit.
1741 5630 1964 5689 Solebat
2019 5642 2199 5689 autem

676 5802 793 5878 (47)
830 5800 1243 5878 Submergeb'at.
1272 5806 1402 5865 inde
1430 5808 1650 5877 Gallice,
1681 5812 1915 5885 plangor.

2287 517 2530 588 lupinam
2580 516 2791 572 scilicet
2840 514 3109 585 speciem;
3161 514 3242 568 sic
3296 514 3440 568 enim
3491 512 3658 582 aliqui
3708 516 3855 570 solent

2288 608 2562 680 appellare
2613 607 2788 677 lupos.
2832 605 2923 661 Ait
2958 596 3088 676 ergo
3133 604 3394 661 scelestus
3443 604 3513 657 ad
3558 604 3854 674 praesulem:

2288 701 2513 757 Hiccine
2539 709 2624 755 est
2653 699 2907 754 dominus
2935 698 3250 770 lsengrinus
3290 697 3588 767 repositus.
3630 695 3860 754 Renulfus

2293 795 2460 866 igitur
2489 793 2736 863 quamvis
2772 802 3050 863 peccator,
3097 791 3346 847 Christus
3377 799 3489 845 tum
3540 790 3634 862 [[1,
3686 792 3859 865 tamen]

2292 887 2529 951 Domini,
2580 887 2645 941 de
2685 885 2905 941 vasculo
2958 885 3170 956 capillis
3220 885 3554 949 detrahitur,
3610 884 3862 954 multiplici

2293 979 2402 1035 ictu
2449 978 2818 1049 pertttnditttr,
2856 985 2912 1032 et
2952 976 3053 1031 sub
3092 976 3217 1031 divo
3256 977 3309 1031 in
3351 976 3581 1031 claustri
3628 975 3864 1032 clericalis

2295 1072 2583 1143 angiportu
2611 1079 2739 1126 ante
2761 1072 2981 1124 domum
3005 1069 3282 1126 Godel‘ridi
3311 1067 3583 1138 capellani
3614 1069 3863 1123 statuitur.

2298 1166 2544 1235 Cumque
2569 1165 2650 1220 eis
2673 1163 3145 1219 miserabilissime
3166 1163 3522 1234 supplicaret,
3543 1163 3865 1233 jurejurando

2296 1257 2429 1326 ipsis
2473 1265 2718 1311 astruere
2760 1255 2950 1310 volens
2977 1270 3038 1310 se
3080 1270 3359 1324 nunquam
3401 1255 3659 1326 deinceps
3705 1270 3864 1311 eorum

2297 1348 2612 1419 episc0pum
2644 1347 2885 1401 futurum
2906 1386 2921 1412 ,
2958 1346 3198 1401 infinitas
3223 1346 3304 1401 eis
3346 1347 3609 1417 pecunias
3642 1347 3867 1415 praebitu-

2297 1455 2440 1506 rum,
2467 1440 2533 1495 de
2565 1439 2739 1509 patria
2773 1452 3147 1504 recessurum;
3179 1452 3483 1508 omnesque
3519 1448 3709 1492 contra
3732 1438 3869 1492 obfir-

2298 1532 2462 1586 matis
2506 1531 2704 1585 animis
2744 1530 3088 1597 insultarent,
3121 1545 3261 1585 unus
3299 1530 3520 1585 nomine
3567 1528 3867 1596 Bernardus,

2300 1633 2665 1694 cognomento
2718 1624 2783 1678 de
2826 1623 3098 1689 Brueriis,
3137 1623 3347 1679 elevato
3386 1623 3610 1687 bipenni
3659 1640 3867 1686 sacrum,

2300 1718 2552 1787 quamvis
2571 1718 2898 1786 peccatoris,
2916 1718 3174 1772 verticem
3199 1716 3538 1771 truculenter
3558 1718 3867 1783 excercbral;

2226 1796 2272 1854 Ι
2299 1809 2390 1879 qui
2420 1824 2545 1863 cum
2574 1808 2850 1863 laberetur
2876 1808 3021 1862 inter
3053 1808 3352 1862 tenentium
3378 1821 3574 1861 manus
3606 1815 3866 1877 antequam

2298 1902 2606 1969 decideret,
2643 1901 2713 1955 ab
2759 1902 2932 1956 altero
2980 1900 3082 1955 sub
3134 1899 3449 1954 ocularibus
3508 1915 3608 1968 per
3664 1900 3865 1954 medium

2297 1995 2413 2050 nasi
2446 2010 2514 2050 ex
2556 2003 2866 2048 transverso
2898 1992 3012 2063 (¹⁰³)
3036 2005 3329 2061 percussus
3357 1989 3637 2046 occubuit.
3666 1989 3735 2044 lbi
3765 2006 3864 2060 pes-

2288 2080 2550 2141 sumdato
2585 2095 2641 2141 et
2683 2085 2842 2139 tibias
2889 2083 3266 2148 conciderunt,
3306 2091 3361 2137 et
3391 2082 3620 2138 vulnera
3670 2081 3865 2151 plurima

2298 2179 2633 2234 indiderunt.
2657 2176 3138 2247 At'l‘eudegaudus
3166 2175 3359 2230 videns
3383 2175 3645 2230 annulum
3664 2176 3713 2229 in
3727 2176 3864 2245 digito

2297 2271 2574 2341 quondam
2619 2269 2917 2341 pontificis,
2957 2283 3080 2323 cmn
3135 2266 3297 2321 facile
3346 2282 3455 2321 non
3496 2275 3683 2336 posset
3713 2277 3861 2321 estor-

2297 2370 2491 2435 quere,
2523 2363 2590 2416 ab
2620 2376 2685 2416 eo
2715 2360 2944 2431 digitum
2984 2367 3229 2424 mortuo,
3258 2373 3390 2414 ense
3426 2358 3694 2429 praecidit,
3723 2375 3865 2413 annu-

2297 2458 2520 2527 lumque
2558 2456 2840 2525 corripuit.
2876 2454 3065 2524 Itaque
3094 2453 3433 2523 exspoliatus
3477 2455 3547 2507 ad
3597 2454 3783 2507 nudum
3821 2453 3863 2506 in

2296 2550 2550 2621 anguluut
2583 2559 2710 2604 ante
2743 2546 3009 2618 capellani
3042 2546 3126 2601 sui
3158 2546 3378 2600 domum
3418 2543 3721 2615 projicitur.
3748 2543 3864 2597 Deus

2296 2659 2473 2710 meus,
2500 2644 2623 2713 quis
2649 2650 2864 2696 retexat
2888 2648 3023 2710 quot
3050 2640 3105 2694 in
3126 2637 3400 2707 jacentem
3428 2652 3460 2690 a
3490 2638 3864 2692 transeuntibus

2298 2746 2426 2792 sunt
2458 2737 2690 2791 ludibria
2712 2735 2863 2804 jacta
2902 2733 3193 2788 verborum
3213 2772 3228 2796 ,
3261 2739 3396 2799 quot
3432 2729 3708 2800 glebarum
3729 2729 3864 2799 jacti-

2296 2831 2429 2897 bus,
2475 2837 2607 2900 quot
2646 2828 2824 2894 saxis,
2874 2832 3008 2897 quot
3054 2834 3139 2881 est
3184 2823 3503 2896 pulveribus
3567 2837 3753 2893 corpus
3788 2836 3866 2891 op-

2298 2939 2544 2994 pressum
2577 2924 2589 2978 !

2370 3014 2475 3070 Sed
2525 3023 2816 3084 antequam
2870 3012 2936 3067 ad
2991 3009 3094 3066 alia
3133 3009 3577 3081 progrediamur,
3604 3008 3861 3064 dicendum

2301 3110 2447 3179 quod
2475 3106 2729 3183 quiddam
2760 3121 2932 3176 nuper
2957 3105 3157 3160 factum
3187 3102 3254 3158 ad
3290 3118 3451 3158 suum
3488 3101 3647 3157 valde
3672 3100 3866 3172 proficit

2300 3201 2601 3256 interitum.
2634 3200 2774 3253 Ante
2821 3198 2977 3263 duos,
3000 3197 3102 3252 nisi
3140 3195 3318 3262 fallor,
3369 3209 3483 3273 suae
3517 3193 3705 3248 mortis
3751 3194 3864 3256 dies,

2300 3301 2601 3350 conventus
2652 3301 2736 3347 est
2778 3291 2830 3345 in
2862 3290 3038 3346 media
3075 3288 3297 3344 basilica
3340 3303 3367 3341 a
3402 3287 3732 3358 primoribus
3757 3285 3864 3341 cieri

2300 3388 2407 3453 sui,
2422 3387 2564 3456 quod
2591 3386 2700 3456 regi
2730 3386 2781 3439 in
2809 3384 2942 3439 urbe
2970 3397 3142 3455 nuper
3164 3382 3465 3438 constituto
3487 3395 3585 3436 eos
3609 3378 3866 3443 detulerat,

2302 3480 2491 3534 dicens
2529 3478 2758 3532 clericos
2790 3492 2897 3530 non
2922 3491 3041 3531 esse
3073 3474 3420 3541 reverendos,
3454 3476 3583 3544 quia
3609 3490 3739 3546 pene
3767 3490 3867 3530 om-

2303 3585 2400 3625 nes
2430 3585 2497 3626 ex
2528 3570 2675 3640 regia
2719 3568 2903 3624 forent
2957 3568 3216 3622 servitute
3268 3566 3563 3637 progeniti.
3592 3566 3739 3634 Quod
3765 3583 3866 3622 cum

2301 3662 2351 3716 ei
2377 3662 2650 3731 obiectum
2693 3659 2906 3725 fuisset,
2949 3660 3052 3715 hoc
3078 3658 3237 3713 modo
3283 3658 3537 3713 inticians
3580 3662 3697 3713 ait:
3736 3657 3866 3712 Com-

2305 3754 2492 3809 munio
2531 3761 2743 3817 sancta,
2802 3766 2962 3821 quam
2995 3766 3060 3807 ex
3116 3749 3208 3804 illo
3237 3750 3450 3819 pridem
3500 3748 3661 3804 altari
3685 3747 3866 3817 suscepi

2302 3847 2603 3919 (dexteram
2636 3847 2780 3899 cnim
2807 3844 2897 3898 illo
2924 3839 3294 3912 protenderat)
3317 3840 3503 3895 veniat
3524 3840 3654 3895 mihi
3684 3840 3745 3894 ad
3765 3854 3863 3908 pcr-

2303 3937 2524 4001 niciem,
2549 3945 2604 3991 et
2626 3936 2798 3990 sancti
2826 3933 3062 4004 Spiritus
3100 3932 3336 4003 gladiutn
3368 3931 3567 3987 invoco
3589 3932 3642 3985 in
3664 3931 3866 3985 animant

2305 4043 2505 4093 meam,
2539 4027 2582 4081 si
2615 4027 2728 4081 haec
2754 4040 2993 4095 unquam
3021 4024 3189 4078 verba
3212 4021 3323 4091 regi
3356 4022 3424 4076 de
3448 4021 3603 4076 vobis
3625 4020 3751 4076 dixi.
3773 4020 3869 4086 Quo

2303 4121 2508 4187 audito,
2535 4120 2753 4189 quidam
2804 4119 2960 4173 valde
3021 4118 3200 4173 mirati
3260 4126 3413 4183 sunt,
3461 4126 3518 4171 et
3545 4114 3869 4172 sacramentis

2303 4219 2656 4266 astruxerunt
2678 4224 2737 4266 se
2758 4225 2825 4264 ex
2854 4224 2949 4264 ore
2993 4208 3132 4278 ejus,
3173 4224 3296 4263 cum
3350 4207 3479 4263 talia
3507 4208 3622 4278 regi
3644 4206 3865 4265 deferret,

2302 4304 2537 4359 audisse.
2573 4302 2892 4357 V’olubilitas
2920 4302 3078 4372 plane
3107 4300 3223 4370 ejus
3268 4300 3472 4355 mentis
3493 4308 3551 4355 et
3588 4299 3763 4368 lingua
3785 4294 3867 4366 ipsi

2303 4399 2557 4472 parturiit
2589 4400 2702 4455 haec
2729 4399 2916 4454 exitia.

2918 4511 3146 4569 CAPUT
3186 4512 3276 4568 lX.

2380 4609 2707 4679 Inter/icitur
2758 4605 3093 4677 liudutpltus.
3126 4604 3434 4659 -—lnterea
3479 4618 3612 4675 pars
3656 4605 3863 4675 quadam

2304 4701 2535 4757 furentis
2577 4699 2836 4769 vulgi,ad
2886 4697 3105 4753 domum
3158 4695 3372 4751 Radulfi
3406 4698 3747 4767 pertendnnt,
3797 4693 3864 4763 qui

2304 4790 2933 4865 episc0pi'discophorus
2997 4798 3134 4857 erat,
3164 4800 3218 4845 et
3249 4789 3317 4844 de
3359 4790 3592 4844 summis
3618 4786 3863 4843 familiarir

2303 4891 2407 4946 bus
2456 4890 2684 4945 Gerardi
2716 4888 3108 4944 Carisiaccnsis
3154 4888 3459 4950 exstiterat,
3509 4887 3597 4941 vir
3623 4885 3743 4940 exili
3770 4882 3865 4952 qui.

2303 4981 2426 5038 dem
2461 4980 2657 5048 forma,
2682 4982 2778 5036 sed
2823 4981 3106 5036 heroicum
3144 4980 3351 5035 habens
3380 4980 3649 5034 animum.
3684 4978 3729 5032 ls
3761 4974 3863 5029 lori-

2301 5084 2478 5140 catus,
2521 5074 2781 5146 galeatus,
2838 5088 2943 5128 non
2999 5073 3118 5127 sine
3146 5071 3251 5127 levi
3298 5080 3583 5125 armatura
3613 5084 3730 5123 cum
3754 5064 3862 5119 resi-

2304 5176 2451 5224 stere
2512 5167 2830 5231 destinaret,
2886 5165 3076 5222 videns
3131 5165 3241 5219 vim
3291 5164 3542 5227 nimiam,
3590 5162 3861 5227 veritusque

2305 5260 2498 5332 subjici
2534 5261 2737 5331 ignem,
2771 5275 2921 5315 arma
2966 5259 3218 5331 projccit,
3269 5259 3586 5328 nudumque
3615 5272 3671 5311 se
3709 5264 3858 5309 eorum

2304 5353 2697 5410 misericordiae
2720 5353 2771 5406 in
2801 5352 3021 5407 modum
3053 5351 3231 5406 crucis
3256 5349 3533 5420 exposuit.
3561 5346 3685 5414 Qui,
3718 5344 3809 5399 Deo
3833 5352 3855 5391 a

2304 5465 2362 5505 se
2390 5457 2621 5509 remoto.
2651 5443 2801 5500 httmi
2848 5453 3178 5515 prostratum
3222 5441 3601 5498 crudelissime
3651 5433 3849 5493 trucidao

2307 5550 2453 5595 runt.
2488 5538 2605 5608 Ipse
2627 5547 2917 5607 antequam
2948 5535 3281 5591 carnificium
3317 5533 3450 5588 illud
3477 5533 3545 5587 de
3565 5528 3791 5587 Gerardo
3814 5524 3852 5577 in

2307 5632 2537 5690 ecclesia
2564 5631 2740 5701 ﬁeret,
2769 5629 3083 5703 hujusmodi
3118 5629 3383 5685 visionem
3415 5627 3573 5683 vidit.
3602 5624 3853 5682 Videbatur
