3982 6346
70 372 181 431 9‘29

1113 358 1201 415 DE
1226 357 1384 414 VITA
1410 356 1548 415 SUA
1574 355 1764 414 LIBRI
1810 357 2249 417 TRES.-—LIB.
2289 355 2378 414 111.

3248 361 3353 419 930

71 491 180 547 sibi
211 490 265 543 in
295 487 472 542 Beata:
501 482 683 537 Mariae
732 477 957 535 basilica
1000 490 1145 540 esse,
1170 474 1353 544 ibique
1382 487 1669 543 perversos
1696 472 1744 530 A
1772 470 2061 529 instantem
2116 482 2352 530 mortem
2402 471 2568 540 coepit
2620 469 2831 527 veniam
2877 470 2947 525 ab
2999 484 3093 536 eo,
3133 468 3178 525 si
3230 486 3351 541 quae

71 580 421 639 habitudinis
460 576 709 633 homines
755 571 1073 636 convenire,
1110 568 1201 639 qui
1237 572 1553 637 peregrinos
1580 565 1663 618 lu-

70 679 178 731 dos
201 672 310 728 illic
337 675 665 728 statuerent.
696 674 751 719 et
789 661 1113 733 quibusdam
1143 657 1666 713 circumsedentibus

67 762 386 837 spectacula
437 774 576 815 nova
632 758 843 812 darent.
882 754 995 809 Sub
1030 767 1136 822 qua
1188 749 1560 821 propositione
1602 752 1667 803 de

67 860 241 915 domo
297 851 563 911 Guidonis
621 846 970 911 tbesaurarii,
1021 860 1141 915 quae
1182 842 1336 912 juxta
1385 841 1666 896 ecclesiam

66 956 217 1010 erat,
248 944 338 998 alii
371 941 621 997 homines
652 937 873 993 exibant
894 934 1088 1007 pocula
1112 932 1438 997 deterentes,
1469 932 1530 985 in
1545 932 1669 1002 qui-

66 1039 179 1093 bus
205 1034 339 1093 tanti
372 1031 565 1087 fetoris
595 1029 978 1108 continebatur
1025 1034 1185 1096 potus
1222 1032 1283 1077 ut
1313 1021 1669 1077 intolerabilis

65 1126 436 1185 sentientibus
466 1131 632 1188 esset,
659 1121 751 1191 qui
800 1128 854 1175 et
910 1134 1008 1189 per
1040 1114 1549 1172 circumsedentium
1580 1129 1670 1168 or-

68 1219 259 1273 dinem
294 1214 591 1270 ferebatur.
639 1208 793 1277 Quod
820 1208 941 1264 luce
987 1207 1189 1263 clarius
1211 1213 1311 1260 est.
1340 1204 1511 1270 Quam
1537 1202 1669 1256 hor-

71 1310 283 1365 rendus
311 1306 455 1363 enim
501 1304 572 1360 ibi
602 1302 891 1359 emicuerit
942 1302 1273 1363 daemonum,
1297 1311 1570 1367 quamque
1590 1296 1671 1350 in-

70 1402 232 1456 visus
263 1398 439 1459 ludus,
472 1396 595 1466 quis
638 1403 801 1466 putor
834 1393 1073 1447 enormis
1115 1389 1337 1446 sceleris
1367 1387 1568 1457 ubique
1587 1386 1669 1441 lo-

72 1508 275 1550 eorum
307 1490 372 1546 dc
398 1489 589 1544 eadem
628 1487 788 1541 domo
818 1483 1075 1549 manarit,
1112 1482 1164 1536 in
1195 1488 1443 1551 promptu
1466 1487 1519 1533 et
1557 1493 1673 1533 mo—

72 1586 151 1640 do
199 1592 301 1638 est.
355 1581 492 1636 Nam
534 1579 687 1650 plebs
731 1574 1020 1632 furibunda
1068 1573 1251 1628 domni
1303 1572 1403 1637 illi,
1436 1570 1673 1641 primum

76 1675 221 1731 ﬁcos
254 1671 458 1742 injecit,
483 1672 548 1726 de
585 1671 723 1725 eain
752 1667 1041 1725 ecclesiam
1071 1664 1343 1735 prosiluit,
1374 1671 1430 1719 et
1457 1662 1673 1717 demum

74 1766 345 1837 palatium
376 1761 684 1834 episc0pale
710 1760 994 1831 corripuit.

1770 577 1955 621 contra
2009 582 2132 621 eum
2185 566 2564 633 commisisset,
2612 574 2817 637 petere,
2863 572 2919 619 et
2959 578 3018 619 se
3045 563 3352 621 diutissime

1767 673 1892 713 cum
1939 658 2228 729 ejulatibus
2273 659 2728 728 constringentes,
2774 665 2830 711 et
2868 655 3052 711 oscula
3107 665 3352 713 extrema

1767 748 2019 815 libantes,
2051 766 2173 804 cum
2218 750 2305 804 illa
2359 751 2590 817 diceret;
2621 766 2718 805 cur
2742 763 2829 805 me
2850 748 2950 805 sub
2971 747 3166 819 gladiis
3201 748 3354 804 urbi-

1711 864 1729 879 ο
1770 857 1959 899 corum
1985 842 2354 929 derelinquis?
2381 842 2475 898 llle
2504 843 2842 915 apprehensa
2872 840 3117 897 mulieris
3164 840 3353 897 dextra

1770 936 2012 991 lanceam
2062 951 2224 991 manu
2271 944 2486 1001 tenens,
2516 950 2639 991 cum
2666 934 3029 1007 dispensatori
3067 933 3354 1004 praecepis-

1769 1038 1854 1085 set
1884 1028 2131 1099 clypeum
2155 1036 2280 1099 post
2306 1043 2368 1084 se
2393 1028 2538 1083 ferre
2563 1028 2706 1099 (erat
2736 1035 2916 1082 autem
2946 1026 3013 1081 de
3039 1025 3354 1096 primordiis

1770 1118 2128 1191 proditorum)
2157 1119 2273 1191 ipse
2303 1135 2410 1176 non
2439 1118 2612 1175 solum
2650 1126 2775 1189 post
2823 1132 2947 1172 eum
2976 1118 3223 1189 clypeum
3245 1132 3355 1174 non

1773 1210 1914 1278 tulit,
1941 1212 2034 1267 sed
2067 1226 2190 1267 eum
2240 1211 2373 1267 dure
2401 1212 2568 1267 verbo
2611 1208 2970 1265 reverberans
2993 1224 3024 1262 a
3050 1217 3203 1279 tergo
3230 1224 3354 1265 eum

1771 1304 2014 1375 impegit.
2041 1303 2162 1359 Jam
2193 1318 2323 1375 ergo
2364 1319 2509 1370 eum,
2536 1303 2688 1372 cujus
2733 1317 2926 1359 servus
2954 1309 3091 1366 erat,
3121 1314 3227 1356 non
3262 1316 3359 1357 no-

1774 1407 1874 1454 rat.
1906 1398 2004 1453 Cui
2033 1406 2180 1454 certe
2212 1398 2354 1453 inter
2381 1397 2757 1468 prandendum
2788 1394 2949 1465 paulo
2975 1400 3103 1448 ante
3151 1392 3357 1449 servie-

1773 1499 1879 1547 rat.
1910 1488 2014 1546 Per
2043 1490 2250 1546 medias
2281 1490 2462 1559 itaque
2508 1497 2714 1542 turmas
2746 1486 2965 1542 defensa
3003 1497 3192 1551 uxore,
3218 1482 3361 1538 intra

1774 1583 1992 1640 domum
2020 1583 2238 1638 tandem
2280 1580 2561 1651 cujusdam
2592 1578 2818 1650 portarii
2848 1577 3087 1649 episcopi
3120 1591 3241 1632 eam
3265 1592 3360 1632 oc-

1776 1675 1964 1730 culuit.
1995 1674 2128 1742 Quze
2149 1689 2273 1730 cum
2297 1674 2525 1728 vidisset
2558 1671 2815 1738 assultus,
2847 1678 2903 1726 et
2929 1669 3207 1739 subjectos
3235 1668 3362 1724 tedi-

1776 1771 1877 1825 bus
1941 1770 2127 1841 ignes,
2172 1770 2226 1824 in
2278 1768 2463 1839 fugam
2505 1778 2830 1837 quocunque
2872 1763 3104 1818 ducebat
3150 1760 3361 1815 fortuna

160 1856 398 1912 Ecclesia
427 1857 705 1925 omniaque
731 1847 1228 1921 ipsius'ornamenta
1250 1849 1674 1918 conﬂagrant.—

1789 1864 2133 1921 eonvertitur.
2180 1861 2312 1930 Quae
2364 1876 2487 1915 cum
2544 1860 2843 1929 burgenses
2887 1856 3092 1925 aliquot
3136 1853 3367 1909 feminas

82 1950 236 2005 Vidit
264 1956 318 2004 et
346 1946 489 2001 aliud
516 1945 877 2017 praenuntiam
906 1952 1079 1998 status
1104 1941 1185 1997 sui
1212 1940 1397 1995 futuri.
1422 1939 1673 1995 Nuntiari

81 2041 194 2098 sibi
244 2042 296 2094 in
329 2039 536 2094 visione
590 2038 809 2093 videbat
853 2037 920 2091 ab
960 2034 1231 2105 armigero
1278 2048 1400 2098 suo,
1440 2032 1622 2088 etdici
1656 2049 1669 2085 :

81 2132 340 2196 Domine,
372 2143 544 2199 equus
575 2136 699 2183 tuus
733 2127 785 2180 in
815 2125 1076 2180 anteriori
1125 2132 1280 2194 parte
1302 2127 1486 2178 multa:
1512 2132 1566 2177 et
1598 2123 1678 2176 in-

80 2222 266 2278 solita:
287 2219 561 2274 vastitatis
585 2226 689 2284 est,
723 2225 778 2273 et
808 2217 861 2271 in
905 2214 1300 2285 posterioribus
1340 2222 1502 2269 tanta:
1523 2214 1677 2268 exili-

80 2314 216 2369 tatis
242 2322 301 2368 ut
344 2327 443 2383 par
492 2325 757 2381 nusquam
810 2309 1059 2364 viderim.
1093 2307 1321 2379 Optimae
1370 2308 1513 2362 enim
1541 2323 1677 2378 opu-

79 2406 290 2474 lentiae,
314 2404 641 2476 plurimique
668 2402 828 2472 pretii
859 2410 984 2456 ante
1015 2400 1217 2466 fuerat,
1241 2416 1360 2470 qure
1382 2401 1499 2471 ejus
1522 2401 1681 2456 uber-

81 2510 174 2553 tas
216 2497 283 2551 ad
326 2503 432 2551 tam
474 2493 773 2565 proﬂigatae
824 2494 1016 2548 mortis
1063 2493 1280 2548 devenit
1324 2493 1677 2558 tenuitatem;

80 2605 265 2659 equus
294 2604 525 2659 namque
553 2588 780 2660 gloriam
815 2586 998 2642 saeculi
1021 2587 1218 2658 signat.

164 2682 330 2752 Igitur
352 2697 418 2737 ex
446 2680 766 2750 cujusquam
815 2681 1054 2735 maxime
1091 2687 1319 2750 peccato
1357 2680 1677 2748 contigerat,

84 2786 152 2831 ut
187 2773 576 2846 gloriosissima
608 2771 838 2828 ecclesia
886 2769 1290 2825 miserabilibus
1336 2770 1682 2824 addiceretur

85 2869 341 2935 excidiis,
366 2884 431 2923 ex
463 2868 622 2923 domo
672 2866 881 2922 scilicet
918 2863 1269 2929 tbesaurarii,
1303 2862 1470 2932 quiet
1500 2861 1679 2915 Simo-

88 2964 250 3018 niace
296 2960 709 3017 archidiaconus
759 2966 897 3023 erat,
939 2958 993 3012 in
1036 2955 1325 3012 ecclesiam
1363 2967 1683 3024 proserperc

86 3054 243 3107 visus
286 3060 369 3107 est
420 3051 582 3121 ignis.
618 3050 753 3116 Quae
794 3064 918 3105 cum
948 3063 1047 3117 pro
1073 3046 1358 3117 praesentis
1389 3046 1559 3116 gloria
1599 3060 1684 3100 so-

89 3145 392 3200 lemnitatis
446 3144 627 3214 palliis
670 3151 833 3212 atque
866 3140 1140 3211 tapetibus
1176 3137 1513 3193 nobilissime
1544 3135 1686 3191 foret

1780 1954 2117 2021 offendisset,
2153 1961 2306 2022 rapta
2332 1950 2399 2006 ab
2421 1950 2522 2015 eis,
2556 1949 2860 2020 pugnisque
2897 1946 3130 2017 pulsata,
3161 1952 3215 1997 et
3237 1956 3364 2014 pre-

1781 2047 1965 2110 tiosis,
2001 2061 2139 2115 quas
2170 2044 2405 2100 habebat
2439 2043 2683 2097 vestibus
2729 2040 2976 2111 spoliata,
3008 2038 3097 2092 vix
3128 2037 3195 2093 ad
3223 2036 3367 2091 San-

1782 2149 1929 2195 ctum
1955 2139 2136 2209 potuit
2163 2145 2377 2207 sumpta
2418 2132 2862 2192 Sanctimonialis
2906 2139 3057 2188 veste
3085 2128 3369 2202 pervenire

1789 2229 2150 2286 Vincentium.

1855 2323 1925 2376 At
1948 2321 2275 2377 consobrina
2318 2336 2438 2376 mea
2463 2319 2777 2376 discedente
2813 2317 3033 2382 marito,
3063 2323 3370 2386 contempta

1783 2414 2105 2485 supellectili
2165 2414 2377 2479 domus,
2427 2412 2599 2469 solam
2651 2410 2754 2466 sibi
2800 2410 3078 2465 lacernam
3106 2407 3368 2472 retinens,

1784 2522 2024 2571 murum,
2078 2521 2186 2577 quo
2239 2521 2397 2560 suum
2464 2504 2783 2559 viridarium
2840 2502 3185 2573 cingebatur,
3228 2498 3371 2554 virili

1786 2598 2075 2654 alacritate
2098 2596 2436 2662 conscendit,
2471 2595 2722 2664 saltuque
2766 2592 2964 2648 exinde
2999 2589 3219 2646 desiliit.
3246 2588 3375 2644 lude

1786 2691 1840 2747 in
1890 2690 2231 2762 paupercula:
2286 2688 2569 2758 cujusdam
2635 2695 2855 2755 recepta
2915 2685 3209 2755 tugurium,
3250 2696 3373 2737 cum

1785 2793 2104 2855 grassantes
2146 2791 2269 2854 post
2306 2782 2579 2837 modicum
2609 2780 2868 2836 sensisset
2893 2778 3158 2841 flammas,
3186 2789 3377 2847 proru-

1786 2878 1865 2946 pit
1908 2878 1974 2931 ad
2019 2877 2239 2943 ostium,
2299 2874 2445 2944 quod
2496 2888 2634 2928 anus
2689 2880 2844 2926 extra
2896 2870 3267 2934 obseraverat,
3322 2873 3379 2920 et

1787 2967 1964 3038 lapide
1986 2967 2156 3022 fracta
2201 2980 2344 3032 sera,
2371 2981 2402 3019 a
2446 2965 2680 3034 quadam
2720 2960 3122 3018 sanctimoniali
3146 2968 3378 3029 cognata

1788 3076 1886 3117 sua
1918 3060 2210 3129 impetrato
2252 3057 2440 3113 habitu
2484 3065 2540 3111 et
2573 3056 2695 3111 velo
2720 3070 2780 3111 se
2808 3063 3124 3122 contegens,
3156 3062 3210 3106 et
3239 3051 3380 3105 inter

1791 3152 2087 3208 monachas
2116 3150 2401 3205 fovendam
2430 3162 2489 3204 se
2510 3147 2760 3213 credens,
2797 3161 2922 3202 cum
2962 3142 3213 3200 incendia
3244 3139 3380 3195 inibi

88 3237 515 3302 circumornata,
578 3244 803 3307 urgente
851 3235 974 3304 igne
1021 3246 1192 3302 pauca
1228 3246 1292 3285 ex
1342 3230 1518 3300 palliis
1540 3229 1683 3285 furto

1790 3244 2004 3300 fervere
2056 3242 2401 3311 conspiciens
2446 3240 2754 3296 retorsisset
2790 3238 3041 3309 gradum,
3071 3236 3124 3292 in
3153 3236 3377 3289 domum

92 3330 320 3398 abrepta
347 3329 529 3399 potius
573 3343 736 3397 quam
763 3326 900 3381 focis
943 3331 1084 3378 tacta
1121 3322 1451 3387 creduntur;
1488 3321 1687 3391 tapetia

94 3428 281 3474 autem
312 3418 512 3488 aliqua,
556 3418 685 3489 quia
715 3416 872 3471 facile
897 3416 1053 3469 funes
1079 3430 1109 3468 a
1140 3412 1365 3467 trocleis
1415 3411 1625 3466 demitti
1657 3428 1688 3467 a

94 3512 290 3584 paucis
310 3526 415 3567 non
468 3520 742 3582 poterant,
784 3508 1122 3564 succubuere
1152 3506 1447 3560 caloribus.
1471 3503 1690 3560 Tabula:

56 3602 292 3677 _altaris
344 3618 544 3670 aureae,
601 3611 657 3657 et
706 3611 1020 3656 sanctorum
1077 3599 1277 3654 feretra
1323 3607 1509 3669 erepta
1565 3613 1689 3653 cum

98 3698 220 3769 ipsa
269 3696 381 3768 (“‘j
439 3696 769 3767 prominenti
817 3710 1025 3756 eorum,
1086 3709 1249 3763 quam
1286 3693 1366 3747 sic
1425 3692 1686 3759 vocitant,

100 3804 254 3860 repa,
286 3799 481 3845 czetera
524 3791 577 3844 in
601 3805 733 3861 gyro
764 3788 1033 3843 incendiis
1077 3796 1209 3857 puto
1259 3795 1546 3856 correpta;
1590 3788 1689 3842 sub

101 3896 166 3937 ea
198 3883 335 3938 enim
393 3883 611 3955 quidam
639 3899 761 3937 cum
793 3897 850 3937 se
877 3881 1195 3937 reclusisset
1239 3880 1304 3934 de
1331 3878 1690 3933 nobilioribus

103 3976 337 4042 clericis,
399 3977 525 4032 inde
573 3975 824 4048 progredi
877 3990 983 4029 non
1021 3988 1354 4046 praesumens
1385 3988 1454 4027 ne
1502 3972 1691 4029 turbas

104 4077 352 4125 errantes
398 4068 683 4133 incideret,
713 4083 835 4123 cum
864 4067 1042 4139 ignem
1086 4066 1233 4120 circa
1266 4080 1323 4119 se
1356 4064 1534 4120 ridere
1568 4080 1692 4119 sen-

108 4164 291 4231 sisset,
324 4163 391 4218 ad
420 4162 731 4219 cathedram
754 4160 1117 4232 episcopalem
1149 4160 1340 4225 currit,
1375 4160 1689 4231 superposi-

107 4267 221 4313 tam
274 4256 500 4311 vitream
557 4253 847 4325 capitalem
897 4252 1031 4323 pede
1086 4250 1372 4322 impulsam
1420 4249 1688 4321 pertudit;

109 4350 297 4418 sicque
322 4347 544 4402 desiliit.

178 4438 344 4510 508
370 4437 757 4491 Monasterinm
796 4435 855 4490 S.
891 4434 1116 4488 Joannis
1164 4443 1319 4503 atque
1366 4431 1584 4487 ecclesia
1625 4431 1689 4487 Β.

107 4534 300 4588 Maria:
359 4530 670 4600 Profunda',
702 4538 750 4583 et
778 4527 835 4583 S.
875 4525 1021 4580 Petri
1062 4526 1433 4580 incenduntur.
1458 4555 1529 4566 —
1550 4525 1690 4581 Cru-

105 4624 251 4681 cifixi
310 4622 522 4678 Domini
576 4622 755 4692 imago
807 4619 1187 4676 decentissime
1234 4620 1692 4689 obaurata,gcm-

106 4718 320 4785 misque
357 4716 633 4782 distincta,
666 4729 787 4769 cum
810 4727 937 4768 vase
960 4712 1303 4782 saphyretico
1344 4728 1442 4783 pro
1469 4712 1694 4782 pedibus

108 4810 254 4865 illius
304 4808 559 4880 imaginis
615 4821 877 4877 appenso,
930 4806 985 4860 in
1026 4813 1224 4859 terram
1256 4803 1375 4859 fusa
1405 4804 1691 4870 delabitur,

105 4919 207 4959 nec
239 4901 357 4955 sine
380 4900 613 4971 plurima
653 4897 866 4967 jactura
907 4897 1187 4967 recipitur.
1222 4896 1354 4952 Cum
1386 4896 1549 4967 igitur
1577 4911 1696 4951 ere-

99 5003 353 5053 maretur
395 4993 625 5049 ecclesia
675 5001 835 5061 atque
880 4989 1179 5060 palatium,
1233 4989 1377 5043 dictu
1424 4989 1692 5058 mirabile,

99 5085 508 5160 mysticumque
558 5083 651 5139 Dei
690 5082 975 5151 judicium,
1025 5080 1139 5138 titio
1190 5088 1370 5134 utrum
1424 5081 1607 5136 nescio
1628 5097 1696 5136 an

98 5180 273 5235 carbo
305 5178 373 5233 ad
402 5176 792 5233 monasterium
844 5176 1113 5245 virginum
1141 5173 1467 5241 convolavit,
1500 5174 1615 5245 (ίθδ)
1644 5184 1699 5229 et

101 5269 299 5327 Sancti
353 5267 577 5324 Joannis
606 5267 892 5323 ecclesiam
945 5266 1300 5331 succendens,
1328 5264 1505 5320 Beata:
1531 5266 1713 5320 etiam-

97 5364 316 5430 Mariae,
377 5378 497 5432 quae
557 5359 829 5417 Profunda
886 5359 1107 5426 dicitur,
1139 5357 1435 5428 Sauctique
1470 5358 1609 5413 Petri
1642 5357 1697 5413 in

100 5456 326 5513 cineres
352 5455 643 5510 convertit.

179 5548 448 5606 Matrona:
468 5548 711 5619 quaedam
740 5547 1050 5603 liberantur.
1072 5574 1144 5589 ο-
1165 5546 1235 5601 At
1255 5559 1539 5616 procerum
1568 5560 1699 5601 con-

99 5645 268 5716 juges
303 5643 535 5714 qualiter
569 5642 670 5699 sub
719 5651 871 5697 tanto
898 5641 1112 5713 negotio
1139 5655 1197 5695 se
1234 5639 1463 5711 egerint,
1494 5638 1697 5696 referre

104 5754 220 5795 non
246 5737 413 5807 piget.
446 5736 782 5792 Vicedomini
809 5736 1014 5791 Adonis
1051 5749 1187 5790 uxor
1210 5732 1398 5789 videns
1426 5732 1492 5787 ad
1516 5743 1697 5804 partes

105 5830 354 5904 episcopi
378 5831 632 5887 maritum
692 5838 812 5887 orta
836 5829 1103 5887 seditione
1130 5830 1446 5898 concedere,
1477 5829 1696 5905 Opinala

1720 4584 1772 4644 D

1792 3332 2086 3404 quamdam
2120 3329 2472 3385 remotiorem
2506 3342 2565 3383 se
2590 3324 2820 3381 contulit
2852 3324 3023 3379 donec
3051 3319 3311 3391 postridie
3349 3330 3381 3371 a

1792 3424 2109 3495 parentibus
2130 3421 2356 3491 quaesita
2382 3419 2708 3489 comparuit,
2724 3427 2774 3473 et
2800 3426 2928 3472 tunc
2949 3416 3189 3473 dolorem
3220 3426 3381 3482 quem

1793 3532 1957 3586 super
1989 3526 2137 3570 metu
2189 3514 2384 3571 mortis
2435 3512 2723 3579 habuerat,
2764 3512 2819 3566 in
2861 3510 3187 3565 rabidiorem
3219 3519 3382 3576 super

1793 3607 1994 3662 marito
2016 3606 2265 3661 mutavit.

1862 3699 1997 3753 Aliae
2043 3698 2314 3768 quaedam,
2367 3712 2504 3751 uxor
2551 3695 2761 3752 scilicet
2820 3703 2876 3749 et
2910 3694 3031 3749 filia:
3076 3690 3383 3749 Guinimari

1794 3789 2076 3847 castellani
2106 3805 2230 3845 cum
2259 3788 2526 3860 pluribus,
2562 3787 2697 3842 locis
2748 3802 2809 3842 se
2837 3786 3133 3842 humilibus
3164 3784 3382 3839 addide-

1796 3892 1940 3939 runt.
1992 3882 2265 3938 Galterius
2293 3891 2474 3937 autem
2528 3880 2952 3937 archidiaconus
2981 3894 3103 3934 cum
3129 3878 3386 3948 episcopo

1792 3973 2025 4044 positus,
2056 3988 2181 4029 cum
2231 3972 2469 4029 obsideri
2527 3972 2752 4027 vidisset
2778 3972 2980 4039 aulam,
3015 3972 3139 4040 quia
3173 3984 3385 4039 semper

1794 4066 1974 4123 oleum
2021 4065 2236 4121 camino
2276 4081 2337 4121 se
2387 4066 2662 4122 addidisse
2693 4076 3040 4138 cognoverat,
3090 4080 3186 4136 per
3229 4063 3381 4119 fene-

1794 4168 1966 4215 stram
1998 4160 2192 4215 domus
2236 4159 2519 4226 exsiliens,
2572 4160 2624 4214 in
2650 4159 2974 4215 viridarium
3007 4156 3301 4228 pontiﬁcis,
3331 4165 3387 4213 et

1795 4266 1827 4304 a
1865 4266 2042 4317 muro,
2067 4266 2176 4321 quo
2203 4249 2567 4317 ambiebatur,
2606 4251 2659 4304 in
2692 4252 2877 4305 vineas
2901 4264 2998 4319 per
3026 4250 3147 4302 avia
3181 4247 3382 4302 vadens

1796 4343 1975 4411 capite
2021 4343 2281 4412 adoperto
2306 4333 2531 4399 eastello
2583 4342 2781 4398 Montis
2828 4342 2974 4396 acuti
3023 4356 3080 4395 se
3117 4339 3381 4395 cbrrdidit.

1796 4433 2103 4505 Burgenses
2129 4450 2258 4490 vero
2288 4452 2412 4491 cum
2449 4435 2675 4490 minime
2700 4436 2766 4490 ab
2784 4435 2866 4489 eis
2892 4433 3220 4503 reperiretur
3240 4431 3386 4487 cloa-

1796 4541 1890 4582 cas
1924 4542 2050 4582 eum
2089 4527 2171 4582 sui
2205 4528 2401 4583 timore
2455 4527 2639 4583 lovere
2684 4526 2950 4582 ridebant.
2994 4523 3139 4581 Uxor
3172 4537 3387 4593 quoque

1797 4618 2018 4690 Rogerii
2070 4619 2267 4675 Montis
2291 4620 2435 4675 acuti
2471 4619 2698 4685 domini,
2737 4616 3124 4688 Armengardis
3144 4615 3381 4682 nomine,

1796 4728 1918 4768 cum
1952 4721 2097 4768 esset
2120 4712 2206 4768 die
2227 4713 2418 4767 eodem
2444 4712 2497 4767 in
2529 4713 2834 4784 urbe'(erat
2854 4712 2999 4766 enim
3024 4710 3249 4767 maritus
3269 4708 3386 4777 ejus

1798 4807 2125 4864 castellanus
2156 4806 2388 4863 abbatis:
2422 4814 2543 4877 post
2587 4805 2914 4877 Gerardum)
2946 4806 3057 4876 ipsa
3097 4821 3221 4861 cum
3246 4818 3382 4858 uxo-

1798 4916 1857 4956 re
1880 4899 1996 4970 (ωδ)
2029 4898 2297 4968 Radulphi
2347 4898 2660 4969 discophori
2704 4897 3116 4964 monacbaruni,
3152 4896 3258 4951 nisi
3285 4894 3385 4949 fal-

1798 4994 1903 5059 lor,
1935 4993 2171 5063 tegmine
2210 5002 2427 5062 sumpto
2467 5006 2565 5063 per
2597 4990 2895 5047 convallem
2939 4988 3279 5044 Bibracinam
3316 4984 3386 5040 ad

1801 5086 2060 5142 Sanctum
2100 5086 2381 5142 contendit
2427 5082 2791 5141 Vincentium.
2840 5083 3009 5138 Filius
3036 5091 3216 5137 autem
3244 5094 3384 5151 pra:-

1800 5184 1929 5239 dicti
1979 5183 2191 5241 Radulfi
2247 5199 2341 5239 sex
2391 5183 2611 5238 circiter
2671 5194 2937 5235 annorum
2991 5191 3114 5231 cum
3172 5192 3203 5230 a
3251 5189 3385 5244 quo-

1800 5278 1923 5333 dam
1953 5276 2068 5348 (¹⁰⁷)
2118 5276 2219 5331 sub
2247 5275 2396 5330 birro
2428 5273 2763 5330 liberationis
2812 5284 2980 5326 causa
3011 5267 3268 5331 ferretur,
3294 5280 3386 5335 pa-

1800 5371 1987 5428 risitus
2013 5378 2194 5425 autem
2223 5368 2420 5440 aliquis
2447 5368 2497 5421 ei
2524 5366 2740 5422 obviam
2766 5363 2942 5417 factus
2975 5360 3103 5431 quid
3132 5359 3234 5413 sub
3257 5372 3387 5428 cap-

1798 5480 1868 5536 pa
1899 5472 2140 5536 portaret
2186 5462 2418 5533 aspexit,
2446 5468 2498 5515 et
2526 5459 2667 5516 inter
2720 5455 2838 5526 ejus
2866 5453 3265 5511 brachia'illico
3304 5451 3388 5521 ju-

1798 5555 2017 5627 gulavit.

1870 5647 1973 5702 Per
2019 5646 2206 5702 vineas
2243 5646 2426 5715 itaque
2450 5645 2591 5700 inter
2621 5642 2728 5699 duo
2763 5640 2985 5697 brachia
3016 5639 3218 5695 montis
3246 5636 3388 5709 posi-

1803 5748 1905 5805 tas,
1942 5738 2025 5792 die
2057 5736 2167 5802 illa,
2192 5744 2246 5792 et
2276 5743 2435 5791 nocte
2458 5734 2562 5790 iter
2588 5732 2930 5804 fugientium,
2958 5739 3012 5788 et
3042 5731 3383 5795 clericorum,

1803 5843 1860 5892 et
1881 5832 2167 5912 mulierum
2196 5829 2319 5889 fuit.
2352 5826 2450 5887 Vir
2499 5828 2660 5900 plane
2680 5825 3001 5893 muliebrem
3031 5841 3140 5885 non
3161 5822 3389 5882 vereba-
