4018 6324
618 336 722 408 951

1477 338 1538 394 V.
1570 324 1899 395 GUIBERTI
1924 332 2219 393 ABBATIS
2246 334 2306 392 S.
2348 334 2589 392 MANE
2631 335 2720 391 DE
2739 334 3132 393 NOVIGENTO

3722 352 3801 408 951

620 475 711 522 tur
740 461 1008 526 habitum,
1040 472 1140 514 nec
1188 456 1384 512 mulier
1406 455 1637 511 virilem.
1684 456 1890 512 Tantus
1923 456 2088 511 etiam
2121 456 2202 511 in-
2230 458 2279 515 Α
2302 456 2503 527 probro
2533 471 2627 511 seu
2670 454 2957 510 maledicto
3002 454 3320 525 praeteriret,
3356 456 3420 511 de
3443 461 3686 528 sepultura
3708 482 3805 530 vero

619 562 934 618 cendiorum
979 556 1304 612 altrinsecus
1338 546 1638 626 posit'orum
1666 566 1845 611 motus
1872 550 2072 621 fuerat,
2103 555 2201 610 has

620 646 683 708 ιη’
706 648 891 722 partes
939 646 1125 703 ﬂabiis
1154 636 1399 702 fla'mmas
1445 649 1824 718 torquentibus
1865 660 1922 701 ut
1947 644 2203 703 monachi

618 748 715 796 sua
774 738 954 795 omnia
997 724 1317 794 veierentur
1362 738 1599 793 incendi.
1631 737 1805 793 Metus
1858 753 1988 793 vero
2018 739 2084 793 iis
2109 736 2202 808 qui

618 833 727 888 isto
763 826 1117 903 confugerant
1149 816 1335 885 tantus
1386 840 1505 885 erat
1535 844 1600 884 ac
1623 830 1669 885 si
1690 830 1877 884 eorum
1901 828 2204 890 cervicibus

618 922 789 996 gladii
812 925 1180 981 imminerent.
1214 922 1364 981 Felix
1391 920 1566 981 Guido
1596 922 2012 980 archidiaconus
2040 932 2205 995 atque

620 1012 1018 1083 theSaurarius,
1068 1016 1160 1087 qui
1212 1016 1300 1071 isti
1350 1012 1567 1085 negotio
1594 1014 1783 1071 deluit.
1814 1014 1929 1086 (“3)
1960 1012 2038 1069 Ad
2068 1014 2205 1069 San-

619 1114 764 1163 ctam
793 1106 938 1162 enim
966 1106 1192 1161 Mariam
1218 1104 1676 1163 Versiliacensem
1719 1114 1933 1161 oratum
1952 1113 2078 1158 ante
2102 1100 2207 1158 Pa‘-

620 1198 748 1255 scha
778 1208 1135 1269 processerat.
1167 1197 1243 1255 De
1277 1197 1395 1269 ejus
1443 1199 1786 1270 potissimum
1816 1195 2059 1252 absentia
2086 1210 2206 1250 car-

621 1295 811 1349 nillees
829 1293 1214 1363 querebantur.

697 1384 886 1440 Plures
934 1387 1265 1440 occiduntur.
1293 1414 1365 1425 —
1385 1382 1598 1440 Occisis
1635 1386 1800 1457 igitur
1846 1382 1925 1441 sic
1953 1386 2206 1455 episeopo

624 1486 1022 1547 precerumque
1048 1475 1404 1544 primoribus,
1430 1476 1499 1530 ad
1528 1477 1860 1547 reliquorum
1892 1478 1982 1547 qui
2015 1491 2205 1547 super-

623 1566 781 1621 erant
828 1569 1015 1622 domos
1065 1566 1379 1623 obsidentes
1446 1564 1755 1623 intendunt.
1806 1569 2032 1623 Demum
2078 1583 2209 1639 ergo

622 1658 890 1716 Guillelmi
922 1656 1016 1714 lilii
1062 1658 1317 1725 Haduini,
1349 1660 1439 1729 qui
1466 1674 1572 1716 non
1605 1669 1957 1716 consenserat
1997 1659 2211 1715 civibus

624 1752 677 1806 in
720 1758 895 1806 morte
924 1748 1180 1816 Gerardi,
1204 1752 1303 1807 sed
1321 1766 1443 1806 cum
1480 1752 1597 1823 ipso
1619 1752 1916 1808 occidendo
1938 1753 2005 1807 ad
2030 1753 2208 1809 eccle-

623 1842 759 1897 siam
794 1851 1050 1898 oraturus
1082 1846 1240 1897 mau'e
1294 1853 1635 1914 perrexerat,
1670 1852 1784 1899 tota
1812 1852 1970 1900 nocte
2016 1856 2212 1915 perva-

625 1935 779 1989 dunt.
805 1934 1049 2005 Cumque
1095 1934 1171 1990 illi
1198 1935 1324 1992 hinc
1353 1937 1590 2008 ignibus,
1642 1937 1794 1993 illine
1819 1938 2096 2005 asciculis,
2126 1953 2211 1994 se-

626 2028 848 2083 curibus
870 2040 1033 2099 atquc
1052 2029 1231 2085 contis
1265 2038 1504 2085 mactato
1533 2031 1743 2101 pariete
1778 2031 2123 2098 institissent,
2155 2041 2211 2088 et

626 2118 702 2174 illi
758 2118 853 2189 qui
909 2120 1053 2176 in'tus
1098 2124 1255 2176 erant
1298 2121 1709 2178 mordacissime
1755 2125 2103 2192 restitissent,
2143 2124 2212 2180 ad

625 2211 954 2267 deditionem
984 2221 1261 2283 postremo
1280 2222 1524 2279 coactus,
1557 2216 1695 2268 miro
1724 2215 1816 2270 Dei
1833 2214 2062 2283 judicio,
2086 2232 2211 2271 cum

626 2303 771 2359 hunc
819 2303 1029 2358 caeteris
1076 2302 1198 2372 plus
1235 2303 1503 2371 odissent,
1537 2304 1745 2360 salvum
1792 2318 1857 2359 ac
1888 2306 2212 2362 incolumem

627 2394 980 2464 compedibus
1015 2392 1342 2464 iniecerunt.
1373 2396 1665 2451 Castellani
1717 2398 1900 2452 itidem
1924 2396 2036 2453 lilio
2064 2397 2216 2454 fece-

628 2492 774 2538 runt.
807 2484 938 2539 Erat
980 2493 1160 2539 autem
1189 2487 1241 2539 in
1271 2486 1433 2541 domo
1456 2484 1730 2542 Guillelmi
1770 2488 1990 2558 quidam
2031 2489 2213 2545 adole-

627 2590 786 2633 scens
812 2577 988 2632 dictus
1013 2585 1071 2632 et
1123 2578 1238 2648 ipse
1265 2577 1610 2645 Guillelmus,
1647 2582 1886 2653 episcopi
1930 2581 2215 2637 cubicula-

629 2670 763 2737 rius,
793 2671 883 2740 qui
908 2670 1197 2740 plurimum
1247 2672 1462 2727 titulum
1494 2670 1564 2729 'in
1614 2673 1705 2728 illa
1728 2673 2041 2729 defensione
2069 2688 2218 2729 com-

628 2761 845 2816 meruit.
899 2760 950 2817 ls
1000 2762 1160 2817 domo
1211 2768 1391 2833 capta,
1436 2764 1505 2819 ab
1533 2780 1596 2818 ea
1646 2776 1803 2835 parte
1841 2765 2211 2835 burgensium,

628 2869 749 2925 quae
770 2856 991 2911 domum
1023 2854 1366 2924 consederat,
1391 2865 1475 2912 est
1496 2865 1817 2923 conventus,
1844 2866 2025 2911 utrum
2055 2858 2220 2912 sciret

628 2960 697 2999 an
726 2945 940 3001 occisus
993 2954 1141 3002 esset
1189 2946 1481 3016 episcopus
1530 2960 1727 3013 necne,
1760 2947 1850 3003 ille
1883 2963 1943 3004 se
1969 2949 2219 3019 ignorare

630 3035 927 3105 respondit.
959 3034 1065 3091 Alii
1096 3036 1243 3090 enim
1291 3044 1470 3103 erant,
1520 3037 1613 3106 qui
1665 3038 1977 3109 episcOpum
2002 3040 2225 3095 occide-

2305 546 2487 602 nuilus
2511 547 2799 618 cogitaret,
2831 546 3091 617 magister
3134 544 3436 611 Anselmus,
3484 550 3571 622 qui
3606 552 3806 617 hesterno

2306 653 2430 694 cum
2456 637 2648 693 seditio
2678 646 2953 703 aestuaret,
2978 636 3202 692 omnino
3228 652 3285 691 se
3314 636 3594 708 abdiderat,
3635 647 3691 699 ad
3729 658 3810 705 ιη.

2305 730 2497 802 goediae
2517 727 2675 798 huius
2698 739 2947 786 auctores
2973 742 3190 799 precem
3208 726 3365 795 fudit,
3394 738 3450 784 ut
3468 731 3723 803 hominem,
3748 741 3809 796 vel

2282 823 2434 894 ‘quia
2464 822 2701 894 episcopi
2743 836 2942 876 nomen
2971 829 3027 876 et
3074 820 3284 891 insigne
3330 820 3601 890 habuerat,
3624 818 3810 901 sinerent

2309 932 2526 989 quoque
2584 915 2797 972 humari
2842 930 2933 970 Vix
2982 916 3248 969 a'nnuunt.
3297 913 3432 981 Quia
3453 928 3574 985 ergo
3605 918 3811 978 uudusad

2311 1020 2470 1067 terra:
2499 1011 2696 1066 canina
2743 1008 2974 1080 quadam
3026 1006 3256 1074 vilitate,
3312 1022 3342 1061 a
3380 1009 3674 1078 vespertinis
3704 1011 3812 1070 feriis

2309 1103 2511 1171 quintie
2571 1102 2742 1165 horis,
2792 1099 3009 1154 tertiam
3061 1096 3289 1153 crastini
3337 1096 3439 1152 diei
3494 1099 3661 1153 horam
3687 1116 3812 1172 usque

2303 1198 2571 1265 jacuerat,
2597 1192 2821 1264 jubetur
2867 1186 3087 1246 tandem
3111 1192 3140 1244 ἁ
3173 1189 3433 1259 magistro
3471 1189 3641 1258 levari,
3661 1191 3751 1263 (“’)
3775 1206 3812 1250 et

2310 1285 2535 1343 sal'oano
2586 1284 2919 1358 ‘superjecto
2966 1282 3031 1337 ad
3085 1282 3145 1338 S.
3195 1278 3533 1337 Vincentium
3584 1283 3810 1354 deportari.

2312 1380 2426 1435 Dici
2458 1395 2562 1435 non
2593 1387 2769 1449 potest
2792 1377 3119 1453 quotmiuis,
3145 1370 3277 1446 ιιιιοί
3324 1375 3576 1429 conviciis
3603 1390 3815 1435 curatores

2312 1477 2519 1532 funeris
2577 1477 2927 1549 urgebantur,
2971 1480 3104 1546 quot
3153 1484 3400 1529 mortuus
3447 1475 3556 1543 ipse
3602 1475 3815 1534 maledicis

2314 1569 2657 1625 sermonibus
2715 1567 3044 1638 illapidatur.
3094 1562 3209 1638 (¹¹¹)
3261 1563 3480 1620 Delatus
3512 1565 3571 1618 ad
3601 1566 3815 1621 ecclesiam

2316 1663 2451 1718 nihil
2499 1656 2724 1733 prorsus
2744 1659 2929 1729 olfeii,
2975 1676 3081 1717 non
3128 1660 3250 1716 dico
3302 1661 3448 1729 quod
3504 1661 3818 1729 episcopo,sed

2316 1754 2460 1825 quod
2508 1753 2817 1809 Christiano
2854 1761 3189 1823 competeret
3246 1742 3300 1805 in
3352 1753 3613 1820 exsequiis
3662 1752 3815 1808 habuit.

2244 1826 2290 1883 Β
2317 1840 2486 1904 Terra
2547 1846 2787 1917 receptui
2842 1846 2959 1917 ejus
3009 1845 3363 1910 semicavata,
3396 1858 3582 1912 corpus
3608 1850 3677 1899 cst
3717 1845 3817 1900 intro

2316 1940 2469 1999 brevi
2519 1940 2701 1997 tabula
2757 1939 2837 1996 sic
2893 1954 3262 2011 compressum
3329 1944 3589 2008 ntpectus
3617 1946 3661 1990 et
3682 1950 3818 1992 venter

2315 2048 2484 2105 prope
2508 2048 2678 2105 usque
2732 2032 2799 2088 ad
2843 2032 3111 2102 crepitum
3147 2040 3507 2102 premeretur.
3546 2031 3818 2089 Etcumma-

2317 2127 2399 2182 los
2428 2126 2795 2197 pollinctores,
2828 2134 2890 2180 ut
2926 2123 3060 2190 dixi,
3115 2123 3297 2179 haberi
3324 2130 3363 2189 t,
3396 2124 3464 2181 ad
3493 2125 3599 2181 haec
3622 2131 3741 2180 certe
3757 2126 3821 2179 al-

2319 2221 2425 2274 liue
2474 2233 2503 2273 a
2560 2218 2923 2291 praesentibus
2983 2215 3377 2283 arguebantur,
3433 2224 3492 2271 ut
3535 2212 3820 2271 miscrrimu..i

2318 2328 2516 2385 corpus
2541 2330 2648 2384 quo
2684 2320 2904 2384 possent
2937 2312 3168 2382 nequius
3218 2316 3590 2367 attrectare-nt.
3614 2309 3678 2366 Ea
3695 2311 3759 2367 die
3785 2314 3819 2366 in

2319 2410 2507 2464 eadem
2537 2409 2767 2465 ecclesia
2799 2426 2831 2465 a
2858 2409 3141 2467 monachis
3169 2408 3306 2464 nihil
3344 2408 3578 2462 divinum
3592 2414 3737 2461 aetum
3751 2418 3819 2459 ea.

2322 2500 2429 2556 Sed
2460 2502 2589 2571 quid
2619 2502 2741 2556 dico
2763 2517 2828 2558 ea
2851 2500 2978 2558 die?
3010 2503 3120 2557 imo
3156 2516 3255 2573 per
3287 2500 3497 2570 aliquot
3521 2499 3642 2565 dies,
3668 2513 3762 2552 cum
3784 2500 3824 2551 de

2320 2593 2388 2649 ad
2442 2608 2501 2649 se
2548 2592 2868 2663 fugientium
2911 2592 3086 2649 salute
3139 2592 3361 2664 trepidi,
3422 2591 3489 2646 de
3536 2606 3622 2646 sua
3650 2590 3824 2661 ipsorum

2322 2686 2484 2741 etiam
2520 2695 2695 2743 morte
2731 2670 3009 2742 timerent.

2395 2774 2550 2834 Multi
2580 2778 2776 2834 nobiles
2820 2779 2918 2834 viri
2938 2774 3223 2846 sepultura:
3255 2778 3566 2835 traduntur.
3590 2774 3826 2845 Radalplu

2323 2870 2598 2926 Remensis
2660 2870 3082 2943 archiepiscopus
3139 2870 3332 2925 missas
3394 2871 3503 2942 agit
3574 2886 3657 2941 pro
3698 2868 3829 2938 defun-

2323 2966 2441 3020 οιὶε.
2466 2963 2666 3020 —Nee
2707 2980 2859 3020 mora
2921 2960 3300 3020 Guinimarum
3336 2962 3673 3021 eastellanum
3713 2960 3827 3033 (quoi

2324 3057 2429 3114 dici
2459 3054 2612 3113 dolor
2638 3056 2743 3128 est)
2774 3071 2912 3111 uxor
2931 3056 3070 3127 ejus,
3112 3046 3168 3111 et
3190 3056 3338 3123 tilias,
3392 3054 3565 3111 nobile
3611 3052 3737 3108 valde
3766 3068 3830 3121 ge-

628 3134 776 3191 rant;
803 3125 893 3181 alii
915 3127 1007 3198 qui
1029 3127 1177 3182 mdes
1202 3134 1663 3197 expugnaverant.
1713 3128 1958 3199 Cumque
1982 3129 2221 3186 cireum-

632 3219 803 3241 A--_J-
871 3220 1099 3241 --.l-.a-..
1156 3222 1385 3241 -..2---__2
1446 3220 1773 3241 ..ι-.-μξμ-..μι
1838 3221 2071 3241 ..-ωειΑ-ι
2129 3221 2185 3241 2-

2326 3163 2449 3216 nus,
2474 3147 2602 3217 ipsae
2640 3125 2769 3202 sola:
2817 3125 3183 3216 impingentes
3244 3154 3299 3199 et
3362 3140 3832 3199 trabentesiabirotu

628 3219 807 3274 eundo
865 3220 1101 3276 cadaver
1149 3222 1387 3293 episcopi
1446 3220 1799 3288 reperissent,
1834 3221 2075 3293 rogitant
2124 3221 2218 3292 ju-

628 3325 818 3366 venem
846 3310 1011 3383 509
1038 3325 1220 3368 utrum
1249 3313 1442 3384 jacens
1493 3324 1693 3382 corpus
1734 3312 1778 3366 si
1819 3310 1938 3382 ejus
1979 3311 2123 3368 foret
2147 3326 2219 3369 ex

628 3402 810 3474 aliquo
852 3405 1011 3475 signo
1055 3406 1423 3462 convinceret.
1472 3406 1548 3461 lta
1597 3410 1781 3462 autett’i'
1822 3412 2011 3460 vertex
2039 3412 2094 3460 et
2119 3418 2219 3462 ora

627 3495 847 3553 fuerant
879 3512 944 3553 ex
967 3497 1135 3554 multa
1161 3500 1472 3556 concisione
1495 3507 1725 3567 mutata,
1755 3504 1816 3553 ut
1842 3499 2082 3554 discerni
2106 3510 2218 3555 non

628 3597 831 3661 posset.
870 3591 941 3646 At
965 3590 1055 3647 ille
1086 3591 1368 3659 recordor,
1414 3592 1544 3648 dum
1596 3591 1898 3655 adviveret,
1931 3592 2025 3656 ait,
2062 3599 2118 3644 et
2150 3591 2221 3647 dc

629 3692 691 3736 re
738 3680 981 3749 militari,
1037 3698 1199 3752 quam
1254 3682 1397 3738 malo
1424 3697 1524 3738 sun
1577 3681 1869 3753 plurimum
1908 3679 2214 3746 aﬂeclabat,

631 3774 878 3829 crebrius
910 3766 1245 3844 lbqueretur,
1277 3776 1404 3847 quia
1447 3776 1501 3831 in
1548 3774 1843 3831 simulacro
1870 3786 2064 3844 pugnae
2091 3775 2218 3828 dum

633 3864 862 3919 militem
910 3866 1198 3934 quemdam
1253 3882 1393 3935 eqim
1417 3876 1604 3922 vectus
1653 3867 1885 3922 ludendo
1910 3867 2218 3937 impeteret,

634 3954 704 4009 ab
729 3954 919 4010 eodem
958 3956 1145 4025 equite
1175 3966 1339 4013 conto
1382 3972 1700 4028 percussus,
1755 3957 2056 4029 subjectum
2082 3958 2221 4015 collo

636 4047 769 4103 illud
794 4049 941 4117 quod
971 4058 1168 4105 vocant
1193 4050 1440 4106 canolam
1492 4051 1738 4124 fregerit.
1763 4054 1832 4110 Et
1858 4053 2221 4123 disquirentes

635 4140 835 4195 nodum
865 4139 1140 4197 cicatricis
1167 4142 1470 4200 inveniunt.

705 4232 968 4289 Adalbero
996 4234 1159 4290 abbas
1180 4236 1488 4307 prohibetur
1512 4240 1697 4309 eﬂ'erre
1722 4244 1948 4297 cadauer
1969 4244 2216 4313 episcopi.

633 4322 872 4386 Corpora
899 4333 1205 4379 sanctorum
1229 4325 1287 4380 in
1313 4326 1533 4382 ecclesia
1568 4328 1625 4384 S.
1660 4329 1886 4386 Joannis
1908 4344 2113 4387 exusta.
2150 4363 2221 4373 —

632 4418 763 4492 (my
806 4418 991 4475 Abbas
1024 4427 1206 4473 autem
1237 4419 1426 4474 Sancti
1477 4419 1744 4477 Vincentii
1798 4423 2068 4478 Adalbero
2095 4438 2220 4479 cum

2326 3240 2678 3295 advexerunt.
2730 3236 3024 3308 Postquam
3081 3232 3399 3303 Raincrius,
3456 3240 3651 3306 sumpta
3693 3232 3833 3288 alicubi

2322 3332 2624 3402 posteriore
2669 3340 2826 3401 parte
2874 3345 2996 3384 cum
3028 3329 3171 3385 inter
3201 3328 3338 3384 duas
3363 3338 3533 3396 rotas,
3563 3342 3703 3398 super
3724 3339 3833 3379 axem

2324 3427 2552 3497 positus,
2592 3424 2873 3496 superiore
2919 3432 3076 3494 parte
3124 3436 3388 3478 coxarum
3443 3421 3612 3477 adhuc
3642 3414 3835 3476 stridente

2322 3534 2390 3573 ex
2414 3520 2648 3589 ignibus,
2683 3535 2712 3572 a
2758 3518 2993 3587 quodam
3050 3530 3150 3571 suo
3214 3517 3453 3579 rustico,
3482 3524 3537 3571 et
3554 3513 3751 3584 quadam
3773 3524 3838 3563 no-

2322 3612 2415 3666 bili
2441 3609 2731 3682 juveneula
2759 3609 3160 3681 consanguinea
3209 3624 3329 3673 sua,
3394 3598 3679 3662 miserabili
3704 3612 3747 3659 et
3763 3602 3841 3671 ipse

2322 3704 2484 3759 modo
2509 3702 2817 3758 adducitur.
2848 3701 3023 3771 Super
3053 3701 3137 3755 bis
3181 3699 3399 3755 duobus
3429 3710 3603 3754 sermo
3634 3695 3785 3757 bonus,
3802 3696 3839 3743 ut

2322 3797 2521 3852 dicitur
2548 3796 2600 3850 in
2632 3795 2768 3851 libro
2794 3792 3293 3866 Regum,inventus
3313 3791 3365 3864 (1
3376 3791 3442 3847 11
3481 3790 3603 3861 Reg.
3648 3806 3740 3854 m,
3762 3783 3837 3855 13).

2323 3900 2383 3945 ut
2404 3903 2593 3945 oniues
2618 3888 2711 3960 qui
2738 3888 2879 3943 bene
2933 3887 3217 3953 sentirent,
3269 3901 3466 3941 eorum
3496 3885 3731 3941 mortibus
3751 3896 3839 3935 cou-

2321 3980 2592 4046 dolereut,
2623 3994 2723 4035 nec
2749 3979 2962 4049 uspiam
3021 3976 3146 4033 mali
3197 3985 3380 4042 erant,
3409 3988 3629 4047 excepta
3647 3974 3841 4030 societate

2322 4071 2735 4128 interfectorum
2758 4068 3008 4126 Gerardi.
3052 4068 3208 4125 Unde
3257 4076 3312 4122 et
3354 4068 3531 4125 multo
3560 4064 3843 4137 compasdlzi-

2323 4162 2428 4218 lius
2478 4178 2577 4217 suo
2633 4160 2891 4231 episcopo
2950 4166 3078 4213 sunt
3142 4157 3358 4229 sepulti.
3422 4157 3672 4228 Reliquiae
3714 4162 3842 4210 autem

2323 4253 2527 4306 Adonis
2558 4249 2883 4305 vicedomini
2935 4256 3057 4319 post
3108 4249 3289 4318 plures
3348 4248 3517 4317 huius
3556 4247 3843 4303 seditioniset

2322 4343 2581 4409 incendii,
2611 4343 2728 4397 dies
2778 4340 3123 4413 parvissima;
3157 4349 3412 4411 repertae,
3443 4347 3499 4394 et
3526 4339 3576 4392 in
3602 4348 3753 4408 panno
3781 4346 3844 4385 an-

2322 4434 2637 4508 gustissimo
2679 4431 3014 4497 constrictae,
3069 4446 3243 4501 usque
3286 4429 3355 4486 ad
3386 4430 3532 4486 diem
3563 4442 3662 4500 quo
3701 4423 3844 4480 Badul-

632 4510 1240 4614 audisseifl’fscopugln
1270 4512 1680 4614 interemptum.
1711 4512 1981 4614 ἶθίξθξίῐηθ
2001 4514 2092 4614 illo
2114 4516 2215 4614 ire,
2250 4554 2298 4614 υ
2322 4531 2462 4601 phus
2489 4522 2776 4583 Bernensis
2820 4524 3262 4596 archiepiscopus
3296 4523 3619 4580 Laudunum
3649 4518 3770 4577 venit
3790 4528 3844 4571 eo

632 4610 820 4671 aperta
853 4603 903 4658 ei
951 4602 1132 4659 fronte
1167 4604 1312 4660 illico
1338 4604 1556 4669 dicitur,
1606 4605 1751 4673 quod
1776 4603 1823 4657 si
1848 4604 2137 4660 insanienti
2160 4618 2219 4659 se

636 4694 807 4750 turbae
834 4696 1120 4763 insereret,
1151 4698 1269 4765 pari
1291 4710 1413 4754 mox
1436 4697 1795 4753 internecioni
1819 4698 2215 4754 succumberet.

629 4786 898 4843 Assernnt
924 4800 1074 4845 certe
1100 4790 1194 4860 qui
1222 4789 1298 4844 illi
1322 4788 1543 4859 negotio
1565 4787 1946 4854 interfuerunt,
1972 4790 2045 4844 ita
2077 4790 2219 4845 diem

632 4877 741 4934 diei
770 4881 1017 4950 sequenti
1052 4890 1179 4936 tunc
1219 4882 1617 4947 continuatum,
1660 4881 1888 4936 utnulla
1920 4882 2098 4937 noctis
2124 4894 2220 4937 oc-

629 4972 874 5028 cubitum
899 4975 1185 5044 opaeitatis
1232 4975 1384 5044 signa
1427 4974 1835 5045 praetenderint.
1867 4974 2074 5040 Quibus
2096 4988 2220 5027 cum

630 5063 923 5134 obiicerem
946 5066 1251 5123 claritatem
1281 5067 1482 5139 ignium
1506 5068 1610 5122 hoc
1632 5066 1849 5133 fecisse,
1866 5067 2221 5122 sacramentis

631 5159 975 5226 astruebant,
1006 5160 1148 5229 quod
1181 5170 1236 5215 et
1266 5174 1453 5216 verum
1503 5169 1643 5225 erat,
1675 5160 1831 5230 ignes
1863 5158 2098 5214 interdiu
2123 5160 2222 5214 ob-

630 5259 806 5317 rutos,
843 5262 1302 5323 consumptosque
1337 5253 1525 5309 fuisse.
1556 5252 1699 5323 Ignis
1744 5259 1926 5306 autem
1951 5250 2006 5306 iri
2032 5264 2220 5307 mona-

632 5341 803 5397 sterio
824 5341 1099 5411 virginum
1146 5343 1221 5398 ita
1252 5345 1562 5415 praevaluit,
1584 5352 1643 5397 ut
1664 5341 1908 5413 quadam
1937 5341 2007 5396 de
2029 5356 2221 5412 corpo.

633 5431 784 5488 ribus
812 5443 1123 5489 sanctorum
1150 5446 1425 5492 exureret.

1261 5550 1489 5608 CAPUT
1525 5550 1596 5606 Χ.

704 5635 941 5691 Tandem
972 5638 1500 5712 sepeliturepiscopas
1552 5642 1605 5695 in
1631 5639 1848 5695 ecclesia
1885 5636 1945 5695 S.
1986 5636 2212 5695 Vincen-

633 5734 693 5786 tii
732 5742 883 5788 extra
905 5732 1103 5789 urbem.
1135 5764 1206 5777 -—
1230 5734 1284 5789 in
1323 5737 1561 5791 crastino
1592 5736 1752 5805 igitur
1780 5735 2034 5804 quoniam
2060 5747 2220 5788 nemo

634 5836 752 5881 erat
776 5838 915 5897 pene
942 5828 1033 5899 qui
1052 5828 1240 5901 iacens
1273 5827 1510 5898 episc0pi
1550 5829 1782 5884 cadaver
1807 5828 1922 5883 sine
1944 5825 2095 5896 jactu
2123 5832 2219 5881 aut

2324 4622 2544 4678 clesiam
2570 4616 3043 4684 reconciliaturus,
3085 4625 3214 4672 sunt
3258 4625 3513 4671 servatae.
3552 4612 3646 4681 Qui
3681 4608 3844 4665 veniens

2324 4717 2391 4771 ad
2421 4714 2479 4770 S.
2508 4713 2873 4777 Vincentium,
2918 4711 3190 4766 solemnes
3230 4718 3358 4765 tunc
3388 4708 3621 4781 primum
3648 4719 3733 4776 pro
3768 4698 3845 4772 cpi-

2326 4824 2510 4878 scopo,
2548 4815 2601 4859 et
2632 4806 2745 4860 suis
2791 4804 3146 4875 complicibus
3162 4805 3271 4876 egit
3297 4806 3518 4872 missas,
3548 4818 3661 4858 cum
3687 4796 3845 4854 multi:

2324 4904 2591 4960 mortibus
2645 4917 2831 4956 eorum
2886 4899 3370 4971 praeterﬂuxissent
3426 4898 3564 4953 dies.
3598 4890 3845 4961 Radulpbus

2324 4998 2505 5051 autem
2545 4992 2753 5064 dapifer
2792 4991 2980 5048 eadem
3010 5008 3115 5063 qua
3144 5003 3198 5047 et
3225 4992 3317 5046 alii
3355 4991 3467 5055 die,
3492 4990 3560 5044 ab
3590 5003 3686 5042 anu
3720 4991 3847 5038 matre

2323 5104 2445 5145 cum
2468 5088 2692 5159 parvulo
2724 5086 2834 5143 lilio
2863 5086 3074 5143 delatus
3096 5100 3312 5157 quoquo
3342 5083 3505 5139 modo
3536 5091 3617 5138 est
3636 5076 3844 5150 sepultus.

2322 5189 2377 5238 et
2406 5179 2545 5236 ﬁlius
2576 5195 2737 5251 super
2770 5180 2942 5251 patris
2966 5187 3155 5251 pectus
3186 5178 3412 5248 positus.

2395 5272 2542 5328 Inter
2567 5272 2846 5327 missarum
2873 5271 3127 5327 solemnia
3154 5270 3286 5325 cives
3316 5286 3348 5323 a
3372 5267 3677 5323 Communia
3702 5260 3845 5315 dehor-

2322 5372 2482 5418 tatur.
2510 5392 2583 5404 —
2610 5360 2950 5419 Venerabilis
2989 5370 3170 5415 autem
3219 5367 3276 5414 et
3298 5358 3516 5427 sapiens
3544 5351 3848 5421 archiepisw'

2322 5470 2445 5524 pus,
2483 5468 2604 5509 cum
2631 5453 2877 5523 quaedam
2926 5452 3305 5508 defunctorum
3356 5464 3589 5520 corpora
3614 5447 3664 5501 in
3701 5440 3846 5496 melius

2324 5530 2712 5610 transtulisset,
2742 5540 2994 5599 omnibus
3027 5552 3206 5598 tamen
3239 5556 3361 5597 cum
3399 5532 3636 5595 maiimo
3662 5532 3848 5590 amnium

2324 5654 2388 5694 ac
2408 5646 2693 5708 parentum
2724 5637 2908 5693 dolore
2933 5636 3113 5691 divina
3145 5632 3319 5691 ofﬁcia
3356 5632 3719 5703 impendisset,
3746 5625 3851 5678 inter

2322 5732 2517 5786 missas
2544 5744 2846 5786 sermonem
2880 5728 3068 5784 habuit
3098 5729 3165 5785 de
3208 5725 3633 5783 exsecrabiiibus
3659 5728 3850 5776 commn-

2322 5826 2427 5880 niis
2456 5823 2558 5879 illis
2614 5825 2664 5878 in
2701 5822 2896 5892 quibus
2922 5830 3109 5878 contra
3160 5819 3251 5892 jus
3274 5828 3328 5876 et
3358 5817 3434 5874 fas
3464 5815 3718 5872 violenter
3742 5800 3847 5862 seni
3946 5806 3947 5809 “
