4018 6324
199 330 290 389 955
1212 318 1289 377 DE
1326 321 1482 379 VITA
1508 320 1644 377 SUA
1684 316 1866 373 [ΑΒΜ
1891 316 2093 375 'l‘liES.
2125 351 2196 362 -—
2222 318 2353 376 LIB.
2385 319 2470 375 Ill.

3340 325 3448 384 954

200 464 227 503 a
257 440 578 500 dominorum
607 432 728 503 jure
783 449 840 488 se
871 434 1215 489 subtrahunt.
1265 455 1282 486 (
1335 436 1512 504 Servi,
1573 432 2067 504 inquitAspondit
2096 449 2155 489 se
2179 451 2282 489 non
2317 449 2492 504 posse.
2556 433 2675 500 Sta,
2732 435 2929 508 inquit,
2975 452 3076 510 ego
3134 438 3334 495 faciam
3386 449 3446 495 ut

200 533 473 609 apostolus,
522 526 719 581 subditi
773 535 950 580 estote
1006 528 1056 580 in
1091 529 1237 582 omni
1292 530 1483 583 timore
1524 529 1755 583 dominis

202 630 244 700 (Ι
260 626 508 687 Peliam,
535 618 642 687 18).
678 637 695 668 ι
729 616 795 671 Ει
818 633 887 672 ne
908 620 1048 672 servi
1077 629 1371 675 causentur
1393 620 1649 674 duritiam
1672 618 1756 673 vel

200 718 461 775 avaritiam
518 711 882 774 dominorum,
956 712 1132 766 adhuc
1186 714 1448 765 audiant:
1485 731 1503 765 (
1557 713 1623 765 Et
1650 726 1757 766 non

202 820 391 867 tantum
423 804 575 860 bonis
609 813 662 858 et
710 804 993 869 modestis,
1038 806 1130 858 sed
1173 814 1227 859 ct
1253 806 1473 861 diseolis
1500 807 1697 877 (ibid.).
1732 826 1750 858 ι

201 903 349 958 Plane
376 899 427 952 in
454 893 779 949 authenticis
809 888 1117 949 eanonibus
1166 896 1497 949 damnantur
1536 898 1760 951 anathe-

202 1003 349 1055 mate,
375 990 461 1059 qui
486 1003 671 1044 servos
709 988 942 1042 dominis
966 988 1250 1059 religionis
1279 1002 1443 1043 causa
1472 989 1760 1044 docuerint

202 1084 480 1145 inobedire,
526 1088 616 1133 aut
666 1081 856 1149 quovis
909 1078 1306 1150 subterfugere,
1365 1081 1563 1135 nedum
1622 1080 1758 1135 resl-

200 1187 332 1233 stere
362 1171 578 1243 (Concil.
611 1168 782 1240 Gang.
823 1185 956 1226 can.
1006 1173 1080 1239 5).
1135 1173 1286 1227 Unde
1326 1182 1381 1226 et
1418 1173 1546 1226 illud
1601 1187 1761 1241 argu-

201 1275 364 1322 mento
395 1272 494 1326 est,
528 1260 668 1330 quod
710 1276 884 1330 neque
907 1264 972 1316 ad
1004 1262 1229 1329 clerum,
1267 1276 1443 1333 neque
1466 1265 1530 1317 ad
1570 1278 1767 1318 sacros

199 1356 417 1415 ordines,
470 1367 572 1407 non
624 1353 689 1405 ad
750 1354 1131 1407 monachatum
1173 1355 1438 1424 quispiam
1476 1356 1761 1425 recipitur,

200 1446 292 1500 nisi
318 1444 403 1511 qui
429 1458 622 1497 exsors
648 1458 677 1497 a
700 1444 922 1499 servitio
955 1444 1252 1509 habeatur;
1280 1456 1529 1515 receptus
1555 1456 1758 1514 autem,

200 1534 491 1602 neutiquam
520 1543 708 1587 contra
758 1534 1038 1605 exigentes
1096 1536 1343 1591 dominos
1387 1547 1652 1591 teneatur.
1687 1539 1762 1593 De

199 1638 293 1697 qua
317 1643 374 1681 re
395 1627 557 1682 etiam
586 1626 862 1682 mulloties
908 1629 961 1682 in
1018 1629 1165 1697 regia
1208 1631 1359 1684 curia
1382 1632 1597 1700 smpius,
1628 1632 1761 1688 alias

197 1721 243 1772 in
268 1719 487 1772 diversis
512 1720 870 1774 conventibus
924 1720 1244 1790 disputavit.
1269 1722 1394 1778 Haec
1425 1738 1520 1792 per
1557 1740 1762 1793 praeoc-

1862 541 2002 596 aegre
2037 544 2316 596 properes.
2351 530 2609 600 Equoque
2633 532 2909 597 desiliens,
2943 533 3123 603 gladio
3154 536 3200 589 ei
3235 545 3448 587 utrum-

1864 635 1967 688 que
1986 622 2213 675 succidit
2244 624 2458 691 pedem,
2499 625 2639 679 umle
2687 635 2741 680 et
2802 634 3049 681 mortuus
3074 636 3176 682 est.
3213 626 3443 681 Frustra

1864 720 2150 764 contexam
2182 710 2488 778 hujusmodi
2544 725 2745 784 pestes,
2783 731 2906 769 cum
2941 716 3075 771 alias
3102 733 3199 771 nos
3230 724 3449 772 maneat

1866 816 1970 857 non
1994 803 2175 856 minor
2195 804 2411 859 occasio
2435 806 2722 862 referendi.
2752 809 2832 863 Ad
2861 824 2973 863 rem
2998 810 3228 865 veniam.

1934 893 2195 965 Pagenses
2241 913 2333 950 seu
2382 900 2566 952 rustici
2618 900 2794 953 urbem
2870 902 3269 957 Laudunenscm
3315 903 3449 957 diri-

1863 987 2028 1055 piunt.
2054 1017 2125 1026 —
2154 988 2275 1057 Ipse
2300 987 2529 1043 Gerardi
2560 990 2941 1045 interfectores
2974 994 3062 1047 ditt
3092 996 3192 1048 sub
3224 1010 3446 1049 excom-

1867 1079 2233 1133 municatione
2260 1079 2505 1144 retinuit,
2563 1080 2654 1134 ditt
2703 1080 2857 1144 fovit,
2889 1084 3157 1137 neminem
3189 1101 3293 1139 non
3334 1102 3448 1140 sce-

1867 1165 2245 1221 leratissimum
2307 1169 2495 1232 coluit,
2530 1170 2614 1222 cui
2642 1168 2771 1223 illud
2828 1168 3214 1226 Sallustianum
3271 1175 3448 1238 potius

1868 1276 2028 1331 quam
2079 1262 2324 1317 Catilina:
2373 1265 2643 1335 congruit.
2686 1264 2821 1331 Quia
2854 1264 3022 1333 gratis
3075 1266 3248 1320 malus
3288 1278 3450 1336 atque

1870 1356 2104 1412 crudelis
2128 1357 2369 1412 crat.Atl
2418 1358 2562 1413 hunc
2613 1372 2744 1427 ergo
2790 1374 2890 1428 pro
2928 1356 3142 1413 cumulo
3188 1359 3449 1413 malorum

1870 1449 2164 1521 dirigentes
2188 1461 2322 1505 etut
2371 1453 2435 1506 ad
2483 1469 2542 1506 se
2588 1454 2818 1517 veniret,
2860 1466 3026 1521 seque
3048 1462 3237 1506 contra
3272 1467 3452 1523 regem

1872 1552 2116 1597 tueretur
2142 1554 2386 1610 orantes,
2450 1547 2667 1600 tandem
2714 1548 3022 1602 venientem
3061 1547 3112 1599 in
3147 1550 3278 1603 urbe
3311 1548 3452 1602 reci-

1868 1636 2042 1706 piunt.
2073 1637 2205 1691 Cum
2238 1638 2328 1693 ille
2360 1640 2560 1694 auditis
2587 1655 2775 1694 eorum
2812 1642 3063 1710 precibus
3094 1643 3450 1696 consuluisset

1870 1744 2018 1795 suos,
2050 1731 2176 1800 quid
2202 1732 2304 1786 sibi
2335 1732 2481 1786 facto
2512 1747 2649 1801 opus
2691 1743 2862 1799 esset,
2886 1729 3287 1804 responderunt
3318 1749 3454 1788 una-

197 1808 515 1877 cupationem
552 1809 809 1876 diximus,
842 1809 954 1879 jam
1001 1826 1148 1867 nunc
1171 1815 1489 1883 retrograde
1518 1816 1585 1869 ad
1615 1815 1762 1869 ordi-
1788 1808 1839 1869 Β
1867 1820 2043 1876 nimes
2095 1822 2149 1875 in
2203 1829 2354 1876 tanta
2408 1823 2715 1879 retentione
2766 1825 2919 1878 urbis
2966 1840 3092 1878 suas
3121 1826 3221 1879 sibi
3260 1835 3448 1878 contra

196 1915 305 1953 nem
333 1898 636 1955 redeamus.

787 2057 1015 2115 CAPUT
1060 2058 1148 2113 XI.

260 2166 462 2223 Thema:
513 2166 904 2226 Codiciasensis
946 2172 1300 2242 grassationes
1328 2188 1389 2225 ac
1420 2172 1618 2226 rabidw
1645 2190 1757 2227 cru-

192 2262 430 2319 delitates.
456 2294 527 2303 —
552 2264 831 2335 Perpensa
864 2266 1030 2336 igitur
1054 2266 1432 2322 scelestissimi
1458 2268 1606 2321 cives
1636 2284 1763 2337 pcr-

191 2354 372 2423 petrati
406 2354 715 2423 quantitate
747 2355 1005 2410 facinoris
1028 2371 1241 2426 magno,
1275 2357 1568 2412 extabuere
1596 2366 1763 2425 tnetn,

192 2447 380 2518 regium
418 2448 875 2516 pertimescentes
904 2449 1194 2517 judicium,
1230 2448 1372 2505 unde
1418 2452 1506 2519 qui
1540 2451 1765 2505 medici-

192 2553 302 2591 nam
338 2553 586 2607 quazrere
609 2539 937 2606 debuerunt,
962 2556 1062 2595 suo
1086 2541 1281 2596 vulnus
1306 2542 1514 2597 vulneri
1541 2542 1765 2598 addide-

191 2639 320 2682 runt.
369 2631 479 2701 (η’)
508 2631 779 2686 Thomam
822 2633 966 2687 enim
1009 2633 1428 2705 Codiciasensis,
1458 2643 1515 2688 ut
1544 2635 1763 2703 dicitur,

189 2720 363 2788 lilium,
401 2724 487 2777 cui
537 2734 662 2778 erat
695 2724 978 2778 castellum
1024 2724 1211 2778 Martia
1275 2725 1533 2796 (Mante).
1570 2727 1763 2796 praesi-

190 2813 320 2867 dium
382 2816 447 2870 ad
494 2817 584 2871 sui
632 2827 820 2871 contra
870 2818 1049 2888 regios
1108 2819 1343 2888 impetus
1393 2818 1764 2874 defensionem

189 2904 438 2958 accersire
498 2906 821 2974 disponunt.
894 2906 942 2959 Is
990 2907 1058 2960 ab
1125 2908 1346 2961 ineunte
1394 2908 1762 2964 adolescentia

189 2994 381 3060 praedas
408 2994 473 3049 de
502 2996 861 3065 pauperibus,
896 3004 949 3049 et
982 2995 1489 3068 llicrosolymitanis
1519 2999 1762 3069 peregri-

189 3088 261 3142 nis
283 3088 502 3157 faciens,
566 3102 623 3144 et
669 3092 994 3146 incestuosis
1038 3091 1402 3146 matrimoniis
1427 3092 1757 3156 coalescens,

186 3180 242 3231 ad
295 3181 778 3237 innumerabilium
838 3184 1118 3237 hominum
1192 3183 1417 3237 exitium
1469 3177 1830 3251 plurimamC

184 3272 332 3344 510
368 3275 516 3330 visus
542 3285 627 3330 est
656 3278 902 3349 attigisse
927 3278 1246 3348 potentiam.
1270 3276 1435 3345 Cujus
1464 3278 1758 3334 crudelitas

184 3367 371 3422 nostris
397 3377 477 3422 est
510 3370 570 3422 in
605 3379 813 3424 tantum
850 3371 1063 3426 saeculis
1098 3371 1339 3426 inaudita
1372 3380 1429 3424 ut
1470 3370 1634 3440 aliqui
1669 3373 1759 3440 qui

182 3460 330 3513 etiam
353 3462 608 3518 crudeles
643 3473 921 3533 putantur,
950 3466 1195 3521 mitiores
1224 3466 1512 3521 videantur
1541 3466 1594 3520 in
1626 3480 1761 3521 nece

182 3552 451 3619 pecudum,
476 3569 650 3624 quam
689 3554 798 3609 iste
841 3556 896 3609 in
947 3556 1250 3611 hominum.
1305 3556 1439 3611 Nam
1464 3571 1570 3610 non
1602 3557 1761 3611 modo

179 3657 263 3697 eos
286 3643 459 3713 gladio
500 3647 852 3717 simpliciter,
913 3658 967 3701 et
1015 3663 1114 3717 pro
1164 3658 1340 3714 certo,
1374 3659 1431 3702 ut
1460 3650 1575 3702 fieri
1598 3648 1757 3723 solet,

182 3748 325 3793 reatu
356 3740 653 3805 interimit,
693 3742 787 3795 sed
839 3741 1123 3795 horrendis
1173 3740 1615 3795 excarnil‘icando
1636 3756 1761 3808 sup-

178 3831 363 3899 pliciis.
394 3830 533 3886 Cum
566 3832 713 3887 enim
749 3841 937 3901 captos
991 3833 1058 3886 ad
1106 3832 1536 3902 redemptionem
1597 3846 1761 3901 quos-

179 3921 295 3978 libet
323 3934 572 3995 cogeret,
615 3925 714 3980 hos
747 3924 1007 3979 testiculis
1034 3926 1373 3995 appendebat
1402 3928 1620 3995 propria
1646 3928 1752 3981 ali-

176 4015 379 4083 quoties
403 4032 599 4084 manu,
630 4016 826 4087 quibus
858 4031 1001 4085 saepe
1030 4032 1292 4086 corporea
1323 4018 1463 4071 mole
1487 4019 1757 4088 abruptis,

178 4110 379 4178 eruptio
402 4112 619 4180 pariter
639 4111 881 4164 vitalium
920 4126 1025 4166 non
1082 4112 1353 4165 tardabat.
1413 4110 1586 4165 Alteri
1634 4126 1760 4165 sus-

177 4216 334 4268 penso
352 4218 449 4273 per
474 4202 701 4273 pollices
731 4212 826 4256 aut
865 4218 964 4272 per
988 4204 1103 4272 ipsa
1132 4203 1401 4272 pudenda,
1435 4219 1566 4258 saxo
1595 4205 1759 4258 etiam

176 4296 512 4364 superposito
543 4296 802 4350 humeros
855 4295 1276 4365 comprimebat,
1328 4304 1384 4350 et
1426 4297 1542 4365 ipse
1574 4298 1763 4351 subter

173 4381 240 4436 ob
264 4386 579 4454 ambulans,
614 4401 737 4440 cum
765 4388 913 4456 quod
958 4388 1159 4442 habere
1190 4403 1297 4441 non
1335 4396 1548 4457 poterat
1587 4390 1654 4442 ab
1684 4389 1763 4443 eis

174 4486 496 4548 extorquere
523 4495 632 4536 non
674 4490 879 4549 posset,
948 4480 1179 4535 fustibus
1216 4496 1380 4550 super
1429 4496 1618 4535 eorum
1641 4495 1753 4534 cor-

174 4583 296 4636 pora
329 4574 518 4626 tandiu
552 4574 950 4639 bacchabatur,
991 4574 1163 4628 donec
1212 4574 1262 4629 ei
1308 4573 1580 4643 placentia
1608 4588 1764 4643 spon-

174 4659 383 4727 derent,
414 4675 514 4718 aut
547 4664 600 4718 in
624 4666 802 4734 pomis
828 4675 1192 4720 morerentur.

238 4751 354 4807 Dici
382 4756 456 4810 ab
496 4756 605 4809 ullo
666 4774 770 4812 non
812 4765 991 4827 potest
1045 4766 1175 4826 quot
1200 4757 1253 4810 in
1305 4755 1423 4826 ejus
1451 4758 1765 4815 carceribus

172 4842 332 4912 fame,
373 4849 527 4914 tabo,
559 4849 912 4915 cruciatibus,
948 4860 1003 4905 et
1056 4852 1106 4903 in
1136 4851 1254 4921 ejus
1288 4852 1521 4907 vinculis
1550 4853 1764 4921 expira-

172 4948 316 4991 runt.
355 4939 525 4995 Certe
549 4950 676 4996 ante
708 4944 806 4997 hos
857 4942 993 4997 duos
1024 4959 1199 4998 annos
1240 4960 1362 4998 eum
1414 4945 1465 4999 in
1525 4955 1763 5001 montem

171 5025 564 5085 Suessonicum
617 5041 807 5086 contra
862 5036 1128 5104 quosdam
1169 5036 1401 5091 rusticos
1457 5053 1614 5107 Opem
1657 5040 1764 5093 cui-

172 5118 290 5175 dam
313 5123 532 5179 laturus
562 5127 789 5193 abisset,
842 5138 950 5184 tres
1000 5145 1068 5183 ex
1100 5129 1204 5183 illis
1233 5131 1284 5184 in
1338 5132 1568 5201 quadam
1594 5148 1652 5186 se
1673 5150 1762 5187 oe-

169 5214 389 5271 culuere
419 5233 609 5273 eavea.
661 5220 904 5292 Cumque
928 5224 994 5277 ad
1045 5238 1142 5277 ora
1198 5224 1361 5292 spelei
1420 5241 1544 5278 cum
1572 5225 1760 5281 lancea

170 5305 503 5373 devenisset,
561 5313 720 5369 unius
766 5330 828 5368 ex
885 5315 963 5369 eis
1015 5317 1096 5370 ori
1140 5316 1304 5370 telum
1354 5319 1648 5387 appodians
1684 5321 1763 5375 sic

167 5398 413 5473 impegit,
441 5414 504 5458 ttt
525 5406 821 5463 interaneis
848 5412 1131 5465 terebratis
1151 5426 1248 5480 per
1276 5414 1520 5482 podicem
1556 5414 1760 5469 ferrum

169 5490 372 5551 lanceae
426 5498 776 5556 redderetur.
828 5503 965 5568 Quid
1017 5518 1320 5574 prosequor
1370 5507 1616 5561 inlinita?
1656 5509 1760 5564 Per

167 5585 343 5653 ipsum
367 5592 481 5646 duo
516 5593 644 5651 inibi
694 5598 894 5652 residui
952 5600 1181 5669 periere.
1242 5600 1469 5666 Quidam
1500 5603 1663 5657 etiam
1693 5605 1759 5659 de

166 5682 401 5747 captivis
440 5687 659 5742 saucius
687 5690 955 5758 proficisci
1009 5709 1114 5747 non
1168 5704 1402 5762 poterat.
1458 5695 1759 5766 lnterrogat

163 5770 447 5835 hominem
478 5794 575 5837 cur
602 5798 708 5839 non
746 5785 908 5841 celeri
951 5789 1117 5857 gradu
1168 5792 1504 5860 graderetur.
1532 5789 1623 5848 lile
1674 5805 1759 5849 re-

1868 1927 2049 1983 regem
2078 1929 2184 1969 non
2235 1913 2483 1970 sutIicere
2534 1917 2681 1971 vires
2724 1918 2889 1987 (quod
2916 1924 3197 1973 oraculum
3248 1917 3452 1972 insanis

1868 2006 2179 2063 hominibus
2220 2008 2463 2077 quandiu
2494 2010 2545 2063 in
2574 2024 2672 2064 sua
2697 2010 2935 2080 ipsorum
2960 2010 3094 2063 urbe
3116 2019 3237 2063 erat
3258 2023 3454 2078 propa-

1865 2098 1979 2154 lare
2010 2113 2116 2153 non
2142 2100 2329 2170 ausus)
2359 2100 2498 2155 dixit
2524 2101 2605 2156 eis
2629 2111 2690 2155 ut
2715 2103 3104 2169 egrederentur
3126 2101 3179 2155 in
3203 2114 3452 2170 campum

1868 2191 2005 2246 inibi
2034 2200 2342 2247 relecturus
2392 2193 2701 2248 consilium.
2753 2193 2961 2260 Quibus
2999 2192 3173 2246 fet-tne
3200 2192 3453 2246 milliario

1867 2284 1935 2337 ab
1956 2285 2089 2339 urbe
2159 2284 2420 2354 digressis
2464 2284 2654 2340 infert.
2718 2285 2920 2341 Civitas
2973 2288 3089 2340 haec
3141 2301 3262 2339 cum
3294 2292 3455 2354 caput

1868 2375 2019 2444 regni
2048 2376 2138 2441 sit,
2196 2392 2304 2431 non
2364 2386 2545 2446 potest
2598 2386 2787 2432 contra
2829 2391 3010 2448 regem
3068 2392 3096 2430 a
3150 2374 3450 2430 meteneri.

1867 2470 2018 2536 Quod
2046 2469 2090 2522 si
2114 2471 2258 2539 regia
2301 2485 2452 2524 arma
2504 2470 2790 2531 veremini,
2842 2470 2894 2523 in
2930 2480 3133 2524 terram
3165 2484 3337 2522 meam
3367 2482 3453 2521 me

1866 2570 2171 2630 sequentes,
2217 2578 2302 2616 me
2332 2572 2563 2631 patrono
2592 2572 2645 2616 et
2694 2563 2875 2617 amico
2902 2560 3142 2615 utimini.
3162 2560 3279 2626 Quo
3305 2559 3454 2613 dictu

1865 2652 2397 2708 consternatissimos
2420 2653 2675 2707 reddidit.
2710 2652 2833 2706 Mox
2883 2667 3012 2721 ergo
3072 2660 3217 2703 metu
3261 2663 3455 2717 perpe-

1868 2745 1990 2798 trati
2018 2744 2281 2800 facinoris
2338 2753 2610 2810 amentes,
2653 2754 2710 2798 et
2759 2759 2939 2813 regem
2989 2743 3103 2798 suis
3151 2742 3455 2796 cervicibus

1866 2836 2149 2891 imminere
2198 2845 2476 2906 putantes,
2510 2834 2918 2890 innumerabile
2969 2851 3091 2888 cum
3147 2848 3213 2886 eo
3265 2832 3455 2901 vulgus

1866 2929 2168 3000 aufugiunt.
2193 2930 2259 2983 Et
2290 2928 2668 2998 Teudegaldus
2722 2928 2811 2983 ille
2840 2935 3155 2995 peremptor
3183 2925 3453 2994 episcopi,

1864 3026 1955 3094 qui
2013 3025 2311 3088 lacunaria,
2359 3032 2415 3077 et
2458 3022 2697 3079 fornices
2754 3020 2997 3074 ecclesiae
3049 3018 3107 3071 Β.
3160 3017 3451 3083 Vincentii,

1864 3116 2291 3185 claustralesque
2368 3129 2636 3178 recessus,
2687 3114 2943 3183 fugitivos
2990 3126 3127 3180 quos
3179 3111 3455 3167 occideret

1867 3210 2179 3279 quaerendo,
2197 3217 2386 3262 exerto
2413 3207 2593 3276 gladio
2623 3206 2945 3269 rimabatur,
2974 3208 3063 3274 qui
3090 3204 3454 3274 episcopalem

1867 3302 2126 3356 annulum
2156 3302 2324 3371 digito
2354 3300 2671 3369 praeferens,
2727 3314 2785 3354 se
2815 3299 3097 3368 prtesulem
3126 3297 3449 3351 testabatur.

1864 3395 1913 3449 ls
1970 3410 2091 3448 cmn
2150 3394 2263 3448 suis
2294 3393 2648 3461 complicibus
2706 3408 2812 3446 non
2843 3405 3009 3447 ausus
3063 3389 3255 3443 urbem
3297 3400 3454 3457 repe-

1865 3495 2000 3551 tere,
2050 3486 2315 3541 Thomam
2360 3500 2499 3555 pene
2554 3499 2758 3540 vacuus
2811 3483 3157 3552 sequebatur.
3216 3478 3454 3534 Thomas

1862 3590 2041 3634 autem
2075 3578 2419 3634 Guillelznutu
2476 3578 2644 3631 filium
2692 3577 2945 3639 Haduini,
2997 3584 3050 3630 et
3072 3575 3207 3629 alios
3249 3583 3442 3642 captos

1864 3673 2198 3727 liberaratin
2226 3672 2380 3725 urbe.
2407 3671 2457 3725 ls
2508 3672 2652 3725 enim
2701 3684 2899 3739 expers
2925 3667 3153 3724 Gerardi
3188 3666 3477 3737 proditior

1864 3765 1950 3819 nis
1978 3763 2287 3819 exstiterat.
2322 3763 2390 3817 At
2429 3761 2571 3816 fama
2604 3776 2835 3831 pegasea
2863 3761 3147 3815 celeritate
3177 3757 3452 3813 transfusa

1863 3857 2169 3911 vicinorum
2202 3870 2388 3910 rurum
2429 3854 2677 3909 homines
2705 3869 2769 3907 ac
2801 3854 3105 3924 oppidanos
3129 3852 3451 3917 exsuscitat,

1864 3962 2091 4000 vacuam
2156 3945 2558 4001 habitatoribus
2596 3942 2778 3998 ferens
2829 3942 3040 3998 urbem.
3069 3943 3223 3997 'l‘unc
3251 3941 3455 4012 quique

1866 4054 2133 4111 pagenses
2163 4040 2230 4094 ad
2262 4038 2563 4094 solitariam
2616 4037 3200 4107 proruuntcivitatem,
3233 4035 3450 4089 domos-

1865 4148 1971 4201 que
2008 4134 2217 4203 plenas,
2252 4133 2468 4186 nemine
2490 4130 2828 4195 defensante,
2857 4136 3263 4198 praeoccupant.
3292 4127 3453 4210 Cives

1869 4226 2167 4294 planecum
2199 4235 2382 4279 essent
2405 4224 2665 4295 opulenti,
2710 4224 2895 4278 habitu
2960 4237 3019 4277 se
3070 4234 3337 4290 pauperes
3362 4235 3453 4276 oe-

1869 4322 2179 4377 tendebant.
2214 4320 2413 4375 Oculos
2476 4320 2621 4374 enim
2664 4333 2949 4387 procerum
2978 4316 3263 4370 adversum
3296 4329 3354 4369 se
3380 4314 3453 4368 ir-

1870 4416 2037 4469 ritare
2065 4414 2341 4468 nolebant.

1942 4507 2018 4561 Eo
2052 4516 2293 4575 tempore
2319 4505 2411 4558 illa
2463 4503 2747 4570 illegitima
2792 4500 3093 4571 lngelranni
3119 4498 3361 4569 praedicti
3397 4506 3453 4555 et

1869 4600 2177 4654 inecstnosa
2215 4610 2371 4660 uxor,
2402 4610 2524 4648 cum
2587 4593 2697 4661 jam
2741 4593 2839 4647 sub
2894 4590 3072 4660 specie
3099 4590 3447 4645 continentia:

1868 4704 1967 4759 pro
2003 4688 2153 4742 senio
2199 4696 2253 4741 et
2275 4689 2522 4756 corporis
2563 4685 2704 4739 mole
2763 4691 3148 4753 aspernaretur
3175 4683 3450 4752 lngelran-

1866 4796 2017 4847 num,
2084 4780 2254 4834 Veteri
2310 4788 2489 4833 tamen
2552 4779 2877 4831 amasiorum
2922 4792 3018 4831 usu
3105 4791 3292 4830 carere
3343 4790 3447 4829 non

1866 4885 2096 4943 poterat.
2158 4873 2309 4927 Unde
2351 4880 2407 4926 et
2452 4871 2706 4940 juvenem
2752 4871 3001 4924 idoneum
3062 4884 3182 4923 cum
3216 4875 3445 4930 amaret,

1865 4976 1919 5021 et
1944 4982 2063 5022 eam
2120 4965 2472 5036 lngelrannus
2502 4965 2569 5019 ab
2598 4965 2714 5033 ejus
2755 4964 2976 5017 omnino
3008 4958 3448 5015 confabulatione

1865 5069 2094 5125 arceret,
2133 5059 2298 5113 tantis
2339 5068 2560 5126 repente
2602 5057 2873 5111 hominem
2925 5052 3205 5107 lenociniis
3227 5052 3448 5105 demen-

1867 5153 2001 5205 tavit
2024 5163 2082 5205 ιιι
2112 5166 2234 5205 emn
2272 5152 2336 5205 ad
2395 5166 2455 5205 se
2504 5151 2815 5211 accersiret,
2844 5149 2896 5200 in
2928 5147 3087 5199 domo
3112 5159 3204 5198 sua
3235 5151 3444 5196 statue-

1868 5255 1970 5312 ret,
2006 5246 2165 5299 liliam
2225 5260 2377 5299 suam
2429 5243 2723 5312 parvulam
2762 5240 2828 5293 ad
2878 5238 3176 5308 palliandos
3230 5248 3445 5289 amores

1870 5339 2108 5393 nefarios
2160 5340 2331 5407 pactis
2387 5336 2729 5406 SpmtSnlihus
2789 5330 3443 5397 daret,defensoremque

1871 5440 2028 5485 terrae
2063 5445 2173 5483 suae
2208 5438 2394 5482 contra
2438 5428 2722 5490 Thomam,
2776 5439 2934 5495 quem
2965 5421 3444 5477 irremediahiliter

1874 5523 2006 5589 ipse,
2032 5520 2121 5589 qui
2150 5521 2431 5574 dicebatur
2483 5529 2659 5586 pater,
2704 5518 2911 5579 oderat,
2944 5525 2997 5569 et
3027 5528 3184 5583 quem
3216 5522 3442 5584 prorsus

1865 5612 2210 5668 exhan'edare
2238 5612 2469 5673 volebat,
2490 5611 2713 5664 faceret.
2744 5610 2848 5663 lste
2876 5624 2997 5663 cum
3027 5623 3088 5662 ea
3116 5616 3441 5676 tempestate

1862 5706 2139 5762 Codieiaci
2168 5714 2335 5773 esset,
2366 5714 2418 5757 et
2459 5706 2666 5759 hostem
2694 5720 2751 5757 se
2787 5704 3008 5757 Thema:
3049 5703 3287 5756 futurum
3322 5715 3440 5751 om-

1863 5801 2020 5858 nibus
2045 5798 2219 5855 modis
2242 5797 2562 5859 declararet,
2597 5812 2790 5853 census
2841 5806 3017 5852 tamen
3064 5797 3271 5850 deesset
3302 5791 3440 5845 unde
