4018 6324
604 310 707 365 935
724 354 727 357 .

1391 300 1450 352 ν.
1483 293 1809 353 οιιωΕιιτι
1847 291 2137 352 ABBATIS
2175 293 2234 349 S.
2274 292 2515 351 MAN)!»
2558 293 2649 352 DE
2685 295 3079 357 NOVIGENTO
3711 324 3787 385 πθ

607 432 755 479 tanta
782 422 1153 493 pra-sumeret,
1182 410 1380 469 accidit
1435 411 1485 466 ei
1518 410 1677 481 hujus
1709 410 1941 466 fortunae
1976 425 2194 465 succes-
2222 422 2269 478 Α
2376 411 2515 467 Vitia
2538 410 2775 468 Galdrici
2801 416 3126 471 exhibentur.
3157 420 3363 492 —(“")
3386 423 3536 481 Facta
3569 443 3674 488 sunt
3703 438 3787 497 [me

606 532 721 573 SUS.

677 605 1031 674 Ingelrannus
1055 610 1102 655 et
1127 596 1300 652 Cuido
1351 598 1542 651 iterum
1596 598 1773 653 urbem
1804 599 2094 654 devaslant.
2122 629 2192 638 ——

603 697 903 756 Audientes
968 702 1144 747 autem
1185 689 1543 761 lngelrannus
1599 698 1654 744 et
1702 690 1878 747 Guido
1918 690 2019 763 (sic
2047 692 2192 747 enim

605 786 917 853 vocabatur)
949 783 1212 839 Thomam
1266 782 1333 838 ab
1375 780 1511 837 urbe
1545 780 1876 852 digressum,
1899 783 2189 853 populum-

605 895 710 951 que
733 886 1000 939 secutum,
1062 873 1388 929 Laudunum
1439 874 1666 940 adeunt,
1715 874 1832 927 sine
1877 874 2190 931 hominibus

607 972 793 1028 domos
821 970 969 1025 oumi
1012 968 1259 1024 ubertate
1308 967 1539 1023 refertas
1595 968 1898 1023 inveniunt.
1946 967 2189 1035 Quorum

611 1074 760 1121 tanta
815 1063 968 1132 copia
1021 1061 1144 1128 fuit,
1199 1069 1258 1115 ut
1306 1060 1351 1116 si
1393 1071 1549 1117 caute
1592 1061 1660 1115 ab
1720 1060 1786 1116 iis
1812 1061 1904 1131 qui
1927 1068 2193 1131 praeerant

608 1153 996 1217 custodiretur,
1031 1167 1099 1205 ne
1153 1150 1375 1222 prodige
1415 1166 1444 1204 a
1486 1149 1741 1221 parasitis
1766 1166 1828 1204 ac
1857 1149 2068 1205 furibus
2094 1149 2189 1205 de—

609 1245 938 1309 traheretur,
992 1242 1193 1298 frustra
1248 1244 1509 1299 adversus
1565 1243 1889 1312 praedictum
1934 1241 2190 1310 juvenem

607 1335 1079 1393 exterminandum
1110 1335 1396 1401 niteretur,
1455 1349 1630 1404 neque
1683 1335 1795 1405 ipse
1820 1334 1979 1389 ullam
2004 1335 2056 1390 in
2081 1335 2191 1390 vita

612 1444 707 1484 sua
738 1428 971 1498 inopiam
997 1434 1300 1497 pateretur.
1352 1424 1485 1493 Quis
1509 1426 1654 1480 enim
1686 1428 1851 1490 dicat,
1885 1436 1979 1480 aut
2004 1425 2192 1481 dicens

612 1520 770 1576 fidem
809 1520 995 1585 faciat,
1023 1518 1149 1589 quid
1202 1518 1580 1589 pecuniarum,
1625 1520 1751 1588 quid
1784 1519 2034 1585 vestium,
2062 1519 2193 1581 quid

610 1611 663 1673 in
696 1606 843 1670 mani
892 1611 1075 1686 specie
1124 1610 1446 1668 victualium
1510 1610 1584 1668 ibi
1616 1612 1687 1668 sit
1724 1610 2035 1686 repertum?
2057 1608 2191 1668 Cum

609 1710 751 1763 enim
778 1709 980 1763 rustica
1009 1723 1199 1762 manus
1225 1717 1277 1761 et
1311 1705 1633 1773 suburbani,
1663 1708 1791 1775 quin
1822 1707 1986 1764 etiam
2031 1705 2194 1762 Mon-

2295 519 2438 560 anno
2468 505 2862 563 incarnationis
2920 509 3209 564 DOlllilllC'J}
3254 513 3521 572 millesimo
3558 530 3789 589 centesimo

2294 596 2640 663 duodecimo,
2692 598 2825 654 feria
2878 608 3030 656 sexta
3080 602 3355 672 paschali,
3408 611 3555 666 tertio
3583 614 3791 680 Kalendas

2292 687 2438 743 Maii.
2472 688 2739 745 Nimirum
2773 691 2887 763 ipse
2914 693 3201 764 episcopus
3230 694 3446 754 infinitae
3469 701 3669 764 levitatis
3687 725 3790 781 erat,

2295 788 2355 836 ut
2382 781 2544 836 etiam
2572 781 2617 835 si
2649 798 2768 852 qua:
2791 783 2974 853 inepta
3001 799 3065 840 ac
3098 790 3375 845 saecularia
3405 794 3661 866 cogitaret,
3685 802 3793 859 facil-

2292 874 2420 930 lime
2447 874 2628 947 lingua
2660 875 2985 933 absolveret.
3001 878 3163 937 Certe
3190 878 3298 938 vi'di
3325 883 3468 939 illam
3493 902 3647 945 meam
3671 908 3792 962 quam

2293 968 2573 1041 pratlibavi
2598 970 3007 1037 consobrinam,
3052 988 3174 1028 eum
3205 990 3373 1045 nuper
3407 976 3458 1031 in
3510 980 3627 1035 urbe
3669 1000 3792 1058 nupta

2295 1076 2402 1130 quo
2431 1062 2750 1131 pudoratius
2779 1070 2998 1131 poterat
3028 1079 3087 1120 se
3124 1065 3350 1121 haberet
3381 1085 3393 1120 :
3426 1069 3509 1124 ille
3534 1072 3693 1141 etiam,
3729 1095 3790 1137 me

2295 1152 2566 1219 audiente,
2606 1154 2911 1209 merdosam
2932 1163 3095 1225 atque
3130 1156 3385 1212 rusticam
3420 1162 3689 1230 appellavit,
3704 1171 3793 1237 quia

2295 1260 2353 1302 se
2382 1246 2451 1301 ab
2480 1254 2792 1301 exterorum
2835 1246 3117 1317 colloquiis
3167 1263 3232 1303 ac
3285 1249 3483 1305 visibus
3524 1256 3795 1327 absentabat,

2295 1354 2359 1393 ae
2381 1353 2438 1393 se
2461 1339 2510 1393 ei
2542 1354 2692 1393 more
2713 1348 3037 1393 caeterarum
3062 1339 3369 1395 nullatenus
3395 1341 3795 1413 iugerebat.Plane

2293 1439 2346 1487 et
2372 1431 2569 1487 librum
2593 1433 2883 1503 quemdam
2933 1434 2998 1489 de
3030 1434 3514 1510 Hierosolymitaua
3530 1444 3795 1511 expeditione

2297 1525 2755 1598 conscripserant,
2784 1531 2928 1599 quod
2977 1544 3098 1585 cum
3157 1531 3343 1587 videre
3391 1532 3646 1604 gestisset,
3685 1539 3797 1608 eique

2294 1620 2476 1676 illatus
2505 1621 2718 1690 fuisset,
2749 1632 3035 1693 tantopere
3096 1638 3326 1679 exosum
3378 1626 3573 1689 habuit,
3603 1631 3793 1698 quoniam

2296 1714 2496 1770 domini
2552 1716 2661 1772 mei
2712 1714 3037 1772 Suessorum
3093 1716 3335 1787 episcopi
3382 1715 3598 1772 Lisiardi
3640 1723 3797 1778 nomine

612 1805 872 1860 tiacutani
927 1814 982 1860 et
1034 1804 1498 1875 Pctripontenses,
1554 1802 1751 1859 Ferani
1811 1818 2029 1873 quoque
2086 1802 2192 1858 huc
2221 1814 2267 1874 Β
2294 1807 2618 1878 prooemium
2658 1809 2839 1878 operis
2867 1808 3182 1879 insignitum
3208 1808 3365 1877 vidit,
3405 1820 3460 1864 ut
3495 1811 3709 1881 deinceps
3730 1831 3795 1868 ne-

609 1899 877 1960 venerint,
900 1907 1190 1967 antequam
1224 1897 1606 1963 Codiacenses,
1641 1896 1839 1952 mirum
1881 1897 2028 1953 dictu
2077 1897 2187 1952 est!

608 1991 739 2061 quid
765 1991 973 2061 priores
1002 1990 1328 2055 invenerint,
1378 1990 1510 2059 quid
1558 1990 1802 2056 tulerint,
1851 2006 1974 2046 cum
2019 1991 2191 2046 nostri

610 2086 941 2141 recentiores
996 2085 1202 2140 tardius
1251 2086 1628 2151 advenissent,
1682 2085 1882 2141 munda
1903 2087 2108 2153 omnia,
2136 2096 2193 2142 et

607 2181 764 2251 quasi
821 2180 1025 2234 illibata
1075 2195 1135 2235 se
1182 2181 1457 2251 reperisse
1519 2179 1873 2248 jactaverint.
1925 2179 2031 2235 Sed
2063 2179 2192 2251 quid

608 2274 760 2346 pensi
784 2290 845 2329 ac
875 2274 1137 2330 moderati
1165 2275 1306 2344 apud
1329 2274 1614 2331 helluones
1640 2283 1695 2330 et
1725 2274 1980 2330 scurras?
1998 2273 2191 2329 Vinum

607 2376 665 2423 ot
695 2368 933 2424 triticum
963 2384 1068 2439 qua
1099 2368 1145 2423 si
1174 2368 1644 2439 repertitiumnon
1671 2368 1911 2424 habebat
1934 2366 2191 2437 pretium,

608 2469 665 2516 et
695 2475 816 2515 cum
848 2461 982 2516 tales
1020 2476 1127 2516 non
1160 2461 1426 2516 haberent
1479 2460 1765 2531 vectigalia
1807 2460 2029 2523 ibidem,
2065 2459 2188 2514 libi.

609 2552 735 2608 dine
760 2553 1197 2623 dilapidabantur
1226 2553 1518 2609 horrenda.
1549 2553 1727 2624 Cmpit
1761 2569 1894 2624 ergo
1926 2553 2068 2608 inter
2098 2567 2194 2609 eos

608 2659 676 2701 ex
702 2657 963 2717 proventu
994 2646 1149 2718 511
1186 2649 1501 2718 rapinarum
1560 2648 1767 2702 oboriri
1804 2647 2101 2713 contentio,
2138 2655 2194 2703 et

611 2753 641 2792 a
667 2739 972 2811 quibusque
1001 2739 1256 2809 quaelibet
1291 2750 1449 2810 rapta
1498 2740 1797 2796 minoribus
1824 2741 1890 2795 ad
1925 2740 2193 2809 potentio-

611 2849 732 2888 rum
754 2833 876 2901 jura
905 2832 1195 2887 transibat.
1247 2833 1470 2888 Duobus
1516 2841 1687 2899 certe,
1716 2834 1761 2888 si
1792 2834 1982 2889 tertius
2006 2834 2194 2888 obvia-

609 2933 713 2991 ret,
738 2924 1093 2994 spoliabatur.
1118 2924 1250 2979 Erat
1290 2926 1474 2994 itaque
1508 2924 1853 2979 miserrimus
1878 2924 2031 2979 urbis
2078 2932 2192 2979 sta-

610 3026 715 3074 tus.
753 3016 818 3071 lli
840 3017 933 3087 qui
960 3018 1029 3073 ab
1055 3018 1189 3072 urbe
1217 3017 1597 3088 profugerant,
1638 3018 1828 3074 domos
1856 3017 2188 3072 clericorum

606 3116 664 3164 et
686 3122 970 3176 procerum
997 3122 1135 3177 quos
1158 3107 1411 3174 oderant,
1434 3108 1779 3177 diripuerant
1799 3117 1964 3177 atque
1996 3109 2190 3163 incen-

2294 1913 2565 1969 qnaquam
2602 1898 2783 1970 legere
2832 1898 3170 1968 dignaretur,
3225 1915 3350 1954 cum
3391 1909 3578 1956 caetera
3609 1905 3796 1972 opuscula

2294 2007 2436 2058 mea,
2459 1999 2517 2046 et
2560 2007 2619 2047 se
2656 1991 2798 2047 ultra
2836 2007 3054 2049 omnem
3118 1993 3412 2048 valentiam
3468 2009 3625 2051 meam
3663 2013 3797 2069 appre-

2294 2090 2546 2144 tiaretur.
2576 2090 2645 2144 Et
2688 2104 2811 2146 cum
2861 2088 3050 2146 efficax
3109 2091 3390 2147 videretur
3440 2092 3493 2148 in
3533 2092 3798 2152 elaborandis

2294 2180 2507 2251 opibus,
2543 2189 2712 2236 totum
2739 2181 2920 2238 subito
2972 2182 3316 2253 expendebat
3356 2182 3412 2237 in
3457 2184 3620 2240 causis
3654 2186 3799 2240 inutili-

2292 2274 2414 2331 bus.
2466 2272 2572 2329 Sed
2601 2274 2746 2330 mala
2776 2275 2883 2331 ista
2919 2290 3043 2331 cum
3073 2275 3235 2347 hujus
3267 2276 3591 2348 temporibus
3630 2294 3799 2349 praema-

2295 2373 2607 2419 turuerunt.

2367 2458 2579 2524 Quanta
2609 2458 2751 2513 mala
2781 2457 3029 2514 Lauduni
3065 2470 3275 2530 patrata
3301 2461 3497 2529 luerim
3540 2461 3629 2516 ista
3666 2471 3801 2533 tempe-

2293 2561 2445 2607 state.
2470 2583 2541 2594 -ο-
2569 2551 2860 2608 Sciendum
2898 2563 2983 2609 est
3004 2553 3131 2624 quia
3162 2568 3271 2608 non
3310 2553 3486 2609 solum
3519 2553 3568 2609 in
3597 2555 3702 2619 isto,
3737 2557 3802 2610 sed

2295 2658 2363 2699 ex
2387 2643 2639 2710 aliorum,
2675 2644 2784 2699 imo
2808 2645 2975 2700 totius
3004 2661 3215 2702 summa
3267 2646 3453 2717 populi
3483 2646 3725 2716 iniquitate
3750 2648 3802 2702 ia~

2295 2744 2604 2791 creverunt.
2636 2733 2772 2790 Nam
2798 2736 2852 2791 in
2891 2744 3003 2791 tota
3035 2736 3268 2791 Francia
3298 2736 3483 2809 qualia
3508 2739 3634 2808 apud
3651 2737 3804 2792 Lauda-

2293 2844 2492 2885 nenscs
2558 2844 2826 2900 nusquam
2872 2829 3080 2885 scelera
3139 2832 3504 2903 contigerunt.
3554 2830 3803 2887 Panissimo

2294 2920 2442 2977 enim
2480 2928 2771 2991 antequam
2795 2921 2900 2976 ista
2934 2921 3127 2976 tierent
3158 2930 3425 2993 tempore,
3453 2922 3702 2993 presbyter
3723 2922 3804 2990 qui-

2295 3010 2420 3067 dam
2450 3011 2504 3066 in
2541 3012 2761 3083 propria
2787 3011 2949 3068 domo
2974 3027 3004 3067 a
3045 3028 3216 3084 puero
3257 3029 3435 3084 quem.
3475 3012 3804 3083 familiariorem

2294 3100 2547 3167 habebat,
2570 3117 2694 3158 cum
2724 3103 2940 3159 sederet
2968 3104 3033 3158 ad
3067 3119 3270 3174 prunas
3316 3120 3347 3160 a
3410 3114 3553 3177 tergo
3583 3120 3805 3176 percusats

606 3196 797 3252 derant
834 3215 846 3250 :
882 3205 939 3250 at
989 3197 1150 3252 modo
1190 3198 1392 3252 residui
1423 3212 1677 3268 proceres
1721 3197 2068 3268 profugarum
2099 3213 2188 3254 us-
2218 3203 2263 3269 α
2296 3191 2521 3255 interiit.
2555 3193 2721 3263 Cujus
2748 3210 2946 3265 corpus
2971 3195 3060 3251 ille
3081 3212 3329 3262 sumens,
3362 3196 3415 3251 in
3472 3212 3711 3252 cameram
3749 3209 3807 3250 se-

605 3302 713 3358 que
776 3287 843 3342 ad
893 3287 1242 3343 confosceras
1271 3286 1362 3359 [[2,
1393 3287 1593 3359 ferras]
1628 3295 1684 3343 et
1717 3288 1981 3359 pessulos,
2043 3290 2191 3345 omni

604 3378 909 3436 substantia
939 3388 1101 3449 atque
1125 3378 1453 3435 utensilibus
1482 3380 1906 3434 addemnabant.

680 3468 794 3525 Non
819 3484 949 3540 ergo
971 3485 1038 3525 ne
1063 3470 1358 3526 monachus
1380 3469 1597 3540 quidem
1631 3468 1772 3525 ullus
1803 3479 1915 3525 tuto
1975 3480 2195 3541 poterat

607 3561 815 3633 ingredi
844 3561 1052 3627 urbem,
1078 3560 1164 3615 vel
1183 3562 1388 3632 egredi,
1417 3562 1548 3631 quin
1578 3570 1673 3615 aut
1702 3577 1842 3631 equo
1864 3562 2191 3632 privaretur,

609 3664 703 3708 aut
730 3653 965 3724 propriis
997 3651 1236 3708 induviis
1276 3652 1590 3707 nudaretur.
1635 3652 1719 3707 Ad
1772 3663 2020 3708 sanctum
2063 3652 2194 3707 Vin-

607 3745 847 3799 centium
873 3753 1059 3799 sontes
1086 3744 1437 3814 insontesque
1461 3758 1583 3798 cum
1604 3743 1817 3813 peculio
1848 3745 2021 3799 multo
2044 3746 2190 3800 coie-

610 3844 755 3890 rant.
789 3834 954 3901 Quid,
986 3835 1212 3891 Domine
1249 3836 1423 3901 Deus,
1475 3834 1777 3905 gladiorum
1827 3848 2076 3891 exortum
2111 3846 2194 3893 est

610 3940 775 3995 super
812 3927 1125 3994 monachos,
1156 3942 1263 3982 non
1314 3936 1423 3981 tam
1470 3941 1686 3995 census,
1729 3944 1891 3998 quam
1932 3943 2191 3999 personas

611 4016 869 4071 volentes.
903 4015 979 4071 lbi
1028 4016 1369 4084 Guillelmus,
1413 4018 1646 4074 Haduini
1693 4020 1856 4089 filius,
1906 4021 2192 4078 immemor

608 4107 714 4163 sibi
769 4124 800 4162 a
848 4107 959 4165 Deo
1005 4108 1344 4165 liberatiouis
1386 4110 1630 4178 indultae,
1679 4114 1969 4183 quemdam
2034 4131 2189 4170 suum

607 4208 967 4269 compatrem,
1017 4199 1105 4255 cui
1179 4214 1307 4255 mox
1376 4202 1741 4272 spoponderat
1793 4204 2189 4262 immunitatem

606 4296 976 4351 membrorum
998 4305 1053 4351 et
1072 4297 1291 4365 vitm,ct
1312 4299 1379 4353 ad
1406 4314 1464 4355 se
1489 4315 1554 4356 ex
1579 4302 1683 4358 fide
1702 4302 1997 4374 collegerat
2021 4304 2190 4361 teneri

607 4402 638 4442 a
669 4388 781 4443 suis
813 4387 876 4461 [Γ.
899 4430 914 4456 ,
944 4388 1129 4464 servis]
1161 4389 1466 4448 Gninimari
1497 4402 1553 4449 et
1602 4393 1824 4450 Raineri
1874 4410 2190 4466 procerum,

607 4480 701 4551 qui
731 4480 857 4537 caesi
886 4490 1070 4548 erant,
1104 4491 1158 4538 et
1209 4484 1457 4539 damnari
1505 4487 1770 4556 permisit.
1800 4486 1844 4541 Α
1887 4488 1999 4543 filio
2043 4492 2189 4544 enim

2296 3284 2589 3341 cretiorem
2615 3286 2919 3342 recondidit
2964 3297 3020 3343 et
3048 3303 3077 3341 a
3109 3287 3241 3345 foris
3302 3290 3581 3346 asseravit.
3629 3291 3808 3368 Cumque

2296 3392 2394 3449 per
2422 3378 2630 3451 aliquot
2657 3378 2775 3433 dies
2798 3394 2904 3434 non
2930 3380 3046 3436 viso
3069 3381 3314 3448 domino,
3363 3397 3589 3451 quonam
3615 3380 3769 3435 abisset
3787 3394 3807 3432 ι

2294 3467 2497 3523 famulo
2523 3478 2855 3539 quaererent,
2881 3472 3245 3527 mentiebatur
3273 3475 3463 3530 nescio
3484 3490 3713 3545 quorsum
3742 3474 3809 3527 ho-

2294 3560 2495 3615 minem
2520 3561 2791 3632 expetisse
2829 3565 3067 3635 negotia.
3114 3565 3334 3621 Etcum
3386 3582 3497 3637 prae
3524 3563 3808 3620 fetorisinso—

2294 3651 2460 3707 lentia
2507 3653 2648 3708 inter
2690 3656 2832 3712 :edes
2880 3656 3050 3712 foveri
3104 3673 3211 3713 non
3255 3662 3480 3728 posset‘,
3528 3658 3719 3712 collecta
3752 3655 3809 3709 ille

2295 3743 2497 3798 domini
2529 3745 2838 3802 substantia
2872 3748 3105 3803 cadaver
3152 3749 3204 3803 in
3239 3751 3466 3805 camino
3491 3750 3663 3804 domus
3697 3760 3811 3816 super

2293 3834 2507 3891 cineres
2541 3853 2711 3908 prono
2738 3854 2833 3894 ore
2854 3840 3196 3910 composuit,
3226 3850 3283 3895 et
3329 3841 3721 3896 instrumentum
3751 3837 3814 3892 de-

2295 3943 2458 3998 super
2509 3930 2771 3999 pendens,
2800 3932 2915 4002 (¹¹³)
2946 3932 3091 4002 quod
3114 3932 3443 3988 siccatorias
3472 3940 3669 3997 vocant,
3696 3943 3812 3996 super

2292 4032 2415 4074 eum
2465 4018 2678 4088 dejecit,
2730 4030 2791 4076 ut
2842 4032 3126 4092 putaretur
3177 4023 3304 4093 quia
3348 4023 3432 4078 sic
3467 4038 3582 4077 eum
3613 4018 3813 4075 inachiae

2292 4125 2451 4167 casus
2504 4113 2795 4179 obtuderit,
2833 4115 3020 4185 sicque
3060 4131 3185 4171 cum
3227 4115 3394 4171 rebus
3433 4114 3649 4185 aufugit.

2364 4205 2562 4261 Decani
2591 4220 2804 4276 quoque
2838 4222 2944 4261 non
2977 4206 3133 4277 longe
3160 4215 3286 4262 ante
3308 4206 3580 4262 Kalendas
3600 4219 3693 4260 sua:
3716 4202 3813 4258 die.

2293 4313 2478 4356 ceseos
2502 4299 2942 4372 presbyterorum
2974 4299 3477 4371 agebant.Cumque
3505 4299 3698 4369 quidam
3721 4293 3816 4346 Bur-

2292 4391 2503 4463 gundus
2534 4392 2853 4462 presbyter,
2876 4392 3076 4462 loquax
3106 4391 3270 4447 nimis
3292 4401 3349 4447 et
3370 4389 3815 4463 promptulus,con-

2294 4485 2501 4556 tignum
2533 4485 2633 4539 sibi
2665 4486 3049 4556 presbyterum
3072 4500 3237 4555 super
3259 4484 3498 4555 quodam
3516 4482 3612 4538 levi
3635 4476 3813 4550 capitulo

606 4572 816 4643 praefati
855 4574 1132 4630 castellani
1158 4575 1226 4630 ad
1251 4576 1376 4645 equi
1400 4577 1628 4632 caudam
1661 4577 1885 4647 pedibus
1915 4578 2188 4649 alligatus,
2223 4571 2270 4627 D
2295 4586 2631 4641 accusasset,
2666 4592 2765 4647 pro
2797 4577 2914 4648 ipsa
2947 4576 3104 4647 culpa
3129 4577 3369 4632 decamts
3407 4576 3477 4631 ab
3501 4591 3565 4631 eo
3592 4590 3675 4630 sex
3701 4586 3814 4626 num-

607 4665 866 4734 breviquc
918 4675 1092 4723 tractu
1124 4668 1408 4724 cerebrum
1453 4684 1576 4724 cum
1602 4669 1850 4738 fudisset,
1877 4671 2043 4728 furcis
2072 4673 2189 4728 illa-

610 4765 700 4812 tus
733 4767 835 4812 est.
863 4758 1175 4815 Vocabatur
1202 4769 1382 4816 autem
1437 4762 1483 4817 is
1529 4764 1799 4820 Robertus
1834 4777 2192 4838 cognomento

606 4848 967 4917 Manducans,
997 4852 1079 4906 vir
1106 4852 1256 4908 dives
1302 4865 1357 4908 et
1388 4855 1611 4925 probus.
1641 4857 1710 4911 At
1744 4857 2086 4928 dispensator
2113 4861 2195 4916 vi-

607 4942 903 5011 cedomini,
929 4943 996 4998 de
1023 4959 1129 5014 quo
1157 4960 1318 5015 supra
1348 4946 1607 5017 diximus,
1650 4950 1743 5020 qui
1785 4952 2104 5020 vocabatur,
2136 4954 2192 5009 ni

609 5031 789 5099 fallor,
815 5033 1113 5102 Ebrardus,
1141 5036 1234 5104 qui
1271 5050 1396 5091 cum
1444 5052 1554 5108 quo
1581 5039 1668 5093 die
1696 5040 1818 5110 ipso
1855 5042 2189 5110 eomederat,

608 5140 797 5182 servus
826 5127 1101 5183 dominum
1129 5127 1462 5199 perdiderat,
1497 5140 1721 5187 evectus
1746 5134 1906 5188 estin
1937 5133 2187 5191 sublime.

608 5217 706 5273 llis
732 5220 1021 5287 generibus
1044 5219 1299 5276 mortium
1328 5230 1384 5278 et
1408 5222 1499 5278 alii
1523 5231 1651 5279 sunt
1669 5224 1868 5279 exacti.
1896 5223 2189 5282 lnextrica-
2244 5234 2249 5237 “

605 5311 714 5366 bile
744 5319 826 5366 est
860 5326 981 5381 quae
1013 5313 1064 5368 in
1092 5317 1523 5381 eversorum,vel
1547 5317 1883 5375 inversorum
1912 5322 2190 5391 punitione

609 5406 723 5475 geri
749 5406 949 5474 ubique
973 5406 1263 5479 contigerit
1314 5408 1604 5477 explicare.
1658 5408 1951 5467 Sciendum
2006 5424 2185 5471 autem

609 5495 735 5566 quia
765 5495 851 5551 die
878 5506 1093 5569 postero
1113 5499 1260 5554 necis
1287 5497 1444 5554 facta:
1465 5498 1705 5558 Thomas
1726 5504 1872 5558 venit
1898 5505 1950 5559 in
1975 5506 2186 5571 urbem,

610 5585 713 5642 hoc
767 5598 850 5643 est
903 5587 1036 5641 feria
1058 5597 1228 5656 sexta,
1283 5587 1631 5661 Sabhatoque
1685 5597 2001 5663 recesserit,
2044 5605 2098 5651 et
2135 5596 2187 5652 in

611 5676 726 5748 ipsa
763 5677 1041 5735 Dominica
1074 5681 1205 5737 tanti
1251 5681 1510 5742 facinoris
1538 5700 1661 5745 mox
1698 5686 1837 5744 Deus
1867 5704 2059 5762 poenas
2107 5690 2192 5747 in-

610 5769 858 5828 cesserit.

2290 4682 2407 4723 mos
2439 4676 2648 4723 tantum
2672 4666 2988 4738 exegiLQui
3013 4666 3066 4722 id
3088 4668 3267 4723 damni
3294 4669 3429 4724 satis
3452 4681 3701 4739 superque
3715 4675 3816 4731 aegre

2289 4756 2491 4824 ferens,
2548 4768 2710 4815 nocte
2747 4774 2872 4814 cum
2927 4757 3250 4831 Burgundus
3289 4761 3607 4819 revertisset
3648 4755 3705 4811 ad
3732 4768 3815 4817 sua,

2290 4853 2572 4923 presbyter
2590 4852 2681 4921 qui
2714 4851 2968 4907 denarios
3003 4851 3314 4923 perdiderat
3340 4850 3673 4922 insidiasipsi
3695 4856 3816 4902 teten-

2291 4947 2467 5000 derat.
2512 4943 2614 5011 Qui
2643 4960 2766 4999 cum
2826 4945 3019 4999 domus
3061 4960 3175 5000 sua:
3232 4945 3435 5017 gradus
3486 4960 3606 5000 cum
3653 4942 3818 4997 lucerna

2293 5037 2635 5099 ascenderet,
2698 5036 2787 5093 ille
2834 5052 2957 5092 eum
3013 5053 3045 5092 a
3095 5037 3488 5107 posterioribus
3523 5054 3575 5092 ιιι
3622 5030 3817 5104 occipitio

2293 5130 2451 5187 clava
2478 5132 2771 5201 percussit,
2800 5132 2890 5200 qui
2913 5147 2978 5186 ex
3008 5132 3119 5187 ictu
3150 5133 3443 5189 intestatus
3465 5130 3719 5190 occubuit.

2363 5225 2514 5280 Alter
2542 5225 2761 5295 quidam
2792 5225 3032 5280 Exosimi
3063 5226 3180 5297 ipse
3201 5227 3517 5299 presbyter,
3547 5242 3660 5283 cum
3686 5222 3816 5278 babe-

2292 5318 2773 5390 retpresbyterum
2806 5330 3095 5376 missarum
3130 5320 3391 5377 solemnia
3430 5329 3690 5393 agentem,
3718 5314 3818 5370 alta-

2292 5409 2550 5478 ribusque
2574 5418 2918 5479 praesentem,
2967 5426 2999 5465 a
3031 5411 3263 5480 quodam
3292 5425 3387 5467 suo
3418 5412 3713 5481 apparitore
3753 5418 3818 5459 sa.

2291 5500 2424 5571 gitta
2453 5500 2603 5557 feriri
2626 5503 2922 5558 mandavit.
2940 5503 3041 5571 Qui
3059 5520 3346 5576 percussus
3373 5505 3482 5561 etsi
3513 5519 3615 5560 non
3638 5497 3819 5559 interiit.

2294 5591 2578 5660 instigator
2611 5602 2788 5649 tamen
2818 5609 2881 5649 ac
2906 5593 3084 5665 opifex
3118 5612 3222 5650 non
3247 5595 3363 5651 sine
3396 5590 3730 5650 interimendi
3764 5584 3821 5639 al-

2294 5688 2437 5743 fectu
2477 5687 2601 5753 fuit,
2632 5703 2735 5743 nec
2763 5688 3060 5755 homicidii,
3092 5698 3148 5745 et
3200 5688 3494 5761 sacrilegii,
3525 5686 3660 5759 apud
3705 5678 3820 5739 Clll'l'

2297 5779 2507 5837 stianos
2535 5779 2777 5838 mandati
2798 5778 2890 5853 [{.,
2918 5779 3189 5851 inauditi],
3218 5779 3449 5837 crimine
3474 5778 3664 5837 caruit.
3694 5769 3818 5831 Beier
