4018 6324
257 363 345 425 957

1259 345 1346 400 DE
1375 342 1532 400 VlTA
1567 338 1701 395 SUA
1736 333 1912 388 LlBRl
1938 332 2134 390 TRES.
2165 364 2232 376 -—
2254 334 2380 390 LIB.
2419 330 2507 389 lli.
2592 288 2595 289 ν

3349 333 3456 392 938

256 490 417 537 runtur
440 481 487 528 ct
520 468 616 523 alia
644 465 744 522 sub
781 465 969 521 eodem
1001 472 1240 533 tempore
1270 471 1435 530 atque
1477 471 1613 527 pago
1658 467 1776 524 per-
1806 453 1860 514 Δ
1955 448 2176 505 Feretra
2209 460 2257 504 et
2283 460 2579 504 sanctorum
2602 445 2832 515 reliquiae
2871 443 3329 515 circumferuntur,
3356 465 3461 519 quo

289 574 457 624 etrata.

289 589 457 624 errata.

236 589 287 748 χρ
314 655 551 726 Prtrsagia
570 650 819 722 pra'fatas
840 647 1163 703 calamitates
1188 641 1616 714 prtenuntiantia.
1648 636 1786 748 Pu'er

249 725 573 825 geminum—3
582 752 842 809 pparuere
857 746 913 791 et
925 736 1156 789 visiones
1173 732 1371 786 malum
1392 729 1534 799 quod
1548 725 1785 798 praetuli-

255 819 358 893 inus
385 828 941 903 praesagantesNisum
959 834 1041 878 est
1059 824 1273 877 cuidam
1299 835 1458 890 super
1470 819 1784 872 Laudunum

247 926 460 979 lunarem
482 917 732 973 cecidisse
755 913 1139 984 globum,qnod
1161 910 1426 980 signiﬁcat
1447 907 1783 976 repentinum

251 1022 508 1069 venturum
537 1007 655 1063 urbi
679 1006 969 1062 defectum.
1002 1002 1223 1057 Cuidam
1253 1016 1468 1071 quoque
1491 1014 1554 1053 ex
1588 996 1786 1052 nostris

247 1109 398 1163 visum
426 1112 502 1158 cst
532 1113 657 1156 ante
694 1115 870 1167 genua
926 1098 1174 1152 cruciﬁxi
1230 1097 1283 1151 in
1323 1095 1556 1150 ecclesia
1612 1093 1785 1146 Beatm

246 1195 406 1251 Maria:
429 1202 531 1247 tres
548 1192 793 1261 iungentes
819 1189 1064 1245 seriatim
1105 1189 1288 1242 trabes
1306 1186 1595 1255 oppositas.
1615 1183 1787 1237 Locus

247 1297 405 1341 autem
431 1284 479 1337 in
521 1297 629 1352 quo
679 1280 960 1335 Gerardus
1010 1278 1219 1331 interiit
1269 1288 1464 1330 cruore
1504 1272 1788 1327 videbatur

241 1385 455 1444 apertus.
484 1370 781 1427 Cruciﬁxus
798 1367 1213 1423 eminentiorem
1239 1363 1483 1420 ecclesia:
1499 1375 1786 1432 personam

242 1466 556 1539 signiﬁcavit,
617 1464 778 1534 512
832 1454 1282 1518 cuiovere‘terna
1327 1457 1509 1513 trabes
1553 1455 1784 1520 obstitit,

240 1560 350 1614 dum
374 1571 563 1625 pravus
594 1554 869 1619 introitus,
888 1562 942 1608 et
965 1558 1246 1622 peccatum
1272 1549 1411 1618 quod
1442 1548 1496 1602 in
1521 1546 1785 1607 Gerardo,

236 1658 286 1704 et
311 1646 370 1701 ad
417 1646 661 1700 ultimum
710 1645 762 1699 in
816 1644 974 1713 plebe
1051 1641 1420 1704 commiserat,
1457 1638 1648 1709 ingens
1695 1636 1787 1689 ﬁni

232 1741 337 1810 ejus
363 1738 739 1794 ol'l'endiculnm
764 1736 1012 1806 praebuit.
1044 1735 1220 1789 Locus
1249 1733 1337 1787 ille
1366 1733 1419 1786 in
1443 1747 1553 1801 quo
1578 1729 1792 1784 obierat

234 1830 475 1899 sanguine
534 1828 858 1896 tegebatur,
916 1826 1043 1880 dum
1107 1832 1413 1894 perpetrata
1482 1820 1791 1889 malignitas

230 1921 363 1976 nulla
391 1919 724 1989 prenitudine
765 1917 1102 1972 abolebatur.
1131 1915 1504 1969 Audiebantur
1527 1920 1789 1980 prmterea

229 2011 359 2067 sicut
383 2025 410 2063 a
437 2008 724 2063 monachis
753 2007 940 2062 Sancti
986 2004 1258 2060 Vincentii
1292 2003 1473 2068 didici,
1503 2010 1559 2056 et
1594 2000 1792 2055 tumul-

227 2112 306 2157 tus
324 2100 559 2170 quidam,
592 2109 652 2153 ut
686 2099 1001 2171 putabatur,
1058 2096 1418 2165 malignorum
1475 2092 1788 2160 spirituum,

225 2202 276 2248 et
294 2191 496 2261 species
523 2190 904 2244 incendiorum
939 2188 992 2242 in
1044 2202 1172 2242 aere
1219 2180 1502 2240 nocturnis
1551 2182 1700 2237 horis
1735 2180 1789 2235 in

224 2282 369 2336 urbe.
402 2278 570 2333 Natus
603 2288 688 2333 est
715 2278 878 2332 etiam
909 2283 1035 2330 ante
1057 2275 1267 2343 aliquot
1293 2273 1409 2328 dies
1453 2285 1587 2340 puer
1623 2268 1794 2339 gemi—

1886 540 2067 595 multa:
2081 550 2202 594 sunt
2225 550 2511 609 corrogata:
2523 540 2755 609 pecunia:
2777 536 2846 591 ad
2870 536 3139 590 ecclesiam
3162 548 3463 594 restaurata.

1883 628 2113 682 dam.—
2138 628 2346 682 Interea
2375 629 2671 683 secundum
2706 628 2853 681 illum
2880 628 3312 697 qualemcunque
3345 646 3462 685 mo-

1885 733 2003 773 rem
2045 719 2111 772 ad
2138 718 2507 787 corrogandas
2546 717 2799 788 pecunias
2824 725 3107 786 eruperunt
3155 717 3354 772 feretra
3403 728 3460 774 et.

1883 816 2199 863 sanctorum
2237 805 2479 874 reliquiae
2499 805 2858 860 circumferri.
2886 803 3038 861 Unde
3064 805 3266 859 factum
3295 816 3382 862 est
3405 817 3465 863 ut

1885 898 2008 969 pius
2041 898 2130 952 ille
2153 896 2376 960 arbiter,
2410 896 2502 965 qui
2532 910 2666 965 quos
2702 896 2829 950 hinc
2855 896 3100 966 corripit,
3120 895 3267 951 illinc
3296 898 3463 953 misc-

1888 990 2175 1046 ricorditer
2212 988 2544 1052 consolatur,
2610 987 2778 1040 multa
2836 1003 2941 1055 qua
2998 988 3150 1042 ibant
3201 988 3460 1045 miracula

1885 1083 2188 1136 exhiberet.
2244 1080 2377 1134 Erat
2441 1088 2626 1134 autem
2679 1080 3021 1149 magniﬁcum
3066 1084 3462 1157 phylacterium

1887 1173 2166 1243 quiddam,
2196 1172 2338 1240 quod
2375 1169 2652 1226 ferebatur
2684 1185 2806 1224 cum
2833 1169 3011 1237 aliqua
3039 1171 3322 1239 cujuslibet
3349 1192 3462 1230 me-

1889 1266 2078 1319 moriae
2105 1266 2281 1327 theca,
2312 1263 2363 1317 in
2393 1277 2500 1331 quo
2522 1262 2588 1317 de
2613 1262 2837 1317 camisia
2885 1263 3074 1316 matris
3127 1263 3360 1333 Virginis
3407 1275 3463 1321 et

1888 1357 1957 1411 de
1986 1356 2212 1427 spongia
2250 1354 2335 1409 ori
2382 1354 2679 1409 Salvatoris
2703 1353 2875 1420 illata,
2897 1362 2953 1409 et
2982 1354 3047 1408 de
3085 1368 3246 1410 cruce
3275 1357 3465 1425 ipsius,

1887 1450 1933 1503 si
1958 1450 2023 1504 de
2054 1446 2265 1517 capillis
2290 1446 2532 1517 ejusdem
2573 1444 2812 1500 Domina:
2834 1455 3033 1500 nostrae
3057 1445 3261 1513 nescio,
3284 1448 3462 1502 conti-

1890 1547 2069 1594 netur.
2099 1537 2195 1591 Est
2215 1546 2398 1590 autem
2432 1550 2500 1591 ex
2547 1549 2681 1589 auro
2729 1544 2787 1588 et
2837 1532 3127 1604 lapidibus,
3176 1544 3231 1590 et
3277 1551 3466 1592 versus

1888 1643 2023 1683 auro
2050 1628 2301 1697 insculpti
2330 1627 2587 1697 mysteria
2619 1627 2828 1681 interna
2852 1636 3156 1680 cantantes.
3186 1626 3243 1681 ιιι
3264 1641 3462 1697 pagum

1894 1720 2413 1790 itaque'l‘uronicum
2429 1718 2666 1773 secunda
2697 1734 2792 1771 sua
2811 1717 3143 1787 profectione
3162 1724 3463 1783 venientes,

1895 1811 2171 1879 cujusdam
2224 1809 2493 1879 priedonis
2537 1808 2907 1879 municipium,
2937 1810 3079 1879 quod
3110 1809 3468 1867 Buseasiacus

1891 1908 2090 1962 dicitur
2117 1906 2301 1979 [vulgo
2328 1905 2665 1978 Buzencais],
2704 1907 3021 1977 attigerunt,
3071 1917 3129 1961 et
3156 1923 3461 1964 sermonem

1893 1998 1959 2053 de
1988 1998 2301 2053 calamitate
2336 1998 2580 2054 ecclesiae
2627 2012 2738 2052 sua:
2796 1997 2938 2051 inter
2982 1998 3085 2052 alia
3114 1998 3180 2053 ad
3209 1999 3468 2068 papulnnt

1893 2089 2224 2144 habuerunt.
2292 2088 2554 2158 Cumque
2582 2089 2987 2157 praesensisseut
3030 2088 3213 2142 clerici
3262 2090 3466 2156 nostri,

1894 2179 2039 2249 quod
2066 2179 2335 2245 dominus,
2365 2188 2418 2233 et
2447 2178 2701 2248 oppidani
2730 2177 2847 2247 ejus
2872 2177 3045 2233 malos
3072 2178 3284 2233 animos
3314 2195 3467 2249 gere-

1894 2282 2017 2326 rent
2063 2273 2132 2326 ad
2184 2273 2429 2335 verbum,
2474 2278 2531 2325 et
2568 2279 2827 2325 exeuntes
2875 2271 2941 2325 dc
2970 2272 3196 2327 castello
3233 2271 3473 2342 diripere

222 2387 316 2425 nus
329 2371 483 2424 clune
510 2370 770 2438 superius
784 2366 1121 2431 ibidem,duo
1136 2364 1347 2418 scilicet
1368 2363 1576 2417 habens
1595 2360 1791 2428 capita,

219 2462 318 2517 duo
341 2474 508 2527 usque
530 2460 605 2512 ad
650 2472 807 2512 renes
831 2471 954 2510 cum
995 2454 1111 2508 suis
1154 2450 1396 2505 brachiis
1427 2449 1630 2503 habens
1670 2462 1793 2501 cor-

218 2566 362 2619 pora.
392 2548 602 2618 Duplex
632 2563 763 2618 ergo
815 2546 1087 2615 superius,
1134 2541 1360 2597 inferius
1387 2538 1618 2608 simplex
1649 2546 1790 2592 erat.

217 2639 519 2707 Baptizatus
537 2638 728 2705 itaque
758 2636 937 2689 triduo
965 2647 1180 2703 quoque
1202 2631 1355 2684 vixit.
1374 2628 1537 2682 Multa
1561 2627 1794 2695 denique

214 2736 267 2782 et
292 2727 399 2780 visa
426 2735 579 2791 sunt,
604 2734 660 2778 et
681 2724 958 2793 contigere
979 2726 1249 2791 portenta,
1267 2715 1544 2785 dequibus
1571 2713 1793 2768 minime

216 2816 618 2887 ambigebatur,
658 2816 790 2885 quin
828 2814 1185 2884 praecinerent
1217 2808 1417 2863 malum
1460 2806 1592 2861 illud
1620 2805 1793 2860 maxi-

213 2922 354 2962 mum
373 2908 523 2977 quod
551 2907 913 2975 sequebatur.

813 3054 1043 3113 CAPUT
1083 3053 1197 3109 Xll.

277 3165 470 3221 Poenas
498 3168 668 3222 sumit
696 3167 837 3222 Deus
861 3168 926 3222 de
952 3183 1072 3221 nece
1118 3164 1365 3221 Gerardi.
1392 3194 1464 3205 -—-
1503 3164 1797 3234 Postquam

202 3262 379 3329 sopito
408 3261 818 3331 aliquantisper
847 3262 1062 3316 turbine
1082 3259 1323 3314 Ecclesia
1353 3259 1516 3328 coepit
1543 3259 1799 3327 pedeten-

204 3355 298 3407 tim
322 3354 659 3411 clericorum
705 3354 1001 3409 restaurari
1048 3353 1248 3407 studio.
1305 3351 1575 3418 Quoniam
1635 3351 1800 3422 igitur

207 3446 386 3514 paries
412 3445 527 3510 ille,
565 3460 677 3515 quo
700 3443 976 3499 Gerardus
994 3442 1306 3515 [supplenda
1328 3454 1448 3496 sunt
1475 3444 1585 3495 Itwc
1608 3442 1759 3496 verba
1782 3459 1801 3498 :

204 3535 538 3591 interfectus
575 3534 687 3607 est]
708 3543 929 3605 propter
958 3534 1065 3587 vim
1094 3532 1331 3587 incendii
1361 3532 1572 3587 czeteris
1616 3532 1806 3605 debili-

208 3628 374 3680 tatior
402 3627 726 3692 videbatur,
752 3640 915 3679 arcus
944 3625 1207 3693 quosdam
1239 3625 1384 3679 inter
1421 3624 1596 3694 ipsum
1630 3624 1807 3693 parie-

202 3726 307 3771 tem
359 3720 640 3786 medium,
699 3718 789 3787 qui
832 3717 1079 3771 exustior
1130 3714 1329 3784 fuerat,
1378 3724 1432 3771 et
1481 3715 1805 3770 exteriorem

195 3811 372 3865 autem
446 3810 768 3866 immodicis
819 3809 1124 3879 sumptibus
1168 3817 1515 3880 peregerunt.
1564 3807 1809 3877 Cumque

193 3902 439 3965 quadam
491 3911 662 3955 nocte
709 3900 893 3969 fragor
927 3900 1120 3969 ingens
1160 3897 1549 3970 increpuisset,
1578 3899 1811 3953 tonitrus

193 3992 442 4061 impulsu
490 3991 746 4045 fulminis
777 3992 851 4044 ita
878 4005 1177 4046 concussus
1207 3998 1311 4052 est,
1340 3998 1398 4043 ut
1416 3989 1590 4056 juncti
1617 3989 1809 4058 parieti

191 4083 613 4137 dirimerentur
645 4096 828 4147 arcus,
857 4092 914 4135 et
949 4081 1125 4149 paries
1175 4080 1226 4134 in
1257 4088 1465 4149 partem
1496 4078 1811 4134 redderetur

190 4175 453 4240 acclivis,
498 4183 563 4227 et
592 4174 902 4227 necessario
918 4170 1031 4239 jam
1056 4173 1259 4227 destrui
1278 4180 1556 4242 oporteret
1576 4172 1643 4225 ab
1665 4170 1809 4225 imis.

188 4264 275 4329 Et,
319 4266 608 4320 omirum
634 4263 1048 4332 Deijudicium!
1089 4262 1225 4329 Quid
1278 4263 1346 4317 de
1403 4262 1508 4327 his,
1564 4261 1811 4327 Domine,

187 4363 281 4406 tua
341 4362 557 4409 censet
604 4354 887 4421 severitas,
934 4354 1024 4423 qui
1084 4353 1352 4406 hominem
1406 4352 1497 4405 tibi
1543 4360 1812 4404 astantem

181 4461 423 4514 quoquo
460 4445 640 4499 modo
670 4454 722 4500 te
742 4454 988 4499 orantem
1012 4445 1204 4514 punire
1234 4443 1532 4515 [f.,punire
1559 4441 1806 4506 voluisti;

184 4535 287 4601 rel,
334 4536 542 4604 puniri
575 4534 923 4607 permisisti],
954 4536 998 4589 si
1028 4535 1397 4590 insensibilcm
1421 4536 1521 4588 sub
1549 4549 1655 4603 quo
1695 4534 1810 4588 haec

176 4635 314 4677 sunt
340 4636 484 4679 acta
531 4626 800 4693 parietem
857 4641 961 4679 non
1012 4640 1328 4681 concessum
1363 4634 1448 4679 est
1504 4624 1810 4678 indemnem

177 4729 307 4768 esse
331 4715 357 4767 ?
382 4715 513 4769 Nec
546 4715 605 4767 id
632 4714 826 4782 injuria
855 4714 978 4780 fuit,
1012 4720 1069 4768 ut
1119 4723 1321 4769 tantam
1372 4714 1621 4784 injuriant
1670 4728 1814 4781 agre

176 4807 413 4872 tuleris,
458 4805 724 4861 Domine.
751 4805 912 4860 Certe
938 4807 983 4860 si
1012 4806 1263 4860 inimicus
1292 4819 1443 4859 mens
1473 4804 1685 4858 veniam
1716 4817 1811 4873 pc—

178 4899 338 4951 tcndi
377 4912 581 4951 causa
615 4899 842 4968 genibus
894 4898 1031 4954 meis
1069 4898 1279 4966 jaceret
1326 4896 1549 4962 affusus,
1578 4905 1633 4952 et
1658 4910 1687 4948 a
1717 4910 1814 4949 suo

169 4991 346 5043 hoste
369 4998 529 5043 ante
564 5004 714 5044 meos
737 4991 1092 5059 perimeretur
1116 4990 1300 5058 pedes,
1333 4989 1402 5043 ob
1428 4986 1809 5044 contumeliam

168 5082 318 5134 mihi
356 5082 600 5134 factam
639 5082 796 5150 plane
830 5082 1007 5136 omnis
1040 5096 1157 5135 mea
1186 5096 1314 5151 erga
1338 5094 1461 5134 eum
1496 5079 1813 5133 animositas

163 5174 332 5228 illico
361 5172 697 5242 sopiretur.
728 5172 840 5227 Hoc
865 5188 961 5227 nos
989 5173 1261 5238 homines,
1308 5178 1363 5224 et
1395 5178 1448 5224 tu
1476 5169 1810 5238 potissimmu

164 5277 322 5316 vena
354 5263 723 5328 clementizc,
779 5262 943 5317 Deus.
990 5262 1047 5316 Si
1095 5270 1149 5315 tu
1194 5261 1425 5315 infantes
1486 5260 1562 5315 tui
1593 5274 1815 5329 prorsus

159 5352 425 5423 ignaros
451 5353 583 5407 sub
616 5353 825 5409 Herode
855 5368 1108 5417 coronas,
1135 5352 1308 5407 solum
1339 5353 1464 5421 quia
1492 5367 1655 5407 causa
1693 5366 1813 5420 per-

160 5445 352 5499 niciei
388 5457 621 5498 eorum
656 5453 711 5497 tu
744 5443 945 5507 fueras,
970 5442 1338 5512 putandunme
1366 5452 1450 5496 est
1480 5441 1619 5511 quod
1650 5455 1815 5511 penes

153 5532 357 5596 hunc,
398 5532 567 5585 licet
592 5541 951 5599 peccatorem,
983 5533 1112 5586 licet
1140 5531 1487 5597 immeritum,
1525 5531 1590 5586 ad
1622 5532 1696 5584 tni
1723 5544 1816 5586 no-

153 5624 357 5677 minis
417 5622 862 5690 vilipensionem
908 5625 1168 5690 occisum,
1201 5624 1470 5678 obdurare
1524 5633 1573 5678 te
1617 5626 1816 5694 queas?

150 5712 296 5770 Non
332 5722 443 5771 est
474 5713 605 5769 hoc
642 5724 816 5779 tuum,
846 5715 1052 5768 inﬁnita
1088 5717 1277 5783 pietas.

642 5808 913 5870 PATROL.
943 5806 1155 5871 CLVI.

1894 2364 2259 2426 destinarent,
2288 2364 2340 2417 in
2363 2371 2514 2417 arcto
2545 2362 2648 2435 [vel
2683 2362 2816 2433 alto]
2855 2364 3063 2433 positus
3092 2364 3137 2418 is
3171 2375 3261 2432 qut
3290 2363 3470 2419 decla-

1895 2455 2077 2509 mandi
2105 2454 2333 2509 habebat
2364 2453 2761 2518 oﬁicium,licet
2788 2454 2947 2509 ﬁdem
2963 2469 3148 2509 eorum
3170 2470 3290 2524 qua:
3311 2471 3477 2525 sponv

1895 2545 2057 2601 debat
2089 2560 2192 2599 non
2238 2545 2483 2609 haberet,
2515 2553 2699 2599 tamen
2754 2546 2955 2599 astanti
2986 2545 3205 2615 populo,
3239 2547 3317 2600 ait
3353 2564 3367 2599 :
3410 2546 3471 2602 Si

1896 2645 1980 2692 est
2005 2638 2220 2689 animus
2250 2634 2498 2689 inﬁrmus
2525 2635 2579 2688 itt
2606 2636 2778 2702 vobis,
2807 2637 3030 2691 accedat
3056 2637 3122 2689 ad
3146 2652 3331 2692 sacras
3353 2638 3478 2692 reli-

1896 2727 2079 2795 quias,
2110 2734 2166 2779 et
2191 2725 2401 2779 haustis
2438 2723 2723 2791 laticibus,
2750 2739 2888 2794 quos
2911 2726 3152 2796 reliquias
3177 2728 3476 2797 attigerint,

1896 2819 2142 2889 profecto
2164 2816 2468 2870 sanabitur.

1970 2906 2377 2960 Miraculuml.
2428 2906 2609 2960 Mutus
2635 2923 2764 2977 puer
2811 2917 2862 2961 et
2902 2908 3095 2961 surdus
3135 2918 3379 2961 sanatur.
3408 2937 3481 2948 --

1842 3070 1847 3075 ι
1898 2996 2055 3052 Tunc
2080 2998 2233 3051 lactus
2264 2997 2544 3061 dominus,
2573 2996 2796 3066 ejusque
2832 3007 3177 3062 castrenses,
3229 2995 3357 3050 dum
3384 3012 3482 3052 eos

1901 3088 2178 3143 aestimant
2230 3101 2298 3142 ex
2336 3102 2435 3141 suo
2477 3088 2718 3157 ipsorum
2773 3089 2938 3142 verbo
2990 3102 3089 3156 pro
3135 3087 3482 3141 mendacibus
3545 3120 3563 3136 .

1901 3178 2213 3249 capiendos,
2247 3176 2484 3233 offerunt
2522 3178 2574 3231 ei
2634 3193 2860 3248 puerum
2918 3187 3124 3232 mutum
3168 3187 3223 3232 et
3253 3179 3481 3232 surdum

1905 3286 2075 3327 annos
2114 3283 2300 3325 natum
2328 3270 2547 3326 circiter
2574 3270 2784 3341 viginti.
2814 3269 2926 3324 Dici
2952 3285 3055 3324 non
3078 3278 3258 3339 potest
3291 3269 3359 3323 ab
3380 3269 3484 3323 ali-

1903 3379 2010 3434 quo
2039 3363 2138 3417 sub
2164 3372 2366 3431 quanto
2389 3362 2629 3432 periculo
2656 3373 2714 3416 et
2738 3376 2942 3430 angore
2966 3370 3098 3415 tunc
3134 3360 3317 3417 clerici
3345 3376 3474 3415 con-

1904 3457 2181 3510 stiterunt.
2215 3454 2283 3507 At
2312 3469 2434 3507 cum
2476 3452 2599 3506 altis
2636 3467 2976 3506 communem
3028 3452 3308 3506 Dominam
3355 3469 3482 3508 cum

1907 3561 2005 3599 suo
2031 3544 2192 3598 unico
2240 3540 2367 3597 Jesu
2416 3542 2643 3597 Domino
2671 3551 2963 3596 exorantes
2992 3541 3261 3611 suspiriis,
3305 3542 3482 3611 epotis

1908 3634 2078 3689 sacris
2114 3633 2269 3701 aquis
2300 3633 2670 3702 interrogatur
2709 3646 2739 3685 a
2797 3631 3095 3701 trepidante
3140 3632 3479 3702 presbytero,

1910 3723 2092 3778 nescio
2117 3723 2259 3792 quod
2279 3724 2525 3777 verbum.
2556 3721 2654 3777 Cui
2683 3720 2771 3775 ille
2798 3736 2921 3775 mox
2968 3720 3213 3775 absolute
3258 3734 3364 3774 non
3415 3720 3484 3775 ad

1909 3814 2073 3867 verba
2099 3814 2431 3881 interrogata
2466 3813 2769 3881 respondit,
2802 3812 2894 3865 sed
2933 3811 3123 3866 eadem
3174 3825 3296 3879 qua:
3361 3826 3484 3880 pre-

1911 3904 2096 3974 sbyter
2124 3903 2286 3958 verba
2312 3902 2466 3958 dixit.
2493 3902 2592 3969 Qui
2616 3902 2760 3958 enim
2784 3917 3060 3972 nunquam
3084 3901 3334 3955 audierat
3356 3901 3489 3971 quid

1912 3997 2136 4060 diceret,
2162 3996 2265 4050 nisi
2294 3996 2438 4066 quod
2477 3995 2782 4061 dicebatur,
2809 3994 3116 4064 ignorabat.
3134 3992 3271 4059 Quid
3296 3994 3489 4048 inuno-

1915 4085 2035 4140 rer?
2058 4085 2114 4139 ln
2146 4100 2386 4155 paupere
2419 4085 2618 4154 oppido
2640 4084 2804 4140 corda
2836 4082 3121 4137 confestim
3148 4081 3339 4150 seipsis
3378 4080 3490 4134 lar-

1915 4178 2062 4247 giora
2090 4175 2324 4230 fuerunt.
2366 4174 2557 4245 Oppidi
2588 4190 2753 4229 unum
2807 4174 3057 4228 dominus
3102 4189 3263 4243 quem
3314 4172 3487 4227 solum

1915 4268 2148 4321 habebat
2175 4280 2369 4335 equum
2405 4282 2528 4319 mox
2557 4265 2815 4336 praebuit,
2851 4281 2974 4320 cum
3003 4272 3319 4320 czeterorum
3369 4278 3489 4316 mu-

1918 4356 2191 4412 niliccntia
2219 4371 2344 4411 suas
2372 4370 2508 4424 pene
2550 4354 2941 4424 possibilitates
2989 4354 3293 4409 excederet.
3345 4351 3490 4419 Quo-

1919 4463 2037 4506 rum
2068 4462 2199 4517 ergo
2248 4448 2553 4516 proditores
2603 4461 2725 4501 esse
2771 4445 3074 4509 volnerant,
3125 4444 3316 4498 horum
3364 4458 3488 4498 cum

1918 4536 2124 4606 magnis
2179 4534 2432 4603 lacrymis
2470 4534 2639 4589 Deum
2676 4533 2979 4602 adjutorem
3027 4531 3360 4585 laudantium
3405 4532 3486 4587 sic

1921 4629 2072 4684 fuere
2107 4636 2504 4697 prosecutores,
2536 4638 2596 4681 ut
2615 4626 2896 4695 juvenem,
2916 4628 3008 4696 qui
3034 4640 3258 4684 sanatus
3287 4632 3486 4694 fuerat,

1918 4728 2175 4789 perpetuo
2203 4726 2513 4773 sanctorum
2546 4717 2897 4787 reliquiarum
2942 4720 3296 4776 contubernio
3331 4736 3491 4775 man.»

1917 4812 2182 4879 ciparcnt.
2222 4810 2391 4877 Quem
2421 4824 2521 4878 ego
2549 4809 2603 4863 in
2634 4810 2737 4864 hac
2758 4818 2944 4864 nostra
2974 4808 3254 4880 Novigenti
3316 4812 3493 4865 eccle-

1918 4902 1995 4959 sia
2042 4902 2309 4967 hebetcm,
2340 4909 2396 4956 et
2421 4902 2487 4955 ad
2530 4902 2710 4956 omnia
2762 4901 2989 4956 dicenda
3045 4912 3102 4957 et
3149 4901 3490 4970 intelligenda

1920 4993 2105 5046 rudem
2135 4991 2260 5057 vidi,
2291 4990 2381 5060 qui
2437 4990 2610 5045 ﬁdelis
2654 4991 2786 5044 tanti
2826 4990 3074 5045 miraculi
3121 4986 3487 5055 circtimlator,

1920 5084 1971 5136 in
2006 5081 2095 5135 tali
2123 5081 2470 5135 exsecutione
2499 5095 2606 5136 non
2654 5081 2878 5135 multum
2929 5088 3051 5148 post
3094 5089 3305 5148 tempus
3349 5078 3490 5131 diem

1914 5173 2065 5226 obiit.

1994 5261 2310 5316 Miraculum
2333 5261 2387 5314 ‘2.
2419 5261 2613 5315 Mulier
2650 5278 2680 5314 a
2704 5261 2944 5330 passione
2972 5260 3126 5328 digiti
3160 5269 3397 5312 curatur.
3421 5288 3491 5297 —-

1917 5355 1974 5408 In
2021 5353 2399 5423 Andegavensi
2451 5353 2583 5408 urbe
2633 5351 2831 5407 feruina
2895 5352 3141 5422 quaedam
3191 5359 3340 5418 erat,
3373 5366 3494 5421 quae

1920 5444 2153 5514 puellula
2209 5452 2500 5510 nupserat,
2540 5443 2594 5496 in
2645 5457 2750 5511 qua
2788 5442 3037 5511 pueraria
3087 5449 3246 5496 :ctate
3293 5440 3495 5494 annulo

1918 5549 2080 5606 quem
2114 5535 2339 5602 digitulo
2365 5535 2665 5587 inseruerat
2689 5534 3175 5600 irretractabiliter,
3201 5541 3260 5585 ut
3290 5533 3372 5586 sic
3416 5531 3495 5584 di-

1921 5640 2063 5690 cam,
2086 5626 2174 5678 die
2224 5633 2495 5692 noctuque
2553 5624 2816 5679 insertum
2872 5632 3143 5678 tenuerat.
3193 5618 3495 5693 Juvcucula

1922 5719 2086 5789 igitur
2105 5717 2488 5772 accedentibus
2513 5718 2669 5772 annis
2710 5716 2765 5771 in
2794 5714 3054 5786 majorem
3097 5711 3492 5779 carnulentiam

3139 5805 3218 5865 30

1842 4507 1886 4561 D
